  <div class='ocr_page' id='page_1' title='image "/cluster/home/n/w/nwhite01/storage/ocr_20150623/15:no.5/coo.31924054872936/065.png"; bbox 0 0 4122 6466; ppageno 0'>
   <div class='ocr_carea' id='block_1_1' title="bbox 416 386 2267 444">
    <p class='ocr_par' dir='ltr' id='par_1_1' title="bbox 416 386 2267 444">
     <span class='ocr_line' id='line_1_1' title="bbox 416 386 2267 444; baseline -0.001 0"><span class='ocrx_word' id='word_1_1' title='bbox 416 388 486 444; x_wconf 84' lang='lat'><strong>99</strong></span> <span class='ocrx_word' id='word_1_2' title='bbox 1744 386 2267 443; x_wconf 65' lang='lat' dir='ltr'><strong>PBELIMINARIA</strong></span> 
     </span>
    </p>
   </div>
   <div class='ocr_carea' id='block_1_2' title="bbox 3564 390 3673 448">
    <p class='ocr_par' dir='ltr' id='par_1_2' title="bbox 3564 390 3673 448">
     <span class='ocr_line' id='line_1_2' title="bbox 3564 390 3673 448; baseline 0 -1"><span class='ocrx_word' id='word_1_3' title='bbox 3564 390 3673 448; x_wconf 70' lang='lat'><strong>100</strong></span> 
     </span>
    </p>
   </div>
   <div class='ocr_carea' id='block_1_3' title="bbox 415 504 3674 579">
    <p class='ocr_par' dir='ltr' id='par_1_3' title="bbox 415 504 3674 579">
     <span class='ocr_line' id='line_1_3' title="bbox 415 504 3674 579; baseline 0.001 -18"><span class='ocrx_word' id='word_1_4' title='bbox 415 506 680 578; x_wconf 88' lang='lat' dir='ltr'><strong>pretibus.</strong></span> <span class='ocrx_word' id='word_1_5' title='bbox 735 506 873 561; x_wconf 71' lang='lat' dir='ltr'><strong>LXX</strong></span> <span class='ocrx_word' id='word_1_6' title='bbox 905 506 1222 571; x_wconf 78' lang='lat' dir='ltr'><strong>editionem,</strong></span> <span class='ocrx_word' id='word_1_7' title='bbox 1265 516 1449 578; x_wconf 96' lang='lat' dir='ltr'><strong>utpote</strong></span> <span class='ocrx_word' id='word_1_8' title='bbox 1497 504 1764 562; x_wconf 90' lang='lat' dir='ltr'><strong>llebraico</strong></span> <span class='ocrx_word' id='word_1_9' title='bbox 1813 507 1982 561; x_wconf 82' lang='lat' dir='ltr'><strong>textui</strong></span> <span class='ocrx_word' id='word_1_10' title='bbox 2013 514 2058 570; x_wconf 77' lang='grc' dir='ltr'><strong>Α</strong></span> <span class='ocrx_word' id='word_1_11' title='bbox 2084 515 2188 573; x_wconf 88' lang='lat' dir='ltr'><strong>est,</strong></span> <span class='ocrx_word' id='word_1_12' title='bbox 2213 506 2596 570; x_wconf 88' lang='lat' dir='ltr'><strong>occurrebant,</strong></span> <span class='ocrx_word' id='word_1_13' title='bbox 2630 506 2912 576; x_wconf 74' lang='lat' dir='ltr'><strong>diligentia</strong></span> <span class='ocrx_word' id='word_1_14' title='bbox 2940 505 3276 578; x_wconf 89' lang='lat' dir='ltr'><strong>solertiaque</strong></span> <span class='ocrx_word' id='word_1_15' title='bbox 3298 522 3433 563; x_wconf 88' lang='lat' dir='ltr'><strong>usus</strong></span> <span class='ocrx_word' id='word_1_16' title='bbox 3456 521 3674 579; x_wconf 79' lang='lat' dir='ltr'><strong>semper</strong></span> 
     </span>
    </p>
   </div>
   <div class='ocr_carea' id='block_1_4' title="bbox 417 598 1989 669">
    <p class='ocr_par' dir='ltr' id='par_1_4' title="bbox 417 598 1989 669">
     <span class='ocr_line' id='line_1_4' title="bbox 417 598 1989 669; baseline -0.001 -17"><span class='ocrx_word' id='word_1_17' title='bbox 417 598 882 668; x_wconf 88' lang='lat' dir='ltr'><strong>propinquiorem,</strong></span> <span class='ocrx_word' id='word_1_18' title='bbox 930 599 1297 669; x_wconf 80' lang='lat' dir='ltr'><strong>sequebatur;</strong></span> <span class='ocrx_word' id='word_1_19' title='bbox 1344 613 1446 654; x_wconf 89' lang='lat' dir='ltr'><strong>nec</strong></span> <span class='ocrx_word' id='word_1_20' title='bbox 1489 598 1858 668; x_wconf 85' lang='lat' dir='ltr'><strong>infrequenter</strong></span> <span class='ocrx_word' id='word_1_21' title='bbox 1890 614 1989 651; x_wconf 84' lang='lat' dir='ltr'><strong>no-</strong></span> 
     </span>
    </p>
   </div>
   <div class='ocr_carea' id='block_1_5' title="bbox 413 688 1991 759">
    <p class='ocr_par' dir='ltr' id='par_1_5' title="bbox 413 688 1991 759">
     <span class='ocr_line' id='line_1_5' title="bbox 413 688 1991 759; baseline 0.003 -19"><span class='ocrx_word' id='word_1_22' title='bbox 413 705 539 743; x_wconf 82' lang='lat' dir='ltr'><strong>vam</strong></span> <span class='ocrx_word' id='word_1_23' title='bbox 567 690 654 744; x_wconf 92' lang='lat' dir='ltr'><strong>ille</strong></span> <span class='ocrx_word' id='word_1_24' title='bbox 678 699 729 745; x_wconf 91' lang='lat' dir='ltr'><strong>et</strong></span> <span class='ocrx_word' id='word_1_25' title='bbox 752 705 782 745; x_wconf 91' lang='lat' dir='ltr'><strong>a</strong></span> <span class='ocrx_word' id='word_1_26' title='bbox 812 690 1023 745; x_wconf 71' lang='lat' dir='ltr'><strong>caeteris</strong></span> <span class='ocrx_word' id='word_1_27' title='bbox 1044 690 1313 746; x_wconf 80' lang='lat' dir='ltr'><strong>diversam</strong></span> <span class='ocrx_word' id='word_1_28' title='bbox 1342 690 1840 759; x_wconf 84' lang='lat' dir='ltr'><strong>interpretationem</strong></span> <span class='ocrx_word' id='word_1_29' title='bbox 1861 688 1991 744; x_wconf 78' lang='lat' dir='ltr'><strong>eﬂe—</strong></span> 
     </span>
    </p>
   </div>
   <div class='ocr_carea' id='block_1_6' title="bbox 414 778 1990 851">
    <p class='ocr_par' dir='ltr' id='par_1_6' title="bbox 414 778 1990 851">
     <span class='ocr_line' id='line_1_6' title="bbox 414 778 1990 851; baseline -0.001 -16"><span class='ocrx_word' id='word_1_30' title='bbox 414 781 589 844; x_wconf 81' lang='lat' dir='ltr'><strong>rebat,</strong></span> <span class='ocrx_word' id='word_1_31' title='bbox 624 782 841 851; x_wconf 84' lang='lat' dir='ltr'><strong>quando</strong></span> <span class='ocrx_word' id='word_1_32' title='bbox 880 782 1108 846; x_wconf 90' lang='lat' dir='ltr'><strong>scilicet,</strong></span> <span class='ocrx_word' id='word_1_33' title='bbox 1153 781 1422 837; x_wconf 86' lang='lat' dir='ltr'><strong>consultis</strong></span> <span class='ocrx_word' id='word_1_34' title='bbox 1469 778 1819 836; x_wconf 70' lang='lat' dir='ltr'><strong>ilebrzeorum</strong></span> <span class='ocrx_word' id='word_1_35' title='bbox 1868 795 1990 834; x_wconf 87' lang='lat' dir='ltr'><strong>ma—</strong></span> 
     </span>
    </p>
   </div>
   <div class='ocr_carea' id='block_1_7' title="bbox 415 868 1991 943">
    <p class='ocr_par' dir='ltr' id='par_1_7' title="bbox 415 868 1991 943">
     <span class='ocr_line' id='line_1_7' title="bbox 415 868 1991 943; baseline -0.001 -16"><span class='ocrx_word' id='word_1_36' title='bbox 415 871 621 942; x_wconf 83' lang='lat' dir='ltr'><strong>gistris,</strong></span> <span class='ocrx_word' id='word_1_37' title='bbox 653 873 858 927; x_wconf 86' lang='lat' dir='ltr'><strong>nullam</strong></span> <span class='ocrx_word' id='word_1_38' title='bbox 886 887 951 927; x_wconf 86' lang='lat' dir='ltr'><strong>ex</strong></span> <span class='ocrx_word' id='word_1_39' title='bbox 978 872 1139 928; x_wconf 87' lang='lat' dir='ltr'><strong>editis</strong></span> <span class='ocrx_word' id='word_1_40' title='bbox 1175 872 1392 943; x_wconf 84' lang='lat' dir='ltr'><strong>penitus</strong></span> <span class='ocrx_word' id='word_1_41' title='bbox 1427 868 1699 943; x_wconf 80' lang='lat' dir='ltr'><strong>quadrare</strong></span> <span class='ocrx_word' id='word_1_42' title='bbox 1741 871 1991 925; x_wconf 87' lang='lat' dir='ltr'><strong>animad-</strong></span> 
     </span>
    </p>
   </div>
   <div class='ocr_carea' id='block_1_8' title="bbox 415 963 1986 1036">
    <p class='ocr_par' dir='ltr' id='par_1_8' title="bbox 415 963 1986 1036">
     <span class='ocr_line' id='line_1_8' title="bbox 415 963 1986 1036; baseline -0.002 -19"><span class='ocrx_word' id='word_1_43' title='bbox 415 965 678 1019; x_wconf 76' lang='lat' dir='ltr'><strong>vertebat.</strong></span> <span class='ocrx_word' id='word_1_44' title='bbox 717 963 838 1019; x_wconf 84' lang='lat' dir='ltr'><strong>Pari</strong></span> <span class='ocrx_word' id='word_1_45' title='bbox 879 965 935 1019; x_wconf 93' lang='lat' dir='ltr'><strong>in</strong></span> <span class='ocrx_word' id='word_1_46' title='bbox 983 964 1150 1020; x_wconf 88' lang='lat' dir='ltr'><strong>variis</strong></span> <span class='ocrx_word' id='word_1_47' title='bbox 1177 964 1468 1036; x_wconf 81' lang='lat' dir='ltr'><strong>dubiisque</strong></span> <span class='ocrx_word' id='word_1_48' title='bbox 1506 963 1755 1020; x_wconf 86' lang='lat' dir='ltr'><strong>Hebraici</strong></span> <span class='ocrx_word' id='word_1_49' title='bbox 1801 976 1986 1015; x_wconf 86' lang='lat' dir='ltr'><strong>exem-</strong></span> 
     </span>
    </p>
   </div>
   <div class='ocr_carea' id='block_1_9' title="bbox 416 1055 1986 1127">
    <p class='ocr_par' dir='ltr' id='par_1_9' title="bbox 416 1055 1986 1127">
     <span class='ocr_line' id='line_1_9' title="bbox 416 1055 1986 1127; baseline -0.003 -18"><span class='ocrx_word' id='word_1_50' title='bbox 416 1055 586 1126; x_wconf 89' lang='lat' dir='ltr'><strong>plaris</strong></span> <span class='ocrx_word' id='word_1_51' title='bbox 615 1056 962 1122; x_wconf 83' lang='lat' dir='ltr'><strong>lectionibus,</strong></span> <span class='ocrx_word' id='word_1_52' title='bbox 990 1071 1113 1127; x_wconf 64' lang='lat' dir='ltr'><strong>quae</strong></span> <span class='ocrx_word' id='word_1_53' title='bbox 1136 1055 1468 1127; x_wconf 88' lang='lat' dir='ltr'><strong>frequenter,</strong></span> <span class='ocrx_word' id='word_1_54' title='bbox 1495 1065 1556 1112; x_wconf 91' lang='lat' dir='ltr'><strong>ut</strong></span> <span class='ocrx_word' id='word_1_55' title='bbox 1581 1071 1746 1127; x_wconf 83' lang='lat' dir='ltr'><strong>supra</strong></span> <span class='ocrx_word' id='word_1_56' title='bbox 1780 1055 1986 1110; x_wconf 89' lang='lat' dir='ltr'><strong>dictum</strong></span> 
     </span>
    </p>
   </div>
   <div class='ocr_carea' id='block_1_10' title="bbox 2089 597 3672 669">
    <p class='ocr_par' dir='ltr' id='par_1_10' title="bbox 2089 597 3672 669">
     <span class='ocr_line' id='line_1_10' title="bbox 2089 597 3672 669; baseline 0 -16"><span class='ocrx_word' id='word_1_57' title='bbox 2089 607 2175 653; x_wconf 89' lang='lat' dir='ltr'><strong>est</strong></span> <span class='ocrx_word' id='word_1_58' title='bbox 2233 597 2630 669; x_wconf 86' lang='lat' dir='ltr'><strong>Hieronymus;</strong></span> <span class='ocrx_word' id='word_1_59' title='bbox 2673 598 2768 668; x_wconf 91' lang='lat' dir='ltr'><strong>qui</strong></span> <span class='ocrx_word' id='word_1_60' title='bbox 2794 607 2880 653; x_wconf 73' lang='lat' dir='ltr'><strong>out</strong></span> <span class='ocrx_word' id='word_1_61' title='bbox 2925 599 3187 668; x_wconf 85' lang='lat' dir='ltr'><strong>optimam</strong></span> <span class='ocrx_word' id='word_1_62' title='bbox 3238 598 3517 669; x_wconf 87' lang='lat' dir='ltr'><strong>deligeret.</strong></span> <span class='ocrx_word' id='word_1_63' title='bbox 3562 614 3672 653; x_wconf 92' lang='lat' dir='ltr'><strong>non</strong></span> 
     </span>
    </p>
   </div>
   <div class='ocr_carea' id='block_1_11' title="bbox 2089 688 3672 760">
    <p class='ocr_par' dir='ltr' id='par_1_11' title="bbox 2089 688 3672 760">
     <span class='ocr_line' id='line_1_11' title="bbox 2089 688 3672 760; baseline 0.001 -16"><span class='ocrx_word' id='word_1_64' title='bbox 2089 690 2253 745; x_wconf 91' lang='lat' dir='ltr'><strong>modo</strong></span> <span class='ocrx_word' id='word_1_65' title='bbox 2291 688 2587 760; x_wconf 68' lang='lat' dir='ltr'><strong>Scriptura:</strong></span> <span class='ocrx_word' id='word_1_66' title='bbox 2620 706 2792 746; x_wconf 66' lang='lat' dir='ltr'><strong>sacrae</strong></span> <span class='ocrx_word' id='word_1_67' title='bbox 2825 690 3046 756; x_wconf 90' lang='lat' dir='ltr'><strong>seriem,</strong></span> <span class='ocrx_word' id='word_1_68' title='bbox 3078 691 3173 747; x_wconf 84' lang='lat' dir='ltr'><strong>sed</strong></span> <span class='ocrx_word' id='word_1_69' title='bbox 3207 691 3372 747; x_wconf 88' lang='lat' dir='ltr'><strong>etiam</strong></span> <span class='ocrx_word' id='word_1_70' title='bbox 3413 689 3672 746; x_wconf 80' lang='lat' dir='ltr'><strong>Hebraeo-</strong></span> 
     </span>
    </p>
   </div>
   <div class='ocr_carea' id='block_1_12' title="bbox 2090 779 3675 851">
    <p class='ocr_par' dir='ltr' id='par_1_12' title="bbox 2090 779 3675 851">
     <span class='ocr_line' id='line_1_12' title="bbox 2090 779 3675 851; baseline 0.001 -17"><span class='ocrx_word' id='word_1_71' title='bbox 2090 796 2211 835; x_wconf 90' lang='lat' dir='ltr'><strong>rum</strong></span> <span class='ocrx_word' id='word_1_72' title='bbox 2238 782 2597 851; x_wconf 84' lang='lat' dir='ltr'><strong>peritissimos</strong></span> <span class='ocrx_word' id='word_1_73' title='bbox 2622 781 2828 836; x_wconf 87' lang='lat' dir='ltr'><strong>adibat.</strong></span> <span class='ocrx_word' id='word_1_74' title='bbox 2853 779 3035 847; x_wconf 86' lang='lat' dir='ltr'><strong>Quare</strong></span> <span class='ocrx_word' id='word_1_75' title='bbox 3060 782 3195 836; x_wconf 89' lang='lat' dir='ltr'><strong>nihil</strong></span> <span class='ocrx_word' id='word_1_76' title='bbox 3213 783 3412 836; x_wconf 91' lang='lat' dir='ltr'><strong>mirum</strong></span> <span class='ocrx_word' id='word_1_77' title='bbox 3443 782 3490 838; x_wconf 89' lang='lat' dir='ltr'><strong>si</strong></span> <span class='ocrx_word' id='word_1_78' title='bbox 3519 788 3675 836; x_wconf 82' lang='lat' dir='ltr'><strong>tanto</strong></span> 
     </span>
    </p>
   </div>
   <div class='ocr_carea' id='block_1_13' title="bbox 2090 871 3668 943">
    <p class='ocr_par' dir='ltr' id='par_1_13' title="bbox 2090 871 3668 943">
     <span class='ocr_line' id='line_1_13' title="bbox 2090 871 3668 943; baseline 0.001 -18"><span class='ocrx_word' id='word_1_79' title='bbox 2090 871 2294 937; x_wconf 89' lang='lat' dir='ltr'><strong>studio,</strong></span> <span class='ocrx_word' id='word_1_80' title='bbox 2342 879 2565 943; x_wconf 89' lang='lat' dir='ltr'><strong>tamque</strong></span> <span class='ocrx_word' id='word_1_81' title='bbox 2622 873 2811 929; x_wconf 90' lang='lat' dir='ltr'><strong>solerti</strong></span> <span class='ocrx_word' id='word_1_82' title='bbox 2853 888 3020 942; x_wconf 85' lang='lat' dir='ltr'><strong>opera</strong></span> <span class='ocrx_word' id='word_1_83' title='bbox 3052 873 3310 927; x_wconf 85' lang='lat' dir='ltr'><strong>emissam</strong></span> <span class='ocrx_word' id='word_1_84' title='bbox 3353 873 3668 935; x_wconf 81' lang='lat' dir='ltr'><strong>editionem,</strong></span> 
     </span>
    </p>
   </div>
   <div class='ocr_carea' id='block_1_14' title="bbox 2091 962 3673 1035">
    <p class='ocr_par' dir='ltr' id='par_1_14' title="bbox 2091 962 3673 1035">
     <span class='ocr_line' id='line_1_14' title="bbox 2091 962 3673 1035; baseline 0.001 -19"><span class='ocrx_word' id='word_1_85' title='bbox 2091 971 2279 1031; x_wconf 90' lang='lat' dir='ltr'><strong>utpote</strong></span> <span class='ocrx_word' id='word_1_86' title='bbox 2306 965 2553 1018; x_wconf 92' lang='lat' dir='ltr'><strong>omnium</strong></span> <span class='ocrx_word' id='word_1_87' title='bbox 2581 965 3116 1035; x_wconf 60' lang='lat' dir='ltr'><strong>praestantissimam,</strong></span> <span class='ocrx_word' id='word_1_88' title='bbox 3148 962 3391 1020; x_wconf 80' lang='lat' dir='ltr'><strong>Ecclesia</strong></span> <span class='ocrx_word' id='word_1_89' title='bbox 3425 962 3673 1019; x_wconf 79' lang='lat' dir='ltr'><strong>Romana</strong></span> 
     </span>
    </p>
   </div>
   <div class='ocr_carea' id='block_1_15' title="bbox 2092 1053 3246 1125">
    <p class='ocr_par' dir='ltr' id='par_1_15' title="bbox 2092 1053 3246 1125">
     <span class='ocr_line' id='line_1_15' title="bbox 2092 1053 3246 1125; baseline 0 -18"><span class='ocrx_word' id='word_1_90' title='bbox 2092 1053 2164 1107; x_wconf 90' lang='lat' dir='ltr'><strong>ab</strong></span> <span class='ocrx_word' id='word_1_91' title='bbox 2192 1053 2451 1110; x_wconf 90' lang='lat' dir='ltr'><strong>omnibus</strong></span> <span class='ocrx_word' id='word_1_92' title='bbox 2480 1054 2815 1125; x_wconf 82' lang='lat' dir='ltr'><strong>sequendam</strong></span> <span class='ocrx_word' id='word_1_93' title='bbox 2841 1069 2965 1110; x_wconf 89' lang='lat' dir='ltr'><strong>esse</strong></span> <span class='ocrx_word' id='word_1_94' title='bbox 2995 1053 3246 1109; x_wconf 78' lang='lat' dir='ltr'><strong>edixerit.</strong></span> 
     </span>
    </p>
   </div>
   <div class='ocr_carea' id='block_1_16' title="bbox 1597 1255 2542 1411">
    <p class='ocr_par' dir='ltr' id='par_1_16' title="bbox 1597 1255 2542 1411">
     <span class='ocr_line' id='line_1_16' title="bbox 1597 1255 2542 1411; baseline -0.01 0"><span class='ocrx_word' id='word_1_95' title='bbox 1597 1320 1981 1411; x_wconf 85' lang='lat' dir='ltr'><strong>CAPUT</strong></span> <span class='ocrx_word' id='word_1_96' title='bbox 2055 1255 2542 1410; x_wconf 75' lang='lat' dir='ltr'><strong>NONUM.</strong></span> 
     </span>
    </p>
   </div>
   <div class='ocr_carea' id='block_1_17' title="bbox 660 1468 3429 1554">
    <p class='ocr_par' dir='ltr' id='par_1_17' title="bbox 660 1468 3429 1554">
     <span class='ocr_line' id='line_1_17' title="bbox 660 1468 3429 1554; baseline 0 -22"><span class='ocrx_word' id='word_1_97' title='bbox 660 1473 731 1535; x_wconf 84' lang='lat' dir='ltr'><strong>In</strong></span> <span class='ocrx_word' id='word_1_98' title='bbox 771 1472 1062 1554; x_wconf 80' lang='lat' dir='ltr'><strong>singulos</strong></span> <span class='ocrx_word' id='word_1_99' title='bbox 1108 1474 1451 1554; x_wconf 69' lang='lat' dir='ltr'><strong>Scripturaa</strong></span> <span class='ocrx_word' id='word_1_100' title='bbox 1492 1474 1713 1551; x_wconf 89' lang='lat' dir='ltr'><strong>libros,</strong></span> <span class='ocrx_word' id='word_1_101' title='bbox 1748 1480 1819 1537; x_wconf 91' lang='lat' dir='ltr'><strong>ut</strong></span> <span class='ocrx_word' id='word_1_102' title='bbox 1866 1473 1935 1535; x_wconf 92' lang='lat' dir='ltr'><strong>in</strong></span> <span class='ocrx_word' id='word_1_103' title='bbox 1988 1471 2297 1552; x_wconf 86' lang='lat' dir='ltr'><strong>Hexaplis</strong></span> <span class='ocrx_word' id='word_1_104' title='bbox 2329 1477 2534 1549; x_wconf 88' lang='lat' dir='ltr'><strong>erant,</strong></span> <span class='ocrx_word' id='word_1_105' title='bbox 2565 1468 2671 1531; x_wconf 90' lang='lat' dir='ltr'><strong>hic</strong></span> <span class='ocrx_word' id='word_1_106' title='bbox 2699 1469 2989 1549; x_wconf 55' lang='lat' dir='ltr'><strong>quaedam</strong></span> <span class='ocrx_word' id='word_1_107' title='bbox 3022 1468 3429 1533; x_wconf 80' lang='lat' dir='ltr'><strong>adnotantur.</strong></span> 
     </span>
    </p>
   </div>
   <div class='ocr_carea' id='block_1_18' title="bbox 491 1697 1998 1779">
    <p class='ocr_par' dir='ltr' id='par_1_18' title="bbox 491 1697 1998 1779">
     <span class='ocr_line' id='line_1_18' title="bbox 491 1697 1998 1779; baseline 0.007 -22"><span class='ocrx_word' id='word_1_108' title='bbox 491 1697 683 1771; x_wconf 66' lang='lat' dir='ltr'><strong>Opera:</strong></span> <span class='ocrx_word' id='word_1_109' title='bbox 710 1703 941 1772; x_wconf 90' lang='lat' dir='ltr'><strong>pretium</strong></span> <span class='ocrx_word' id='word_1_110' title='bbox 972 1704 1079 1759; x_wconf 87' lang='lat' dir='ltr'><strong>erit</strong></span> <span class='ocrx_word' id='word_1_111' title='bbox 1106 1705 1195 1759; x_wconf 90' lang='lat' dir='ltr'><strong>hic</strong></span> <span class='ocrx_word' id='word_1_112' title='bbox 1232 1706 1475 1777; x_wconf 86' lang='lat' dir='ltr'><strong>singulos</strong></span> <span class='ocrx_word' id='word_1_113' title='bbox 1510 1708 1805 1779; x_wconf 70' lang='lat' dir='ltr'><strong>Scripturie</strong></span> <span class='ocrx_word' id='word_1_114' title='bbox 1829 1728 1998 1768; x_wconf 66' lang='lat' dir='ltr'><strong>sacrae</strong></span> 
     </span>
    </p>
   </div>
   <div class='ocr_carea' id='block_1_19' title="bbox 420 1789 1998 1873">
    <p class='ocr_par' dir='ltr' id='par_1_19' title="bbox 420 1789 1998 1873">
     <span class='ocr_line' id='line_1_19' title="bbox 420 1789 1998 1873; baseline 0.008 -28"><span class='ocrx_word' id='word_1_115' title='bbox 420 1789 589 1847; x_wconf 89' lang='lat' dir='ltr'><strong>libros</strong></span> <span class='ocrx_word' id='word_1_116' title='bbox 623 1792 797 1847; x_wconf 87' lang='lat' dir='ltr'><strong>obiter</strong></span> <span class='ocrx_word' id='word_1_117' title='bbox 828 1808 1168 1862; x_wconf 89' lang='lat' dir='ltr'><strong>percurrere,</strong></span> <span class='ocrx_word' id='word_1_118' title='bbox 1203 1804 1256 1849; x_wconf 94' lang='lat' dir='ltr'><strong>et</strong></span> <span class='ocrx_word' id='word_1_119' title='bbox 1304 1798 1551 1865; x_wconf 59' lang='lat' dir='ltr'><strong>quaedam</strong></span> <span class='ocrx_word' id='word_1_120' title='bbox 1592 1800 1852 1856; x_wconf 86' lang='lat' dir='ltr'><strong>adnotare</strong></span> <span class='ocrx_word' id='word_1_121' title='bbox 1876 1818 1998 1873; x_wconf 74' lang='lat' dir='ltr'><strong>quae</strong></span> 
     </span>
    </p>
   </div>
   <div class='ocr_carea' id='block_1_20' title="bbox 419 1884 1998 1957">
    <p class='ocr_par' dir='ltr' id='par_1_20' title="bbox 419 1884 1998 1957">
     <span class='ocr_line' id='line_1_20' title="bbox 419 1884 1998 1957; baseline 0.008 -20"><span class='ocrx_word' id='word_1_122' title='bbox 419 1890 538 1938; x_wconf 90' lang='lat' dir='ltr'><strong>tum</strong></span> <span class='ocrx_word' id='word_1_123' title='bbox 570 1884 636 1939; x_wconf 93' lang='lat' dir='ltr'><strong>de</strong></span> <span class='ocrx_word' id='word_1_124' title='bbox 668 1884 786 1954; x_wconf 90' lang='lat' dir='ltr'><strong>ipso</strong></span> <span class='ocrx_word' id='word_1_125' title='bbox 832 1884 1200 1956; x_wconf 86' lang='lat' dir='ltr'><strong>Hexaplorum</strong></span> <span class='ocrx_word' id='word_1_126' title='bbox 1248 1899 1391 1943; x_wconf 88' lang='lat' dir='ltr'><strong>statu</strong></span> <span class='ocrx_word' id='word_1_127' title='bbox 1436 1901 1491 1945; x_wconf 92' lang='lat' dir='ltr'><strong>et</strong></span> <span class='ocrx_word' id='word_1_128' title='bbox 1543 1893 1754 1957; x_wconf 89' lang='lat' dir='ltr'><strong>ordine,</strong></span> <span class='ocrx_word' id='word_1_129' title='bbox 1787 1903 1901 1949; x_wconf 90' lang='lat' dir='ltr'><strong>tum</strong></span> <span class='ocrx_word' id='word_1_130' title='bbox 1932 1896 1998 1951; x_wconf 91' lang='lat' dir='ltr'><strong>de</strong></span> 
     </span>
    </p>
   </div>
   <div class='ocr_carea' id='block_1_21' title="bbox 422 1975 1999 2052">
    <p class='ocr_par' dir='ltr' id='par_1_21' title="bbox 422 1975 1999 2052">
     <span class='ocr_line' id='line_1_21' title="bbox 422 1975 1999 2052; baseline 0.007 -21"><span class='ocrx_word' id='word_1_131' title='bbox 422 1975 493 2032; x_wconf 89' lang='lat' dir='ltr'><strong>iis</strong></span> <span class='ocrx_word' id='word_1_132' title='bbox 522 1992 644 2046; x_wconf 66' lang='lat' dir='ltr'><strong>quae</strong></span> <span class='ocrx_word' id='word_1_133' title='bbox 677 1993 777 2033; x_wconf 91' lang='lat' dir='ltr'><strong>nos</strong></span> <span class='ocrx_word' id='word_1_134' title='bbox 801 1978 854 2032; x_wconf 91' lang='lat' dir='ltr'><strong>in</strong></span> <span class='ocrx_word' id='word_1_135' title='bbox 889 1994 1221 2050; x_wconf 88' lang='lat' dir='ltr'><strong>unoquoque</strong></span> <span class='ocrx_word' id='word_1_136' title='bbox 1247 1981 1388 2035; x_wconf 90' lang='lat' dir='ltr'><strong>libro</strong></span> <span class='ocrx_word' id='word_1_137' title='bbox 1415 1983 1789 2052; x_wconf 72' lang='lat' dir='ltr'><strong>praestitimus,</strong></span> <span class='ocrx_word' id='word_1_138' title='bbox 1811 1987 1999 2042; x_wconf 89' lang='lat' dir='ltr'><strong>obser-</strong></span> 
     </span>
    </p>
   </div>
   <div class='ocr_carea' id='block_1_22' title="bbox 420 2068 932 2138">
    <p class='ocr_par' dir='ltr' id='par_1_22' title="bbox 420 2068 932 2138">
     <span class='ocr_line' id='line_1_22' title="bbox 420 2068 932 2138; baseline 0.006 -18"><span class='ocrx_word' id='word_1_139' title='bbox 420 2068 595 2122; x_wconf 90' lang='lat' dir='ltr'><strong>vanda</strong></span> <span class='ocrx_word' id='word_1_140' title='bbox 620 2078 932 2138; x_wconf 87' lang='lat' dir='ltr'><strong>supersunt.</strong></span> 
     </span>
    </p>
   </div>
   <div class='ocr_carea' id='block_1_23' title="bbox 495 2157 1998 2235">
    <p class='ocr_par' dir='ltr' id='par_1_23' title="bbox 495 2157 1998 2235">
     <span class='ocr_line' id='line_1_23' title="bbox 495 2157 1998 2235; baseline 0.008 -24"><span class='ocrx_word' id='word_1_141' title='bbox 495 2157 552 2211; x_wconf 86' lang='lat' dir='ltr'><strong>In</strong></span> <span class='ocrx_word' id='word_1_142' title='bbox 599 2157 795 2215; x_wconf 88' lang='lat' dir='ltr'><strong>Genesi</strong></span> <span class='ocrx_word' id='word_1_143' title='bbox 843 2169 897 2214; x_wconf 89' lang='lat' dir='ltr'><strong>et</strong></span> <span class='ocrx_word' id='word_1_144' title='bbox 943 2161 996 2215; x_wconf 93' lang='lat' dir='ltr'><strong>in</strong></span> <span class='ocrx_word' id='word_1_145' title='bbox 1043 2161 1303 2230; x_wconf 88' lang='lat' dir='ltr'><strong>Levitico,</strong></span> <span class='ocrx_word' id='word_1_146' title='bbox 1347 2175 1530 2235; x_wconf 85' lang='lat' dir='ltr'><strong>atque,</strong></span> <span class='ocrx_word' id='word_1_147' title='bbox 1563 2175 1624 2221; x_wconf 93' lang='lat' dir='ltr'><strong>ut</strong></span> <span class='ocrx_word' id='word_1_148' title='bbox 1663 2167 1899 2235; x_wconf 88' lang='lat' dir='ltr'><strong>videtur,</strong></span> <span class='ocrx_word' id='word_1_149' title='bbox 1942 2168 1998 2224; x_wconf 92' lang='lat' dir='ltr'><strong>in</strong></span> 
     </span>
    </p>
   </div>
   <div class='ocr_carea' id='block_1_24' title="bbox 425 2248 1996 2325">
    <p class='ocr_par' dir='ltr' id='par_1_24' title="bbox 425 2248 1996 2325">
     <span class='ocr_line' id='line_1_24' title="bbox 425 2248 1996 2325; baseline 0.009 -24"><span class='ocrx_word' id='word_1_150' title='bbox 425 2248 550 2303; x_wconf 91' lang='lat' dir='ltr'><strong>aliis</strong></span> <span class='ocrx_word' id='word_1_151' title='bbox 584 2249 938 2305; x_wconf 85' lang='lat' dir='ltr'><strong>Pentateuchi</strong></span> <span class='ocrx_word' id='word_1_152' title='bbox 968 2253 1143 2319; x_wconf 85' lang='lat' dir='ltr'><strong>libris,</strong></span> <span class='ocrx_word' id='word_1_153' title='bbox 1179 2263 1375 2324; x_wconf 60' lang='lat' dir='ltr'><strong>praeter</strong></span> <span class='ocrx_word' id='word_1_154' title='bbox 1409 2272 1501 2312; x_wconf 90' lang='lat' dir='ltr'><strong>sex</strong></span> <span class='ocrx_word' id='word_1_155' title='bbox 1537 2258 1660 2313; x_wconf 91' lang='lat' dir='ltr'><strong>illas</strong></span> <span class='ocrx_word' id='word_1_156' title='bbox 1691 2261 1996 2325; x_wconf 84' lang='lat' dir='ltr'><strong>columnas,</strong></span> 
     </span>
    </p>
   </div>
   <div class='ocr_carea' id='block_1_25' title="bbox 424 2340 2002 2416">
    <p class='ocr_par' dir='ltr' id='par_1_25' title="bbox 424 2340 2002 2416">
     <span class='ocr_line' id='line_1_25' title="bbox 424 2340 2002 2416; baseline 0.011 -26"><span class='ocrx_word' id='word_1_157' title='bbox 424 2341 625 2411; x_wconf 83' lang='lat' dir='ltr'><strong>quibus</strong></span> <span class='ocrx_word' id='word_1_158' title='bbox 651 2340 890 2414; x_wconf 85' lang='lat' dir='ltr'><strong>ilexapla</strong></span> <span class='ocrx_word' id='word_1_159' title='bbox 932 2347 1420 2413; x_wconf 89' lang='lat' dir='ltr'><strong>constituebantur,</strong></span> <span class='ocrx_word' id='word_1_160' title='bbox 1457 2349 1659 2416; x_wconf 85' lang='lat' dir='ltr'><strong>Quinta</strong></span> <span class='ocrx_word' id='word_1_161' title='bbox 1692 2353 1856 2408; x_wconf 90' lang='lat' dir='ltr'><strong>etiam</strong></span> <span class='ocrx_word' id='word_1_162' title='bbox 1886 2354 2002 2408; x_wconf 88' lang='lat' dir='ltr'><strong>edi—</strong></span> 
     </span>
    </p>
   </div>
   <div class='ocr_carea' id='block_1_26' title="bbox 424 2433 1998 2511">
    <p class='ocr_par' dir='ltr' id='par_1_26' title="bbox 424 2433 1998 2511">
     <span class='ocr_line' id='line_1_26' title="bbox 424 2433 1998 2511; baseline 0.009 -25"><span class='ocrx_word' id='word_1_163' title='bbox 424 2434 522 2496; x_wconf 87' lang='lat' dir='ltr'><strong>tio,</strong></span> <span class='ocrx_word' id='word_1_164' title='bbox 557 2434 602 2488; x_wconf 91' lang='lat' dir='ltr'><strong>si</strong></span> <span class='ocrx_word' id='word_1_165' title='bbox 649 2433 781 2491; x_wconf 83' lang='lat' dir='ltr'><strong>fides</strong></span> <span class='ocrx_word' id='word_1_166' title='bbox 812 2445 896 2491; x_wconf 93' lang='lat' dir='ltr'><strong>est</strong></span> <span class='ocrx_word' id='word_1_167' title='bbox 938 2436 1259 2508; x_wconf 84' lang='lat' dir='ltr'><strong>fragmentis</strong></span> <span class='ocrx_word' id='word_1_168' title='bbox 1300 2456 1424 2510; x_wconf 79' lang='lat' dir='ltr'><strong>quae</strong></span> <span class='ocrx_word' id='word_1_169' title='bbox 1465 2453 1795 2511; x_wconf 84' lang='lat' dir='ltr'><strong>supersunt,</strong></span> <span class='ocrx_word' id='word_1_170' title='bbox 1837 2461 1998 2500; x_wconf 89' lang='lat' dir='ltr'><strong>suum</strong></span> 
     </span>
    </p>
   </div>
   <div class='ocr_carea' id='block_1_27' title="bbox 424 2526 2000 2607">
    <p class='ocr_par' dir='ltr' id='par_1_27' title="bbox 424 2526 2000 2607">
     <span class='ocr_line' id='line_1_27' title="bbox 424 2526 2000 2607; baseline 0.008 -28"><span class='ocrx_word' id='word_1_171' title='bbox 424 2526 641 2580; x_wconf 85' lang='lat' dir='ltr'><strong>tenebat</strong></span> <span class='ocrx_word' id='word_1_172' title='bbox 688 2526 902 2594; x_wconf 88' lang='lat' dir='ltr'><strong>locum;</strong></span> <span class='ocrx_word' id='word_1_173' title='bbox 958 2529 1180 2584; x_wconf 81' lang='lat' dir='ltr'><strong>Sextam</strong></span> <span class='ocrx_word' id='word_1_174' title='bbox 1237 2531 1401 2585; x_wconf 87' lang='lat' dir='ltr'><strong>etiam</strong></span> <span class='ocrx_word' id='word_1_175' title='bbox 1455 2533 1698 2588; x_wconf 80' lang='lat' dir='ltr'><strong>adfuisse</strong></span> <span class='ocrx_word' id='word_1_176' title='bbox 1747 2537 2000 2607; x_wconf 89' lang='lat' dir='ltr'><strong>superius</strong></span> 
     </span>
    </p>
   </div>
   <div class='ocr_carea' id='block_1_28' title="bbox 423 2617 2002 2689">
    <p class='ocr_par' dir='ltr' id='par_1_28' title="bbox 423 2617 2002 2689">
     <span class='ocr_line' id='line_1_28' title="bbox 423 2617 2002 2689; baseline 0.008 -18"><span class='ocrx_word' id='word_1_177' title='bbox 423 2617 709 2689; x_wconf 89' lang='lat' dir='ltr'><strong>probatum</strong></span> <span class='ocrx_word' id='word_1_178' title='bbox 748 2629 853 2676; x_wconf 91' lang='lat' dir='ltr'><strong>est.</strong></span> <span class='ocrx_word' id='word_1_179' title='bbox 889 2619 1157 2677; x_wconf 64' lang='lat' dir='ltr'><strong>Praeterea</strong></span> <span class='ocrx_word' id='word_1_180' title='bbox 1198 2622 1470 2679; x_wconf 89' lang='lat' dir='ltr'><strong>interdum</strong></span> <span class='ocrx_word' id='word_1_181' title='bbox 1506 2627 1732 2681; x_wconf 89' lang='lat' dir='ltr'><strong>aderant</strong></span> <span class='ocrx_word' id='word_1_182' title='bbox 1770 2629 1824 2681; x_wconf 90' lang='lat' dir='ltr'><strong>in</strong></span> <span class='ocrx_word' id='word_1_183' title='bbox 1854 2644 2002 2683; x_wconf 90' lang='lat' dir='ltr'><strong>mar-</strong></span> 
     </span>
    </p>
   </div>
   <div class='ocr_carea' id='block_1_29' title="bbox 424 2710 2001 2783">
    <p class='ocr_par' dir='ltr' id='par_1_29' title="bbox 424 2710 2001 2783">
     <span class='ocr_line' id='line_1_29' title="bbox 424 2710 2001 2783; baseline 0.008 -20"><span class='ocrx_word' id='word_1_184' title='bbox 424 2710 667 2781; x_wconf 87' lang='lat' dir='ltr'><strong>ginibus,</strong></span> <span class='ocrx_word' id='word_1_185' title='bbox 700 2718 761 2766; x_wconf 92' lang='lat' dir='ltr'><strong>ut</strong></span> <span class='ocrx_word' id='word_1_186' title='bbox 789 2713 1008 2782; x_wconf 84' lang='lat' dir='ltr'><strong>quidem</strong></span> <span class='ocrx_word' id='word_1_187' title='bbox 1035 2714 1348 2783; x_wconf 88' lang='lat' dir='ltr'><strong>opinamur,</strong></span> <span class='ocrx_word' id='word_1_188' title='bbox 1380 2716 1642 2774; x_wconf 89' lang='lat' dir='ltr'><strong>lectiones</strong></span> <span class='ocrx_word' id='word_1_189' title='bbox 1671 2717 2001 2775; x_wconf 85' lang='lat' dir='ltr'><strong>Samaritani</strong></span> 
     </span>
    </p>
   </div>
   <div class='ocr_carea' id='block_1_30' title="bbox 427 2803 2001 2885">
    <p class='ocr_par' dir='ltr' id='par_1_30' title="bbox 427 2803 2001 2885">
     <span class='ocr_line' id='line_1_30' title="bbox 427 2803 2001 2885; baseline 0.007 -29"><span class='ocrx_word' id='word_1_190' title='bbox 427 2803 761 2873; x_wconf 86' lang='lat' dir='ltr'><strong>interpretis,</strong></span> <span class='ocrx_word' id='word_1_191' title='bbox 795 2813 961 2874; x_wconf 89' lang='lat' dir='ltr'><strong>atque</strong></span> <span class='ocrx_word' id='word_1_192' title='bbox 988 2807 1152 2861; x_wconf 90' lang='lat' dir='ltr'><strong>etiam</strong></span> <span class='ocrx_word' id='word_1_193' title='bbox 1201 2805 1413 2863; x_wconf 70' lang='lat' dir='ltr'><strong>Hebraei</strong></span> <span class='ocrx_word' id='word_1_194' title='bbox 1459 2810 1743 2879; x_wconf 79' lang='lat' dir='ltr'><strong>cujusdam</strong></span> <span class='ocrx_word' id='word_1_195' title='bbox 1785 2821 1840 2866; x_wconf 89' lang='lat' dir='ltr'><strong>et</strong></span> <span class='ocrx_word' id='word_1_196' title='bbox 1878 2811 2001 2885; x_wconf 88' lang='lat' dir='ltr'><strong>Syri</strong></span> 
     </span>
    </p>
   </div>
   <div class='ocr_carea' id='block_1_31' title="bbox 428 2891 2002 2968">
    <p class='ocr_par' dir='ltr' id='par_1_31' title="bbox 428 2891 2002 2968">
     <span class='ocr_line' id='line_1_31' title="bbox 428 2891 2002 2968; baseline 0.008 -23"><span class='ocrx_word' id='word_1_197' title='bbox 428 2891 758 2963; x_wconf 87' lang='lat' dir='ltr'><strong>interpretis,</strong></span> <span class='ocrx_word' id='word_1_198' title='bbox 786 2893 852 2948; x_wconf 90' lang='lat' dir='ltr'><strong>de</strong></span> <span class='ocrx_word' id='word_1_199' title='bbox 882 2895 1082 2964; x_wconf 88' lang='lat' dir='ltr'><strong>quibus</strong></span> <span class='ocrx_word' id='word_1_200' title='bbox 1121 2897 1242 2951; x_wconf 89' lang='lat' dir='ltr'><strong>fuse</strong></span> <span class='ocrx_word' id='word_1_201' title='bbox 1281 2913 1403 2968; x_wconf 92' lang='lat' dir='ltr'><strong>cap.</strong></span> <span class='ocrx_word' id='word_1_202' title='bbox 1439 2899 1491 2952; x_wconf 78' lang='grc'><strong>1.</strong></span> <span class='ocrx_word' id='word_1_203' title='bbox 1521 2897 1634 2953; x_wconf 86' lang='lat' dir='ltr'><strong>Etsi</strong></span> <span class='ocrx_word' id='word_1_204' title='bbox 1670 2911 1848 2955; x_wconf 90' lang='lat' dir='ltr'><strong>autem</strong></span> <span class='ocrx_word' id='word_1_205' title='bbox 1878 2911 2002 2957; x_wconf 87' lang='lat' dir='ltr'><strong>tan-</strong></span> 
     </span>
    </p>
   </div>
   <div class='ocr_carea' id='block_1_32' title="bbox 426 2986 2001 3055">
    <p class='ocr_par' dir='ltr' id='par_1_32' title="bbox 426 2986 2001 3055">
     <span class='ocr_line' id='line_1_32' title="bbox 426 2986 2001 3055; baseline 0.007 -19"><span class='ocrx_word' id='word_1_206' title='bbox 426 2991 538 3037; x_wconf 87' lang='lat' dir='ltr'><strong>tam</strong></span> <span class='ocrx_word' id='word_1_207' title='bbox 575 3000 641 3039; x_wconf 85' lang='lat' dir='ltr'><strong>ex</strong></span> <span class='ocrx_word' id='word_1_208' title='bbox 678 2986 1063 3055; x_wconf 90' lang='lat' dir='ltr'><strong>manuscriptis</strong></span> <span class='ocrx_word' id='word_1_209' title='bbox 1105 2996 1161 3043; x_wconf 90' lang='lat' dir='ltr'><strong>et</strong></span> <span class='ocrx_word' id='word_1_210' title='bbox 1205 3003 1273 3043; x_wconf 82' lang='lat' dir='ltr'><strong>ex</strong></span> <span class='ocrx_word' id='word_1_211' title='bbox 1308 2989 1469 3044; x_wconf 90' lang='lat' dir='ltr'><strong>editis</strong></span> <span class='ocrx_word' id='word_1_212' title='bbox 1511 2989 1668 3046; x_wconf 86' lang='lat' dir='ltr'><strong>libris</strong></span> <span class='ocrx_word' id='word_1_213' title='bbox 1708 2992 2001 3047; x_wconf 86' lang='lat' dir='ltr'><strong>lectionum</strong></span> 
     </span>
    </p>
   </div>
   <div class='ocr_carea' id='block_1_33' title="bbox 424 3076 2003 3155">
    <p class='ocr_par' dir='ltr' id='par_1_33' title="bbox 424 3076 2003 3155">
     <span class='ocr_line' id='line_1_33' title="bbox 424 3076 2003 3155; baseline 0.005 -24"><span class='ocrx_word' id='word_1_214' title='bbox 424 3076 797 3133; x_wconf 87' lang='lat' dir='ltr'><strong>accessionem</strong></span> <span class='ocrx_word' id='word_1_215' title='bbox 827 3076 1141 3146; x_wconf 84' lang='lat' dir='ltr'><strong>fecerimus,</strong></span> <span class='ocrx_word' id='word_1_216' title='bbox 1186 3088 1246 3135; x_wconf 93' lang='lat' dir='ltr'><strong>ut</strong></span> <span class='ocrx_word' id='word_1_217' title='bbox 1269 3080 1338 3137; x_wconf 92' lang='lat' dir='ltr'><strong>iis</strong></span> <span class='ocrx_word' id='word_1_218' title='bbox 1367 3093 1698 3151; x_wconf 70' lang='lat' dir='ltr'><strong>comparata:</strong></span> <span class='ocrx_word' id='word_1_219' title='bbox 1726 3084 1850 3151; x_wconf 76' lang='lat' dir='ltr'><strong>illae,</strong></span> <span class='ocrx_word' id='word_1_220' title='bbox 1881 3099 2003 3155; x_wconf 70' lang='lat' dir='ltr'><strong>quae</strong></span> 
     </span>
    </p>
   </div>
   <div class='ocr_carea' id='block_1_34' title="bbox 2026 1620 2097 1633">
    <p class='ocr_par' dir='ltr' id='par_1_34' title="bbox 2026 1620 2097 1633">
     <span class='ocr_line' id='line_1_34' title="bbox 2026 1620 2097 1633; baseline -0.028 0"><span class='ocrx_word' id='word_1_221' title='bbox 2026 1620 2097 1633; x_wconf 80' lang='lat'>—</span> 
     </span>
    </p>
   </div>
   <div class='ocr_carea' id='block_1_35' title="bbox 2104 1704 3677 1776">
    <p class='ocr_par' dir='ltr' id='par_1_35' title="bbox 2104 1704 3677 1776">
     <span class='ocr_line' id='line_1_35' title="bbox 2104 1704 3677 1776; baseline -0.004 -9"><span class='ocrx_word' id='word_1_222' title='bbox 2104 1712 2239 1768; x_wconf 91' lang='lat' dir='ltr'><strong>nihil</strong></span> <span class='ocrx_word' id='word_1_223' title='bbox 2271 1726 2336 1765; x_wconf 87' lang='lat' dir='ltr'><strong>ex</strong></span> <span class='ocrx_word' id='word_1_224' title='bbox 2378 1707 2580 1776; x_wconf 88' lang='lat' dir='ltr'><strong>Quinta</strong></span> <span class='ocrx_word' id='word_1_225' title='bbox 2616 1706 2855 1761; x_wconf 87' lang='lat' dir='ltr'><strong>editione</strong></span> <span class='ocrx_word' id='word_1_226' title='bbox 2883 1713 3181 1774; x_wconf 90' lang='lat' dir='ltr'><strong>comparet.</strong></span> <span class='ocrx_word' id='word_1_227' title='bbox 3206 1704 3425 1776; x_wconf 85' lang='lat' dir='ltr'><strong>Aliquot</strong></span> <span class='ocrx_word' id='word_1_228' title='bbox 3461 1704 3516 1759; x_wconf 91' lang='lat' dir='ltr'><strong>in</strong></span> <span class='ocrx_word' id='word_1_229' title='bbox 3541 1704 3677 1762; x_wconf 86' lang='lat' dir='ltr'><strong>locis</strong></span> 
     </span>
    </p>
   </div>
   <div class='ocr_carea' id='block_1_36' title="bbox 2102 1795 3673 1873">
    <p class='ocr_par' dir='ltr' id='par_1_36' title="bbox 2102 1795 3673 1873">
     <span class='ocr_line' id='line_1_36' title="bbox 2102 1795 3673 1873; baseline -0.008 -11"><span class='ocrx_word' id='word_1_230' title='bbox 2102 1807 2304 1862; x_wconf 90' lang='lat' dir='ltr'><strong>inserta</strong></span> <span class='ocrx_word' id='word_1_231' title='bbox 2332 1801 2765 1873; x_wconf 90' lang='lat' dir='ltr'><strong>conspiciuntur,</strong></span> <span class='ocrx_word' id='word_1_232' title='bbox 2798 1806 2854 1853; x_wconf 89' lang='lat' dir='ltr'><strong>et</strong></span> <span class='ocrx_word' id='word_1_233' title='bbox 2895 1797 3117 1868; x_wconf 90' lang='lat' dir='ltr'><strong>quidem</strong></span> <span class='ocrx_word' id='word_1_234' title='bbox 3148 1795 3219 1850; x_wconf 89' lang='lat' dir='ltr'><strong>ab</strong></span> <span class='ocrx_word' id='word_1_235' title='bbox 3252 1796 3390 1865; x_wconf 91' lang='lat' dir='ltr'><strong>ipso,</strong></span> <span class='ocrx_word' id='word_1_236' title='bbox 3420 1806 3478 1850; x_wconf 94' lang='lat' dir='ltr'><strong>ut</strong></span> <span class='ocrx_word' id='word_1_237' title='bbox 3512 1807 3673 1866; x_wconf 83' lang='lat' dir='ltr'><strong>puta-</strong></span> 
     </span>
    </p>
   </div>
   <div class='ocr_carea' id='block_1_37' title="bbox 2100 1888 3673 1965">
    <p class='ocr_par' dir='ltr' id='par_1_37' title="bbox 2100 1888 3673 1965">
     <span class='ocr_line' id='line_1_37' title="bbox 2100 1888 3673 1965; baseline -0.004 -14"><span class='ocrx_word' id='word_1_238' title='bbox 2100 1907 2212 1962; x_wconf 90' lang='lat' dir='ltr'><strong>tur,</strong></span> <span class='ocrx_word' id='word_1_239' title='bbox 2237 1892 2489 1965; x_wconf 75' lang='lat' dir='ltr'><strong>Origene,</strong></span> <span class='ocrx_word' id='word_1_240' title='bbox 2524 1891 2645 1946; x_wconf 90' lang='lat' dir='ltr'><strong>loca</strong></span> <span class='ocrx_word' id='word_1_241' title='bbox 2668 1889 2781 1954; x_wconf 92' lang='lat' dir='ltr'><strong>illa,</strong></span> <span class='ocrx_word' id='word_1_242' title='bbox 2815 1905 2936 1959; x_wconf 68' lang='lat' dir='ltr'><strong>quae</strong></span> <span class='ocrx_word' id='word_1_243' title='bbox 2966 1889 3022 1944; x_wconf 94' lang='lat' dir='ltr'><strong>in</strong></span> <span class='ocrx_word' id='word_1_244' title='bbox 3047 1888 3396 1945; x_wconf 80' lang='lat' dir='ltr'><strong>Samaritano</strong></span> <span class='ocrx_word' id='word_1_245' title='bbox 3425 1898 3572 1944; x_wconf 88' lang='lat' dir='ltr'><strong>textu</strong></span> <span class='ocrx_word' id='word_1_246' title='bbox 3608 1905 3673 1944; x_wconf 82' lang='lat' dir='ltr'><strong>ex</strong></span> 
     </span>
    </p>
   </div>
   <div class='ocr_carea' id='block_1_38' title="bbox 2098 1981 3678 2047">
    <p class='ocr_par' dir='ltr' id='par_1_38' title="bbox 2098 1981 3678 2047">
     <span class='ocr_line' id='line_1_38' title="bbox 2098 1981 3678 2047; baseline -0.004 -6"><span class='ocrx_word' id='word_1_247' title='bbox 2098 1985 2525 2043; x_wconf 90' lang='lat' dir='ltr'><strong>Deuteronomio</strong></span> <span class='ocrx_word' id='word_1_248' title='bbox 2557 1984 2611 2037; x_wconf 91' lang='lat' dir='ltr'><strong>in</strong></span> <span class='ocrx_word' id='word_1_249' title='bbox 2640 1981 2909 2037; x_wconf 84' lang='lat' dir='ltr'><strong>Numeros</strong></span> <span class='ocrx_word' id='word_1_250' title='bbox 2946 1983 3205 2037; x_wconf 86' lang='lat' dir='ltr'><strong>translata</strong></span> <span class='ocrx_word' id='word_1_251' title='bbox 3248 1981 3483 2036; x_wconf 83' lang='lat' dir='ltr'><strong>fuerant.</strong></span> <span class='ocrx_word' id='word_1_252' title='bbox 3517 1981 3678 2047; x_wconf 79' lang='lat' dir='ltr'><strong>Qua:-</strong></span> 
     </span>
    </p>
   </div>
   <div class='ocr_carea' id='block_1_39' title="bbox 2098 2073 3675 2144">
    <p class='ocr_par' dir='ltr' id='par_1_39' title="bbox 2098 2073 3675 2144">
     <span class='ocr_line' id='line_1_39' title="bbox 2098 2073 3675 2144; baseline -0.006 -8"><span class='ocrx_word' id='word_1_253' title='bbox 2098 2080 2223 2136; x_wconf 87' lang='lat' dir='ltr'><strong>dam</strong></span> <span class='ocrx_word' id='word_1_254' title='bbox 2268 2077 2518 2136; x_wconf 87' lang='lat' dir='ltr'><strong>similiter</strong></span> <span class='ocrx_word' id='word_1_255' title='bbox 2574 2091 2638 2131; x_wconf 89' lang='lat' dir='ltr'><strong>ex</strong></span> <span class='ocrx_word' id='word_1_256' title='bbox 2683 2073 2922 2131; x_wconf 89' lang='lat' dir='ltr'><strong>editione</strong></span> <span class='ocrx_word' id='word_1_257' title='bbox 2967 2074 3080 2129; x_wconf 79' lang='grc' dir='ltr'><strong>τῶν</strong></span> <span class='ocrx_word' id='word_1_258' title='bbox 3120 2077 3196 2140; x_wconf 81' lang='grc' dir='ltr'><strong>θ’,</strong></span> <span class='ocrx_word' id='word_1_259' title='bbox 3232 2074 3557 2144; x_wconf 87' lang='lat' dir='ltr'><strong>Origeniana</strong></span> <span class='ocrx_word' id='word_1_260' title='bbox 3608 2074 3675 2127; x_wconf 82' lang='lat' dir='ltr'><strong>ad</strong></span> 
     </span>
    </p>
   </div>
   <div class='ocr_carea' id='block_1_40' title="bbox 2100 2166 3679 2226">
    <p class='ocr_par' dir='ltr' id='par_1_40' title="bbox 2100 2166 3679 2226">
     <span class='ocr_line' id='line_1_40' title="bbox 2100 2166 3679 2226; baseline -0.003 -1"><span class='ocrx_word' id='word_1_261' title='bbox 2100 2171 2261 2226; x_wconf 79' lang='lat' dir='ltr'><strong>fidem</strong></span> <span class='ocrx_word' id='word_1_262' title='bbox 2295 2169 2502 2226; x_wconf 89' lang='lat' dir='ltr'><strong>codicis</strong></span> <span class='ocrx_word' id='word_1_263' title='bbox 2548 2166 2847 2222; x_wconf 90' lang='lat' dir='ltr'><strong>Colbertini</strong></span> <span class='ocrx_word' id='word_1_264' title='bbox 2895 2182 3019 2222; x_wconf 92' lang='lat' dir='ltr'><strong>cum</strong></span> <span class='ocrx_word' id='word_1_265' title='bbox 3072 2167 3348 2222; x_wconf 88' lang='lat' dir='ltr'><strong>asteriscis</strong></span> <span class='ocrx_word' id='word_1_266' title='bbox 3398 2175 3453 2221; x_wconf 90' lang='lat' dir='ltr'><strong>et</strong></span> <span class='ocrx_word' id='word_1_267' title='bbox 3505 2166 3679 2221; x_wconf 86' lang='lat' dir='ltr'><strong>obelis</strong></span> 
     </span>
    </p>
   </div>
   <div class='ocr_carea' id='block_1_41' title="bbox 2099 2256 3680 2327">
    <p class='ocr_par' dir='ltr' id='par_1_41' title="bbox 2099 2256 3680 2327">
     <span class='ocr_line' id='line_1_41' title="bbox 2099 2256 3680 2327; baseline -0.005 -10"><span class='ocrx_word' id='word_1_268' title='bbox 2099 2260 2413 2318; x_wconf 80' lang='lat' dir='ltr'><strong>referuntur</strong></span> <span class='ocrx_word' id='word_1_269' title='bbox 2450 2277 2464 2313; x_wconf 92' lang='lat'><strong>:</strong></span> <span class='ocrx_word' id='word_1_270' title='bbox 2498 2258 2866 2327; x_wconf 88' lang='lat' dir='ltr'><strong>lectionesque</strong></span> <span class='ocrx_word' id='word_1_271' title='bbox 2912 2256 3267 2327; x_wconf 89' lang='lat' dir='ltr'><strong>interpretum</strong></span> <span class='ocrx_word' id='word_1_272' title='bbox 3307 2257 3512 2319; x_wconf 73' lang='lat' dir='ltr'><strong>multm,</strong></span> <span class='ocrx_word' id='word_1_273' title='bbox 3542 2271 3680 2326; x_wconf 84' lang='lat' dir='ltr'><strong>qua-</strong></span> 
     </span>
    </p>
   </div>
   <div class='ocr_carea' id='block_1_42' title="bbox 2100 2346 3498 2423">
    <p class='ocr_par' dir='ltr' id='par_1_42' title="bbox 2100 2346 3498 2423">
     <span class='ocr_line' id='line_1_42' title="bbox 2100 2346 3498 2423; baseline -0.004 -15"><span class='ocrx_word' id='word_1_274' title='bbox 2100 2368 2224 2408; x_wconf 93' lang='lat' dir='ltr'><strong>rum</strong></span> <span class='ocrx_word' id='word_1_275' title='bbox 2251 2351 2599 2423; x_wconf 71' lang='lat' dir='ltr'><strong>paucissima:</strong></span> <span class='ocrx_word' id='word_1_276' title='bbox 2638 2348 2939 2404; x_wconf 74' lang='lat' dir='ltr'><strong>observata:</strong></span> <span class='ocrx_word' id='word_1_277' title='bbox 2973 2346 3190 2404; x_wconf 87' lang='lat' dir='ltr'><strong>fuerant</strong></span> <span class='ocrx_word' id='word_1_278' title='bbox 3218 2364 3251 2403; x_wconf 88' lang='lat' dir='ltr'><strong>a</strong></span> <span class='ocrx_word' id='word_1_279' title='bbox 3280 2347 3498 2403; x_wconf 88' lang='lat' dir='ltr'><strong>Drusio.</strong></span> 
     </span>
    </p>
   </div>
   <div class='ocr_carea' id='block_1_43' title="bbox 2173 2437 3678 2507">
    <p class='ocr_par' dir='ltr' id='par_1_43' title="bbox 2173 2437 3678 2507">
     <span class='ocr_line' id='line_1_43' title="bbox 2173 2437 3678 2507; baseline -0.005 -8"><span class='ocrx_word' id='word_1_280' title='bbox 2173 2444 2233 2499; x_wconf 93' lang='lat' dir='ltr'><strong>ln</strong></span> <span class='ocrx_word' id='word_1_281' title='bbox 2276 2443 2414 2498; x_wconf 87' lang='lat' dir='ltr'><strong>libro</strong></span> <span class='ocrx_word' id='word_1_282' title='bbox 2464 2438 2889 2505; x_wconf 89' lang='lat' dir='ltr'><strong>Deuteronomii,</strong></span> <span class='ocrx_word' id='word_1_283' title='bbox 2939 2438 3075 2492; x_wconf 86' lang='lat' dir='ltr'><strong>nihil</strong></span> <span class='ocrx_word' id='word_1_284' title='bbox 3111 2454 3179 2494; x_wconf 86' lang='lat' dir='ltr'><strong>ex</strong></span> <span class='ocrx_word' id='word_1_285' title='bbox 3225 2438 3552 2507; x_wconf 81' lang='lat' dir='ltr'><strong>Origeniana</strong></span> <span class='ocrx_word' id='word_1_286' title='bbox 3584 2437 3678 2492; x_wconf 87' lang='lat' dir='ltr'><strong>illa</strong></span> 
     </span>
    </p>
   </div>
   <div class='ocr_carea' id='block_1_44' title="bbox 2103 2530 3678 2609">
    <p class='ocr_par' dir='ltr' id='par_1_44' title="bbox 2103 2530 3678 2609">
     <span class='ocr_line' id='line_1_44' title="bbox 2103 2530 3678 2609; baseline -0.006 -16"><span class='ocrx_word' id='word_1_287' title='bbox 2103 2537 2380 2609; x_wconf 83' lang='lat' dir='ltr'><strong>hexaplari</strong></span> <span class='ocrx_word' id='word_1_288' title='bbox 2415 2535 2664 2590; x_wconf 86' lang='lat' dir='ltr'><strong>habetur.</strong></span> <span class='ocrx_word' id='word_1_289' title='bbox 2689 2532 2895 2587; x_wconf 57' lang='lat' dir='ltr'><strong>Catera</strong></span> <span class='ocrx_word' id='word_1_290' title='bbox 2921 2547 3054 2586; x_wconf 90' lang='lat' dir='ltr'><strong>vero</strong></span> <span class='ocrx_word' id='word_1_291' title='bbox 3076 2531 3266 2587; x_wconf 90' lang='lat' dir='ltr'><strong>eadem</strong></span> <span class='ocrx_word' id='word_1_292' title='bbox 3302 2530 3435 2598; x_wconf 91' lang='lat' dir='ltr'><strong>fere,</strong></span> <span class='ocrx_word' id='word_1_293' title='bbox 3471 2546 3594 2603; x_wconf 66' lang='lat' dir='ltr'><strong>quae</strong></span> <span class='ocrx_word' id='word_1_294' title='bbox 3621 2532 3678 2584; x_wconf 91' lang='lat' dir='ltr'><strong>in</strong></span> 
     </span>
    </p>
   </div>
   <div class='ocr_carea' id='block_1_45' title="bbox 2101 2619 3683 2690">
    <p class='ocr_par' dir='ltr' id='par_1_45' title="bbox 2101 2619 3683 2690">
     <span class='ocr_line' id='line_1_45' title="bbox 2101 2619 3683 2690; baseline -0.006 -7"><span class='ocrx_word' id='word_1_295' title='bbox 2101 2629 2242 2684; x_wconf 90' lang='lat' dir='ltr'><strong>libro</strong></span> <span class='ocrx_word' id='word_1_296' title='bbox 2284 2626 2683 2689; x_wconf 81' lang='lat' dir='ltr'><strong>Numerorum,</strong></span> <span class='ocrx_word' id='word_1_297' title='bbox 2736 2620 3169 2690; x_wconf 87' lang='lat' dir='ltr'><strong>conspiciuntur.</strong></span> <span class='ocrx_word' id='word_1_298' title='bbox 3214 2619 3469 2675; x_wconf 86' lang='lat' dir='ltr'><strong>Veterum</strong></span> <span class='ocrx_word' id='word_1_299' title='bbox 3512 2621 3683 2675; x_wconf 89' lang='lat' dir='ltr'><strong>inter-</strong></span> 
     </span>
    </p>
   </div>
   <div class='ocr_carea' id='block_1_46' title="bbox 2102 2712 3681 2793">
    <p class='ocr_par' dir='ltr' id='par_1_46' title="bbox 2102 2712 3681 2793">
     <span class='ocr_line' id='line_1_46' title="bbox 2102 2712 3681 2793; baseline -0.005 -16"><span class='ocrx_word' id='word_1_300' title='bbox 2102 2721 2454 2793; x_wconf 89' lang='lat' dir='ltr'><strong>pretationes,</strong></span> <span class='ocrx_word' id='word_1_301' title='bbox 2479 2732 2651 2772; x_wconf 86' lang='lat' dir='ltr'><strong>novas</strong></span> <span class='ocrx_word' id='word_1_302' title='bbox 2674 2730 2811 2787; x_wconf 89' lang='lat' dir='ltr'><strong>pene</strong></span> <span class='ocrx_word' id='word_1_303' title='bbox 2840 2727 3052 2779; x_wconf 88' lang='lat' dir='ltr'><strong>omnes,</strong></span> <span class='ocrx_word' id='word_1_304' title='bbox 3076 2713 3377 2778; x_wconf 83' lang='lat' dir='ltr'><strong>ail‘erimus,</strong></span> <span class='ocrx_word' id='word_1_305' title='bbox 3407 2721 3464 2769; x_wconf 89' lang='lat' dir='ltr'><strong>et</strong></span> <span class='ocrx_word' id='word_1_306' title='bbox 3493 2712 3681 2783; x_wconf 86' lang='lat' dir='ltr'><strong>plures</strong></span> 
     </span>
    </p>
   </div>
   <div class='ocr_carea' id='block_1_47' title="bbox 2108 2809 2725 2886">
    <p class='ocr_par' dir='ltr' id='par_1_47' title="bbox 2108 2809 2725 2886">
     <span class='ocr_line' id='line_1_47' title="bbox 2108 2809 2725 2886; baseline -0.015 -16"><span class='ocrx_word' id='word_1_307' title='bbox 2108 2830 2275 2886; x_wconf 88' lang='lat' dir='ltr'><strong>quam</strong></span> <span class='ocrx_word' id='word_1_308' title='bbox 2307 2814 2361 2868; x_wconf 91' lang='lat' dir='ltr'><strong>in</strong></span> <span class='ocrx_word' id='word_1_309' title='bbox 2394 2810 2518 2868; x_wconf 91' lang='lat' dir='ltr'><strong>aliis</strong></span> <span class='ocrx_word' id='word_1_310' title='bbox 2548 2809 2725 2865; x_wconf 91' lang='lat' dir='ltr'><strong>libris.</strong></span> 
     </span>
    </p>
   </div>
   <div class='ocr_carea' id='block_1_48' title="bbox 2174 2914 3680 2989">
    <p class='ocr_par' dir='ltr' id='par_1_48' title="bbox 2174 2914 3680 2989">
     <span class='ocr_line' id='line_1_48' title="bbox 2174 2914 3680 2989; baseline -0.007 -10"><span class='ocrx_word' id='word_1_311' title='bbox 2174 2924 2233 2980; x_wconf 88' lang='lat' dir='ltr'><strong>In</strong></span> <span class='ocrx_word' id='word_1_312' title='bbox 2267 2924 2407 2979; x_wconf 88' lang='lat' dir='ltr'><strong>libro</strong></span> <span class='ocrx_word' id='word_1_313' title='bbox 2434 2921 2602 2978; x_wconf 84' lang='lat' dir='ltr'><strong>Josue</strong></span> <span class='ocrx_word' id='word_1_314' title='bbox 2641 2919 2829 2975; x_wconf 90' lang='lat' dir='ltr'><strong>eadem</strong></span> <span class='ocrx_word' id='word_1_315' title='bbox 2877 2915 3445 2989; x_wconf 65' lang='lat' dir='ltr'><strong>prazstititOrigenes,</strong></span> <span class='ocrx_word' id='word_1_316' title='bbox 3474 2930 3597 2985; x_wconf 70' lang='lat' dir='ltr'><strong>quae</strong></span> <span class='ocrx_word' id='word_1_317' title='bbox 3622 2914 3680 2970; x_wconf 92' lang='lat' dir='ltr'><strong>in</strong></span> 
     </span>
    </p>
   </div>
   <div class='ocr_carea' id='block_1_49' title="bbox 2104 3008 3680 3076">
    <p class='ocr_par' dir='ltr' id='par_1_49' title="bbox 2104 3008 3680 3076">
     <span class='ocr_line' id='line_1_49' title="bbox 2104 3008 3680 3076; baseline -0.006 -3"><span class='ocrx_word' id='word_1_318' title='bbox 2104 3026 2219 3074; x_wconf 92' lang='lat' dir='ltr'><strong>toto</strong></span> <span class='ocrx_word' id='word_1_319' title='bbox 2267 3013 2656 3071; x_wconf 87' lang='lat' dir='ltr'><strong>Pentateucho.</strong></span> <span class='ocrx_word' id='word_1_320' title='bbox 2713 3010 3020 3066; x_wconf 88' lang='lat' dir='ltr'><strong>Editionem</strong></span> <span class='ocrx_word' id='word_1_321' title='bbox 3076 3019 3256 3065; x_wconf 83' lang='lat' dir='ltr'><strong>tamen</strong></span> <span class='ocrx_word' id='word_1_322' title='bbox 3304 3008 3560 3076; x_wconf 84' lang='lat' dir='ltr'><strong>Quintam</strong></span> <span class='ocrx_word' id='word_1_323' title='bbox 3604 3008 3680 3064; x_wconf 90' lang='lat' dir='ltr'><strong>ibi</strong></span> 
     </span>
    </p>
   </div>
   <div class='ocr_carea' id='block_1_50' title="bbox 2107 3102 3683 3179">
    <p class='ocr_par' dir='ltr' id='par_1_50' title="bbox 2107 3102 3683 3179">
     <span class='ocr_line' id='line_1_50' title="bbox 2107 3102 3683 3179; baseline -0.005 -14"><span class='ocrx_word' id='word_1_324' title='bbox 2107 3127 2216 3165; x_wconf 94' lang='lat' dir='ltr'><strong>non</strong></span> <span class='ocrx_word' id='word_1_325' title='bbox 2251 3109 2518 3179; x_wconf 83' lang='lat' dir='ltr'><strong>adiecisse</strong></span> <span class='ocrx_word' id='word_1_326' title='bbox 2550 3106 2781 3161; x_wconf 90' lang='lat' dir='ltr'><strong>videtur.</strong></span> <span class='ocrx_word' id='word_1_327' title='bbox 2809 3103 2952 3159; x_wconf 87' lang='lat' dir='ltr'><strong>Loca</strong></span> <span class='ocrx_word' id='word_1_328' title='bbox 2993 3103 3227 3173; x_wconf 88' lang='lat' dir='ltr'><strong>plurima</strong></span> <span class='ocrx_word' id='word_1_329' title='bbox 3260 3103 3450 3160; x_wconf 83' lang='lat' dir='ltr'><strong>mutila</strong></span> <span class='ocrx_word' id='word_1_330' title='bbox 3480 3102 3536 3157; x_wconf 92' lang='lat' dir='ltr'><strong>in</strong></span> <span class='ocrx_word' id='word_1_331' title='bbox 3566 3102 3683 3158; x_wconf 86' lang='lat' dir='ltr'><strong>edi-</strong></span> 
     </span>
    </p>
   </div>
   <div class='ocr_carea' id='block_1_51' title="bbox 425 3164 2007 3269">
    <p class='ocr_par' dir='ltr' id='par_1_51' title="bbox 425 3164 2002 3241">
     <span class='ocr_line' id='line_1_51' title="bbox 425 3164 2002 3241; baseline 0.005 -21"><span class='ocrx_word' id='word_1_332' title='bbox 425 3182 458 3220; x_wconf 83' lang='lat' dir='ltr'><strong>a</strong></span> <span class='ocrx_word' id='word_1_333' title='bbox 506 3164 703 3221; x_wconf 87' lang='lat' dir='ltr'><strong>Drusio</strong></span> <span class='ocrx_word' id='word_1_334' title='bbox 751 3167 990 3223; x_wconf 68' lang='lat' dir='ltr'><strong>collectae</strong></span> <span class='ocrx_word' id='word_1_335' title='bbox 1051 3176 1216 3234; x_wconf 90' lang='lat' dir='ltr'><strong>sunt,</strong></span> <span class='ocrx_word' id='word_1_336' title='bbox 1270 3171 1621 3239; x_wconf 70' lang='lat' dir='ltr'><strong>paucissima:</strong></span> <span class='ocrx_word' id='word_1_337' title='bbox 1679 3172 2002 3241; x_wconf 89' lang='lat' dir='ltr'><strong>videantur;</strong></span> 
     </span>
    </p>
   </div>
   <div class='ocr_carea' id='block_1_52' title="bbox 2106 3164 3683 3269">
    <p class='ocr_par' dir='ltr' id='par_1_52' title="bbox 2111 3164 3683 3269">
     <span class='ocr_line' id='line_1_52' title="bbox 2111 3164 3683 3269; baseline -0.005 -13"><span class='ocrx_word' id='word_1_338' title='bbox 2111 3202 2257 3257; x_wconf 86' lang='lat' dir='ltr'><strong>tione</strong></span> <span class='ocrx_word' id='word_1_339' title='bbox 2283 3164 2391 3254; x_wconf 65' lang='grc' dir='ltr'><strong>τίῦν</strong></span> <span class='ocrx_word' id='word_1_340' title='bbox 2425 3204 2503 3264; x_wconf 86' lang='lat'><strong>0&#39;,</strong></span> <span class='ocrx_word' id='word_1_341' title='bbox 2538 3215 2605 3256; x_wconf 88' lang='lat' dir='ltr'><strong>ex</strong></span> <span class='ocrx_word' id='word_1_342' title='bbox 2630 3199 2752 3254; x_wconf 89' lang='lat' dir='ltr'><strong>aliis</strong></span> <span class='ocrx_word' id='word_1_343' title='bbox 2791 3197 3181 3269; x_wconf 81' lang='lat' dir='ltr'><strong>interpretibus</strong></span> <span class='ocrx_word' id='word_1_344' title='bbox 3212 3195 3480 3262; x_wconf 88' lang='lat' dir='ltr'><strong>restituit,</strong></span> <span class='ocrx_word' id='word_1_345' title='bbox 3513 3209 3683 3265; x_wconf 84' lang='lat' dir='ltr'><strong>appo-</strong></span> 
     </span>
    </p>
   </div>
   <div class='ocr_carea' id='block_1_53' title="bbox 425 3256 2008 3327">
    <p class='ocr_par' dir='ltr' id='par_1_53' title="bbox 425 3256 2008 3327">
     <span class='ocr_line' id='line_1_53' title="bbox 425 3256 2008 3327; baseline 0.005 -17"><span class='ocrx_word' id='word_1_346' title='bbox 425 3257 585 3326; x_wconf 83' lang='lat' dir='ltr'><strong>longe</strong></span> <span class='ocrx_word' id='word_1_347' title='bbox 612 3256 872 3327; x_wconf 83' lang='lat' dir='ltr'><strong>majorem</strong></span> <span class='ocrx_word' id='word_1_348' title='bbox 898 3258 1042 3314; x_wconf 85' lang='lat' dir='ltr'><strong>haud</strong></span> <span class='ocrx_word' id='word_1_349' title='bbox 1073 3260 1237 3315; x_wconf 89' lang='lat' dir='ltr'><strong>dubie</strong></span> <span class='ocrx_word' id='word_1_350' title='bbox 1264 3259 1463 3316; x_wconf 88' lang='lat' dir='ltr'><strong>facturi</strong></span> <span class='ocrx_word' id='word_1_351' title='bbox 1496 3277 1736 3327; x_wconf 87' lang='lat' dir='ltr'><strong>eramus,</strong></span> <span class='ocrx_word' id='word_1_352' title='bbox 1771 3265 1876 3319; x_wconf 90' lang='lat' dir='ltr'><strong>nisi</strong></span> <span class='ocrx_word' id='word_1_353' title='bbox 1910 3263 2008 3318; x_wconf 88' lang='lat' dir='ltr'><strong>Ba-</strong></span> 
     </span>
    </p>
   </div>
   <div class='ocr_carea' id='block_1_54' title="bbox 426 3350 2006 3427">
    <p class='ocr_par' dir='ltr' id='par_1_54' title="bbox 426 3350 2006 3427">
     <span class='ocr_line' id='line_1_54' title="bbox 426 3350 2006 3427; baseline 0.005 -23"><span class='ocrx_word' id='word_1_354' title='bbox 426 3350 665 3405; x_wconf 86' lang='lat' dir='ltr'><strong>siliensis</strong></span> <span class='ocrx_word' id='word_1_355' title='bbox 693 3350 863 3406; x_wconf 86' lang='lat' dir='ltr'><strong>codex</strong></span> <span class='ocrx_word' id='word_1_356' title='bbox 900 3360 1012 3407; x_wconf 92' lang='lat' dir='ltr'><strong>tota</strong></span> <span class='ocrx_word' id='word_1_357' title='bbox 1046 3368 1185 3423; x_wconf 90' lang='lat' dir='ltr'><strong>pene</strong></span> <span class='ocrx_word' id='word_1_358' title='bbox 1228 3352 1423 3410; x_wconf 85' lang='lat' dir='ltr'><strong>Genesi</strong></span> <span class='ocrx_word' id='word_1_359' title='bbox 1464 3363 1769 3427; x_wconf 89' lang='lat' dir='ltr'><strong>temporum</strong></span> <span class='ocrx_word' id='word_1_360' title='bbox 1804 3357 2006 3427; x_wconf 87' lang='lat' dir='ltr'><strong>injuria</strong></span> 
     </span>
    </p>
   </div>
   <div class='ocr_carea' id='block_1_55' title="bbox 427 3442 2008 3504">
    <p class='ocr_par' dir='ltr' id='par_1_55' title="bbox 427 3442 2008 3504">
     <span class='ocr_line' id='line_1_55' title="bbox 427 3442 2008 3504; baseline 0.004 -8"><span class='ocrx_word' id='word_1_361' title='bbox 427 3442 725 3499; x_wconf 83' lang='lat' dir='ltr'><strong>mulctatus</strong></span> <span class='ocrx_word' id='word_1_362' title='bbox 774 3442 988 3499; x_wconf 88' lang='lat' dir='ltr'><strong>fuisset.</strong></span> <span class='ocrx_word' id='word_1_363' title='bbox 1042 3443 1201 3501; x_wconf 84' lang='lat' dir='ltr'><strong>Hunc</strong></span> <span class='ocrx_word' id='word_1_364' title='bbox 1250 3455 1431 3502; x_wconf 89' lang='lat' dir='ltr'><strong>tamen</strong></span> <span class='ocrx_word' id='word_1_365' title='bbox 1478 3445 1750 3504; x_wconf 88' lang='lat' dir='ltr'><strong>defectum</strong></span> <span class='ocrx_word' id='word_1_366' title='bbox 1792 3450 2008 3504; x_wconf 86' lang='lat' dir='ltr'><strong>abunde</strong></span> 
     </span>
    </p>
   </div>
   <div class='ocr_carea' id='block_1_56' title="bbox 427 3534 2007 3611">
    <p class='ocr_par' dir='ltr' id='par_1_56' title="bbox 427 3534 2007 3611">
     <span class='ocr_line' id='line_1_56' title="bbox 427 3534 2007 3611; baseline 0.006 -23"><span class='ocrx_word' id='word_1_367' title='bbox 427 3543 786 3605; x_wconf 90' lang='lat' dir='ltr'><strong>compensant</strong></span> <span class='ocrx_word' id='word_1_368' title='bbox 822 3534 1127 3607; x_wconf 85' lang='lat' dir='ltr'><strong>fragmenta</strong></span> <span class='ocrx_word' id='word_1_369' title='bbox 1173 3545 1418 3593; x_wconf 82' lang='lat' dir='ltr'><strong>veterum</strong></span> <span class='ocrx_word' id='word_1_370' title='bbox 1462 3539 1823 3611; x_wconf 89' lang='lat' dir='ltr'><strong>interpretum</strong></span> <span class='ocrx_word' id='word_1_371' title='bbox 1869 3541 2007 3597; x_wconf 90' lang='lat' dir='ltr'><strong>bene</strong></span> 
     </span>
    </p>
   </div>
   <div class='ocr_carea' id='block_1_57' title="bbox 428 3625 2008 3701">
    <p class='ocr_par' dir='ltr' id='par_1_57' title="bbox 428 3625 2008 3701">
     <span class='ocr_line' id='line_1_57' title="bbox 428 3625 2008 3701; baseline 0.004 -21"><span class='ocrx_word' id='word_1_372' title='bbox 428 3626 599 3681; x_wconf 88' lang='lat' dir='ltr'><strong>multa</strong></span> <span class='ocrx_word' id='word_1_373' title='bbox 648 3640 716 3681; x_wconf 87' lang='lat' dir='ltr'><strong>ex</strong></span> <span class='ocrx_word' id='word_1_374' title='bbox 760 3625 1096 3682; x_wconf 88' lang='lat' dir='ltr'><strong>Coisliniano</strong></span> <span class='ocrx_word' id='word_1_375' title='bbox 1153 3628 1248 3682; x_wconf 93' lang='lat' dir='ltr'><strong>illo</strong></span> <span class='ocrx_word' id='word_1_376' title='bbox 1300 3630 1624 3701; x_wconf 89' lang='lat' dir='ltr'><strong>perantiquo</strong></span> <span class='ocrx_word' id='word_1_377' title='bbox 1674 3632 1860 3687; x_wconf 90' lang='lat' dir='ltr'><strong>codice</strong></span> <span class='ocrx_word' id='word_1_378' title='bbox 1912 3632 2008 3687; x_wconf 87' lang='lat' dir='ltr'><strong>de-</strong></span> 
     </span>
    </p>
   </div>
   <div class='ocr_carea' id='block_1_58' title="bbox 427 3731 634 3792">
    <p class='ocr_par' dir='ltr' id='par_1_58' title="bbox 427 3731 634 3792">
     <span class='ocr_line' id='line_1_58' title="bbox 427 3731 634 3792; baseline -0.01 -15"><span class='ocrx_word' id='word_1_379' title='bbox 427 3731 634 3792; x_wconf 85' lang='lat' dir='ltr'><strong>cerpta.</strong></span> 
     </span>
    </p>
   </div>
   <div class='ocr_carea' id='block_1_59' title="bbox 502 3800 2008 3884">
    <p class='ocr_par' dir='ltr' id='par_1_59' title="bbox 502 3800 2008 3884">
     <span class='ocr_line' id='line_1_59' title="bbox 502 3800 2008 3884; baseline 0.001 -18"><span class='ocrx_word' id='word_1_380' title='bbox 502 3811 560 3866; x_wconf 90' lang='lat' dir='ltr'><strong>ln</strong></span> <span class='ocrx_word' id='word_1_381' title='bbox 592 3810 778 3867; x_wconf 79' lang='lat' dir='ltr'><strong>Exodo</strong></span> <span class='ocrx_word' id='word_1_382' title='bbox 806 3827 904 3882; x_wconf 86' lang='lat' dir='ltr'><strong>par</strong></span> <span class='ocrx_word' id='word_1_383' title='bbox 937 3810 1220 3882; x_wconf 74' lang='lat' dir='ltr'><strong>diligentia</strong></span> <span class='ocrx_word' id='word_1_384' title='bbox 1250 3811 1322 3866; x_wconf 91' lang='lat' dir='ltr'><strong>ab</strong></span> <span class='ocrx_word' id='word_1_385' title='bbox 1354 3809 1588 3884; x_wconf 87' lang='lat' dir='ltr'><strong>Origene</strong></span> <span class='ocrx_word' id='word_1_386' title='bbox 1615 3812 1855 3868; x_wconf 88' lang='lat' dir='ltr'><strong>adhibita</strong></span> <span class='ocrx_word' id='word_1_387' title='bbox 1885 3800 2008 3868; x_wconf 76' lang='lat' dir='ltr'><strong>ru&#39;e-</strong></span> 
     </span>
    </p>
   </div>
   <div class='ocr_carea' id='block_1_60' title="bbox 430 3904 2009 3976">
    <p class='ocr_par' dir='ltr' id='par_1_60' title="bbox 430 3904 2009 3976">
     <span class='ocr_line' id='line_1_60' title="bbox 430 3904 2009 3976; baseline -0.003 -13"><span class='ocrx_word' id='word_1_388' title='bbox 430 3916 536 3963; x_wconf 89' lang='lat' dir='ltr'><strong>rat.</strong></span> <span class='ocrx_word' id='word_1_389' title='bbox 560 3904 672 3961; x_wconf 60' lang='lat' dir='ltr'><strong>.Hic</strong></span> <span class='ocrx_word' id='word_1_390' title='bbox 699 3906 921 3976; x_wconf 89' lang='lat' dir='ltr'><strong>perinde</strong></span> <span class='ocrx_word' id='word_1_391' title='bbox 960 3917 1123 3976; x_wconf 90' lang='lat' dir='ltr'><strong>atque</strong></span> <span class='ocrx_word' id='word_1_392' title='bbox 1156 3905 1213 3959; x_wconf 92' lang='lat' dir='ltr'><strong>in</strong></span> <span class='ocrx_word' id='word_1_393' title='bbox 1243 3905 1439 3960; x_wconf 90' lang='lat' dir='ltr'><strong>Genesi</strong></span> <span class='ocrx_word' id='word_1_394' title='bbox 1486 3904 1852 3969; x_wconf 88' lang='lat' dir='ltr'><strong>Samaritani,</strong></span> <span class='ocrx_word' id='word_1_395' title='bbox 1886 3904 2009 3976; x_wconf 84' lang='lat' dir='ltr'><strong>Syri</strong></span> 
     </span>
    </p>
   </div>
   <div class='ocr_carea' id='block_1_61' title="bbox 427 3992 2012 4060">
    <p class='ocr_par' dir='ltr' id='par_1_61' title="bbox 427 3992 2012 4060">
     <span class='ocr_line' id='line_1_61' title="bbox 427 3992 2012 4060; baseline -0.001 -9"><span class='ocrx_word' id='word_1_396' title='bbox 427 4004 487 4051; x_wconf 90' lang='lat' dir='ltr'><strong>et</strong></span> <span class='ocrx_word' id='word_1_397' title='bbox 513 3993 724 4051; x_wconf 84' lang='lat' dir='ltr'><strong>Hebraei</strong></span> <span class='ocrx_word' id='word_1_398' title='bbox 753 3996 1014 4051; x_wconf 88' lang='lat' dir='ltr'><strong>lectiones</strong></span> <span class='ocrx_word' id='word_1_399' title='bbox 1042 3995 1421 4050; x_wconf 85' lang='lat' dir='ltr'><strong>observantur.</strong></span> <span class='ocrx_word' id='word_1_400' title='bbox 1446 3992 1527 4048; x_wconf 88' lang='lat' dir='ltr'><strong>Ex</strong></span> <span class='ocrx_word' id='word_1_401' title='bbox 1551 3993 1753 4060; x_wconf 88' lang='lat' dir='ltr'><strong>Quinta</strong></span> <span class='ocrx_word' id='word_1_402' title='bbox 1774 3995 2012 4050; x_wconf 89' lang='lat' dir='ltr'><strong>editione</strong></span> 
     </span>
    </p>
   </div>
   <div class='ocr_carea' id='block_1_62' title="bbox 431 4086 2011 4157">
    <p class='ocr_par' dir='ltr' id='par_1_62' title="bbox 431 4086 2011 4157">
     <span class='ocr_line' id='line_1_62' title="bbox 431 4086 2011 4157; baseline -0.003 -13"><span class='ocrx_word' id='word_1_403' title='bbox 431 4089 591 4157; x_wconf 90' lang='lat' dir='ltr'><strong>nihil,</strong></span> <span class='ocrx_word' id='word_1_404' title='bbox 619 4106 720 4146; x_wconf 89' lang='lat' dir='ltr'><strong>nec</strong></span> <span class='ocrx_word' id='word_1_405' title='bbox 746 4089 872 4145; x_wconf 87' lang='lat' dir='ltr'><strong>inde</strong></span> <span class='ocrx_word' id='word_1_406' title='bbox 905 4099 1085 4144; x_wconf 89' lang='lat' dir='ltr'><strong>tamen</strong></span> <span class='ocrx_word' id='word_1_407' title='bbox 1122 4086 1323 4143; x_wconf 89' lang='lat' dir='ltr'><strong>inferas</strong></span> <span class='ocrx_word' id='word_1_408' title='bbox 1366 4102 1475 4143; x_wconf 92' lang='lat' dir='ltr'><strong>non</strong></span> <span class='ocrx_word' id='word_1_409' title='bbox 1520 4086 1760 4142; x_wconf 88' lang='lat' dir='ltr'><strong>adfuisse</strong></span> <span class='ocrx_word' id='word_1_410' title='bbox 1785 4088 1840 4141; x_wconf 92' lang='lat' dir='ltr'><strong>in</strong></span> <span class='ocrx_word' id='word_1_411' title='bbox 1867 4086 2011 4141; x_wconf 84' lang='lat' dir='ltr'><strong>Exo-</strong></span> 
     </span>
    </p>
   </div>
   <div class='ocr_carea' id='block_1_63' title="bbox 429 4177 2012 4253">
    <p class='ocr_par' dir='ltr' id='par_1_63' title="bbox 429 4177 2012 4253">
     <span class='ocr_line' id='line_1_63' title="bbox 429 4177 2012 4253; baseline -0.001 -18"><span class='ocrx_word' id='word_1_412' title='bbox 429 4181 502 4237; x_wconf 91' lang='lat' dir='ltr'><strong>do</strong></span> <span class='ocrx_word' id='word_1_413' title='bbox 527 4196 542 4234; x_wconf 88' lang='lat'><strong>:</strong></span> <span class='ocrx_word' id='word_1_414' title='bbox 577 4196 705 4237; x_wconf 85' lang='lat' dir='ltr'><strong>nam</strong></span> <span class='ocrx_word' id='word_1_415' title='bbox 727 4181 821 4253; x_wconf 91' lang='lat' dir='ltr'><strong>qui</strong></span> <span class='ocrx_word' id='word_1_416' title='bbox 857 4190 968 4236; x_wconf 90' lang='lat' dir='ltr'><strong>tam</strong></span> <span class='ocrx_word' id='word_1_417' title='bbox 996 4196 1199 4251; x_wconf 90' lang='lat' dir='ltr'><strong>paucas</strong></span> <span class='ocrx_word' id='word_1_418' title='bbox 1227 4195 1294 4235; x_wconf 88' lang='lat' dir='ltr'><strong>ex</strong></span> <span class='ocrx_word' id='word_1_419' title='bbox 1324 4180 1447 4235; x_wconf 92' lang='lat' dir='ltr'><strong>aliis</strong></span> <span class='ocrx_word' id='word_1_420' title='bbox 1483 4177 1833 4235; x_wconf 87' lang='lat' dir='ltr'><strong>Peutateuchi</strong></span> <span class='ocrx_word' id='word_1_421' title='bbox 1857 4178 2012 4234; x_wconf 87' lang='lat' dir='ltr'><strong>libris</strong></span> 
     </span>
    </p>
   </div>
   <div class='ocr_carea' id='block_1_64' title="bbox 425 4269 2013 4343">
    <p class='ocr_par' dir='ltr' id='par_1_64' title="bbox 425 4269 2013 4343">
     <span class='ocr_line' id='line_1_64' title="bbox 425 4269 2013 4343; baseline -0.004 -14"><span class='ocrx_word' id='word_1_422' title='bbox 425 4273 690 4329; x_wconf 82' lang='lat' dir='ltr'><strong>exhibent</strong></span> <span class='ocrx_word' id='word_1_423' title='bbox 731 4273 1089 4343; x_wconf 88' lang='lat' dir='ltr'><strong>manuscripti</strong></span> <span class='ocrx_word' id='word_1_424' title='bbox 1122 4271 1362 4335; x_wconf 88' lang='lat' dir='ltr'><strong>codices,</strong></span> <span class='ocrx_word' id='word_1_425' title='bbox 1409 4286 1517 4325; x_wconf 91' lang='lat' dir='ltr'><strong>non</strong></span> <span class='ocrx_word' id='word_1_426' title='bbox 1563 4271 1762 4325; x_wconf 89' lang='lat' dir='ltr'><strong>mirum</strong></span> <span class='ocrx_word' id='word_1_427' title='bbox 1797 4270 1844 4326; x_wconf 92' lang='lat' dir='ltr'><strong>si</strong></span> <span class='ocrx_word' id='word_1_428' title='bbox 1890 4269 2013 4323; x_wconf 90' lang='lat' dir='ltr'><strong>nul-</strong></span> 
     </span>
    </p>
   </div>
   <div class='ocr_carea' id='block_1_65' title="bbox 429 4362 2014 4435">
    <p class='ocr_par' dir='ltr' id='par_1_65' title="bbox 429 4362 2014 4435">
     <span class='ocr_line' id='line_1_65' title="bbox 429 4362 2014 4435; baseline -0.001 -15"><span class='ocrx_word' id='word_1_429' title='bbox 429 4364 540 4420; x_wconf 73' lang='lat' dir='ltr'><strong>lam</strong></span> <span class='ocrx_word' id='word_1_430' title='bbox 576 4366 631 4420; x_wconf 84' lang='lat' dir='ltr'><strong>in</strong></span> <span class='ocrx_word' id='word_1_431' title='bbox 664 4364 854 4421; x_wconf 83' lang='lat' dir='ltr'><strong>Exodo</strong></span> <span class='ocrx_word' id='word_1_432' title='bbox 886 4364 1189 4421; x_wconf 92' lang='lat' dir='ltr'><strong>attulerint.</strong></span> <span class='ocrx_word' id='word_1_433' title='bbox 1224 4363 1512 4419; x_wconf 89' lang='lat' dir='ltr'><strong>Lectiones</strong></span> <span class='ocrx_word' id='word_1_434' title='bbox 1542 4378 1711 4433; x_wconf 88' lang='lat' dir='ltr'><strong>porro</strong></span> <span class='ocrx_word' id='word_1_435' title='bbox 1745 4362 2014 4435; x_wconf 61' lang='lat' dir='ltr'><strong>interpreo</strong></span> 
     </span>
    </p>
   </div>
   <div class='ocr_carea' id='block_1_66' title="bbox 430 4455 2011 4528">
    <p class='ocr_par' dir='ltr' id='par_1_66' title="bbox 430 4455 2011 4528">
     <span class='ocr_line' id='line_1_66' title="bbox 430 4455 2011 4528; baseline -0.001 -17"><span class='ocrx_word' id='word_1_436' title='bbox 430 4466 571 4523; x_wconf 75' lang='lat' dir='ltr'><strong>tum,</strong></span> <span class='ocrx_word' id='word_1_437' title='bbox 596 4458 765 4513; x_wconf 78' lang='lat' dir='ltr'><strong>vicies</strong></span> <span class='ocrx_word' id='word_1_438' title='bbox 786 4458 988 4514; x_wconf 84' lang='lat' dir='ltr'><strong>saltem</strong></span> <span class='ocrx_word' id='word_1_439' title='bbox 1008 4457 1284 4513; x_wconf 87' lang='lat' dir='ltr'><strong>auctiores</strong></span> <span class='ocrx_word' id='word_1_440' title='bbox 1309 4455 1641 4528; x_wconf 87' lang='lat' dir='ltr'><strong>proferimus</strong></span> <span class='ocrx_word' id='word_1_441' title='bbox 1674 4471 1840 4525; x_wconf 89' lang='lat' dir='ltr'><strong>quam</strong></span> <span class='ocrx_word' id='word_1_442' title='bbox 1866 4455 2011 4527; x_wconf 85' lang='lat' dir='ltr'><strong>apud</strong></span> 
     </span>
    </p>
   </div>
   <div class='ocr_carea' id='block_1_67' title="bbox 431 4538 2088 4620">
    <p class='ocr_par' dir='ltr' id='par_1_67' title="bbox 431 4538 2088 4620">
     <span class='ocr_line' id='line_1_67' title="bbox 431 4538 2088 4620; baseline 0.001 -19"><span class='ocrx_word' id='word_1_443' title='bbox 431 4545 690 4604; x_wconf 83' lang='lat' dir='ltr'><strong>Drusium</strong></span> <span class='ocrx_word' id='word_1_444' title='bbox 720 4548 1073 4605; x_wconf 89' lang='lat' dir='ltr'><strong>haberentur.</strong></span> <span class='ocrx_word' id='word_1_445' title='bbox 1105 4548 1162 4604; x_wconf 84' lang='lat' dir='ltr'><strong>In</strong></span> <span class='ocrx_word' id='word_1_446' title='bbox 1182 4550 1471 4620; x_wconf 90' lang='lat' dir='ltr'><strong>postremis</strong></span> <span class='ocrx_word' id='word_1_447' title='bbox 1497 4548 1792 4619; x_wconf 89' lang='lat' dir='ltr'><strong>capitibus,</strong></span> <span class='ocrx_word' id='word_1_448' title='bbox 1824 4549 1920 4603; x_wconf 89' lang='lat' dir='ltr'><strong>ubi</strong></span> <span class='ocrx_word' id='word_1_449' title='bbox 1948 4563 2011 4604; x_wconf 89' lang='lat' dir='ltr'><strong>ea</strong></span> <span class='ocrx_word' id='word_1_450' title='bbox 2043 4538 2088 4594; x_wconf 87' lang='grc' dir='ltr'><strong>Ῑ)</strong></span> 
     </span>
    </p>
   </div>
   <div class='ocr_carea' id='block_1_68' title="bbox 433 4641 2013 4713">
    <p class='ocr_par' dir='ltr' id='par_1_68' title="bbox 433 4641 2013 4713">
     <span class='ocr_line' id='line_1_68' title="bbox 433 4641 2013 4713; baseline -0.001 -16"><span class='ocrx_word' id='word_1_451' title='bbox 433 4656 558 4712; x_wconf 72' lang='lat' dir='ltr'><strong>quia</strong></span> <span class='ocrx_word' id='word_1_452' title='bbox 589 4641 646 4695; x_wconf 92' lang='lat' dir='ltr'><strong>in</strong></span> <span class='ocrx_word' id='word_1_453' title='bbox 675 4641 915 4697; x_wconf 89' lang='lat' dir='ltr'><strong>editione</strong></span> <span class='ocrx_word' id='word_1_454' title='bbox 935 4641 1046 4695; x_wconf 83' lang='grc' dir='ltr'><strong>τῶν</strong></span> <span class='ocrx_word' id='word_1_455' title='bbox 1073 4645 1128 4696; x_wconf 83' lang='lat'><strong>0&#39;</strong></span> <span class='ocrx_word' id='word_1_456' title='bbox 1153 4650 1481 4713; x_wconf 69' lang='lat' dir='ltr'><strong>praepostere</strong></span> <span class='ocrx_word' id='word_1_457' title='bbox 1507 4641 1683 4712; x_wconf 86' lang='lat' dir='ltr'><strong>posita</strong></span> <span class='ocrx_word' id='word_1_458' title='bbox 1709 4648 1886 4706; x_wconf 88' lang='lat' dir='ltr'><strong>erant,</strong></span> <span class='ocrx_word' id='word_1_459' title='bbox 1911 4654 2013 4696; x_wconf 90' lang='lat' dir='ltr'><strong>suo</strong></span> 
     </span>
    </p>
   </div>
   <div class='ocr_carea' id='block_1_69' title="bbox 434 4733 2015 4807">
    <p class='ocr_par' dir='ltr' id='par_1_69' title="bbox 434 4733 2015 4807">
     <span class='ocr_line' id='line_1_69' title="bbox 434 4733 2015 4807; baseline -0.003 -16"><span class='ocrx_word' id='word_1_460' title='bbox 434 4734 615 4792; x_wconf 84' lang='lat' dir='ltr'><strong>ordini</strong></span> <span class='ocrx_word' id='word_1_461' title='bbox 658 4736 898 4790; x_wconf 88' lang='lat' dir='ltr'><strong>restituit</strong></span> <span class='ocrx_word' id='word_1_462' title='bbox 944 4733 1229 4807; x_wconf 80' lang='lat' dir='ltr'><strong>Origenes,</strong></span> <span class='ocrx_word' id='word_1_463' title='bbox 1277 4751 1387 4791; x_wconf 92' lang='lat' dir='ltr'><strong>non</strong></span> <span class='ocrx_word' id='word_1_464' title='bbox 1432 4750 1608 4805; x_wconf 87' lang='lat' dir='ltr'><strong>pauca</strong></span> <span class='ocrx_word' id='word_1_465' title='bbox 1659 4749 1725 4789; x_wconf 88' lang='lat' dir='ltr'><strong>ex</strong></span> <span class='ocrx_word' id='word_1_466' title='bbox 1773 4734 2015 4789; x_wconf 91' lang='lat' dir='ltr'><strong>editione</strong></span> 
     </span>
    </p>
   </div>
   <div class='ocr_carea' id='block_1_70' title="bbox 433 4821 2013 4897">
    <p class='ocr_par' dir='ltr' id='par_1_70' title="bbox 433 4821 2013 4897">
     <span class='ocr_line' id='line_1_70' title="bbox 433 4821 2013 4897; baseline -0.004 -13"><span class='ocrx_word' id='word_1_467' title='bbox 433 4828 525 4884; x_wconf 89' lang='lat' dir='ltr'><strong>illa</strong></span> <span class='ocrx_word' id='word_1_468' title='bbox 560 4826 843 4897; x_wconf 86' lang='lat' dir='ltr'><strong>hexaplari</strong></span> <span class='ocrx_word' id='word_1_469' title='bbox 874 4825 954 4881; x_wconf 90' lang='lat' dir='ltr'><strong>sic</strong></span> <span class='ocrx_word' id='word_1_470' title='bbox 980 4826 1230 4883; x_wconf 85' lang='lat' dir='ltr'><strong>restituta</strong></span> <span class='ocrx_word' id='word_1_471' title='bbox 1248 4867 1264 4892; x_wconf 90' lang='lat'><strong>,</strong></span> <span class='ocrx_word' id='word_1_472' title='bbox 1294 4840 1419 4882; x_wconf 91' lang='lat' dir='ltr'><strong>eum</strong></span> <span class='ocrx_word' id='word_1_473' title='bbox 1447 4825 1727 4880; x_wconf 89' lang='lat' dir='ltr'><strong>asteriscis</strong></span> <span class='ocrx_word' id='word_1_474' title='bbox 1760 4831 1814 4878; x_wconf 91' lang='lat' dir='ltr'><strong>et</strong></span> <span class='ocrx_word' id='word_1_475' title='bbox 1841 4821 2013 4878; x_wconf 90' lang='lat' dir='ltr'><strong>obelis</strong></span> 
     </span>
    </p>
   </div>
   <div class='ocr_carea' id='block_1_71' title="bbox 432 4914 2015 4992">
    <p class='ocr_par' dir='ltr' id='par_1_71' title="bbox 432 4914 2015 4992">
     <span class='ocr_line' id='line_1_71' title="bbox 432 4914 2015 4992; baseline -0.004 -17"><span class='ocrx_word' id='word_1_476' title='bbox 432 4918 762 4992; x_wconf 86' lang='lat' dir='ltr'><strong>proferimus</strong></span> <span class='ocrx_word' id='word_1_477' title='bbox 783 4934 851 4974; x_wconf 78' lang='lat' dir='ltr'><strong>ex</strong></span> <span class='ocrx_word' id='word_1_478' title='bbox 876 4919 1064 4975; x_wconf 90' lang='lat' dir='ltr'><strong>codice</strong></span> <span class='ocrx_word' id='word_1_479' title='bbox 1089 4919 1405 4974; x_wconf 86' lang='lat' dir='ltr'><strong>Colbertino</strong></span> <span class='ocrx_word' id='word_1_480' title='bbox 1425 4916 1833 4988; x_wconf 89' lang='lat' dir='ltr'><strong>antiquissimo,</strong></span> <span class='ocrx_word' id='word_1_481' title='bbox 1856 4914 2015 4985; x_wconf 88' lang='lat' dir='ltr'><strong>cujus</strong></span> 
     </span>
    </p>
   </div>
   <div class='ocr_carea' id='block_1_72' title="bbox 434 5009 2013 5085">
    <p class='ocr_par' dir='ltr' id='par_1_72' title="bbox 434 5009 2013 5085">
     <span class='ocr_line' id='line_1_72' title="bbox 434 5009 2013 5085; baseline -0.003 -16"><span class='ocrx_word' id='word_1_482' title='bbox 434 5013 714 5085; x_wconf 88' lang='lat' dir='ltr'><strong>specimen</strong></span> <span class='ocrx_word' id='word_1_483' title='bbox 761 5012 1012 5069; x_wconf 90' lang='lat' dir='ltr'><strong>dedimus</strong></span> <span class='ocrx_word' id='word_1_484' title='bbox 1058 5011 1481 5085; x_wconf 64' lang='lat' dir='ltr'><strong>Palasographiw</strong></span> <span class='ocrx_word' id='word_1_485' title='bbox 1527 5011 1727 5067; x_wconf 64' lang='lat' dir='ltr'><strong>Grecae</strong></span> <span class='ocrx_word' id='word_1_486' title='bbox 1782 5009 1876 5065; x_wconf 92' lang='lat' dir='ltr'><strong>lib.</strong></span> <span class='ocrx_word' id='word_1_487' title='bbox 1928 5024 2013 5077; x_wconf 87' lang='lat' dir='ltr'><strong>ut,</strong></span> 
     </span>
    </p>
   </div>
   <div class='ocr_carea' id='block_1_73' title="bbox 432 5105 643 5176">
    <p class='ocr_par' dir='ltr' id='par_1_73' title="bbox 432 5105 643 5176">
     <span class='ocr_line' id='line_1_73' title="bbox 432 5105 643 5176; baseline -0.014 -14"><span class='ocrx_word' id='word_1_488' title='bbox 432 5120 555 5176; x_wconf 83' lang='lat' dir='ltr'><strong>cap.</strong></span> <span class='ocrx_word' id='word_1_489' title='bbox 590 5105 643 5160; x_wconf 77' lang='grc'><strong>1.</strong></span> 
     </span>
    </p>
   </div>
   <div class='ocr_carea' id='block_1_74' title="bbox 502 5191 2014 5263">
    <p class='ocr_par' dir='ltr' id='par_1_74' title="bbox 502 5191 2014 5263">
     <span class='ocr_line' id='line_1_74' title="bbox 502 5191 2014 5263; baseline -0.003 -13"><span class='ocrx_word' id='word_1_490' title='bbox 502 5193 563 5250; x_wconf 83' lang='lat' dir='ltr'><strong>In</strong></span> <span class='ocrx_word' id='word_1_491' title='bbox 604 5193 847 5250; x_wconf 83' lang='lat' dir='ltr'><strong>Levitico</strong></span> <span class='ocrx_word' id='word_1_492' title='bbox 888 5193 1078 5250; x_wconf 84' lang='lat' dir='ltr'><strong>eadem</strong></span> <span class='ocrx_word' id='word_1_493' title='bbox 1122 5194 1485 5251; x_wconf 77' lang='lat' dir='ltr'><strong>observantur</strong></span> <span class='ocrx_word' id='word_1_494' title='bbox 1527 5208 1650 5263; x_wconf 65' lang='lat' dir='ltr'><strong>quae</strong></span> <span class='ocrx_word' id='word_1_495' title='bbox 1686 5192 1747 5248; x_wconf 86' lang='lat' dir='ltr'><strong>in</strong></span> <span class='ocrx_word' id='word_1_496' title='bbox 1801 5191 2014 5249; x_wconf 87' lang='lat' dir='ltr'><strong>Exodo.</strong></span> 
     </span>
    </p>
   </div>
   <div class='ocr_carea' id='block_1_75' title="bbox 434 5283 2014 5355">
    <p class='ocr_par' dir='ltr' id='par_1_75' title="bbox 434 5283 2014 5355">
     <span class='ocr_line' id='line_1_75' title="bbox 434 5283 2014 5355; baseline -0.004 -12"><span class='ocrx_word' id='word_1_497' title='bbox 434 5287 621 5343; x_wconf 89' lang='lat' dir='ltr'><strong>Lectio</strong></span> <span class='ocrx_word' id='word_1_498' title='bbox 651 5285 868 5353; x_wconf 74' lang='lat' dir='ltr'><strong>Quintae</strong></span> <span class='ocrx_word' id='word_1_499' title='bbox 899 5286 1158 5343; x_wconf 86' lang='lat' dir='ltr'><strong>editionis</strong></span> <span class='ocrx_word' id='word_1_500' title='bbox 1186 5286 1417 5342; x_wconf 88' lang='lat' dir='ltr'><strong>habetur</strong></span> <span class='ocrx_word' id='word_1_501' title='bbox 1446 5285 1514 5340; x_wconf 88' lang='lat' dir='ltr'><strong>ad</strong></span> <span class='ocrx_word' id='word_1_502' title='bbox 1550 5299 1671 5355; x_wconf 91' lang='lat' dir='ltr'><strong>cap.</strong></span> <span class='ocrx_word' id='word_1_503' title='bbox 1697 5299 1737 5339; x_wconf 97' lang='grc' dir='ltr'><strong>ιι</strong></span> <span class='ocrx_word' id='word_1_504' title='bbox 1765 5283 2014 5339; x_wconf 86' lang='lat' dir='ltr'><strong>Levitici.</strong></span> 
     </span>
    </p>
   </div>
   <div class='ocr_carea' id='block_1_76' title="bbox 437 5374 2018 5451">
    <p class='ocr_par' dir='ltr' id='par_1_76' title="bbox 437 5374 2018 5451">
     <span class='ocr_line' id='line_1_76' title="bbox 437 5374 2018 5451; baseline -0.004 -16"><span class='ocrx_word' id='word_1_505' title='bbox 437 5379 537 5435; x_wconf 83' lang='lat' dir='ltr'><strong>ilic</strong></span> <span class='ocrx_word' id='word_1_506' title='bbox 581 5377 930 5435; x_wconf 85' lang='lat' dir='ltr'><strong>Colbertinus</strong></span> <span class='ocrx_word' id='word_1_507' title='bbox 979 5379 1142 5451; x_wconf 85' lang='lat' dir='ltr'><strong>longe</strong></span> <span class='ocrx_word' id='word_1_508' title='bbox 1189 5379 1348 5450; x_wconf 90' lang='lat' dir='ltr'><strong>plura</strong></span> <span class='ocrx_word' id='word_1_509' title='bbox 1406 5375 1720 5449; x_wconf 89' lang='lat' dir='ltr'><strong>suppeditat</strong></span> <span class='ocrx_word' id='word_1_510' title='bbox 1759 5390 1925 5447; x_wconf 82' lang='lat' dir='ltr'><strong>quam</strong></span> <span class='ocrx_word' id='word_1_511' title='bbox 1959 5374 2018 5429; x_wconf 91' lang='lat' dir='ltr'><strong>in</strong></span> 
     </span>
    </p>
   </div>
   <div class='ocr_carea' id='block_1_77' title="bbox 437 5468 2017 5542">
    <p class='ocr_par' dir='ltr' id='par_1_77' title="bbox 437 5468 2017 5542">
     <span class='ocr_line' id='line_1_77' title="bbox 437 5468 2017 5542; baseline -0.003 -16"><span class='ocrx_word' id='word_1_512' title='bbox 437 5470 661 5538; x_wconf 85' lang='lat' dir='ltr'><strong>Exodo,</strong></span> <span class='ocrx_word' id='word_1_513' title='bbox 704 5485 773 5525; x_wconf 81' lang='lat' dir='ltr'><strong>ex</strong></span> <span class='ocrx_word' id='word_1_514' title='bbox 810 5470 1051 5528; x_wconf 90' lang='lat' dir='ltr'><strong>editione</strong></span> <span class='ocrx_word' id='word_1_515' title='bbox 1079 5471 1189 5526; x_wconf 84' lang='grc' dir='ltr'><strong>τῶν</strong></span> <span class='ocrx_word' id='word_1_516' title='bbox 1221 5474 1277 5525; x_wconf 88' lang='lat'><strong>0&#39;</strong></span> <span class='ocrx_word' id='word_1_517' title='bbox 1311 5469 1639 5542; x_wconf 82' lang='lat' dir='ltr'><strong>Origeuiana</strong></span> <span class='ocrx_word' id='word_1_518' title='bbox 1691 5471 1807 5524; x_wconf 84' lang='lat' dir='ltr'><strong>sive</strong></span> <span class='ocrx_word' id='word_1_519' title='bbox 1846 5468 2017 5523; x_wconf 86' lang='lat' dir='ltr'><strong>hexa-</strong></span> 
     </span>
    </p>
   </div>
   <div class='ocr_carea' id='block_1_78' title="bbox 436 5561 2021 5632">
    <p class='ocr_par' dir='ltr' id='par_1_78' title="bbox 436 5561 2021 5632">
     <span class='ocr_line' id='line_1_78' title="bbox 436 5561 2021 5632; baseline -0.003 -16"><span class='ocrx_word' id='word_1_520' title='bbox 436 5561 593 5632; x_wconf 81' lang='lat' dir='ltr'><strong>plari.</strong></span> <span class='ocrx_word' id='word_1_521' title='bbox 631 5561 921 5618; x_wconf 85' lang='lat' dir='ltr'><strong>Lectiones</strong></span> <span class='ocrx_word' id='word_1_522' title='bbox 948 5572 1130 5618; x_wconf 89' lang='lat' dir='ltr'><strong>autem</strong></span> <span class='ocrx_word' id='word_1_523' title='bbox 1169 5570 1414 5618; x_wconf 87' lang='lat' dir='ltr'><strong>veterum</strong></span> <span class='ocrx_word' id='word_1_524' title='bbox 1460 5561 1849 5632; x_wconf 87' lang='lat' dir='ltr'><strong>interpretum,</strong></span> <span class='ocrx_word' id='word_1_525' title='bbox 1881 5572 2021 5629; x_wconf 88' lang='lat' dir='ltr'><strong>quas</strong></span> 
     </span>
    </p>
   </div>
   <div class='ocr_carea' id='block_1_79' title="bbox 438 5654 2019 5727">
    <p class='ocr_par' dir='ltr' id='par_1_79' title="bbox 438 5654 2019 5727">
     <span class='ocr_line' id='line_1_79' title="bbox 438 5654 2019 5727; baseline -0.003 -16"><span class='ocrx_word' id='word_1_526' title='bbox 438 5670 638 5726; x_wconf 80' lang='lat' dir='ltr'><strong>magno</strong></span> <span class='ocrx_word' id='word_1_527' title='bbox 668 5669 898 5711; x_wconf 89' lang='lat' dir='ltr'><strong>numero</strong></span> <span class='ocrx_word' id='word_1_528' title='bbox 920 5654 1275 5725; x_wconf 85' lang='lat' dir='ltr'><strong>proferimus,</strong></span> <span class='ocrx_word' id='word_1_529' title='bbox 1303 5670 1496 5713; x_wconf 87' lang='lat' dir='ltr'><strong>omnes</strong></span> <span class='ocrx_word' id='word_1_530' title='bbox 1520 5669 1658 5727; x_wconf 83' lang='lat' dir='ltr'><strong>pene</strong></span> <span class='ocrx_word' id='word_1_531' title='bbox 1683 5667 1861 5721; x_wconf 64' lang='lat' dir='ltr'><strong>novae,</strong></span> <span class='ocrx_word' id='word_1_532' title='bbox 1888 5665 2019 5707; x_wconf 88' lang='lat' dir='ltr'><strong>nec-</strong></span> 
     </span>
    </p>
   </div>
   <div class='ocr_carea' id='block_1_80' title="bbox 436 5743 1088 5800">
    <p class='ocr_par' dir='ltr' id='par_1_80' title="bbox 436 5743 1088 5800">
     <span class='ocr_line' id='line_1_80' title="bbox 436 5743 1088 5800; baseline -0.005 0"><span class='ocrx_word' id='word_1_533' title='bbox 436 5744 567 5800; x_wconf 90' lang='lat' dir='ltr'><strong>dum</strong></span> <span class='ocrx_word' id='word_1_534' title='bbox 601 5743 905 5799; x_wconf 69' lang='lat' dir='ltr'><strong>observata:</strong></span> <span class='ocrx_word' id='word_1_535' title='bbox 937 5751 1088 5800; x_wconf 88' lang='lat' dir='ltr'><strong>sunt.</strong></span> 
     </span>
    </p>
   </div>
   <div class='ocr_carea' id='block_1_81' title="bbox 510 5833 2021 5910">
    <p class='ocr_par' dir='ltr' id='par_1_81' title="bbox 510 5833 2021 5910">
     <span class='ocr_line' id='line_1_81' title="bbox 510 5833 2021 5910; baseline -0.003 -17"><span class='ocrx_word' id='word_1_536' title='bbox 510 5835 585 5893; x_wconf 88' lang='lat' dir='ltr'><strong>De</strong></span> <span class='ocrx_word' id='word_1_537' title='bbox 621 5834 985 5895; x_wconf 83' lang='lat' dir='ltr'><strong>Numerorum</strong></span> <span class='ocrx_word' id='word_1_538' title='bbox 1026 5837 1169 5893; x_wconf 88' lang='lat' dir='ltr'><strong>libro</strong></span> <span class='ocrx_word' id='word_1_539' title='bbox 1193 5836 1349 5910; x_wconf 82' lang='lat' dir='ltr'><strong>paria</strong></span> <span class='ocrx_word' id='word_1_540' title='bbox 1394 5836 1649 5894; x_wconf 88' lang='lat' dir='ltr'><strong>dicimus.</strong></span> <span class='ocrx_word' id='word_1_541' title='bbox 1694 5833 1795 5891; x_wconf 78' lang='lat' dir='ltr'><strong>ilic</strong></span> <span class='ocrx_word' id='word_1_542' title='bbox 1839 5843 2021 5891; x_wconf 83' lang='lat' dir='ltr'><strong>tamen</strong></span> 
     </span>
    </p>
   </div>
   <div class='ocr_carea' id='block_1_82' title="bbox 2108 3285 3682 3361">
    <p class='ocr_par' dir='ltr' id='par_1_82' title="bbox 2108 3285 3682 3361">
     <span class='ocr_line' id='line_1_82' title="bbox 2108 3285 3682 3361; baseline -0.004 -13"><span class='ocrx_word' id='word_1_543' title='bbox 2108 3293 2231 3348; x_wconf 90' lang='lat' dir='ltr'><strong>sitis</strong></span> <span class='ocrx_word' id='word_1_544' title='bbox 2256 3291 2556 3357; x_wconf 85' lang='lat' dir='ltr'><strong>asteriscis,</strong></span> <span class='ocrx_word' id='word_1_545' title='bbox 2586 3306 2709 3361; x_wconf 71' lang='lat' dir='ltr'><strong>qua:</strong></span> <span class='ocrx_word' id='word_1_546' title='bbox 2751 3305 2874 3357; x_wconf 86' lang='lat' dir='ltr'><strong>nos,</strong></span> <span class='ocrx_word' id='word_1_547' title='bbox 2901 3300 2961 3344; x_wconf 92' lang='lat' dir='ltr'><strong>ut</strong></span> <span class='ocrx_word' id='word_1_548' title='bbox 2994 3298 3150 3345; x_wconf 89' lang='lat' dir='ltr'><strong>erant</strong></span> <span class='ocrx_word' id='word_1_549' title='bbox 3190 3288 3247 3341; x_wconf 90' lang='lat' dir='ltr'><strong>in</strong></span> <span class='ocrx_word' id='word_1_550' title='bbox 3294 3288 3481 3343; x_wconf 86' lang='lat' dir='ltr'><strong>codice</strong></span> <span class='ocrx_word' id='word_1_551' title='bbox 3525 3285 3682 3342; x_wconf 81' lang='lat' dir='ltr'><strong>Basi-</strong></span> 
     </span>
    </p>
   </div>
   <div class='ocr_carea' id='block_1_83' title="bbox 2107 3378 3686 3450">
    <p class='ocr_par' dir='ltr' id='par_1_83' title="bbox 2107 3378 3686 3450">
     <span class='ocr_line' id='line_1_83' title="bbox 2107 3378 3686 3450; baseline -0.004 -13"><span class='ocrx_word' id='word_1_552' title='bbox 2107 3384 2288 3450; x_wconf 91' lang='lat' dir='ltr'><strong>liensi,</strong></span> <span class='ocrx_word' id='word_1_553' title='bbox 2326 3383 2445 3439; x_wconf 89' lang='lat' dir='ltr'><strong>sine</strong></span> <span class='ocrx_word' id='word_1_554' title='bbox 2497 3381 2775 3437; x_wconf 90' lang='lat' dir='ltr'><strong>asteriscis</strong></span> <span class='ocrx_word' id='word_1_555' title='bbox 2819 3380 3117 3446; x_wconf 88' lang='lat' dir='ltr'><strong>nimirum,</strong></span> <span class='ocrx_word' id='word_1_556' title='bbox 3157 3378 3458 3441; x_wconf 89' lang='lat' dir='ltr'><strong>edidimus,</strong></span> <span class='ocrx_word' id='word_1_557' title='bbox 3489 3385 3546 3431; x_wconf 91' lang='lat' dir='ltr'><strong>et</strong></span> <span class='ocrx_word' id='word_1_558' title='bbox 3572 3389 3686 3431; x_wconf 89' lang='lat' dir='ltr'><strong>non</strong></span> 
     </span>
    </p>
   </div>
   <div class='ocr_carea' id='block_1_84' title="bbox 2106 3466 3687 3548">
    <p class='ocr_par' dir='ltr' id='par_1_84' title="bbox 2106 3466 3687 3548">
     <span class='ocr_line' id='line_1_84' title="bbox 2106 3466 3687 3548; baseline -0.006 -17"><span class='ocrx_word' id='word_1_559' title='bbox 2106 3491 2279 3548; x_wconf 90' lang='lat' dir='ltr'><strong>pauca</strong></span> <span class='ocrx_word' id='word_1_560' title='bbox 2328 3491 2396 3531; x_wconf 85' lang='lat' dir='ltr'><strong>ex</strong></span> <span class='ocrx_word' id='word_1_561' title='bbox 2454 3474 2792 3531; x_wconf 87' lang='lat' dir='ltr'><strong>Coisliniano</strong></span> <span class='ocrx_word' id='word_1_562' title='bbox 2838 3471 3029 3527; x_wconf 87' lang='lat' dir='ltr'><strong>codice</strong></span> <span class='ocrx_word' id='word_1_563' title='bbox 3076 3469 3400 3540; x_wconf 77' lang='lat' dir='ltr'><strong>adiecimus.</strong></span> <span class='ocrx_word' id='word_1_564' title='bbox 3454 3466 3687 3522; x_wconf 89' lang='lat' dir='ltr'><strong>Drusius</strong></span> 
     </span>
    </p>
   </div>
   <div class='ocr_carea' id='block_1_85' title="bbox 2105 3557 3689 3639">
    <p class='ocr_par' dir='ltr' id='par_1_85' title="bbox 2105 3557 3689 3639">
     <span class='ocr_line' id='line_1_85' title="bbox 2105 3557 3689 3639; baseline -0.007 -16"><span class='ocrx_word' id='word_1_565' title='bbox 2105 3585 2237 3626; x_wconf 89' lang='lat' dir='ltr'><strong>vero</strong></span> <span class='ocrx_word' id='word_1_566' title='bbox 2291 3566 2627 3639; x_wconf 88' lang='lat' dir='ltr'><strong>paucissima</strong></span> <span class='ocrx_word' id='word_1_567' title='bbox 2678 3564 2955 3621; x_wconf 87' lang='lat' dir='ltr'><strong>attulerat.</strong></span> <span class='ocrx_word' id='word_1_568' title='bbox 3003 3559 3144 3627; x_wconf 83' lang='lat' dir='ltr'><strong>Quid</strong></span> <span class='ocrx_word' id='word_1_569' title='bbox 3198 3573 3330 3613; x_wconf 87' lang='lat' dir='ltr'><strong>vero</strong></span> <span class='ocrx_word' id='word_1_570' title='bbox 3381 3571 3565 3612; x_wconf 72' lang='lat' dir='ltr'><strong>causa:</strong></span> <span class='ocrx_word' id='word_1_571' title='bbox 3614 3557 3689 3612; x_wconf 83' lang='lat' dir='ltr'><strong>sit</strong></span> 
     </span>
    </p>
   </div>
   <div class='ocr_carea' id='block_1_86' title="bbox 2108 3647 3687 3719">
    <p class='ocr_par' dir='ltr' id='par_1_86' title="bbox 2108 3647 3687 3719">
     <span class='ocr_line' id='line_1_86' title="bbox 2108 3647 3687 3719; baseline -0.009 -3"><span class='ocrx_word' id='word_1_572' title='bbox 2108 3676 2208 3716; x_wconf 92' lang='lat' dir='ltr'><strong>cur</strong></span> <span class='ocrx_word' id='word_1_573' title='bbox 2239 3660 2501 3714; x_wconf 90' lang='lat' dir='ltr'><strong>lectiones</strong></span> <span class='ocrx_word' id='word_1_574' title='bbox 2527 3673 2558 3712; x_wconf 90' lang='lat' dir='ltr'><strong>a</strong></span> <span class='ocrx_word' id='word_1_575' title='bbox 2588 3656 2749 3711; x_wconf 89' lang='lat' dir='ltr'><strong>nobis</strong></span> <span class='ocrx_word' id='word_1_576' title='bbox 2788 3654 2984 3716; x_wconf 58' lang='lat' dir='ltr'><strong>allatae,</strong></span> <span class='ocrx_word' id='word_1_577' title='bbox 3020 3665 3147 3706; x_wconf 92' lang='lat' dir='ltr'><strong>cum</strong></span> <span class='ocrx_word' id='word_1_578' title='bbox 3185 3648 3292 3703; x_wconf 90' lang='lat' dir='ltr'><strong>illis</strong></span> <span class='ocrx_word' id='word_1_579' title='bbox 3321 3662 3461 3719; x_wconf 87' lang='lat' dir='ltr'><strong>quas</strong></span> <span class='ocrx_word' id='word_1_580' title='bbox 3482 3647 3687 3702; x_wconf 78' lang='lat' dir='ltr'><strong>Masius</strong></span> 
     </span>
    </p>
   </div>
   <div class='ocr_carea' id='block_1_87' title="bbox 2107 3740 3685 3813">
    <p class='ocr_par' dir='ltr' id='par_1_87' title="bbox 2107 3740 3685 3813">
     <span class='ocr_line' id='line_1_87' title="bbox 2107 3740 3685 3813; baseline -0.01 -5"><span class='ocrx_word' id='word_1_581' title='bbox 2107 3767 2235 3808; x_wconf 90' lang='lat' dir='ltr'><strong>cum</strong></span> <span class='ocrx_word' id='word_1_582' title='bbox 2288 3748 2568 3804; x_wconf 87' lang='lat' dir='ltr'><strong>asteriscis</strong></span> <span class='ocrx_word' id='word_1_583' title='bbox 2621 3744 2823 3808; x_wconf 92' lang='lat' dir='ltr'><strong>edidit,</strong></span> <span class='ocrx_word' id='word_1_584' title='bbox 2873 3755 3117 3813; x_wconf 62' lang='lat' dir='ltr'><strong>persaepe</strong></span> <span class='ocrx_word' id='word_1_585' title='bbox 3165 3755 3274 3795; x_wconf 92' lang='lat' dir='ltr'><strong>non</strong></span> <span class='ocrx_word' id='word_1_586' title='bbox 3322 3740 3685 3803; x_wconf 89' lang='lat' dir='ltr'><strong>consentiant,</strong></span> 
     </span>
    </p>
   </div>
   <div class='ocr_carea' id='block_1_88' title="bbox 2109 3831 3690 3905">
    <p class='ocr_par' dir='ltr' id='par_1_88' title="bbox 2109 3831 3690 3905">
     <span class='ocr_line' id='line_1_88' title="bbox 2109 3831 3690 3905; baseline -0.007 -8"><span class='ocrx_word' id='word_1_587' title='bbox 2109 3841 2255 3897; x_wconf 89' lang='lat' dir='ltr'><strong>haud</strong></span> <span class='ocrx_word' id='word_1_588' title='bbox 2284 3839 2501 3895; x_wconf 72' lang='lat' dir='ltr'><strong>dinicile</strong></span> <span class='ocrx_word' id='word_1_589' title='bbox 2537 3846 2623 3893; x_wconf 88' lang='lat' dir='ltr'><strong>est</strong></span> <span class='ocrx_word' id='word_1_590' title='bbox 2664 3835 2985 3905; x_wconf 85' lang='lat' dir='ltr'><strong>intelligere.</strong></span> <span class='ocrx_word' id='word_1_591' title='bbox 3014 3832 3153 3888; x_wconf 90' lang='lat' dir='ltr'><strong>Cum</strong></span> <span class='ocrx_word' id='word_1_592' title='bbox 3190 3833 3337 3888; x_wconf 90' lang='lat' dir='ltr'><strong>enim</strong></span> <span class='ocrx_word' id='word_1_593' title='bbox 3364 3831 3590 3898; x_wconf 80' lang='lat' dir='ltr'><strong>Masius,</strong></span> <span class='ocrx_word' id='word_1_594' title='bbox 3626 3840 3690 3886; x_wconf 90' lang='lat' dir='ltr'><strong>ut</strong></span> 
     </span>
    </p>
   </div>
   <div class='ocr_carea' id='block_1_89' title="bbox 2110 3922 3691 4002">
    <p class='ocr_par' dir='ltr' id='par_1_89' title="bbox 2110 3922 3691 4002">
     <span class='ocr_line' id='line_1_89' title="bbox 2110 3922 3691 4002; baseline -0.004 -15"><span class='ocrx_word' id='word_1_595' title='bbox 2110 3932 2228 4002; x_wconf 89' lang='lat' dir='ltr'><strong>ipse</strong></span> <span class='ocrx_word' id='word_1_596' title='bbox 2258 3930 2604 3995; x_wconf 82' lang='lat' dir='ltr'><strong>testiﬁcatur,</strong></span> <span class='ocrx_word' id='word_1_597' title='bbox 2638 3926 2707 3981; x_wconf 88' lang='lat' dir='ltr'><strong>ad</strong></span> <span class='ocrx_word' id='word_1_598' title='bbox 2735 3927 2851 3982; x_wconf 59' lang='lat' dir='ltr'><strong>haec</strong></span> <span class='ocrx_word' id='word_1_599' title='bbox 2880 3924 3215 3981; x_wconf 88' lang='lat' dir='ltr'><strong>restituenda</strong></span> <span class='ocrx_word' id='word_1_600' title='bbox 3251 3923 3436 3980; x_wconf 87' lang='lat' dir='ltr'><strong>codice</strong></span> <span class='ocrx_word' id='word_1_601' title='bbox 3465 3922 3691 3996; x_wconf 84' lang='lat' dir='ltr'><strong>Syriaco</strong></span> 
     </span>
    </p>
   </div>
   <div class='ocr_carea' id='block_1_90' title="bbox 2111 4015 3688 4087">
    <p class='ocr_par' dir='ltr' id='par_1_90' title="bbox 2111 4015 3688 4087">
     <span class='ocr_line' id='line_1_90' title="bbox 2111 4015 3688 4087; baseline -0.003 -11"><span class='ocrx_word' id='word_1_602' title='bbox 2111 4023 2185 4077; x_wconf 89' lang='lat' dir='ltr'><strong>sit</strong></span> <span class='ocrx_word' id='word_1_603' title='bbox 2221 4034 2380 4087; x_wconf 89' lang='lat' dir='ltr'><strong>usus,</strong></span> <span class='ocrx_word' id='word_1_604' title='bbox 2422 4029 2484 4075; x_wconf 93' lang='lat' dir='ltr'><strong>ut</strong></span> <span class='ocrx_word' id='word_1_605' title='bbox 2520 4019 2809 4075; x_wconf 89' lang='lat' dir='ltr'><strong>lectionem</strong></span> <span class='ocrx_word' id='word_1_606' title='bbox 2854 4016 3099 4074; x_wconf 63' lang='lat' dir='ltr'><strong>Graecam</strong></span> <span class='ocrx_word' id='word_1_607' title='bbox 3132 4015 3368 4087; x_wconf 64' lang='lat' dir='ltr'><strong>Syriacae</strong></span> <span class='ocrx_word' id='word_1_608' title='bbox 3400 4030 3503 4086; x_wconf 89' lang='lat' dir='ltr'><strong>ope</strong></span> <span class='ocrx_word' id='word_1_609' title='bbox 3531 4029 3688 4072; x_wconf 84' lang='lat' dir='ltr'><strong>asse-</strong></span> 
     </span>
    </p>
   </div>
   <div class='ocr_carea' id='block_1_91' title="bbox 2110 4108 3689 4185">
    <p class='ocr_par' dir='ltr' id='par_1_91' title="bbox 2110 4108 3689 4185">
     <span class='ocr_line' id='line_1_91' title="bbox 2110 4108 3689 4185; baseline -0.004 -16"><span class='ocrx_word' id='word_1_610' title='bbox 2110 4121 2403 4185; x_wconf 90' lang='lat' dir='ltr'><strong>queretur,</strong></span> <span class='ocrx_word' id='word_1_611' title='bbox 2440 4128 2585 4183; x_wconf 83' lang='lat' dir='ltr'><strong>saepe</strong></span> <span class='ocrx_word' id='word_1_612' title='bbox 2628 4112 2885 4168; x_wconf 83' lang='lat' dir='ltr'><strong>divinarit</strong></span> <span class='ocrx_word' id='word_1_613' title='bbox 2932 4118 3166 4182; x_wconf 91' lang='lat' dir='ltr'><strong>oportet.</strong></span> <span class='ocrx_word' id='word_1_614' title='bbox 3207 4109 3573 4177; x_wconf 88' lang='lat' dir='ltr'><strong>Quamobrem</strong></span> <span class='ocrx_word' id='word_1_615' title='bbox 3607 4108 3689 4162; x_wconf 87' lang='lat' dir='ltr'><strong>ie-</strong></span> 
     </span>
    </p>
   </div>
   <div class='ocr_carea' id='block_1_92' title="bbox 2111 4198 3688 4276">
    <p class='ocr_par' dir='ltr' id='par_1_92' title="bbox 2111 4198 3688 4276">
     <span class='ocr_line' id='line_1_92' title="bbox 2111 4198 3688 4276; baseline -0.005 -14"><span class='ocrx_word' id='word_1_616' title='bbox 2111 4207 2323 4263; x_wconf 90' lang='lat' dir='ltr'><strong>ctiones</strong></span> <span class='ocrx_word' id='word_1_617' title='bbox 2366 4215 2569 4262; x_wconf 68' lang='lat' dir='ltr'><strong>nostra:</strong></span> <span class='ocrx_word' id='word_1_618' title='bbox 2619 4206 2779 4276; x_wconf 84' lang='lat' dir='ltr'><strong>longe</strong></span> <span class='ocrx_word' id='word_1_619' title='bbox 2822 4204 3149 4261; x_wconf 89' lang='lat' dir='ltr'><strong>sinceriores</strong></span> <span class='ocrx_word' id='word_1_620' title='bbox 3197 4210 3329 4258; x_wconf 90' lang='lat' dir='ltr'><strong>sunt</strong></span> <span class='ocrx_word' id='word_1_621' title='bbox 3373 4215 3540 4271; x_wconf 89' lang='lat' dir='ltr'><strong>quam</strong></span> <span class='ocrx_word' id='word_1_622' title='bbox 3571 4198 3688 4255; x_wconf 71' lang='lat' dir='ltr'><strong>la-</strong></span> 
     </span>
    </p>
   </div>
   <div class='ocr_carea' id='block_1_93' title="bbox 2113 4314 2301 4356">
    <p class='ocr_par' dir='ltr' id='par_1_93' title="bbox 2113 4314 2301 4356">
     <span class='ocr_line' id='line_1_93' title="bbox 2113 4314 2301 4356; baseline -0.011 -1"><span class='ocrx_word' id='word_1_623' title='bbox 2113 4314 2191 4356; x_wconf 77' lang='lat' dir='ltr'><strong>Sla</strong></span> <span class='ocrx_word' id='word_1_624' title='bbox 2199 4314 2301 4355; x_wconf 69' lang='lat' dir='ltr'><strong>nae.</strong></span> 
     </span>
    </p>
   </div>
   <div class='ocr_carea' id='block_1_94' title="bbox 2182 4404 3692 4484">
    <p class='ocr_par' dir='ltr' id='par_1_94' title="bbox 2182 4404 3692 4484">
     <span class='ocr_line' id='line_1_94' title="bbox 2182 4404 3692 4484; baseline -0.007 -13"><span class='ocrx_word' id='word_1_625' title='bbox 2182 4415 2245 4471; x_wconf 90' lang='lat' dir='ltr'><strong>ln</strong></span> <span class='ocrx_word' id='word_1_626' title='bbox 2272 4415 2416 4471; x_wconf 91' lang='lat' dir='ltr'><strong>libro</strong></span> <span class='ocrx_word' id='word_1_627' title='bbox 2441 4412 2696 4471; x_wconf 73' lang='lat' dir='ltr'><strong>Iudicum</strong></span> <span class='ocrx_word' id='word_1_628' title='bbox 2736 4413 2895 4484; x_wconf 86' lang='lat' dir='ltr'><strong>longe</strong></span> <span class='ocrx_word' id='word_1_629' title='bbox 2939 4412 3096 4483; x_wconf 89' lang='lat' dir='ltr'><strong>plura</strong></span> <span class='ocrx_word' id='word_1_630' title='bbox 3141 4425 3305 4481; x_wconf 89' lang='lat' dir='ltr'><strong>quam</strong></span> <span class='ocrx_word' id='word_1_631' title='bbox 3343 4410 3399 4465; x_wconf 95' lang='lat' dir='ltr'><strong>in</strong></span> <span class='ocrx_word' id='word_1_632' title='bbox 3432 4408 3573 4463; x_wconf 91' lang='lat' dir='ltr'><strong>libro</strong></span> <span class='ocrx_word' id='word_1_633' title='bbox 3597 4404 3692 4461; x_wconf 79' lang='lat' dir='ltr'><strong>Jo-</strong></span> 
     </span>
    </p>
   </div>
   <div class='ocr_carea' id='block_1_95' title="bbox 2116 4496 3693 4573">
    <p class='ocr_par' dir='ltr' id='par_1_95' title="bbox 2116 4496 3693 4573">
     <span class='ocr_line' id='line_1_95' title="bbox 2116 4496 3693 4573; baseline -0.01 -9"><span class='ocrx_word' id='word_1_634' title='bbox 2116 4523 2239 4571; x_wconf 89' lang='lat' dir='ltr'><strong>sue,</strong></span> <span class='ocrx_word' id='word_1_635' title='bbox 2265 4508 2321 4561; x_wconf 91' lang='lat' dir='ltr'><strong>in</strong></span> <span class='ocrx_word' id='word_1_636' title='bbox 2361 4505 2601 4561; x_wconf 90' lang='lat' dir='ltr'><strong>editione</strong></span> <span class='ocrx_word' id='word_1_637' title='bbox 2634 4502 2915 4573; x_wconf 86' lang='lat' dir='ltr'><strong>hexaplari</strong></span> <span class='ocrx_word' id='word_1_638' title='bbox 2947 4502 3017 4556; x_wconf 92' lang='lat' dir='ltr'><strong>ab</strong></span> <span class='ocrx_word' id='word_1_639' title='bbox 3045 4499 3278 4571; x_wconf 84' lang='lat' dir='ltr'><strong>Origene</strong></span> <span class='ocrx_word' id='word_1_640' title='bbox 3317 4499 3565 4554; x_wconf 86' lang='lat' dir='ltr'><strong>restituta</strong></span> <span class='ocrx_word' id='word_1_641' title='bbox 3596 4496 3693 4549; x_wconf 89' lang='lat' dir='ltr'><strong>de-</strong></span> 
     </span>
    </p>
   </div>
   <div class='ocr_carea' id='block_1_96' title="bbox 2116 4590 3691 4672">
    <p class='ocr_par' dir='ltr' id='par_1_96' title="bbox 2116 4590 3691 4672">
     <span class='ocr_line' id='line_1_96' title="bbox 2116 4590 3691 4672; baseline -0.007 -18"><span class='ocrx_word' id='word_1_642' title='bbox 2116 4597 2552 4671; x_wconf 72' lang='lat' dir='ltr'><strong>prehenduntur,</strong></span> <span class='ocrx_word' id='word_1_643' title='bbox 2585 4610 2707 4666; x_wconf 62' lang='lat' dir='ltr'><strong>quae</strong></span> <span class='ocrx_word' id='word_1_644' title='bbox 2750 4610 2816 4651; x_wconf 89' lang='lat' dir='ltr'><strong>ex</strong></span> <span class='ocrx_word' id='word_1_645' title='bbox 2864 4592 3238 4672; x_wconf 76' lang='lat' dir='ltr'><strong>Tlieodotione</strong></span> <span class='ocrx_word' id='word_1_646' title='bbox 3286 4599 3349 4646; x_wconf 91' lang='lat' dir='ltr'><strong>ut</strong></span> <span class='ocrx_word' id='word_1_647' title='bbox 3394 4590 3691 4661; x_wconf 89' lang='lat' dir='ltr'><strong>plurimum</strong></span> 
     </span>
    </p>
   </div>
   <div class='ocr_carea' id='block_1_97' title="bbox 2113 4677 3692 4756">
    <p class='ocr_par' dir='ltr' id='par_1_97' title="bbox 2113 4677 3692 4756">
     <span class='ocr_line' id='line_1_97' title="bbox 2113 4677 3692 4756; baseline -0.008 -11"><span class='ocrx_word' id='word_1_648' title='bbox 2113 4696 2399 4755; x_wconf 86' lang='lat' dir='ltr'><strong>mutuatus</strong></span> <span class='ocrx_word' id='word_1_649' title='bbox 2435 4695 2521 4741; x_wconf 89' lang='lat' dir='ltr'><strong>est</strong></span> <span class='ocrx_word' id='word_1_650' title='bbox 2561 4683 2842 4756; x_wconf 82' lang='lat' dir='ltr'><strong>Origenes.</strong></span> <span class='ocrx_word' id='word_1_651' title='bbox 2868 4682 2949 4738; x_wconf 84' lang='lat' dir='ltr'><strong>Ea</strong></span> <span class='ocrx_word' id='word_1_652' title='bbox 2997 4698 3130 4738; x_wconf 87' lang='lat' dir='ltr'><strong>vero</strong></span> <span class='ocrx_word' id='word_1_653' title='bbox 3176 4697 3323 4736; x_wconf 91' lang='lat' dir='ltr'><strong>nunc</strong></span> <span class='ocrx_word' id='word_1_654' title='bbox 3365 4682 3601 4750; x_wconf 89' lang='lat' dir='ltr'><strong>primum</strong></span> <span class='ocrx_word' id='word_1_655' title='bbox 3635 4677 3692 4733; x_wconf 92' lang='lat' dir='ltr'><strong>in</strong></span> 
     </span>
    </p>
   </div>
   <div class='ocr_carea' id='block_1_98' title="bbox 2115 4770 3680 4845">
    <p class='ocr_par' dir='ltr' id='par_1_98' title="bbox 2115 4770 3680 4845">
     <span class='ocr_line' id='line_1_98' title="bbox 2115 4770 3680 4845; baseline -0.006 -10"><span class='ocrx_word' id='word_1_656' title='bbox 2115 4780 2293 4836; x_wconf 89' lang='lat' dir='ltr'><strong>lucem</strong></span> <span class='ocrx_word' id='word_1_657' title='bbox 2323 4779 2556 4845; x_wconf 90' lang='lat' dir='ltr'><strong>edimus,</strong></span> <span class='ocrx_word' id='word_1_658' title='bbox 2583 4775 2816 4832; x_wconf 89' lang='lat' dir='ltr'><strong>Drusius</strong></span> <span class='ocrx_word' id='word_1_659' title='bbox 2849 4775 2996 4832; x_wconf 91' lang='lat' dir='ltr'><strong>enim</strong></span> <span class='ocrx_word' id='word_1_660' title='bbox 3027 4775 3140 4829; x_wconf 91' lang='lat' dir='ltr'><strong>fere</strong></span> <span class='ocrx_word' id='word_1_661' title='bbox 3172 4771 3309 4828; x_wconf 87' lang='lat' dir='ltr'><strong>nihil</strong></span> <span class='ocrx_word' id='word_1_662' title='bbox 3333 4772 3546 4827; x_wconf 84' lang='lat' dir='ltr'><strong>habuit.</strong></span> <span class='ocrx_word' id='word_1_663' title='bbox 3580 4770 3680 4825; x_wconf 84' lang='lat' dir='ltr'><strong>Ga-</strong></span> 
     </span>
    </p>
   </div>
   <div class='ocr_carea' id='block_1_99' title="bbox 2113 4860 3694 4942">
    <p class='ocr_par' dir='ltr' id='par_1_99' title="bbox 2113 4860 3694 4942">
     <span class='ocr_line' id='line_1_99' title="bbox 2113 4860 3694 4942; baseline -0.006 -17"><span class='ocrx_word' id='word_1_664' title='bbox 2113 4872 2225 4942; x_wconf 92' lang='lat' dir='ltr'><strong>pite</strong></span> <span class='ocrx_word' id='word_1_665' title='bbox 2274 4880 2456 4925; x_wconf 88' lang='lat' dir='ltr'><strong>autem</strong></span> <span class='ocrx_word' id='word_1_666' title='bbox 2505 4883 2653 4924; x_wconf 91' lang='lat' dir='ltr'><strong>nono</strong></span> <span class='ocrx_word' id='word_1_667' title='bbox 2699 4882 2767 4922; x_wconf 91' lang='lat' dir='ltr'><strong>ac</strong></span> <span class='ocrx_word' id='word_1_668' title='bbox 2803 4867 3049 4933; x_wconf 89' lang='lat' dir='ltr'><strong>decimo,</strong></span> <span class='ocrx_word' id='word_1_669' title='bbox 3083 4864 3331 4935; x_wconf 72' lang='lat' dir='ltr'><strong>quaedam</strong></span> <span class='ocrx_word' id='word_1_670' title='bbox 3383 4860 3694 4932; x_wconf 85' lang='lat' dir='ltr'><strong>hexaplaris</strong></span> 
     </span>
    </p>
   </div>
   <div class='ocr_carea' id='block_1_100' title="bbox 2116 4953 3693 5018">
    <p class='ocr_par' dir='ltr' id='par_1_100' title="bbox 2116 4953 3693 5018">
     <span class='ocr_line' id='line_1_100' title="bbox 2116 4953 3693 5018; baseline -0.008 0"><span class='ocrx_word' id='word_1_671' title='bbox 2116 4963 2226 5018; x_wconf 83' lang='grc' dir='ltr'><strong>τῶν</strong></span> <span class='ocrx_word' id='word_1_672' title='bbox 2251 4964 2307 5016; x_wconf 82' lang='lat'><strong>0&#39;</strong></span> <span class='ocrx_word' id='word_1_673' title='bbox 2332 4960 2588 5017; x_wconf 83' lang='lat' dir='ltr'><strong>editionis</strong></span> <span class='ocrx_word' id='word_1_674' title='bbox 2628 4975 2693 5015; x_wconf 86' lang='lat' dir='ltr'><strong>ex</strong></span> <span class='ocrx_word' id='word_1_675' title='bbox 2724 4956 3096 5013; x_wconf 86' lang='lat' dir='ltr'><strong>vetustissimo</strong></span> <span class='ocrx_word' id='word_1_676' title='bbox 3122 4953 3255 5009; x_wconf 91' lang='lat' dir='ltr'><strong>folio</strong></span> <span class='ocrx_word' id='word_1_677' title='bbox 3279 4962 3470 5009; x_wconf 86' lang='lat' dir='ltr'><strong>nostro</strong></span> <span class='ocrx_word' id='word_1_678' title='bbox 3493 4966 3693 5007; x_wconf 88' lang='lat' dir='ltr'><strong>manu-</strong></span> 
     </span>
    </p>
   </div>
   <div class='ocr_carea' id='block_1_101' title="bbox 2117 5050 2735 5124">
    <p class='ocr_par' dir='ltr' id='par_1_101' title="bbox 2117 5050 2735 5124">
     <span class='ocr_line' id='line_1_101' title="bbox 2117 5050 2735 5124; baseline -0.008 -15"><span class='ocrx_word' id='word_1_679' title='bbox 2117 5055 2327 5124; x_wconf 91' lang='lat' dir='ltr'><strong>scripto</strong></span> <span class='ocrx_word' id='word_1_680' title='bbox 2360 5050 2735 5123; x_wconf 89' lang='lat' dir='ltr'><strong>proferuntur.</strong></span> 
     </span>
    </p>
   </div>
   <div class='ocr_carea' id='block_1_102' title="bbox 2190 5155 3694 5232">
    <p class='ocr_par' dir='ltr' id='par_1_102' title="bbox 2190 5155 3694 5232">
     <span class='ocr_line' id='line_1_102' title="bbox 2190 5155 3694 5232; baseline -0.009 -11"><span class='ocrx_word' id='word_1_681' title='bbox 2190 5166 2250 5220; x_wconf 90' lang='lat' dir='ltr'><strong>ln</strong></span> <span class='ocrx_word' id='word_1_682' title='bbox 2298 5164 2443 5221; x_wconf 89' lang='lat' dir='ltr'><strong>libro</strong></span> <span class='ocrx_word' id='word_1_683' title='bbox 2492 5162 2666 5230; x_wconf 75' lang='lat' dir='ltr'><strong>Ruth,</strong></span> <span class='ocrx_word' id='word_1_684' title='bbox 2713 5161 2820 5218; x_wconf 89' lang='lat' dir='ltr'><strong>etsi</strong></span> <span class='ocrx_word' id='word_1_685' title='bbox 2861 5158 3015 5232; x_wconf 83' lang='lat' dir='ltr'><strong>paria</strong></span> <span class='ocrx_word' id='word_1_686' title='bbox 3054 5155 3368 5229; x_wconf 65' lang='lat' dir='ltr'><strong>prestiterit</strong></span> <span class='ocrx_word' id='word_1_687' title='bbox 3411 5155 3694 5227; x_wconf 82' lang='lat' dir='ltr'><strong>Origenes,</strong></span> 
     </span>
    </p>
   </div>
   <div class='ocr_carea' id='block_1_103' title="bbox 2117 5257 2942 5329">
    <p class='ocr_par' dir='ltr' id='par_1_103' title="bbox 2117 5257 2942 5329">
     <span class='ocr_line' id='line_1_103' title="bbox 2117 5257 2942 5329; baseline -0.008 -15"><span class='ocrx_word' id='word_1_688' title='bbox 2117 5257 2255 5314; x_wconf 86' lang='lat' dir='ltr'><strong>nihil</strong></span> <span class='ocrx_word' id='word_1_689' title='bbox 2280 5270 2419 5329; x_wconf 88' lang='lat' dir='ltr'><strong>pene</strong></span> <span class='ocrx_word' id='word_1_690' title='bbox 2447 5269 2638 5310; x_wconf 91' lang='lat' dir='ltr'><strong>eorum</strong></span> <span class='ocrx_word' id='word_1_691' title='bbox 2674 5261 2942 5324; x_wconf 85' lang='lat' dir='ltr'><strong>superest.</strong></span> 
     </span>
    </p>
   </div>
   <div class='ocr_carea' id='block_1_104' title="bbox 2187 5361 3697 5436">
    <p class='ocr_par' dir='ltr' id='par_1_104' title="bbox 2187 5361 3697 5436">
     <span class='ocr_line' id='line_1_104' title="bbox 2187 5361 3697 5436; baseline -0.005 -10"><span class='ocrx_word' id='word_1_692' title='bbox 2187 5370 2248 5426; x_wconf 85' lang='lat' dir='ltr'><strong>In</strong></span> <span class='ocrx_word' id='word_1_693' title='bbox 2273 5370 2431 5426; x_wconf 89' lang='lat' dir='ltr'><strong>libris</strong></span> <span class='ocrx_word' id='word_1_694' title='bbox 2462 5366 2734 5423; x_wconf 88' lang='lat' dir='ltr'><strong>Samuelis</strong></span> <span class='ocrx_word' id='word_1_695' title='bbox 2757 5374 2811 5423; x_wconf 90' lang='lat' dir='ltr'><strong>et</strong></span> <span class='ocrx_word' id='word_1_696' title='bbox 2833 5364 3043 5436; x_wconf 86' lang='lat' dir='ltr'><strong>Regum</strong></span> <span class='ocrx_word' id='word_1_697' title='bbox 3069 5361 3230 5418; x_wconf 87' lang='lat' dir='ltr'><strong>solita</strong></span> <span class='ocrx_word' id='word_1_698' title='bbox 3257 5361 3529 5419; x_wconf 82' lang='lat' dir='ltr'><strong>industria</strong></span> <span class='ocrx_word' id='word_1_699' title='bbox 3557 5374 3697 5418; x_wconf 83' lang='lat' dir='ltr'><strong>usus</strong></span> 
     </span>
    </p>
   </div>
   <div class='ocr_carea' id='block_1_105' title="bbox 2119 5454 3702 5535">
    <p class='ocr_par' dir='ltr' id='par_1_105' title="bbox 2119 5454 3702 5535">
     <span class='ocr_line' id='line_1_105' title="bbox 2119 5454 3702 5535; baseline -0.005 -16"><span class='ocrx_word' id='word_1_700' title='bbox 2119 5463 2381 5535; x_wconf 88' lang='lat' dir='ltr'><strong>Origenes</strong></span> <span class='ocrx_word' id='word_1_701' title='bbox 2427 5459 2871 5532; x_wconf 90' lang='lat' dir='ltr'><strong>deprehenditur.</strong></span> <span class='ocrx_word' id='word_1_702' title='bbox 2917 5458 2997 5513; x_wconf 92' lang='lat' dir='ltr'><strong>lbi</strong></span> <span class='ocrx_word' id='word_1_703' title='bbox 3038 5456 3202 5512; x_wconf 91' lang='lat' dir='ltr'><strong>etiam</strong></span> <span class='ocrx_word' id='word_1_704' title='bbox 3255 5454 3379 5528; x_wconf 87' lang='lat' dir='ltr'><strong>Syri</strong></span> <span class='ocrx_word' id='word_1_705' title='bbox 3432 5454 3702 5511; x_wconf 82' lang='lat' dir='ltr'><strong>lectiones</strong></span> 
     </span>
    </p>
   </div>
   <div class='ocr_carea' id='block_1_106' title="bbox 2119 5545 3698 5615">
    <p class='ocr_par' dir='ltr' id='par_1_106' title="bbox 2119 5545 3698 5615">
     <span class='ocr_line' id='line_1_106' title="bbox 2119 5545 3698 5615; baseline -0.008 -4"><span class='ocrx_word' id='word_1_706' title='bbox 2119 5570 2230 5611; x_wconf 91' lang='lat' dir='ltr'><strong>non</strong></span> <span class='ocrx_word' id='word_1_707' title='bbox 2263 5568 2391 5610; x_wconf 91' lang='lat' dir='ltr'><strong>raro</strong></span> <span class='ocrx_word' id='word_1_708' title='bbox 2422 5552 2744 5609; x_wconf 83' lang='lat' dir='ltr'><strong>afferuntur.</strong></span> <span class='ocrx_word' id='word_1_709' title='bbox 2779 5548 3031 5605; x_wconf 81' lang='lat' dir='ltr'><strong>Morietur</strong></span> <span class='ocrx_word' id='word_1_710' title='bbox 3063 5556 3243 5603; x_wconf 91' lang='lat' dir='ltr'><strong>autem</strong></span> <span class='ocrx_word' id='word_1_711' title='bbox 3274 5547 3331 5601; x_wconf 91' lang='lat' dir='ltr'><strong>in</strong></span> <span class='ocrx_word' id='word_1_712' title='bbox 3368 5546 3477 5601; x_wconf 78' lang='lat' dir='ltr'><strong>fine</strong></span> <span class='ocrx_word' id='word_1_713' title='bbox 3510 5545 3698 5615; x_wconf 87' lang='lat' dir='ltr'><strong>primi,</strong></span> 
     </span>
    </p>
   </div>
   <div class='ocr_carea' id='block_1_107' title="bbox 2119 5637 3700 5710">
    <p class='ocr_par' dir='ltr' id='par_1_107' title="bbox 2119 5637 3700 5710">
     <span class='ocr_line' id='line_1_107' title="bbox 2119 5637 3700 5710; baseline -0.006 -8"><span class='ocrx_word' id='word_1_714' title='bbox 2119 5661 2294 5703; x_wconf 90' lang='lat' dir='ltr'><strong>unum</strong></span> <span class='ocrx_word' id='word_1_715' title='bbox 2322 5646 2453 5700; x_wconf 91' lang='lat' dir='ltr'><strong>olim</strong></span> <span class='ocrx_word' id='word_1_716' title='bbox 2497 5643 2667 5699; x_wconf 86' lang='lat' dir='ltr'><strong>fuisse</strong></span> <span class='ocrx_word' id='word_1_717' title='bbox 2706 5642 2910 5697; x_wconf 90' lang='lat' dir='ltr'><strong>librum</strong></span> <span class='ocrx_word' id='word_1_718' title='bbox 2952 5639 3244 5706; x_wconf 90' lang='lat' dir='ltr'><strong>Samuelis,</strong></span> <span class='ocrx_word' id='word_1_719' title='bbox 3293 5639 3390 5710; x_wconf 91' lang='lat' dir='ltr'><strong>qui</strong></span> <span class='ocrx_word' id='word_1_720' title='bbox 3428 5637 3569 5693; x_wconf 87' lang='lat' dir='ltr'><strong>duos</strong></span> <span class='ocrx_word' id='word_1_721' title='bbox 3598 5638 3700 5693; x_wconf 85' lang='lat' dir='ltr'><strong>ho-</strong></span> 
     </span>
    </p>
   </div>
   <div class='ocr_carea' id='block_1_108' title="bbox 2123 5728 3699 5805">
    <p class='ocr_par' dir='ltr' id='par_1_108' title="bbox 2123 5728 3699 5805">
     <span class='ocr_line' id='line_1_108' title="bbox 2123 5728 3699 5805; baseline -0.007 -13"><span class='ocrx_word' id='word_1_722' title='bbox 2123 5736 2344 5792; x_wconf 91' lang='lat' dir='ltr'><strong>diernos</strong></span> <span class='ocrx_word' id='word_1_723' title='bbox 2368 5732 2852 5805; x_wconf 86' lang='lat' dir='ltr'><strong>complectebatur,</strong></span> <span class='ocrx_word' id='word_1_724' title='bbox 2881 5745 2983 5785; x_wconf 91' lang='lat' dir='ltr'><strong>nec</strong></span> <span class='ocrx_word' id='word_1_725' title='bbox 3026 5730 3279 5800; x_wconf 80' lang='lat' dir='ltr'><strong>Aquilam</strong></span> <span class='ocrx_word' id='word_1_726' title='bbox 3302 5728 3556 5784; x_wconf 87' lang='lat' dir='ltr'><strong>divisisse</strong></span> <span class='ocrx_word' id='word_1_727' title='bbox 3583 5728 3699 5796; x_wconf 88' lang='lat' dir='ltr'><strong>pri-</strong></span> 
     </span>
    </p>
   </div>
   <div class='ocr_carea' id='block_1_109' title="bbox 2124 5820 3702 5897">
    <p class='ocr_par' dir='ltr' id='par_1_109' title="bbox 2124 5820 3702 5897">
     <span class='ocr_line' id='line_1_109' title="bbox 2124 5820 3702 5897; baseline -0.01 -11"><span class='ocrx_word' id='word_1_728' title='bbox 2124 5843 2275 5888; x_wconf 87' lang='lat' dir='ltr'><strong>mum</strong></span> <span class='ocrx_word' id='word_1_729' title='bbox 2307 5843 2339 5884; x_wconf 86' lang='lat' dir='ltr'><strong>a</strong></span> <span class='ocrx_word' id='word_1_730' title='bbox 2368 5824 2631 5885; x_wconf 86' lang='lat' dir='ltr'><strong>secundo.</strong></span> <span class='ocrx_word' id='word_1_731' title='bbox 2673 5823 2863 5897; x_wconf 68' lang='lat' dir='ltr'><strong>Magna</strong></span> <span class='ocrx_word' id='word_1_732' title='bbox 2905 5836 3074 5895; x_wconf 88' lang='lat' dir='ltr'><strong>porro</strong></span> <span class='ocrx_word' id='word_1_733' title='bbox 3101 5830 3346 5878; x_wconf 87' lang='lat' dir='ltr'><strong>veterum</strong></span> <span class='ocrx_word' id='word_1_734' title='bbox 3379 5820 3702 5889; x_wconf 83' lang='lat' dir='ltr'><strong>interpreta-</strong></span> 
     </span>
    </p>
   </div>
  </div>
