4122 6432
418 402 516 457 1111

1613 399 1683 456 ΙΝ
1722 398 2051 456 llEXAPLA
2092 398 2436 459 ORIGENPS.

418 520 636 575 tionum
671 518 832 582 silva,
861 531 1029 588 quam
1078 518 1318 583 edimus,
1351 534 1499 575 nunc
1524 518 1706 590 primo
1744 519 1926 589 prodit
1949 519 1994 572 in

2076 517 2255 578 ,πίδα
2338 518 2453 588 τῆς
2551 524 2851 590 σωτηρίας
2934 541 3110 598 usque
3138 531 3205 586 ad
3242 532 3359 588 haec
3386 536 3573 603 verba,
3616 551 3672 592 ut

2098 625 2219 677 μου
2239 626 2258 673 ;
2287 608 2394 673 ἕως
2420 609 2539 675 τοῦ,
2575 612 2677 665 ἵνα
2707 614 2851 667 ἀνα-
2932 624 3260 691 requiescam
3307 628 3373 680 ab
3414 635 3671 686 wrumnis

419 611 631 675 lucem;
664 608 893 664 Drusius
920 624 1048 663 vero
1072 609 1210 663 nihil
1244 624 1381 678 pene
1408 610 1719 681 collegerat.

492 699 551 754 ln
581 699 737 754 libris
780 697 1233 768 Paralipomenon
1274 712 1445 767 pauca
1494 697 1860 769 Hexaplorum
1890 700 2003 756 fra-

420 799 640 863 gmenta
668 789 1009 853 exhibemus,
1039 787 1164 856 quia
1192 786 1472 842 rarissima
1501 787 1555 842 in
1586 789 1686 844 hos
1714 790 2005 845 Commen-

421 881 567 937 taria
599 896 629 935 a
669 879 870 949 priscis
899 877 1257 947 scriptoribus
1299 878 1444 932 edita
1489 889 1661 934 sunt:
1693 889 1748 934 et
1784 881 1837 935 in
1880 897 2001 937 ma-

423 974 757 1048 nuscriptis,
814 981 1057 1026 veterum
1108 972 1465 1040 interpretum
1521 971 1782 1028 lectiones
1834 974 2001 1031 infre-

425 1076 655 1139 quenter
682 1064 1058 1135 proferuntur.

494 1156 554 1210 ln
594 1156 765 1211 libros
803 1152 1011 1216 Esdrae,
1053 1149 1347 1218 Nehemiae,
1383 1150 1629 1209 Estheris
1659 1155 1794 1209 nihil
1822 1154 2003 1211 Hexa-

422 1249 636 1321 plorum
671 1255 941 1317 superest,
974 1244 1100 1299 licet
1138 1242 1429 1314 Origenes,
1460 1252 1519 1299 ut
1547 1246 1820 1311 existimo,
1853 1247 1906 1301 in
1935 1248 2002 1304 iis

423 1338 668 1393 eamdem
695 1350 859 1406 quam
890 1334 946 1387 in
977 1333 1187 1388 caneris
1218 1348 1437 1401 operam
1472 1336 1771 1390 navaverit.
1801 1334 2002 1392 Verum

424 1431 479 1486 in
508 1429 787 1486 codicibus
820 1427 916 1498 qui
944 1427 997 1481 in
1030 1440 1225 1479 manus
1262 1426 1595 1492 inciderunt,
1634 1430 1770 1483 nihil
1800 1431 2002 1501 margi-

421 1520 628 1577 nalium
664 1527 939 1580 notarum,
972 1515 1109 1569 nihil
1134 1517 1651 1572 commentariorum
1680 1520 1852 1574 adest.

490 1610 548 1665 ln
578 1611 715 1665 libro
742 1617 921 1663 autem
950 1605 1054 1661 Job
1076 1606 1206 1675 quid
1235 1607 1545 1675 praestiterit
1567 1610 1849 1681 Origenes,
1883 1613 1994 1683 ipse

2103 1616 2197 1669 τοῦ
2242 1614 2362 1671 Ἰὼϐ
2395 1624 2527 1693 παρ’
2567 1622 2838 1696 Ἑϐραίοις

419 1703 660 1758 declarat
686 1702 741 1755 iu
770 1699 1012 1770 Epistola
1039 1697 1108 1752 ad
1129 1696 1446 1755 Africanum
1480 1719 1492 1754 :
1527 1702 1691 1772 hujus
1722 1704 1808 1759 hic
1836 1708 1994 1763 verba

2109 1706 2211 1778 μὲν
2236 1713 2433 1776 κεῖται,
2456 1715 2586 1784 παρ’
2614 1716 2746 1785 ἡμῖν
2780 1716 2837 1769 δὲ

419 1795 761 1864 subjicimus.

485 1908 565 1963 Ex
609 1908 712 1963 Job
755 1907 919 1963 etiam
970 1904 1038 1960 ab
1084 1904 1170 1959 his

414 2002 601 2058 verbis
634 2020 648 2057 :
685 2000 948 2070 Scriptum
968 2009 1043 2053 est
1075 2015 1171 2051 au-

418 2108 523 2152 tem
544 2099 715 2168 ipsum
737 2106 1165 2157 resurrecturum,

419 2206 541 2243 cum
577 2189 766 2260 quibus
793 2187 1047 2241 Dominus
1080 2202 1165 2239 re-

420 2284 621 2352 surgit,
660 2296 830 2350 usque
873 2280 939 2334 ad
980 2279 1164 2342 finem,

419 2374 564 2437 haec,
622 2373 872 2443 inquam.
926 2385 1036 2427 non
1066 2387 1164 2427 ex-

417 2474 564 2522 stant
624 2467 767 2536 apud
831 2465 1086 2521 Hebraeos
1147 2481 1160 2516 :

416 2572 583 2627 quare
614 2573 715 2613 nec
747 2559 887 2628 apud
911 2557 1162 2628 Aquilam

415 2649 710 2716 habentur;
735 2650 827 2705 sed
857 2650 998 2720 apud
1022 2648 1156 2703 LXX

412 2750 465 2795 et
508 2741 649 2810 apud
702 2740 1127 2797 Theodotionem
1145 2782 1160 2808 ,

408 2833 589 2903 quoad
670 2849 891 2891 sensum
972 2835 1161 2890 eadem

410 2935 559 2981 sunt.
605 2927 889 2983 lnnumera
945 2942 1164 2997 quoque

409 3017 517 3072 alia
564 3019 868 3074 invenimus
920 3019 976 3073 in
1027 3017 1156 3086 Joh",

409 3121 525 3166 tum
555 3112 856 3177 deﬁcientia
876 3154 891 3179 ,
927 3123 1042 3167 tum
1080 3129 1162 3168 re-

407 3203 707 3258 dundantia
805 3203 859 3257 in
960 3205 1162 3260 nostris

405 3294 811 3363 exemplaribus
826 3335 843 3362 ,
886 3296 930 3350 si
977 3295 1136 3350 confe

407 3394 600 3441 rantur
632 3402 755 3441 cum
785 3385 1042 3443 Judaicis.
1069 3387 1164 3443 De-

406 3476 643 3534 ficientia
674 3480 913 3550 quidem,
946 3490 1005 3535 ut
1036 3498 1160 3536 cum

405 3570 494 3626 his
514 3573 729 3629 verbis:
752 3573 982 3645 Surgeus
1008 3592 1160 3630 mane

405 3662 657 3730 οῙΪεηθαε
685 3682 780 3734 pro
806 3666 915 3721 illis
951 3669 1160 3736 sacriﬁ-

404 3755 490 3807 cia
504 3795 521 3821 ,
555 3757 839 3811 secundum
886 3775 1159 3814 numerum

401 3860 585 3900 eorum
597 3863 617 3911 ;
660 3850 895 3917 additur,
938 3852 1157 3906 vitulum

403 3953 572 3992 unum
634 3956 729 4011 pro
787 3953 999 4011 peccato
1060 3962 1156 4015 pro

401 4032 680 4088 animabus
712 4051 910 4090 eorum.
940 4036 1005 4091 Et
1029 4053 1153 4093 cum

404 4121 520 4178 his:
557 4123 812 4181 Venerunt
837 4129 1010 4198 angeli
1033 4129 1151 4197 Dei,

400 4225 462 4269 ut
492 4226 725 4271 astarent
752 4236 929 4274 coram
955 4221 1081 4287 Deo,
1105 4234 1154 4277 et

398 4307 648 4363 diabolus
695 4312 832 4367 venit
896 4330 1015 4367 cum
1077 4318 1153 4371 eis

403 4402 743 4458 subnectitur
778 4420 792 4456 :
828 4403 1153 4464 Circumiens

403 4503 598 4549 terram
614 4534 629 4558 ,
677 4506 727 4551 et
781 4500 1152 4567 perambulans

397 4587 459 4640 in
482 4602 564 4642 ea.
588 4585 852 4645 Praeterea
882 4602 1004 4661 post
1037 4593 1155 4650 hac

397 4680 563 4736 verba
576 4724 593 4749 ,
648 4682 907 4739 Dominus
974 4687 1150 4757 dedit,

398 4771 658 4829 Dominus
705 4777 958 4845 abstulit,
1007 4781 1151 4851 apud

399 4862 656 4923 Hebraeos
686 4883 792 4925 non
828 4880 986 4926 erant
1013 4872 1149 4940 haec,

394 4958 538 5013 sicut
564 4959 789 5017 Domino
814 4963 1046 5033 placuit,
1073 4967 1154 5022 ita

396 5050 600 5121 factum
622 5064 717 5108 est.

465 5165 631 5224 Plura
648 5178 828 5226 autem
848 5171 902 5227 in
928 5174 1132 5230 nostris

394 5269 563 5323 quam
610 5258 666 5312 in
708 5257 949 5317 Hebreis
1005 5272 1134 5318 sunt

393 5360 464 5402 ea
489 5362 613 5419 quae
664 5348 804 5407 Jobo
832 5353 970 5408 dixit
993 5371 1133 5411 uxor

394 5441 519 5512 ejus
551 5494 560 5503 .
594 5444 665 5500 ab
737 5446 825 5503 his
885 5450 1066 5506 verbis
1111 5468 1126 5506 :

394 5533 680 5607 Quousque
692 5541 1038 5608 perseverabis
1057 5542 1133 5597 di-

394 5625 559 5679 cendo
593 5642 614 5680 :
679 5626 902 5683 Manebo
954 5634 1127 5688 adhuc

2105 702 2423 771 παύσωμαι
2452 703 2572 757 τῶν
2593 706 2843 774 μόχθων

2099 809 2218 861 μου
2260 793 2360 847 καὶ
2416 794 2537 848 τῶν
2574 796 2831 863 ὀδυνῶν,

2103 882 2167 935 αἵ
2195 900 2274 951 με
2320 884 2439 938 νῦν
2474 886 2836 955 συνέχουσι.

2107 974 2288 1027 Μόνον
2314 976 2422 1046 γὰρ
2451 977 2520 1030 τὰ
2574 978 2713 1049 ῥητὰ
2739 980 2840 1049 τῆς

2103 1066 2362 1132 γυναικὸς
2402 1069 2837 1143 ἀναγέγραπται,

2104 1161 2189 1214 τὸο
2218 1159 2572 1218 Ἀλλέἶπόν
2600 1183 2653 1218 τι
2674 1165 2843 1235 ῥῆμα

2106 1251 2259 1319 πρὸς
2310 1254 2550 1321 Κύριον,
2606 1258 2705 1311 καὶ
2754 1274 2841 1311 τε·

2101 1348 2306 1402 λεύτα.

2174 1436 2342 1490 Πάλιν
2367 1454 2426 1490 τε
2479 1435 2547 1493 αὖ
2602 1440 2831 1496 πλεῖστά

2101 1543 2160 1579 τε
2206 1526 2305 1580 ὅσα
2358 1528 2445 1582 διὰ
2488 1530 2653 1600 μέσου
2715 1534 2837 1587 ὅλου

2102 1801 2244 1870 οὐχί.
2299 1803 2410 1856 Kal.
2439 1804 2700 1871 πολλάκις
2735 1808 2838 1878 μὲν

1324 1903 1483 1958 Ἀλλὰ
1551 1909 1644 1961 καὶ
1715 1908 1823 1963 ἀπὸ
1899 1911 1993 1965 τοῦ
2025 1884 2072 1944 Β
2106 1891 2210 1963 ἔπη
2272 1894 2513 1966 τέσσαρα
2570 1897 2603 1968 ἣ
2676 1899 2838 1971 τρία,

1252 1994 1393 2063 Ἰὼϐ,
1419 1996 1490 2051 τὰ
1517 2000 1627 2053 ἀπὸ
1658 2002 1751 2055 τοῦ
1781 2004 1995 2072 Γέγρα-

1237 2102 1377 2142 πται
1429 2090 1498 2143 δὲ
1558 2095 1745 2149 αὐτὸν
1807 2097 1994 2151 πάλιν

1235 2183 1711 2254 ἀναστήσεσθαι,”
1717 2193 1845 2261 μεθ’
1857 2188 1944 2247 ὧν
1958 2198 1991 2247 ὁ

1234 2278 1453 2345 Κύριος
1491 2282 1835 2351 ἀνίστησιν,
1861 2284 1989 2358 ἄχρι

1234 2370 1454 2436 τέλους,
1501 2374 1564 2427 οὐ
1617 2379 1795 2430 κεῖται
1838 2380 1990 2450 παρὰ

1233 2467 1347 2529 τοῖς
1426 2468 1696 2540 Ἑϐραίοις
1723 2490 1737 2501 ·
1801 2473 1988 2547 διόπερ

1233 2558 1353 2613 οὐδὲ
1408 2564 1557 2634 παρὰ
1615 2565 1694 2635 τῷ
1755 2566 1984 2640 Ἀκύλᾳ,

1234 2651 1383 2723 παρὰ
1411 2653 1467 2705 δὲ
1492 2657 1606 2719 τοῖς
1637 2660 1693 2709 O'
1728 2658 1820 2711 καὶ
1857 2660 1986 2714 Θεο-

1231 2743 1440 2798 δοτίωνι
1460 2746 1527 2799 τὰ
1563 2749 1985 2822 ἰσοδυναμοῦντα

1231 2836 1500 2907 ἀλλήλοις.
1559 2842 1669 2895 Καὶ
1730 2843 1864 2899 ἄλλα
1926 2847 1985 2899 δὲ

1234 2929 1401 3001 μυρία
1468 2931 1702 3005 εὕρομεν
1776 2939 1835 2991 ἐν
1908 2939 1985 3010 τῷ

1244 3020 1397 3087 Ἰὼϐ,
1452 3026 1546 3079 καὶ¹
1596 3029 1714 3081 κατ’
1775 3031 1980 3101 ὀλίγον,

1230 3118 1324 3169 καὶ
1379 3119 1472 3171 ἐπὶ
1535 3122 1696 3175 πλέον
1755 3127 1813 3177 ὲν
1871 3130 1983 3191 τοῖς

1230 3208 1517 3280 ἡμετέροις
1548 3213 1918 3285 ἀντιγράφοις,
1946 3220 1980 3289 ἦ

1231 3300 1289 3351 ὲν
1333 3303 1445 3365 τοῖς
1490 3305 1639 3375 παρὰ
1688 3308 1980 3373 Ἰουδαίοιςο

1232 3395 1352 3445 κατ’
1373 3394 1550 3464 ὀλίγον
1582 3398 1699 3467 μὲν,
1729 3399 1838 3465 ὅτε,
1864 3403 1986 3456 ἀνι-

1232 3484 1525 3554 στάμενος
1541 3491 1607 3542 τὸ
1623 3491 1773 3557 πρωῒ
1800 3507 1984 3560 προσ-

1230 3575 1404 3645 έφερε
1451 3582 1582 3648 περὶ
1634 3582 1832 3637 αὐτῶν
1883 3590 1984 3640 0v-

1230 3671 1371 3737 σίας
1407 3675 1553 3729 κατὰ
1589 3676 1697 3729 τὸν
1734 3678 1984 3749 ἀριθμὸν

1227 3762 1442 3818 αὐτῶν·
1478 3767 1565 3819 τό·
1599 3772 1840 3839 μόσχον
1874 3772 1983 3826 ἕνα

1227 3855 1360 3924 περὶ
1386 3857 1672 3928 ἁμαρτίας
1705 3862 1837 3930 περὶ
1864 3865 1983 3919 τῶν

1226 3942 1444 4017 ψυχῶν
1476 3950 1692 4006 αὐτῶν.
1729 3955 1836 4008 Καὶ
1867 3957 1976 4021 ὅτε,

1224 4033 1415 4107 ἦλθον
1471 4044 1526 4092 οἱ
1577 4039 1817 4111 ἄγγελοι
1871 4046 1978 4099 τοῦ

1228 4129 1376 4183 Θεοῦ
1422 4133 1801 4202 παραστῆναι
1835 4137 1977 4190 ἐνώ-

1226 4238 1365 4276 πιον
1404 4225 1511 4279 τοῦ
1563 4227 1739 4294 Θεοῦ,
1786 4231 1885 4284 καὶ
1944 4235 1978 4286 ὁ

1224 4316 1502 4386 διάϐολος
1534 4316 1682 4390 ἦλθε
1716 4323 1844 4391 μετ’
1868 4327 1976 4379 αὐ-

1224 4407 1360 4461 τῶν·
1397 4411 1474 4463 τό·
1505 4413 1832 4481 περιελθὼν
1863 4417 1979 4485 τὴν

1223 4500 1357 4571 γῆν,
1376 4504 1474 4556 καὶ
1491 4504 1976 4576 ἐμπεριπατήσας

1221 4594 1291 4648 ἐν
1320 4595 1494 4664 αὐτῇ.
1528 4597 1650 4651 Ἔτι
1689 4599 1747 4653 δὲ
1782 4602 1883 4655 οὐκ
1907 4597 1976 4674 ἦν
2008 4582 2052 4637 D

1222 4689 1353 4760 παρ’
1395 4688 1665 4761 Ἑϐραίοις
1703 4692 1842 4762 μετὰ
1883 4694 1971 4748 τόδ

1234 4779 1289 4832 Ὁ
1347 4780 1563 4849 Κύριος
1623 4782 1873 4849 ἔδωκεν,
1941 4788 1977 4841 ὁ

1221 4871 1440 4940 Κύριος
1460 4873 1759 4942 ἀφείλετο·
1791 4876 1873 4943 ὡς
1895 4876 1976 4943 τῷ

1221 4965 1417 5033 Κυρίῳ
1477 4964 1690 5031 ἔδοξεν
1711 5005 1728 5032 ,
1789 4969 1975 5036 οὕτως

1224 5056 1324 5110 καὶ
1357 5055 1614 5127 ἐγένετο.

1294 5170 1526 5226 Πλείονα
1538 5171 1596 5225 δὲ
1620 5173 1679 5226 ὲν
1695 5174 1953 5245 τοῖςήμε-

1219 5258 1399 5331 τέροις
1438 5260 1591 5332 παρὰ
1630 5261 1700 5315 τὰ
1744 5263 1953 5335 Ἑϐραῖ-

1221 5348 1323 5415 κὰ,
1371 5349 1461 5403 ὅτε
1521 5345 1643 5402 εἷπε
1694 5350 1773 5421 τῷ
1829 5351 1950 5405 Ἰὼϐ

1221 5440 1412 5513 ήγυνὴ
1458 5439 1645 5507 αὑτοῦ,
1692 5443 1801 5497 ἀπὸ
1829 5441 1947 5510 τοῦ,

1217 5533 1407 5601 Μέχρι
1455 5532 1620 5597 τίνος
1674 5532 1951 5601 καρτερή-

1218 5643 1367 5694 σεις,
1380 5626 1592 5696 λέγων’
1625 5626 1950 5688 Ἰδοὺ.ἁνα-

392 5729 557 5783 parvo
633 5727 859 5789 tempore
947 5736 1123 5785 exspe-
1209 5719 1371 5791 μένω
1389 5723 1611 5790 χρόνον
1624 5721 1712 5776 ἔτι
1730 5724 1948 5791 μικρὰν

390 5814 545 5863 etans
568 5824 710 5879 spem
755 5810 947 5867 salutis
977 5829 1124 5883 mete,

1217 5814 1698 5886 προσδεχόμενος
1720 5816 1835 5887 τὴν
1854 5819 1947 5874 ἐλ-

2103 1986 2218 2040 ἔσθ⁹
2242 1988 2330 2040 ὅτε
2357 1988 2415 2042 δὲ
2457 1990 2551 2043 καὶ
2577 1990 2837 2046 δεκατέσ-

2103 2098 2245 2151 σαρα
2279 2082 2373 2135 καὶ
2407 2081 2696 2137 δεκαεννέα
2737 2088 2830 2141 καὶ

2096 2175 2311 2241 δεκαέξ.
2332 2177 2444 2231 Καὶ
2464 2178 2517 2230 τί
2551 2195 2616 2249 με
2644 2179 2831 2234 δεῖκα-

2094 2267 2363 2333 ταλέγειν,
2395 2268 2431 2322 ἃ
2469 2268 2604 2339 μετὰ
2633 2270 2828 2325 πολλοῦ

2095 2358 2345 2427 καμάτου
2429 2360 2824 2431 ἁνελεξάμεθα,

2095 2442 2237 2512 ὑπὲρ
2265 2443 2359 2497 τοῦ
2404 2445 2477 2515 μὴ
2538 2445 2825 2501 λανθάνειν

2094 2538 2242 2608 ἡμᾶς
2274 2538 2373 2609 τὴν
2401 2540 2667 2611 διαφορὰν
2716 2541 2825 2596 τῶν

3573 422 3675 478 102

2934 715 3086 778 meis,
3126 726 3176 769 et
3202 736 3234 771 a
3261 719 3530 776 doloribus
3553 740 3676 794 qua:

2929 819 3011 857 me
3056 822 3193 860 nunc
3234 811 3489 868 detinent.
3534 814 3669 873 Nam

2931 897 3027 969 (in
3060 901 3365 979 Hebraico)
3408 911 3521 966 haec
3553 922 3673 968 tan-

2929 1000 3045 1046 tum
3110 999 3272 1053 verba
3316 1005 3504 1060 uxoris
3548 1008 3670 1077 ejus

2928 1087 3130 1156 scripta
3185 1101 3312 1146 sunt
3367 1113 3381 1149 :
3436 1095 3540 1151 Sed
3581 1102 3669 1156 dic

2928 1178 3138 1231 verbum
3163 1193 3347 1237 contra
3359 1185 3665 1257 Dominum,

2928 1278 2977 1320 et
3005 1285 3225 1327 morere.

3005 1434 3244 1492 Rursum
3321 1441 3553 1510 plurima
3611 1445 3669 1500 in

2929 1528 3111 1582 medio
3183 1540 3298 1587 toto
3349 1535 3491 1592 libro
3554 1536 3662 1595 Job

2923 1619 3064 1686 apud
3092 1618 3349 1679 Hebraeos
3383 1630 3669 1697 reperiun-

2923 1718 2978 1762 ιιι
2988 1725 3160 1778 r,quze
3176 1712 3229 1766 in
3259 1718 3665 1786 exemplaribus

2923 1802 3125 1856 nostris
3139 1803 3536 1875 desiderantur;
3556 1827 3657 1867 ste-

2926 1891 3049 1959 pius
3094 1893 3312 1964 quidem
3356 1898 3664 1972 (versiculi)

2923 1992 3160 2051 quatuor
3186 1986 3270 2041 vel
3298 1984 3422 2043 'tres
3446 2008 3461 2055 ;
3500 1991 3668 2046 inter-

2935 2073 3065 2127 dum
3088 2091 3218 2131 vero
3232 2082 3664 2148 quatuordecim,

2935 2173 3330 2240 novemdecim,
3369 2178 3452 2233 vel
3485 2181 3669 2236 sexde-

2937 2263 3066 2318 cim.
3099 2262 3166 2319 Et
3189 2266 3317 2335 quid
3347 2284 3434 2323 me
3454 2280 3667 2339 oportet

2934 2354 3024 2408 hic
3093 2370 3456 2423 enumerare,
3544 2377 3667 2433 qua:

2935 2448 3105 2502 multo
3123 2450 3307 2505 labore
3322 2454 3660 2522 collegimus,

2933 2554 2999 2592 ne
3024 2555 3123 2594 nos
3149 2541 3340 2597 lateret
3368 2543 3662 2602 discrimen

2093 2630 2245 2700 παρὰ
2283 2630 2555 2695 Ἰουδαίοις
2580 2635 2673 2686 καὶ
2692 2635 2822 2705 ἡμῖν
2929 2634 3073 2702 quod
3089 2635 3313 2692 Judaica
3338 2638 3477 2693 inter
3496 2651 3549 2696 et
3564 2656 3665 2696 no-

2090 2725 2469 2797 ἀντιγράφων;
2929 2734 3038 2778 stra
3063 2728 3395 2799 exemplaria
3432 2722 3664 2788 inter-ce-

2927 2818 3042 2872 dit?

2160 2905 2218 2960 lu
2252 2906 2393 2962 libro
2437 2908 2602 2979 igitur
2628 2908 2752 2977 Job,
2782 2920 2977 2981 praeter
3012 2909 3227 2965 solitam
3253 2926 3345 2967 sex
3381 2914 3664 2969 columna-

2090 3015 2212 3053 rum
2242 3014 2484 3069 operam,
2515 2999 2776 3072 Origenes
2812 3003 2868 3056 in
2924 3001 3163 3057 editione
3195 3002 3304 3055 τῶν
3336 3005 3391 3056 0'
3425 3007 3661 3074 plurima

2090 3091 2280 3145 mutila
2299 3106 2367 3145 ex
2397 3091 2792 3157 Theodotione,
2814 3100 2869 3148 et
2901 3093 3194 3162 aliquando
3225 3108 3288 3147 ex
3316 3095 3437 3149 aliis
3465 3097 3662 3151 editio-

2088 3182 2274 3248 nibus,
2316 3183 2602 3239 asteriscis
2628 3184 2962 3253 'praapositis
2993 3182 3345 3249 restauravit,
3380 3194 3434 3238 et
3480 3186 3662 3242 hiatus

2011 3244 2057 3305 (δ
2088 3244 2321 3344 magnos
2349 3244 2746 3337 resarcivit,-ut
2769 3244 2890 3343 ipse
2911 3288 3073 3342 supra
3117 3283 3402 3328 memorat.
3446 3274 3662 3345 Septin-

2084 3373 2279 3432 gentos
2305 3364 2389 3417 vel
2419 3364 2762 3429 octingentos
2784 3365 3082 3419 versiculos
3109 3364 3177 3417 ab
3202 3362 3434 3433 Origene
3460 3367 3658 3436 praedi-

2082 3465 2173 3511 cto
2195 3456 2357 3510 modo
2380 3456 2435 3510 in
2463 3456 2600 3511 locis
2623 3456 2712 3512 ubi
2747 3457 2971 3511 deerant
2992 3455 3261 3525 repositos
3292 3455 3462 3512 fuisse
3495 3467 3661 3515 testa-

2082 3554 2174 3600 tur
2206 3546 2591 3620 Hieronymus,
2627 3551 2721 3618 qui
2749 3549 2948 3603 librum
2972 3547 3075 3601 Job
3101 3546 3181 3602 sic
3206 3549 3520 3605 restitutum
3552 3551 3656 3608 La-

2081 3637 2194 3690 tine
2245 3638 2540 3702 transtulit,
2595 3647 2656 3693 ut
2690 3640 2920 3695 habetur
2969 3641 3148 3711 primo
3209 3651 3357 3697 tomo
3402 3645 3661 3703 editionis

2079 3725 2308 3783 Joannis
2341 3728 2633 3784 Martianaei
2660 3733 2853 3786 nostri.
2882 3731 3009 3788 Hinc
3039 3733 3411 3802 supplementa
3457 3751 3526 3790 ex
3568 3751 3662 3792 co-

2079 3802 2204 3873 dice
2222 3819 2457 3887 quodam
2490 3818 2829 3885 Colbertino,
2882 3832 2936 3877 et
2978 3838 3043 3877 ex
3072 3824 3309 3878 editione
3344 3822 3658 3899 Hieronymi

2080 3913 2417 3962 mutuamur.
2450 3906 2717 3964 Praeterea
2748 3910 3009 3968 lectiones
3029 3921 3273 3968 veterum
3300 3914 3658 3986 interpretum

2079 3994 2237 4067 longe
2270 3998 2544 4054 auctiores
2566 4008 2622 4054 et
2642 4002 3041 4058 emendatiores
3072 4003 3290 4069 damus,
3327 4021 3494 4077 quam
3521 4009 3658 4064 Dru-

2079 4087 2196 4143 sius
2218 4086 2483 4145 ediderat.
2526 4089 2626 4146 Hic
2668 4090 2982 4162 frequentes
3022 4091 3323 4150 afferuntur
3369 4097 3652 4164 lectiones,

2078 4173 2184 4228 hac
2210 4176 2410 4246 praevia
2444 4187 2571 4233 nota
2612 4178 2672 4233 '0
2707 4180 2973 4252 Ἐϐραῖος,
3003 4197 3112 4252 qua
3140 4183 3209 4239 de
3254 4199 3315 4240 re
3364 4197 3546 4243 actum
3571 4198 3657 4245 est

2054 4266 2253 4337 capite
2272 4269 2469 4338 primo.

2147 4358 2206 4414 ln
2235 4359 2376 4415 libro
2404 4359 2774 4427 Psalmornm,
2797 4371 2993 4433 praeter
3018 4378 3113 4420 sex
3135 4365 3326 4421 solitas
3345 4365 3651 4430 columnas.

2079 4450 2356 4512 tres'alias
2410 4453 2788 4522 superaddidit
2840 4453 3132 4524 Origenes,
3196 4469 3320 4525 quas
3366 4454 3649 4524 Quintam,

2082 4538 2301 4596 Sextam
2331 4552 2386 4598 et
2413 4543 2711 4616 Septimam
2758 4545 3050 4601 editionem
3094 4545 3458 4604 exhibebant:
3510 4564 3650 4620 qua-

2081 4646 2202 4686 rum
2232 4633 2478 4689 omnium
2541 4635 2802 4691 lectiones
2842 4636 3030 4691 multis
3087 4636 3333 4707 partibus
3378 4643 3652 4698 auctiores

2077 4720 2324 4778 dedimus
2346 4737 2510 4793 quam
2539 4722 2767 4779 Drusius
2795 4724 3060 4781 ediderat.

2147 4809 2206 4865 ln
2232 4809 2544 4869 Proverbiis
2576 4813 2795 4869 solitum
2830 4829 2925 4869 sex
2966 4815 3345 4873 columnarum
3368 4833 3506 4889 opus
3532 4820 3652 4875 edi-

2075 4901 2157 4956 dit
2188 4900 2472 4973 Origenes.
2507 4903 2705 4960 Multas
2743 4921 2873 4961 vero
2922 4922 3113 4963 earum
3149 4909 3411 4965 lectiones
3432 4926 3500 4965 ex
3527 4912 3646 4967 edi-

2074 4992 2222 5049 tione
2253 4994 2496 5050 Romana
2536 4995 2761 5065 protulit
2790 4994 3045 5062 Drusius,
3085 4997 3286 5068 quibus
3318 5013 3420 5054 nos
3440 5000 3647 5073 aliquot

2069 5086 2388 5156 adiecimus,
2412 5095 2468 5141 et
2498 5102 2607 5143 non
2633 5104 2835 5159 paucas
2867 5090 3292 5146 emendavimus.

2142 5175 2203 5233 In
2236 5176 2566 5235 Ecclesiaste
2587 5181 2740 5251 paria
2766 5182 3020 5251 praestitit
3044 5182 3408 5252 Hexaplorum
3434 5193 3644 5242 auctor.

2067 5269 2149 5327 lhi
2204 5286 2337 5328 vero
2406 5273 2666 5332 lectiones
2720 5275 2860 5333 bene
2911 5276 3112 5331 multas
3168 5274 3456 5333 Bruttianis
3499 5279 3649 5349 adje-

2066 5377 2264 5419 cnnus.

2135 5455 2193 5511 ln
2219 5454 2462 5512 Canticis
2489 5454 2639 5523 item,
2663 5463 2860 5525 praeter
2889 5454 3152 5526 Hexapla,
3179 5454 3304 5512 dum
3330 5457 3524 5513 saltem
3544 5473 3642 5514 eo-

2063 5546 2267 5602 lumnaa
2291 5546 2513 5615 adjectae
2536 5544 2772 5609 fuerant,
2807 5561 2999 5615 nempe
3041 5545 3254 5613 Quintae
3301 5558 3358 5603 et
3412 5546 3637 5605 Sextia:
3702 5598 3703 5601 η

2066 5655 2137 5694 an
2175 5636 2412 5709 Septima
2440 5637 2567 5692 item
2596 5636 2765 5699 edi-tio
2814 5638 3070 5701 adfuerit,
3121 5639 3421 5707 incertum;
3475 5640 3644 5704 Quin-

2066 5739 2177 5785 tam
2201 5744 2331 5784 vero
2352 5736 2408 5784 et
2430 5727 2648 5782 Sextam
2673 5726 2915 5784 adfuisse
2937 5729 3170 5798 probant
3185 5732 3501 5785 earumdem
3522 5731 3641 5786 loca

2062 5837 2186 5893 qua
2213 5827 2531 5893 supersunt.
2595 5815 2960 5890 Hieronymus
3007 5828 3189 5877 tamen
3223 5819 3549 5876 Praefatione
3581 5819 3639 5873 iu
