4122 6416
547 373 650 430 103

1877 360 2400 422 ρΜιιΜιΝΔιιιΑ

3690 361 3788 416 “ll

541 494 852 556 Canticum,
881 490 1138 560 Quintam
1173 490 1351 546 solum
1376 487 1670 545 editionem
1707 495 2003 552 memorat,
2031 493 2117 540 at-
2149 489 2190 544 Α
2217 494 2268 539 et
2295 482 2549 553 Origenes
2601 482 2669 538 de
2701 477 3073 538 Theodotionis
3113 493 3265 549 opere
3307 479 3365 533 in
3405 477 3636 534 editione
3669 475 3788 532 Vul-

540 603 649 658 qne
683 588 758 641 ita
790 586 1072 655 loquitur:
1135 583 1388 653 Origenes
1441 597 1563 636 cum
1612 582 1668 635 in
1708 581 1911 634 caeteris
1936 579 2118 634 -libris

541 693 719 731 omnes
748 677 953 734 vicerit.
987 677 1042 729 in
1073 674 1302 729 Cantica
1347 674 1677 727 canticorum
1723 673 1832 741 ipse
1879 687 1935 724 se
1971 671 2115 722 vicit.

543 768 687 825 Nam
717 769 896 825 decem
949 767 1302 823 columinibus
1339 764 1604 834 explicitis
1623 805 1639 829 ,
1693 779 1811 833 qua:
1836 761 1906 814 ad
1933 761 2118 830 riginti

541 877 701 931 usque
737 875 977 914 versuum
1046 858 1219 911 millia
1277 873 1403 925 pene
1451 857 1752 924 perveniunt
1799 870 1817 915 ;
1887 854 2118 921 primunt

539 951 688 1008 1.Χέ
728 953 1084 1017 Interpretcs,
1136 949 1323 1002 deinde
1375 945 1623 1018 Aquilam
1661 944 2116 1015 et-Symmachum

537 1053 587 1100 et
614 1042 1036 1101 Theodotionem,
1057 1050 1106 1094 et
1129 1041 1197 1093 ad
1219 1051 1510 1094 extremum
1533 1036 1787 1103 Quintam
1812 1037 2114 1096 editionem,

537 1150 701 1206 quam
754 1135 810 1187 in
858 1133 1012 1188 Actio
1039 1133 1217 1186 littore
1249 1131 1508 1184 inrenisse
1559 1147 1615 1184 se
1647 1131 1856 1190 scribit,
1905 1138 2010 1182 etc.
2039 1126 2117 1181 De

542 1229 706 1284 Sexta
727 1242 856 1281 vero
886 1227 1148 1289 editione,
1201 1241 1324 1294 qua:
1347 1235 1524 1278 tamen
1581 1223 1635 1276 in
1663 1220 1905 1276 Canticis
1940 1218 2124 1274 llexa-'

539 1321 645 1392 piis
675 1329 812 1383 erat,
847 1335 915 1374 ne
946 1319 1174 1374 verbum
1207 1318 1427 1387 quidem
1459 1316 1854 1386 Hieronymus;
1912 1314 2028 1368 sive
2050 1313 2117 1366 il—

537 1410 649 1466 lam
674 1410 964 1465 editionem
989 1409 1284 1478 neglexerit
1319 1408 1581 1478 Origenes
1608 1406 1661 1459 in
1693 1403 2115 1459 Commentariis

537 1502 674 1567 suis,
703 1503 818 1557 sive
867 1502 1014 1556 illam
1065 1500 1430 1571 llieronymus
1473 1496 1884 1570 prmtermiserit
1919 1513 1933 1549 :
1967 1495 2115 1564 quod

536 1595 892 1652 verisimilius
913 1603 1028 1660 est;
1054 1609 1180 1648 nam
1210 1602 1273 1646 ut
1313 1593 1426 1662 jam
1460 1607 1607 1661 saape
1639 1591 1898 1652 vidimus,
1936 1605 2001 1642 ex
2041 1588 2117 1642 si—

537 1688 706 1744 lentio
735 1687 1076 1757 huiusmodi.
1101 1685 1237 1740 nihil
1268 1693 1446 1755 potest
1485 1682 1758 1738 concludi.
1792 1681 1853 1735 In
1877 1679 2114 1735 Canticis

537 1796 667 1837 vero
700 1792 895 1851 prater
920 1779 1239 1842 Drusianas,
1273 1779 1408 1831 alias
1433 1779 1567 1834 bene
1587 1777 1788 1830 multas
1813 1774 2112 1845 adiecimus

536 1879 778 1926 veterum
809 1870 1160 1939 interpretum
1193 1867 1476 1922 lectiones.

608 1960 668 2016 In
695 1960 888 2017 Hcsaia
945 1971 1141 2030 praeter
1199 1959 1504 2029 Hexaplare
1549 1973 1710 2028 opus,
1757 1971 1866 2012 non
1925 1970 2113 2026 paucae

537 2049 663 2124 Syri
699 2052 962 2106 lectiones
1011 2050 1465 2105 ohservabantur.
1499 2046 1576 2101 lbi
1613 2061 1744 2102 vero
1791 2047 2114 2114 interpreta-

537 2144 720 2199 tiones
770 2143 1002 2212 Aquilae,
1061 2139 1375 2212 Symmachi
1405 2149 1461 2195 et
1507 2136 1897 2194 Theodotionis
1955 2135 2113 2206 longe

537 2239 812 2292 auctiores
841 2236 1038 2290 damus
1065 2250 1230 2304 quam
1263 2233 1406 2304 apud
1435 2231 1694 2287 Drusium
1718 2230 2039 2285 habeantur.

607 2325 668 2381 In
693 2325 926 2381 Jeremia
970 2335 1166 2395 praeter
1197 2325 1341 2378 illam
1397 2339 1492 2379 sex
1547 2323 1928 2377 columnarum
1985 2333 2114 2388 epe-

535 2429 680 2482 ram,
721 2417 891 2472 multa
917 2434 984 2471 ex
1037 2415 1411 2471 Theodotione
1465 2429 1590 2469 cum
1631 2412 1914 2468 asteriscis
1955 2411 2114 2465 resti-

535 2509 643 2565 tuit
674 2507 958 2579 Origenes,
993 2523 1114 2578 qua:
1143 2506 1287 2561 LXX
1328 2508 1662 2574 lnterpretes
1687 2504 1942 2558 consulto
1981 2518 2114 2571 pm:

535 2600 909 2666 termiserant,
950 2613 1010 2656 ut
1068 2603 1145 2654 ait
1192 2599 1496 2670 saepissime
1557 2597 1924 2668 Hieronymus
1955 2593 2114 2650 Com-

533 2691 797 2747 mentario
827 2693 882 2745 in
917 2690 1230 2745 Jeremiam.
1264 2689 1338 2742 lhi
1364 2689 1533 2742 multa
1564 2704 1689 2744 eum
1715 2687 1992 2742 asteriscis
2017 2685 2115 2741 ad-

535 2780 650 2835 dita
700 2789 849 2844 sunt,
897 2781 1186 2848 multaaque
1224 2779 1676 2848 transpositiones
1729 2787 1906 2843 erant,
1953 2786 2012 2831 ut
2039 2777 2116 2832 ait

535 2868 801 2939 Origenes
823 2871 984 2938 epist.
1049 2871 1117 2924 ad
1175 2869 1490 2924 Africanum
1527 2887 1541 2924 :
1598 2868 1776 2922 [Ιολλὰ
1814 2869 1871 2921 δὲ
1890 2867 2117 2922 τοιαῦτα

535 2963 633 3016 καὶ
664 2963 721 3016 ὲν
749 2959 826 3032 τῷ
870 2961 1108 3033 Ἱερεμίᾳ
1156 2963 1562 3032 κατενοήσαμεν
1582 3000 1597 3024 ,
1634 2962 1690 3013 ἰν
1793 2960 1888 3013 καὶ
1921 2957 2116 3028 πολλὴν

537 3052 825 3124 μετάθεσιν
851 3053 944 3106 καὶ
969 3051 1266 3122 ἐναλλαγὴν
1287 3052 1384 3122 τῆς
1417 3050 1616 3116 λέξεως
1641 3049 1748 3104 τῶν
1783 3065 2118 3121 προἊτευο-

2219 588 2348 650 gata
2380 577 2664 633 asterisros
2711 575 2908 644 posuit,
2955 572 3145 626 docens
3179 571 3408 640 defuisse
3447 586 3566 641 qua
3605 569 3791 626 addita

2217 679 2450 735 sunt;et
2475 685 2660 723 rursus
2697 667 2952 738 quosdam
3005 681 3185 720 uersus
3237 663 3397 718 obelis
3457 662 3788 730 prtenotarit,

2217 763 2489 831 superﬂua
2513 776 2729 831 quicque
2754 760 3054 828 designans.
3107 757 3341 826 Cumque
3369 772 3546 809 omnes
3592 754 3791 809 Christi

2221 853 2497 914 Ecclesiae,
2523 863 2632 905 tam
2662 850 2966 906 Cra'corum
3015 867 3174 920 quam
3228 849 3564 911 Latinorum.
3619 845 3787 918 Syro-

2221 963 2440 1016 rumque
2463 957 2511 1000 et
2536 943 2934 1013 ligyptiorum,
2965 942 3100 996 hanc
3130 941 3225 994 sub
3252 941 3524 995 asteriscis
3553 948 3604 994 et
3625 939 3787 993 obelis

2217 1038 2498 1092 editionem
2530 1038 2726 1105 legant.
2787 1035 3060 1104 ignoscant
3112 1033 3276 1087 invidi
3318 1031 3491 1086 labori
3535 1048 3669 1095 meo,
3699 1032 3790 1101 qui

2216 1131 2357 1184 volui
2386 1128 2567 1182 haberi
2623 1138 2829 1181 nostros
2854 1127 2992 1196 quod
3023 1125 3196 1181 σι’ωεὶ
3219 1127 3274 1179 in
3302 1125 3509 1196 Aquila
3535 1136 3584 1179 et
3619 1123 3788 1180 Theo-

2215 1221 2447 1276 dotionis
2471 1237 2536 1274 ac
2565 1220 2866 1290 Symmachi
2896 1218 3214 1272 editionibus
3236 1217 3501 1272 lectitant.
3528 1215 3596 1270 Et
3623 1218 3670 1271 si
3702 1216 3788 1270 illi

2215 1315 2270 1368 in
2303 1313 2464 1368 tantis
2494 1314 2698 1368 divitiis
2727 1313 3086 1365 doctrinarum
3109 1327 3214 1364 non
3242 1319 3579 1363 contemnunt
3607 1310 3787 1364 studia

2214 1406 2486 1460 hominum
2503 1404 2839 1467 Juda'orum,
2870 1419 2966 1456 cur
2988 1401 3187 1456 Latina
3219 1411 3505 1472 paupertas
3529 1402 3784 1471 despiciat

2215 1499 2474 1552 hominem
2497 1497 2900 1552 Christianum?
2919 1495 3082 1564 Cujus
3113 1498 3160 1550 si
3181 1511 3309 1565 opus
3332 1495 3632 1564 displiceat,
3651 1503 3789 1548 certe

2214 1590 2456 1645 voluntas
2497 1589 2797 1660 recipienda
2852 1598 2951 1642 est.
2983 1587 3095 1646 Hoc
3125 1595 3306 1641 autem
3368 1586 3490 1640 loco
3523 1584 3789 1657 Hierony-

2215 1699 2341 1737 mus
2389 1682 2562 1752 prima
2617 1680 2796 1736 fronte
2849 1681 2952 1736 sibi
3015 1680 3118 1749 ipsi
3171 1693 3478 1747 repugnare
3548 1677 3783 1730 videtur.

2215 1772 2506 1843 Postquam
2533 1773 2678 1827 enim
2710 1772 2944 1833 dixerat,
2977 1769 3255 1824 Danielcm
3289 1785 3398 1822 non
3425 1769 3586 1838 juxta
3609 1767 3786 1835 LXX,

2217 1866 2310 1920 sed
2331 1864 2486 1935 juxta
2543 1862 2970 1918 Theodotionem
3019 1859 3296 1915 Ecclesias
3345 1859 3542 1929 legere,
3601 1859 3787 1916 statim

2215 1956 2438 2026 subiicit
2457 1970 2649 2011 omnes
2699 1953 2906 2008 Christi
2957 1951 3253 2019 Ecclesias,
3305 1960 3414 2005 tam
3467 1951 3785 2007 Crzccorum

2215 2064 2379 2118 quam
2439 2046 2783 2110 Latinorum,
2841 2045 3215 2117 Syrorumque
3261 2053 3317 2098 et
3369 2040 3787 2113 Egyptiorum,

2214 2140 2508 2196 editionem
2556 2137 2842 2210 Vulgatam
2901 2137 3098 2207 legere,
3159 2135 3367 2190 scilicet
3398 2135 3503 2189 τῶν
3535 2140 3612 2202 0',
3664 2150 3791 2205 quae

2215 2232 2285 2286 ab
2311 2231 2541 2298 Origene
2559 2247 2625 2285 ex
2650 2230 2889 2285 editione
2921 2227 3313 2283 Theodotionis
3345 2237 3503 2282 aucta
3530 2237 3583 2281 et
3601 2242 3791 2282 emen-

2214 2326 2340 2380 data
2369 2323 2544 2379 fuerat
2575 2338 2699 2377 cum
2748 2321 3024 2378 asteriscis
3073 2330 3128 2377 et
3161 2320 3350 2376 obelis.
3383 2319 3438 2374 In
3489 2335 3555 2374 eo
3603 2330 3786 2375 autem

2215 2417 2320 2471 sita
2351 2423 2437 2470 est
2455 2413 2766 2475 dillicultas,
2820 2412 2963 2482 quod
3000 2426 3124 2466 cum
3187 2411 3264 2464 ait
3311 2409 3792 2480 Eeclesiaslegere

2216 2505 2607 2562 Theodotionis
2637 2505 2952 2565 editionem,
2992 2512 3046 2557 et
3099 2512 3288 2572 postea
3341 2503 3556 2556 easdem
3609 2502 3792 2573 legero

2215 2599 2506 2655 editionem
2536 2598 2643 2652 τῶν
2702 2598 2758 2650 0'
2813 2595 3184 2665 hexaplarem,
3236 2595 3476 2649 indicare
3535 2595 3788 2650 videatur

2215 2705 2505 2762 utramque
2533 2690 2824 2747 editionem
2853 2691 2906 2743 in
2947 2689 3179 2758 publicis
3215 2686 3470 2742 Ecclesiae
3507 2690 3795 2742 com-enti-

2215 2784 2320 2840 bus
2351 2783 2454 2853 legi
2488 2783 2633 2852 quod
2664 2782 2856 2851 utique
2879 2782 2966 2835 vix
2997 2781 3146 2836 credi
3183 2781 3394 2852 possit:
3442 2796 3618 2850 neque
3639 2782 3787 2837 enim

2215 2876 2510 2930 verisimile
2540 2884 2622 2932 cst
2645 2874 2784 2929 duas
2806 2873 3049 2943 ejusdem
3103 2875 3379 2944 propheta:
3410 2874 3680 2928 editiones
3703 2875 3790 2927 in-

2216 2967 2634 3022 discriminatim
2693 2965 2748 3019 in
2801 2965 3056 3021 omnibus
3106 2963 3365 3020 Ecclesits
3397 2965 3563 3020 lectas
3597 2963 3786 3020 fuisse.

2214 3057 2438 3113 Certum
2461 3057 2680 3126 quidem
2720 3066 2804 3110 est
2834 3054 3133 3110 Ecclesiam
3183 3054 3426 3110 Gnecam
3454 3054 3787 3110 Theodotio-

537 3141 718 3215 μένων
747 3142 1000 3215 εὕρομεν.
1031 3142 1084 3197 Id
1113 3153 1197 3198 est
1237 3161 1252 3198 :
1289 3141 1505 3197 Similia
1552 3142 1720 3196 multa
1768 3140 2107 3211 deprellendi-
2138 3173 2180 3230 ο
2218 3150 2302 3205 nis
2324 3149 2616 3204 editionem
2649 3148 2821 3203 solam
2857 3147 3074 3220 legisse,
3104 3155 3161 3202 ut
3196 3145 3272 3201 ait
3309 3157 3494 3218 postea
3520 3146 3789 3218 Hierony-

535 3251 652 3290 mus
678 3251 883 3306 quoque
908 3236 962 3288 in
1002 3233 1256 3300 Jeremia,
1291 3235 1347 3289 in
1369 3250 1473 3305 quo
1505 3234 1800 3306 frequentes
1828 3233 2114 3302 transposi-

536 3330 704 3382 tiones
730 3337 779 3380 et
802 3329 1218 3397 permutationes
1261 3327 1636 3382 aaticiniorunt
1661 3324 1973 3380 invenimus.
2001 3323 2112 3379 Ho-

533 3438 657 3478 rum
686 3423 933 3476 omnium
985 3419 1320 3490 peramplam
1369 3418 1744 3474 collectionem
1774 3431 1877 3487 ope
1911 3432 2111 3470 manu-

534 3514 863 3583 scriptorum
903 3512 1132 3566 fecimus
1165 3531 1179 3566 :
1205 3510 1438 3566 Drusius
1463 3511 1796 3580 paucissima
1827 3493 2002 3564 ἆσαι.

605 3600 664 3656 In
691 3599 1198 3656 ThrenisJeremizn
1248 3603 1421 3656 solius
1455 3600 1769 3672 Symmachi
1817 3601 2110 3656 editionem

536 3708 664 3750 cum
696 3692 838 3748 LXX
868 3695 1047 3764 posuit
1079 3691 1362 3762 Origenes,
1389 3705 1449 3747 ut
1477 3694 1592 3763 ipse
1636 3694 1690 3748 in
1721 3695 1957 3764 quadam
1985 3704 2112 3748 nota

537 3787 882 3844 testiﬁcatur.
930 3787 1041 3840 Cur
1090 3795 1270 3839 autem
1331 3786 1420 3841 hic
1450 3803 1558 3841 non
1611 3787 1830 3842 solitam
1887 3779 2110 3856 operam

539 3879 872 3950 praestiterit,
903 3879 995 3933 sed
1027 3880 1277 3948 Aquilam
1304 3889 1359 3934 et
1384 3878 1812 3933 Theodotionctn
1841 3879 2110 3943 omiserit,

535 3972 896 4042 coniectando
921 3972 1097 4027 solum
1125 3973 1304 4027 dicere
1337 3986 1632 4042 possumus
1660 3988 1674 4024 :
1704 3972 1832 4041 quia
1853 3971 2113 4025 nimirum

537 4059 755 4116 videbat
807 4059 948 4114 LXX
997 4060 1323 4128 lnterpretcs
1362 4075 1472 4113 non
1531 4059 1762 4115 deiicere
1816 4075 1918 4130 pro
1964 4073 2116 4114 more

537 4166 664 4218 suo,
715 4153 809 4207 sed
865 4168 991 4208 cum
1043 4153 1236 4222 Aquila
1278 4161 1334 4207 et
1383 4151 1756 4207 Theodotione
1797 4151 2112 4215 convenire,

535 4243 838 4299 asteriscos
866 4243 1184 4298 rarissimos
1214 4245 1420 4316 posuit,
1475 4243 1586 4297 imo
1621 4258 1798 4312 neque
1847 4243 2114 4299 editiones

539 4337 664 4392 illas
690 4336 756 4390 ad
791 4351 1023 4404 quarum
1065 4335 1226 4390 ﬁdem
1273 4350 1398 4405 qua:
1447 4334 1771 4390 deticiehant
1819 4351 1943 4391 cum
1970 4346 2115 4392 aste-

540 4428 701 4483 riscis
723 4427 1031 4497 supplebat,
1055 4443 1176 4498 quae
1203 4426 1580 4482 redundabant
1623 4427 1780 4482 obelo
1809 4437 1998 4483 notare
2019 4444 2108 4484 so-

2216 3257 2339 3294 mus
2369 3239 2760 3294 Commentario
2786 3240 2840 3292 in
2871 3239 3167 3302 Danielem,
3211 3253 3331 3307 cap.
3375 3254 3448 3302 tv,
3481 3255 3536 3292 ν.
3572 3238 3644 3293 5:
3679 3235 3790 3290 Ea:-

2214 3333 2375 3402 ccptis
2408 3330 2562 3386 LXX
2618 3331 3051 3396 translatoribus,
3093 3331 3183 3400 qui
3234 3329 3345 3383 hare
3391 3331 3568 3383 omnia
3618 3330 3791 3384 nescio

2214 3442 2319 3496 qua
2350 3427 2555 3478 ratione
2579 3425 2972 3492 prasterierunt,
3019 3432 3123 3476 tres
3154 3420 3362 3489 reliqui,
3405 3421 3669 3488 collegam
3707 3421 3792 3474 in-

2215 3517 2486 3586 terpretati
2514 3525 2653 3570 sunt.
2693 3513 2850 3569 Unde
2884 3513 3094 3584 judicio
3139 3511 3512 3579 magistrorum
3541 3509 3791 3564 Ecclesia

2213 3609 2378 3662 editio
2407 3623 2589 3662 eorum
2619 3607 2673 3659 in
2699 3605 2793 3657 hoc
2820 3604 3079 3657 volumine
3107 3601 3386 3671 repudiata
3415 3611 3512 3664 est,
3544 3610 3591 3654 et
3625 3599 3790 3656 Theo-

2213 3697 2446 3752 dotionis
2505 3696 2658 3768 vulgo
2710 3694 2933 3764 legitur,
2969 3709 3085 3762 qua:
3116 3702 3164 3746 et
3210 3690 3450 3757 Ilebrtco,
3497 3701 3547 3746 et
3583 3695 3786 3750 ea'teris

2217 3788 2632 3844 translatoribus
2659 3783 2925 3850 congruit.
2965 3781 3064 3836 SS.
3127 3799 3344 3852 quoque
3377 3782 3564 3838 Patres
3589 3783 3785 3850 Graeci,

2213 3881 2659 3948 Chrysostomus,
2694 3872 3071 3928 Theodorctus
3115 3882 3168 3927 ct
3195 3874 3306 3939 alii,
3337 3875 3505 3928 solam
3539 3873 3789 3931 Theodo-

2216 3970 2382 4024 tioois
2405 3967 2698 4022 editionem
2735 3981 2951 4035 semper
2979 3963 3256 4020 all’erunt:
3305 3966 3448 4021 unde
3482 3968 3683 4023 accidit
3728 3975 3789 4022 ut

2216 4058 2361 4114 LXX
2406 4059 2761 4127 interpretum
2815 4057 2980 4112 editio
3033 4056 3292 4122 Danielis,
3343 4071 3451 4115 tam
3503 4061 3656 4134 κοινὴ
3695 4061 3789 4116 illa

2215 4166 2379 4220 quam
2431 4150 2742 4221 hexaplaris
2799 4152 2866 4204 ab
2911 4149 3140 4222 Origene
3197 4133 3501 4220 emendata,
3561 4170 3788 4224 prorsus

2215 4243 2482 4308 interiret,
2505 4244 2748 4313 exceptis
2772 4243 3099 4312 quibusdam
3136 4245 3350 4300 laciniis
3387 4262 3509 4316 qua:
3545 4244 3682 4299 infra
3733 4247 3785 4299 in

2217 4333 2539 4389 collectione
2567 4344 2751 4390 nostra
2781 4335 3157 4389 observantur.
3193 4335 3329 4390 Cum
3360 4337 3435 4390 ait
3467 4317 3631 4407 igitur:
3665 4335 3789 4391 llic-

2216 4442 2479 4499 ronymus
2509 4427 2800 4482 editionem
2841 4427 3186 4498 hexaplarem
3219 4428 3272 4481 in
3303 4428 3556 4482 omnibus
3604 4427 3789 4482 Eccle-

541 4521 706 4588 lebat,
734 4537 764 4576 e
791 4522 1013 4591 regione
1065 4521 1284 4576 locavit.
1340 4519 1442 4575 Hic
1491 4529 1671 4576 autem
1715 4521 1876 4592 longe
1927 4523 2113 4592 plures
2143 4525 2188 4580 D
2217 4519 2315 4574 siis
2342 4519 2504 4573 etiam
2559 4517 2873 4574 Graecorum
2931 4518 3057 4588 legi,
3093 4518 3362 4588 intelligas
3415 4527 3627 4588 oportet
3666 4533 3786 4571 eam

542 4613 854 4684 Symmachi
878 4613 1139 4684 lectiones
1191 4613 1428 4680 damus,
1482 4628 1647 4682 quam
1691 4610 1922 4668 Drusius
1971 4622 2116 4667 attu-

541 4705 702 4760 lerat.

611 4795 670 4850 ln
701 4794 984 4850 Ezechiele
1007 4811 1110 4864 pro
1131 4811 1283 4850 more
1337 4793 1578 4864 Hexapla
1615 4793 1962 4849 concinnavit
1989 4793 2114 4851 Ori-

540 4901 730 4957 genes,
775 4900 845 4942 ac
901 4895 1162 4956 pmterea
1214 4886 1640 4956 quamplurima,
1663 4902 1785 4955 quze
1815 4886 1871 4941 in
1909 4889 2023 4951 τοῖς
2060 4889 2116 4942 0'

542 4977 892 5042 deﬁciebant,
926 4992 993 5032 ex
1038 4975 1432 5043 Thcodotione,
1478 4979 1776 5048 praemissis
1813 4982 2115 5050 asteriscis,

547 5068 808 5122 restituit.
849 5066 1055 5121 [lorum
1088 5082 1256 5137 porro
1281 5077 1363 5122 tot
1381 5079 1641 5140 tantaque
1686 5086 1754 5125 ex
1784 5086 1918 5126 mss.
1953 5073 2118 5128 colle-

546 5159 747 5231 gimus,
775 5168 836 5215 ut
873 5160 940 5216 iis
969 5171 1303 5230 comparata,
1327 5176 1391 5218 ea
1421 5177 1543 5231 quae
1579 5161 1806 5218 Drusius
1829 5163 1999 5219 edidit
2030 5165 2117 5218 ni-

545 5253 618 5307 hil
650 5267 786 5322 penc
807 5267 929 5307 esse
960 5252 1267 5306 videantur.

615 5341 755 5407 Quid
779 5343 833 5396 in
866 5342 1088 5396 Daniele
1137 5341 1392 5412 praestitit
1442 5340 1706 5412 Origenes
1736 5341 1896 5398 docet
1924 5342 2119 5400 Hiero-

545 5447 744 5503 nymus
757 5430 1082 5486 Prae-latione
1108 5432 1162 5485 in
1191 5429 1466 5485 Danielem
1495 5448 1508 5484 :
1537 5428 1807 5485 Lectorem
1839 5431 2116 5494 admoneo,

546 5523 746 5591 inquit,
779 5521 1053 5576 Danielem
1105 5539 1211 5576 non
1240 5523 1402 5593 juxta
1428 5521 1580 5576 LXX
1633 5521 1976 5591 Interpretes,
2023 5523 2118 5576 sed

545 5611 701 5667 iusta
731 5611 1138 5668 Theodotionem
1168 5612 1437 5668 Ecclesias
1461 5613 1651 5685 legere,
1680 5615 1772 5684 qui
1802 5615 1980 5684 utique
2003 5622 2121 5683 post

544 5705 825 5760 aduentum
858 5704 1058 5759 Christi
1081 5705 1382 5761 incredulus
1413 5707 1558 5776 fuit:
1605 5707 1726 5761 licet
1759 5723 1876 5760 eum
1903 5708 2120 5776 quidam

543 5797 727 5854 dicant
751 5797 1082 5866 Ebionitam,
1109 5799 1201 5868 qui
1229 5799 1400 5853 altera
1433 5814 1614 5870 genere
1635 5799 1862 5855 Juda'us
1895 5809 1993 5854 est.
2014 5797 2118 5854 Sed

2216 4625 2328 4681 pra:
2359 4610 2616 4665 manibus
2637 4610 2884 4664 omnium
2917 4610 3157 4665 habitam
3217 4620 3271 4664 et
3311 4610 3561 4680 privatim
3593 4611 3785 4664 lectam

2217 4703 2408 4767 fuisse,
2446 4718 2557 4756 non
2621 4714 2802 4759 autem
2856 4702 2912 4757 in
2967 4704 3200 4772 publicis
3253 4703 3633 4766 conventibus,
3695 4703 3787 4758 ubi

2215 4795 2613 4851 Theodotionis
2665 4797 2832 4852 editio
2878 4813 2984 4853 una
3043 4797 3343 4866 legebatur,
3392 4795 3582 4850 saltem
3643 4794 3788 4864 apud

2215 4887 2455 4943 Graecos.
2481 4886 2556 4941 De
2583 4888 2885 4943 dill'crentia
2909 4905 3068 4959 porro
3097 4888 3487 4943 Ilcbraieorum
3515 4887 3786 4952 exempla-

2217 4980 2358 5033 rium
2393 4980 2464 5034 ab
2487 4979 2724 5035 editione
2749 4979 2860 5033 τῶν
2889 4980 2945 5034 0⁸
2970 4989 3024 5035 et
3045 4977 3452 5041 Theodotionis,
3481 4977 3595 5032 lucc
3629 4979 3793 5034 habet

2216 5068 2475 5140 Origenes
2501 5071 2658 5140 epist.
2688 5072 2753 5124 ad
2779 5071 3116 5125 Africanum.

2290 5163 2429 5216 Ἰσθι
2462 5163 2636 5216 τοίνυν
2659 5164 2794 5235 πρὸς
2817 5162 2947 5216 ταῦ-

2216 5269 2306 5317 τα,
2339 5253 2391 5306 τι
2427 5252 2534 5323 χρὴ
2566 5254 2713 5323 ἡμᾶς
2775 5253 2949 5324 πράτ-

2216 5361 2330 5397 τειν
2363 5344 2422 5396 οὐ
2463 5345 2591 5417 περὶ
2643 5345 2751 5399 τῶν
2810 5345 2952 5398 κατὰ

2219 5431 2507 5485 Σωσάνναν
2559 5432 2740 5503 μόνον,
2765 5435 2824 5486 ὲν
2850 5433 2951 5502 μὲν

2217 5523 2299 5593 τῷ
2329 5523 2453 5577 καθ’
2504 5525 2774 5592 Ἕλληνας
2835 5525 2952 5578 Ἐλ-

2219 5613 2422 5686 ληνικῴ
2444 5615 2758 5685 φερομένων
2777 5617 2836 5668 ὲν
2854 5617 2953 5670 πᾶν·

2224 5722 2293 5780 σῃ
2331 5707 2626 5780 Ἐκκλησίᾳ
2682 5709 2918 5780 Χριστοῦ
2933 5749 2950 5774 ,

2221 5799 2440 5872 παρὰᾶ
2459 5799 2728 5872 Ἐὂραίως
2751 5801 2826 5875 μὴ
2848 5819 2954 5856 κει-

3127 5161 3282 5215 Scias
3306 5161 3490 5232 itaque
3531 5161 3598 5215 ad
3649 5161 3787 5227 haec,

3055 5253 3184 5323 quid
3207 5251 3364 5307 nobis
3395 5252 3665 5322 agendum
3715 5253 3786 5307 sit

3056 5361 3166 5401 non
3195 5346 3370 5401 solum
3407 5347 3460 5400 in
3483 5346 3551 5400 iis
3578 5361 3700 5415 qua:
3719 5347 3788 5400 de

3058 5436 3329 5502 Susanna,
3353 5439 3406 5491 in
3425 5437 3612 5492 Gratco
3642 5435 3787 5492 Grie-

3054 5545 3242 5586 corum
3266 5529 3560 5600 exemplari
3587 5543 3680 5597 per
3700 5538 3786 5583 to-

3060 5631 3170 5676 tam
3225 5620 3429 5675 Christi
3489 5619 3788 5676 Eeclesiam

3055 5711 3528 5780 circumferentur,
3565 5723 3686 5780 qua
3705 5717 3787 5763 ta-

3057 5819 3184 5860 men
3206 5804 3346 5877 apud
3381 5801 3639 5858 Hebraeos
3679 5817 3789 5856 non
