4122 6420
425 307 531 360 105

423 420 628 498 μένωνα
665 422 788 477 οὐδὲ
839 420 972 493 περ)⁸
1029 419 1160 481 τῶν,

426 520 505 583 ὡς
549 517 809 586 ἔφασκες,
849 514 1025 568 ἄλλων
1073 511 1166 565 δύο

428 605 768 679 περικοπῶν,
810 603 920 657 τῶν
949 604 1043 657 ἐπὶ
1075 603 1164 657 τέ-

429 708 505 753 tet
535 696 631 750 τοῦ
669 696 873 767 βιϐλίου
918 696 1047 766 περί
1103 713 1165 749 τε

431 790 536 842 τῶν
595 787 738 843 κατὰ
788 787 879 840 τὸν
932 787 1043 858 Βὴλ
1073 787 1165 841 καὶ

431 878 516 932 τὸν
535 878 803 950 δράκοντα
822 879 1101 949 ἁναγεγρα
1108 895 1167 948 μ-

431 969 630 1041 μένων,
659 969 768 1022 οὐδ’
805 969 988 1024 αὐτῶν
1014 970 1071 1021 ἐν
1087 986 1165 1039 τῳ

430 1062 628 1134 Δανιὴλ
702 1061 811 1115 τῶν
894 1060 1165 1132 Ἐϐραίων

436 1152 846 1225 γεγραμμένων
888 1151 1025 1206 ἀλλὰ
1070 1152 1166 1206 καὶ

432 1251 560 1323 περὶ
622 1249 801 1304 ἄλλων
839 1249 1073 1321 μυρίων,
1128 1249 1165 1304 ἃ

432 1341 576 1395 κατὰ
646 1340 744 1411 τὴν
837 1339 1167 1410 μετριότητα

431 1430 586 1504 ἡμῶν
669 1432 784 1495 τοῖς
857 1428 1167 1501 Ἑϐραϊκοῖς

431 1528 827 1598 συγκρίναντες
906 1526 1169 1597 ἀντιγρά-

432 1638 553 1691 φοις
606 1619 677 1673 τὰ
709 1618 978 1690 ἡμέτερα,
1038 1619 1167 1672 πολ-

431 1710 595 1783 Ααχοῦ
639 1710 900 1782 εὕρομεν.
946 1711 1034 1764 Ἐν
1065 1710 1167 1780 μὲν

435 1808 535 1881 γὰρ
571 1806 718 1877 αὐτῷ
732 1806 811 1879 τῷ
826 1806 1023 1879 Δανιὴλ
1040 1806 1169 1879 περὶ

432 1899 528 1971 τῆς
563 1899 794 1971 καμίνου
821 1899 921 1970 τῆς
940 1899 1168 1969 καιομέ-

435 2009 526 2063 ιοης
556 1991 618 2044 τὸ
648 1989 1046 2060 πεπεδημένοι
1080 1990 1170 2043 εὖ-

434 2105 620 2161 ρομεψ
664 2090 722 2145 ὲν
747 2089 803 2142 δὲ
835 2092 945 2154 τοῖς
972 2089 1169 2161 ἡμετέ-

439 2197 556 2251 ροις
592 2181 944 2252 ἀντιγράφοις
974 2198 1167 2251 περισ-

437 2277 661 2331 σεύοντα
687 2277 837 2350 παρὰ
864 2279 934 2331 τὰ
964 2280 1024 2331 ὲν
1048 2282 1166 2343 τοῖς

443 2371 749 2445 Ἑϐραϊκοῖς
761 2372 864 2445 ἔπη
875 2373 975 2427 οὐκ
990 2373 1165 2442 ὀλίγα’

431 2458 507 2519 ὧν
545 2467 691 2539 ἀρχὴ
731 2467 876 2521 κατὰ
919 2467 1018 2538 μέν
1047 2483 1170 2520 τινα

429 2556 537 2610 τῶν
603 2556 919 2629 φερομένων
959 2559 1017 2610 ἐν
1052 2559 1169 2620 ταῖς

442 2651 794 2723 Ἐκκλησίαις
849 2647 919 2724 ἦν
968 2651 1162 2715 οὕτως·

430 2745 832 2815 Προσηύξατο
874 2745 1167 2810 Ἀνανίας,

428 2839 530 2895 καὶ
568 2835 863 2906 Ἀζαρίας,
922 2834 1025 2890 καὶ
1071 2838 1171 2890 Μι-

428 2931 617 2999 (mill,
634 2929 736 2985 καὶ
757 2930 1046 2998 ὕμνησαν
1061 2926 1168 2981 τόν

428 3024 670 3091 Κύριον,
727 3022 835 3085 ἕως
893 3018 1012 3073 τοῦ·
1062 3020 1172 3072 Εὐ-

428 3117 659 3186 λογεῖτε
676 3115 904 3180 πάντες
923 3116 979 3167 ol
1002 3113 1172 3167 σεϐό-

424 3224 596 3278 μενοι
627 3206 856 3274 Κύριον
883 3202 993 3256 τὸν
1024 3201 1172 3255 Θεὸν

428 3298 547 3351 τῶν
578 3296 751 3353 θεῶν·
782 3292 1027 3364 ὑμνεῖτε
1070 3292 1170 3345 καὶ

427 3387 913 3458 ἐξομολογεῖσθε,
964 3384 1056 3437 ὅτι
1085 3385 1172 3449 εἰς

428 3479 537 3535 τὸν
556 3479 746 3535 αἰῶνα
776 3478 844 3532 τὸ
873 3477 1049 3540 ἕλεος
1075 3476 1175 3528 αὺ-

425 3578 560 3644 τοῦ,
588 3576 688 3631 καὶ
723 3578 812 3641 εις
843 3574 951 3629 τὸν
983 3570 1170 3627 αἰῶνα

426 3667 549 3725 τῶν
591 3667 840 3723 αἰώνων.
894 3665 1007 3720 Καὶ
1050 3662 1171 3734 ἐγέ-

427 3780 569 3821 νετο
629 3766 730 3818 ἐν·
777 3762 858 3828 τῷ
909 3760 1171 3817 ἀκοῦσαι

433 3856 545 3911 τὸν
598 3853 866 3920 ,βασιλέα
919 3852 1172 3921 ὑμνούν-

428 3969 551 4007 των
577 3951 797 4017 αὐτῶν,
840 3950 939 4004 καὶ
994 3947 1167 4003 ἐθεώ-

426 4064 519 4118 ρει
544 4047 765 4113 αὐτοὺς
782 4044 1024 4111 ζῶντας.
1057 4045 1172 4098 Κα-

430 4141 500 4197 τὰ
539 4141 597 4194 δὲ
642 4140 825 4210 ἕτερα·
858 4138 971 4193 Kal
1009 4152 1171 4207 περι-

428 4230 699 4287 επὰτουν
738 4231 808 4285 ἐν
844 4230 1015 4300 μέσῳ
1056 4230 1168 4299 τῆς

430 4322 662 4396 φλογὸς
686 4322 1022 4393 ὑμνοῦντες
1060 4321 1171 4375 τὸν

1638 302 1705 357 ΙΝ
1744 300 2072 356 HEXAPLA
2107 300 2449 359 ORIGENIS.

1268 427 1525 474 exstant:
1573 436 1673 475 nec
1726 422 1901 476 solum
1938 421 2005 475 de
2035 422 2078 476 A
2107 421 2417 489 σεϐόμενοι
2465 420 2573 475 τὸν
2620 423 2840 490 Κύριον

1268 511 1390 565 aliis
1411 511 1624 568 duabus
1644 513 1999 578 sectionibus,

1267 613 1328 656 ut
1379 602 1538 667 dicis,
1593 619 1715 673 qua:
1790 603 1844 659 in
1897 604 2005 659 ﬁne

1267 691 1389 747 libri
1461 703 1589 749 sunt
1683 697 1965 767 descripta:
1984 737 2000 761 ,

1267 799 1463 855 nempe
1484 785 1550 840 de
1570 786 1697 842 Belo
1720 796 1771 842 et
1793 788 1860 843 de
1885 789 2005 844 dra-

1267 898 1448 939 cone:
1499 900 1622 954 quae
1671 886 1876 955 pariter
1948 885 2002 940 in

1266 973 1534 1031 llebraico
1564 976 1803 1033 Danielis
1847 986 1998 1034 textu

1265 1081 1376 1120 non
1438 1066 1655 1136 scriptae
1698 1076 1860 1133 sunt;
1906 1069 2001 1124 sed

1265 1168 1321 1214 et
1382 1159 1450 1215 de
1520 1160 1641 1213 aliis
1700 1160 2002 1216 innumeris

1267 1268 1390 1324 quae
1450 1266 1550 1323 pro
1618 1254 1840 1309 modulo
1896 1270 2000 1309 no-

1268 1358 1384 1405 stro
1403 1391 1419 1417 ,
1443 1349 1572 1404 dum
1595 1349 2003 1419 exemplaribus

1270 1436 1513 1494 Hebraeis
1556 1452 2002 1507 compararemus

1269 1545 1477 1597 nostra,
1532 1534 1781 1603 pluribus
1835 1535 1890 1588 in
1922 1534 2003 1589 lo-

1268 1635 1347 1689 cis
1389 1635 1716 1690 invenimus.
1762 1632 1898 1688 Nam
1947 1634 2001 1689 in

1270 1726 1393 1795 ipso
1424 1726 1665 1789 Daniele,
1698 1724 1791 1781 ubi
1817 1725 1884 1781 de
1907 1740 2001 1780 ca-

1270 1818 1420 1872 mino
1439 1817 1681 1881 ardente,
1697 1816 1849 1881 illud,
1868 1833 2006 1872 com-

1268 1914 1484 1985 pedibus
1529 1914 1723 1976 vincti,
1797 1912 2007 1968 inveni-

1270 2021 1441 2072 mus;
1512 2009 1607 2060 sed
1674 2005 1730 2059 in
1801 2005 2007 2060 nostris

1268 2096 1672 2165 exemplaribus
1712 2133 1728 2159 ,
1810 2103 2007 2165 praeter

1268 2203 1332 2242 ea
1350 2202 1472 2257 quae
1489 2186 1541 2240 in
1556 2183 1839 2242 Hebraicis
1856 2193 2003 2251 sunt,

1272 2280 1550 2334 abundant
1626 2294 1815 2334 versus
1895 2293 2005 2334 non

1271 2372 1452 2442 pauci,
1481 2386 1717 2442 quorum
1749 2370 1964 2425 initium
1987 2409 2002 2434 ,

1273 2463 1570 2519 secundum
1595 2463 1866 2532 quaedam,
1885 2476 2008 2531 quae

1273 2555 1326 2608 in
1365 2553 1625 2609 Ecclesiis
1647 2562 1796 2619 sunt,
1819 2568 2008 2607 exem-

1272 2646 1465 2716 plaria,
1484 2645 1563 2700 sic
1588 2644 1820 2699 habebat
1848 2641 2009 2698 :Pre-

1271 2751 1421 2794 catus
1475 2748 1552 2793 est
1622 2738 1898 2804 Ananiae,
1957 2747 2011 2795 et

1272 2832 1522 2898 Διετίας,
1578 2842 1629 2886 ει
1684 2829 1901 2896 Misael,
1958 2840 2009 2885 et

1272 2922 1619 2977 laudauerunt
1683 2921 1969 2977 Dominum
1990 2964 2006 2990 ,

1271 3032 1448 3087 usque
1475 3018 1539 3072 ad
1571 3017 1701 3072 illud
1727 3036 1741 3071 :
1785 3016 2011 3072 Benedi-

2106 512 2212 563 τὸν
2270 511 2419 565 Θεὸν
2475 511 2593 566 τῶν
2667 514 2835 568 θεῶν.

2116 606 2372 674 ’Υμνεῖτε
2413 608 2512 662 καὶ
2560 608 2841 679 ἐξομολο-

2105 695 2326 765 γεῖσθε,
2373 697 2461 751 ὅτι
2493 702 2581 765 εὶς
2610 699 2841 767 πάντας

2105 790 2244 855 τοὺς
2269 788 2490 857 αἰῶνας
2549 792 2617 845 τὸ
2667 793 2839 859 ἕλεος

2106 880 2313 935 αὑτοῦ.
2380 881 2628 951 Συνῆπτο
2676 882 2732 935 δὲ
2783 886 2839 936 ἐν

2106 978 2218 1039 τοῖς
2262 978 2569 1047 Ἑϐραϊκοῖς
2616 977 2697 1031 τό”
2728 979 2841 1035 Καὶ

2108 1067 2163 1118 ol
2213 1064 2430 1134 ἄνδρες
2500 1066 2718 1121 ἐκεῖνοι
2785 1070 2840 1121 ol

2109 1155 2267 1223 τρεῖς
2309 1157 2498 1226 Σεὸρὰ
2500 1178 2558 1229 χ,
2614 1162 2671 1214 Μ
2674 1159 2838 1229 ισὰχ,

2119 1248 2451 1318 Ἀϐδενεγὼ,
2482 1250 2710 1304 ἔπεσον
2753 1253 2841 1318 εὶς

2102 1339 2297 1408 μέσον
2355 1339 2462 1394 τοῦ
2513 1340 2703 1410 πυρὸς
2746 1354 2843 1397 πε-

2105 1435 2447 1505 πεδημένον
2510 1437 2569 1490 τό
2618 1454 2711 1491 τε⁸
2778 1439 2841 1492 '0

2099 1526 2400 1607 βασιλεὺς
2438 1531 2471 1583 ό
2501 1531 2842 1601 Ναϐυχοδο-

2105 1622 2292 1690 νόσορ
2353 1623 2678 1693 ἐθαύμασε,
2739 1627 2840 1680 καὶ

2103 1712 2331 1782 ἀνέστη
2357 1714 2427 1768 ἐν
2459 1715 2721 1785 σπουδῇ,
2743 1716 2844 1772 καὶ

2108 1803 2399 1874 ἀπεκρίθη
2430 1804 2531 1859 καὶ
2552 1801 2684 1860 εἷπε
2714 1806 2844 1874 τοῖς

2102 1897 2466 1969 μεγιστᾶσιν
2488 1901 2704 1955 αὐτοῦ.
2739 1900 2845 1955 Οὖ-

2106 2009 2185 2044 τω
2248 1991 2358 2064 γὰρ
2424 1991 2657 2057 Ἀκύλας
2719 1994 2843 2047 δου-

2106 2080 2279 2135 λεύων
2316 2084 2382 2154 τῇ
2436 2083 2699 2155 Ἑϐραῖκῇ
2759 2084 2846 2137 λέ-

2107 2173 2190 2240 ξει
2257 2173 2557 2230 ἐκδέδωκεν
2621 2174 2794 2229 εἰπὼν
2825 2215 2840 2239 ,

2107 2265 2518 2337 φιλοτιμότερον
2549 2283 2845 2321 πεπιστευ-

2111 2360 2271 2432 μένος
2326 2379 2400 2414 πα
2409 2360 2477 2432 ρὰ
2559 2361 2844 2427 Ἰουδαίους

2107 2452 2512 2525 ἡρμηνευκέναι
2549 2451 2646 2524 τὴν
2696 2455 2842 2526 Γρα-

2110 2541 2236 2613 φὴν,
2259 2535 2304 2611 ᾧ
2335 2542 2567 2613 μάλιστα
2592 2541 2845 2598 εἰώθασιν

2107 2635 2159 2688 οἱ
2217 2632 2539 2702 ἀγνοοῦντες
2592 2636 2694 2708 τὴν
2756 2637 2844 2689 Ἐ-

2110 2731 2318 2802 ὖραίων
2376 2730 2654 2786 διάλεκτον
2708 2733 2844 2806 χρῆ-

2113 2828 2263 2893 σθαι,
2291 2828 2368 2892 ὡς
2397 2828 2617 2884 πάντων
2644 2829 2846 2900 μᾶλλον

2111 2924 2571 2997 ὲπιτετευγμένῳ.
2629 2925 2712 2979 Τὰ
2788 2926 2849 2983 δὲ

2112 3018 2241 3088 παρ’
2303 3018 2435 3089 ἡμῖν
2510 3018 2843 3089 ἀντίγραφα,

1273 3110 1374 3163 cite
1423 3125 1599 3163 omnes
1653 3109 1876 3163 colentes
1898 3108 2008 3161 Do-
2034 3116 2077 3174 c
2112 3100 2188 3162 ὧν
2214 3109 2309 3162 κοιλ⁸
2332 3109 2431 3172 τὰς
2456 3108 2633 3173 λέξεις
2664 3108 2846 3172 ἐξεϐέ-

3581 309 3682 365 106

2950 422 3103 486 mini,
3137 423 3387 493 quoniam
3422 424 3477 477 iu
3504 424 3683 478 omnia

2947 516 3143 570 swcula
3157 517 3520 572 misericordia
3545 517 3680 587 ejus.

2947 606 3382 664 Connectebatnr
3406 621 3588 664 autem
3624 608 3680 662 in

2949 697 3190 754 Hebraeis
3254 699 3394 756 hoc:
3456 701 3526 754 Et
3576 709 3680 755 tres

2948 782 3030 841 illi
3079 792 3199 855 viri,
3261 790 3514 859 Sedrach,
3576 791 3686 847 Mi-

2947 885 3093 951 saclt,
3142 886 3419 958 Abdenego
3440 930 3455 955 ,
3484 888 3684 943 cecide-

2949 987 3070 1031 runt
3128 980 3183 1033 in
3250 981 3482 1034 medium
3542 983 3682 1053 ignis

2947 1072 3143 1139 vincti;
3194 1084 3249 1129 et
3297 1076 3403 1132 hoc
3469 1078 3679 1136 etiam:

2947 1185 3040 1223 rea:
3069 1168 3558 1229 Nabuchodonosor
3579 1177 3683 1229 mi-

2947 1272 3098 1321 ratus
3203 1276 3318 1332 est,
3387 1277 3439 1323 et
3511 1286 3684 1325 surre-

2945 1359 3027 1412 xit
3086 1359 3436 1428 festinanter,
3481 1372 3531 1418 et
3601 1380 3686 1418 rer-

2945 1452 3196 1519 spondit,
3258 1453 3523 1524 dixitque,
3569 1472 3658 1510 ma
3677 1485 3687 1493 ~

2945 1541 3192 1609 gnatibus
3235 1543 3368 1598 suis.
3417 1543 3508 1600 Sic
3534 1545 3681 1600 enim

2945 1631 3159 1701 Aquila,
3173 1630 3451 1691 Hebraicze
3462 1618 3681 1694 lectioni

2947 1723 3212 1790 serviens,
3253 1726 3455 1796 edidit;
3515 1744 3682 1800 quem

2944 1816 3119 1873 Judaei
3169 1817 3511 1890 Scripturam
3558 1831 3679 1879 stu-

2944 1912 3156 1970 diosius
3262 1914 3679 1988 interpretatum

2943 2024 3064 2065 esse
3085 2010 3348 2068 credunt:
3403 2028 3513 2083 quo
3573 2031 3687 2070 ma-

2946 2100 3092 2156 xime
3142 2102 3222 2157 uti
3263 2101 3441 2159 solent
3490 2103 3529 2159 ii
3586 2088 3682 2176 qui

2946 2189 3271 2248 llebraicam
3385 2194 3679 2252 dialectum

2946 2281 3223 2354 ignorant,
3244 2294 3429 2357 utpote
3453 2287 3547 2358 qui
3571 2300 3685 2343 mu-

2948 2373 3094 2430 xime
3148 2377 3393 2432 omnium
3453 2394 3677 2435 sensum

2946 2475 3231 2524 assecutus
3250 2469 3342 2525 sit.
3370 2466 3567 2526 Nostra
3592 2486 3687 2526 ano

2948 2565 3056 2612 tem
3126 2560 3478 2630 exemplaria,
3546 2578 3683 2633 quo-

2946 2659 3071 2700 rum
3120 2645 3282 2700 etiam
3313 2660 3475 2702 voces
3512 2662 3675 2717 expo-

2948 2737 3033 2794 sui
3058 2776 3076 2804 ,
3158 2736 3307 2793 aliud
3377 2738 3682 2796 secundum

2950 2829 3307 2901 Septuaginta
3354 2829 3687 2900 Interpretes

2948 2931 3102 2990 erat,
3167 2923 3317 2979 aliud
3379 2927 3680 2981 secundum

2954 3013 3382 3072 Theodotionem
3414 3034 3428 3070 :
3451 3024 3504 3072 et
3544 3010 3686 3073 sicu‘

2951 3108 3095 3179 apud
3129 3117 3421 3178 utrumque
3444 3107 3685 3178 positum

1272 3202 1475 3256 minum
1534 3201 1699 3257 Deum
1745 3201 1961 3255 deorum
1984 3215 2003 3255 :

1272 3292 1490 3348 laudate
1538 3302 1588 3347 et
1664 3291 2004 3359 conﬁtemini,

1273 3385 1519 3455 quoniam
1541 3385 1597 3437 in
1618 3382 1873 3437 swculum
1904 3381 2007 3434 mi-

1273 3473 1560 3527 sericordia
1581 3471 1716 3540 ejus,
1739 3483 1789 3525 et
1816 3471 1872 3523 in
1905 3484 2006 3522 sw-

1274 3569 1450 3626 culum
1476 3566 1812 3623 saculorum.
1846 3561 1914 3617 Et
1932 3562 2010 3632 fa-

1274 3671 1415 3717 ctum
1448 3668 1525 3714 est
1550 3672 1669 3712 cum
1685 3654 1891 3710 audiret
1915 3669 2007 3707 rea:

1272 3754 1394 3808 illos
1460 3749 1774 3813 laudantes,
1833 3755 1885 3800 et
1933 3746 2006 3801 vi-

1270 3845 1415 3899 deret
1444 3859 1532 3897 eos
1560 3842 1805 3897 viventes.
1832 3837 1904 3892 At
1928 3851 2009 3894 se-

1200 3942 1204 3949 ’
1270 3937 1512 3996 cundum
1569 3935 1674 3990 alia
1732 3932 2007 4003 exempla-

1271 4032 1396 4087 ria:
1433 4028 1501 4083 Et
1555 4025 1906 4081 ambulabant
1946 4024 2005 4078 in

1271 4124 1443 4178 medio
1458 4122 1710 4191 ﬂammae,
1724 4117 2003 4173 laudantes

1273 4215 1518 4281 Deum,et
1536 4209 1887 4267 benedicentes
1904 4207 2006 4263 Do.

1268 4314 1495 4375 minum,
1528 4323 1703 4378 usque
1740 4306 1807 4362 ad
1832 4304 1963 4360 illud
1986 4322 2002 4358 :

430 4416 601 4480 θεὸν,
634 4414 734 4470 καὶ
773 4412 1168 4483 εὐλογοῦντες
1264 4404 1567 4459 Benedicite
1611 4415 1787 4454 omnes
1837 4396 2004 4451 colen-
2106 4405 2174 4484 ex
2206 4405 2286 4484 eoi

2112 4405 2174 4446 ex
2206 4405 2398 4446 eorum
2435 4396 2758 4461 fragmentis
2782 4396 3016 4458 sparsim
3065 4396 3257 4454 posrus
3289 4396 3468 4452 Itqtuw

1266 4512 1339 4555 tes
1366 4495 1657 4552 Dominum
1691 4492 1860 4546 Deum
1881 4488 2006 4542 deo-
2035 4490 2082 4545 D
2108 4480 2189 4537 Ex
2224 4482 2312 4538 bis
2369 4495 2538 4551 porro
2603 4479 2861 4535 omnibus
2916 4475 3270 4543 editionibus,
3322 4475 3509 4529 omnia
3550 4486 3694 4543 pene

428 4511 540 4564 τὸν
565 4507 823 4574 Κύριον,
877 4503 985 4567 ἕως
1046 4501 1162 4556 τοῦ·

425 4601 746 4675 Εὐλοτεῒτε
816 4598 1038 4668 πάντες
1109 4601 1165 4652 οἱ
1262 4608 1403 4656 rum,
1427 4586 1643 4642 laudate
1692 4592 1742 4637 et
1779 4580 1996 4650 conﬁte-

429 5252 474 5307 ί.
507 5248 734 5306 Denotis
753 5247 980 5313 cognitis.
1005 5244 1068 5297 ll.
1091 5244 1170 5296 De
1189 5242 1323 5291 notis

2114 3218 2245 3273 μηψ
2308 3200 2369 3254 τὸ
2411 3200 2525 3270 ’μὲν
2579 3197 2647 3272 ἦν
2705 3201 2846 3254 κατά
2952 3199 3325 3270 reperiebatur
3390 3198 3523 3254 illud
3575 3198 3685 3255 Su-

2108 3311 2234 3357 τους
2257 3291 2397 3347 0⁸·τὸ
2418 3292 2476 3346 δὲ
2499 3291 2685 3361 ἕτερον
2707 3292 2848 3346 κατὰ
2954 3304 3160 3355 sannae,
3216 3288 3364 3360 quod
3435 3288 3572 3345 dicis
3623 3289 3688 3343 ﬁ-

2108 3382 2450 3436 Θεοδοτίονα·
2509 3382 2604 3434 καὶ
2653 3379 2844 3452 ὥσπερ
2955 3388 3268 3452 gmentum,
3319 3379 3397 3434 ita
3466 3392 3689 3449 quoque

2109 3474 2241 3543 παρ’
2276 3470 2608 3542 ἀμφοτέροις
2665 3468 2844 3523 ἔκειτο
2949 3474 3076 3541 ista,
3101 3472 3376 3538 versibus,
3439 3479 3501 3528 ut
3548 3486 3685 3527 con-

2107 3564 2169 3617 τὸ
2220 3563 2351 3634 περ)¹
2378 3561 2476 3634 τὴν
2525 3561 2839 3627 Σωσάνναν,
2944 3563 3159 3634 jectura
3210 3562 3318 3617 dici
3344 3569 3543 3631 potest,
3579 3561 3684 3616 du-

2110 3659 2186 3725 ῶς
2214 3662 2279 3715 σὺ
2304 3660 2431 3732 φῂς,
2478 3659 2726 3730 πλάσμα,
2748 3659 2844 3714 καὶ
2950 3656 3121 3714 centis
3142 3664 3197 3711 et
3218 3655 3473 3725 amplius.

2109 3753 2166 3805 αἱ
2194 3752 2500 3806 τελευταῖαι
2547 3753 2605 3805 ὲν
2667 3749 2745 3823 τῷ
2771 3749 2969 3823 Δανιὴλ
3037 3748 3334 3822 περικοπαὶ
3355 3787 3371 3813 ,
3422 3744 3566 3801 οὕτω
3592 3744 3689 3799 καὶ

2108 3845 2282 3899 ταῦτα
2311 3846 2371 3898 ὲν
2403 3844 2612 3909 ἔπεσιν,
2647 3844 2724 3909 ὡς
2751 3858 3041 3916 στοχασμῳ
3090 3841 3295 3907 εἰπεῖν,
3355 3838 3691 3909 τυγχάνοντα

2110 3935 2403 4001 διακοσίοις
2473 3935 2566 3990 καὶ
2610 3934 2767 4007 πρός.

2181 4116 2238 4173 In
2261 4115 2550 4174 duodecim
2583 4114 2888 4186 prophetis,
2920 4127 3032 4168 non
3066 4110 3232 4167 modo
3265 4123 3363 4166 sex
3401 4108 3688 4164 columna-

2105 4224 2230 4263 rum
2268 4222 2407 4278 Opus
2430 4206 2724 4262 adornavit
2753 4202 3038 4275 Origenes,
3074 4201 3168 4257 sed
3212 4201 3378 4256 etiam
3407 4206 3520 4254 tres
3553 4197 3691 4253 alias

2107 4298 2399 4361 editiones,
2430 4297 2715 4364 Quintam,
2745 4294 2992 4360 Senam,
3023 4292 3323 4362 Septimam
3379 4288 3599 4360 adjecit,
3630 4297 3693 4343 ut

2106 4405 2174 4446 ex
2206 4405 2398 4446 eorum
2435 4389 2758 4461 fragmentis
2782 4386 3016 4458 sparsim
3065 4383 3257 4454 positis
3287 4380 3556 4452 liquidum
3582 4386 3687 4434 est.

2108 4590 2248 4631 nova
2282 4571 2638 4648 proferimus,

1553 4831 1932 4925 CAPUT
2006 4815 2605 4914 DECIMUM.

915 5420 962 5475 Ι.
995 5418 1073 5473 De
1107 5415 1245 5471 notis
1291 5409 1535 5482 cognitis.

506 5519 571 5573 In
604 5510 994 5581 manuscriptis
1032 5505 1314 5564 codicibus
1347 5495 1680 5573 pervetustis
1713 5494 1807 5564 qui
1840 5491 2018 5547 Hexa-

436 5609 653 5682 plorum
684 5605 948 5662 lectiones
972 5600 1292 5671 praeierunt,
1334 5601 1479 5650 notae
1536 5587 1785 5682 quaedam
1819 5598 2018 5682 occur-

439 5674 591 5765 rant,
626 5700 694 5754 ab
725 5698 816 5760 iis,
854 5703 915 5748 ut
941 5693 1174 5759 videtur,
1201 5687 1540 5758 excogitatae,
1566 5679 1662 5750 qui
1686 5678 1807 5731 illas
1836 5674 1999 5765 lectio

442 5808 544 5848 nes
576 5785 1167 5861 interpretationesque
1195 5789 1443 5834 veterum
1478 5776 1535 5830 in
1570 5767 1909 5841 marginibus
1929 5764 2019 5818 Bi-

760 5885 1034 5945 Ρηιιοι.
1078 5880 1196 5943 Gn.
1241 5877 1385 5939 XV.

1188 5003 1280 5065 De
1333 4996 1506 5062 notis
1552 4993 1630 5056 ad
1682 4985 1969 5065 Hexapla
2014 5000 2114 5046 vet
2154 4973 2451 5055 Tetrapla
2480 4965 2944 5053 spectantibus.

1338 5237 1619 5299 incognitis.
1645 5232 1730 5299 lli.
1758 5227 2018 5299 Probatur,
2041 5231 2211 5299 contra
2241 5218 2781 5299 Briagquxa‘ltgngn
2806 5216 2972 5264 notam
3016 5222 3055 5262 οι
3114 5217 3155 5260 1"
3178 5203 3457 5266 εεειιωοπο
3491 5206 3595 5253 "es
3620 5202 3700 5253 in"

1350 5281 1621 5362 iia'rﬁiéiég;
1648 5281 1895 5355 Xquilam,
1924 5281 2270 5353 Symmachum
2292 5290 2346 5335 et
2365 5281 2777 5333 Theodotionem.

2120 5396 2357 5452 bliorum
2383 5388 2804 5451 exscribebant;
2862 5383 3027 5452 idque
3054 5374 3361 5446 compendii
3407 5386 3596 5439 causa,
3626 5385 3696 5430 ne

2119 5488 2339 5543 easdem
2375 5497 2540 5538 voces
2570 5481 2811 5547 integras
2841 5473 3040 5545 saepius
3066 5478 3311 5539 repetere
3344 5470 3695 5536 cogerentur.

2121 5579 2322 5635 Earum
2348 5588 2511 5645 porro
2555 5578 2811 5626 notarum
2867 5558 3372 5636 interpretationem
3422 5568 3698 5625 nusquam

2122 5669 2427 5740 reperimus
2494 5661 2850 5730 descriptam,
2909 5660 3002 5712 sed
3054 5655 3341 5740 diuturna,
3377 5646 3700 5703 tractatione

2123 5739 2619 5823 exercitationeque
2643 5765 2779 5822 pene
2803 5747 3049 5806 omnium
3093 5739 3511 5813 explicationem
3545 5748 3697 5789 asse—

3426 5834 3462 5889 lt-
