4122 6420
480 322 583 376 107

1836 312 2357 370 PRA‘ILIMINARIA

3649 320 3745 376 if!!!

478 442 593 497 cuti
633 455 857 496 sumus:
899 439 1105 509 aliquot
1138 447 1319 493 tamen
1375 445 1669 510 supersunt
1704 453 1841 508 quas
1884 438 2056 492 inter-
2085 444 2125 499 Α
2160 448 2218 491 ιιι
2259 437 2463 491 dictum
2506 447 2589 492 est
2623 437 2799 507 capite
2836 435 2892 502 5,
2929 437 3093 491 editio
3138 435 3451 507 bexaplarls
3502 436 3611 490 τῶν
3666 439 3745 505 0',

481 532 688 603 pretari
723 530 925 586 frustra
956 531 1305 584 tentavimus.
1349 527 1391 581 Ε
1446 543 1504 583 re
1548 539 1730 583 autem
1759 526 1874 583 fore
1900 537 2061 598 puta-

483 624 662 678 vimus
730 638 826 678 eas
878 637 1070 676 omnes
1105 622 1191 675 hic
1238 620 1522 690 proferre:
1557 621 1736 691 primo
1771 621 1966 690 positis
1992 622 2061 675 iis

479 727 715 783 quorum
776 725 970 767 sensus
997 711 1051 763 in
1084 710 1335 764 notitiam
1396 709 1566 772 venit,
1619 718 1897 778 postremo
1935 708 2058 761 aliis

479 821 602 878 quae
633 804 897 858 hactenus
925 804 1123 873 ignotae
1152 802 1312 856 nobis
1343 810 1491 856 sunt.

530 894 822 962 ’Ἑξαπλᾶ,
856 892 1119 962 Hexapla.
1162 891 1288 947 Haec
1320 908 1424 946 vox
1460 893 1540 947 sic
1571 892 1691 947 sine
1737 892 2062 961 compendio

477 1001 694 1056 semper
740 985 1044 1041 scribitur:
1103 984 1399 1054 aliquando
1454 993 1635 1039 tamen
1698 983 1923 1048 Ἐξπιπλ.
1965 998 2062 1053 per

476 1090 671 1133 omnes
713 1088 900 1140 casus,
954 1074 1083 1143 qui,
1138 1084 1198 1127 ut
1250 1074 1592 1143 plurimum,
1665 1090 1759 1143 per
1812 1074 2061 1143 praemis-

478 1181 603 1224 sum
713 1166 1004 1221 articuium
1083 1165 1441 1234 indicantur,
1496 1167 1562 1220 τὰ
1652 1166 1871 1231 Ἑξαπλ.
1949 1170 2060 1232 τοῖς

491 1260 716 1326 Ἐξαπλ.

550 1354 651 1407 Art.
681 1351 995 1423 Τετραπλᾶ,
1042 1350 1313 1421 Tetrapla,
1359 1351 1463 1407 hac
1518 1366 1756 1423 persaepe
1802 1361 1932 1407 nota
1965 1366 2062 1421 per

478 1455 672 1496 omnes
700 1455 862 1496 casus
887 1439 1289 1511 signiﬁcantur.
1310 1439 1572 1511 Exempla
1599 1458 1707 1496 non
1741 1456 1915 1512 pauca
1938 1441 2062 1496 vide

477 1533 535 1587 in
568 1532 712 1587 libro
743 1530 868 1587 Job.
897 1531 1207 1601 Aliquando
1234 1532 1399 1587 etiam
1427 1533 1603 1588 solam
1630 1533 1866 1588 litteram
1893 1536 1931 1586 Δ
1981 1533 2059 1589 si-

477 1625 738 1696 gniﬁcare
761 1633 893 1696 puto
923 1625 1244 1697 Τετραπλῶ
1298 1625 1394 1680 sed
1440 1641 1529 1681 res
1561 1641 1671 1679 non
1718 1640 1893 1695 usque
1923 1625 2062 1681 adeo

476 1718 756 1789 explorata
788 1726 891 1772 est.
922 1715 1056 1772 Vide
1091 1732 1215 1787 quae
1246 1732 1312 1772 ea
1362 1717 1431 1773 de
1485 1732 1545 1772 re
1582 1716 1826 1772 diximus
1858 1713 2055 1770 Ezech.

481 1826 592 1874 xvr,
624 1826 677 1866 v.
702 1809 736 1864 4
763 1817 818 1864 et
839 1808 930 1871 30,
965 1810 1019 1862 in
1050 1810 1215 1863 notis.

548 1907 611 1957 Ο.
641 1903 705 1955 0i
744 1900 1171 1973 Ἐὁδομήκοντα,
1197 1899 1547 1971 Septuaginta
1582 1897 1928 1968 interpretes.

547 1996 615 2050 Α.
660 1993 910 2058 Ἀκύλας,
955 1992 1175 2061 Aquila.

546 2081 610 2137 C.
647 2082 963 2153 Σύμμαχος,
996 2080 1380 2152 Symmachus.

547 2175 611 2229 6.
644 2174 954 2238 Θεοδοτίων,
986 2171 1346 2229 Theodotion.

547 2267 611 2321 E.
642 2265 875 2336 Πέμπτη
909 2264 1140 2328 ἔκδυσις,
1167 2263 1367 2330 Quinta
1397 2264 1585 2319 editio.

550 2361 639 2425 ς’.
670 2358 844 2428 Ἕκτη
877 2356 1108 2422 ἔκδυσις,
1136 2355 1301 2411 Sexta
1336 2357 1523 2412 editio.

546 2453 606 2505 Ζ.
651 2451 886 2521 Ἑϐδόμη
919 2449 1152 2514 ἐκδοσις,
1185 2449 1430 2520 Septima
1460 2449 1647 2504 editio.

544 2540 590 2612 ,ὲ
625 2552 680 2599 et
702 2544 794 2598 Δο.
835 2543 1049 2609 Δοιποί,
1083 2543 1296 2613 Reliqui
1348 2544 1690 2612 interpretes.
1728 2540 1828 2597 Ubi
1862 2543 2056 2598 adver-

477 2634 699 2690 tendum
728 2644 811 2688 est
846 2634 989 2688 hanc
1018 2642 1203 2688 notam
1229 2634 1428 2709 apponi
1461 2633 1755 2702 aliquando
1784 2649 1908 2687 cum
1938 2648 2058 2687 om-

482 2740 583 2781 nes
610 2725 704 2779 alii
745 2724 1067 2793 interpretes
1094 2724 1147 2778 in
1172 2726 1426 2779 versione
1458 2740 1556 2780 sua
1593 2725 1950 2791 conveniunt,
2002 2731 2057 2778 et

478 2832 510 2871 ι
536 2815 677 2870 LXX
707 2815 966 2871 differunt
991 2834 1004 2869 :
1035 2816 1397 2886 similiterque
1424 2825 1547 2886 post
1572 2815 1788 2870 allatam
1822 2816 2052 2879 Aquilae,

481 2909 796 2981 Symmachi
826 2908 908 2963 vel
936 2906 1340 2963 TheodOtionis
1400 2907 1690 2961 lectionem
1717 2924 1731 2973 ;
1781 2907 1827 2961 si
1860 2906 2055 2977 reliqui

480 3003 807 3071 interpretes
853 3000 973 3070 pari
1027 3001 1192 3057 modo
1244 3014 1369 3054 cum
1429 2997 1571 3052 LXX
1609 2998 2052 3067 interpretentur,

474 3093 609 3150 tunc
634 3095 925 3164 apponitur
947 3102 1072 3148 nota
1096 3090 1150 3159 έ,
1171 3109 1193 3158 ς
1212 3107 1332 3146 nec
1366 3106 1492 3146 raro
1515 3091 1700 3157 etiam,
1750 3107 1874 3147 cum
1913 3107 2057 3147 unus

476 3188 704 3242 omnino
730 3186 910 3242 differt
937 3187 1007 3242 ab
1035 3185 1178 3251 aliis,
1213 3185 1393 3240 caeteri
1425 3192 1605 3239 autem
1645 3200 1868 3255 parvam
1896 3185 2055 3239 exhi-

477 3280 608 3335 bent
634 3294 827 3335 vocum
850 3278 1296 3349 discrepantiam,
1328 3286 1460 3332 tunc
1505 3278 1650 3332 enim
1694 3277 1933 3348 neglecta
1966 3276 2053 3330 illa

477 3372 626 3427 tenui
655 3372 950 3428 lectionum
999 3371 1292 3435 varietate,
1346 3369 1521 3425 =unius
1571 3369 1733 3424 lectio
1789 3368 2051 3433 aﬁ‘ertur,

476 3464 812 3535 praecedente
849 3472 978 3518 nota
1027 3469 1075 3534 ε
1111 3462 1195 3517 vel
1223 3460 1302 3525 λο,
1339 3462 1483 3531 quod
1515 3476 1625 3516 non
1658 3461 1823 3516 semel
1847 3461 2054 3532 experti

476 3570 712 3610 sumus:
749 3568 1145 3623 nonnunquam
1210 3553 1374 3606 etiam
1440 3551 1661 3622 quando
1707 3552 1818 3606 duo
1870 3552 2051 3606 solum

474 3647 859 3712 consentiunt;
879 3645 963 3699 vel
993 3645 1157 3700 etiam
1184 3660 1307 3699 cum
1332 3654 1494 3698 tenue
1516 3645 1658 3698 inter
1686 3644 1836 3714 ipsos
1865 3645 2053 3701 discri-

476 3755 602 3794 men
641 3737 953 3801 intervenit,
1015 3753 1123 3793 una
1175 3752 1275 3807 pro
1329 3737 1544 3792 duobus
1596 3737 1757 3791 lectio
1807 3739 2050 3807 ponitur,

475 3848 601 3888 cum
629 3840 755 3886 nota
783 3831 847 3884 Οἱ
869 3828 1067 3882 λοιποί.
1116 3827 1387 3883 Interdum
1419 3829 1544 3882 item
1566 3830 1614 3880 ot
1645 3827 1821 3882 λοιποί
1856 3829 2054 3885 dicitur

476 3921 700 3993 quando
731 3937 876 3977 unus
913 3929 1123 3975 tantum
1166 3920 1434 3989 interpres
1467 3919 1688 3974 allatam
1743 3921 2051 3976 versionem

478 4014 663 4079 habet,
684 4024 745 4070 ut
764 4012 1027 4069 exemplis
1052 4027 1193 4083 sepe
1224 4011 1578 4083 probavimus
1602 4012 1655 4067 in
1686 4012 1851 4083 hujus
1873 4013 2053 4084 operis

476 4108 731 4163 decursu.

548 4201 611 4253 0t
638 4199 713 4264 1",
739 4196 874 4254 Tres
897 4197 1240 4269 interpretes,
1277 4197 1483 4254 scilicet
1526 4198 1747 4270 Aquila,
1804 4198 2054 4271 Symmao

478 4290 616 4346 rhus
636 4298 689 4345 et
715 4288 1037 4346 Theodotio.
1075 4289 1377 4345 Rarissime
1399 4291 1584 4358 etiam,
1626 4292 1717 4346 ubi
1753 4292 1836 4347 vel
1858 4292 2055 4362 Aquila

479 4386 565 4441 vel
593 4401 737 4441 unus
769 4401 835 4440 ex
866 4385 1062 4451 tribus,
1087 4384 1593 4454 interpretationem
1638 4383 1799 4439 habet
1831 4399 1861 4439 a
1910 4382 2050 4437 LXX

2164 530 2322 599 longe
2348 529 2560 585 diversa
2588 538 2705 584 erat
2728 530 2796 583 ab
2826 528 2915 582 illa
2949 530 3141 600 Κοινῇ,
3176 529 3249 584 ita
3277 538 3334 584 ut
3363 529 3528 584 etiam
3554 530 3606 583 in
3633 545 3748 583 ma-

2162 620 2460 690 nuscriptis
2500 619 2609 675 τῶν
2641 622 2719 685 0’,
2753 620 3049 674 editionem
3084 619 3468 684 referentibus,
3502 619 3559 674 in
3603 635 3745 675 mar-

2162 713 2286 781 gine
2316 714 2364 764 οἱ
2387 713 2464 777 0',
2493 712 2649 780 quasi
2686 711 2959 766 diversam
2987 712 3213 767 omnino
3242 712 3744 782 interpretationem

2162 802 2428 857 habentes
2457 818 2488 856 a
2524 802 2702 857 fronte
2734 803 2895 856 varia:
2929 803 3179 858 lectionis
3209 818 3351 873 saepe
3379 814 3743 872 apponantur,

2161 909 2555 964 nonnunquam
2588 894 2713 958 soli,
2752 895 2844 949 sed
2877 894 3218 965 frequentius
3249 909 3376 948 cum
3424 894 3544 947 aliis
3577 894 3743 948 inter-

2160 986 2404 1056 pretibus
2465 985 2545 1039 sic
2576 1001 2589 1037 :
2623 990 2699 1050 0',
2739 987 2802 1050 6,
2841 987 2923 1040 vel
2960 987 3019 1052 Σ,
3062 987 3138 1052 0',
3203 985 3264 1048 6,
3324 985 3408 1038 vel
3463 986 3528 1050 Α,
3570 985 3633 1052 Σ,
3667 986 3745 1051 0’,

2160 1078 2222 1141 6,
2256 1078 2347 1132 ubi
2381 1078 2565 1132 littera
2620 1079 2676 1130 0'
2705 1079 2999 1133 editionem
3033 1077 3379 1146 liexaplarem
3413 1077 3520 1129 τῶν
3550 1079 3605 1130 0'
3666 1078 3745 1133 si-

2158 1169 2398 1240 gniﬁcat.
2445 1171 2508 1222 Οἱ
2552 1171 2604 1221 Δ¹
2642 1180 2821 1224 autem
2867 1184 2975 1225 non
3023 1168 3332 1239 significare
3381 1167 3654 1239 Tetrapla,
3687 1178 3747 1224 ut

2160 1261 2470 1331 suspicatur
2498 1260 2730 1316 Brianus
2760 1260 3049 1317 Waltonus
3076 1261 3131 1315 in
3162 1261 3495 1330 Appcnalice,
3528 1276 3583 1331 p.
3616 1261 3741 1323 125,

2161 1353 2278 1422 ipse
2313 1353 2578 1407 articulus
2600 1352 2812 1422 probat.
2848 1350 3137 1421 Nunquam
3168 1352 3312 1406 enim
3341 1351 3545 1406 dicitur
3572 1353 3636 1405 Οἱ
3660 1368 3747 1405 τε·

2160 1441 2407 1514 τραπλοῖ,
2437 1445 2499 1495 Οἱ
2531 1442 2773 1508 ἐξαπλοῖ,
2805 1442 2898 1497 sed
2927 1443 2993 1496 τὰ
3022 1443 3332 1514 Τετραπλᾶ,
3376 1443 3444 1496 τὰ
3476 1440 3741 1509 Ἐξαπλᾶ.

2161 1534 2331 1604 Igitur
2365 1533 2889 1603 quemadmodumol
2917 1534 2990 1596 I",
3009 1535 3058 1586 ot
3084 1535 3262 1604 Τρεῖς,
3292 1534 3342 1588 id
3365 1546 3472 1598 est,
3504 1533 3628 1589 Tres
3660 1536 3746 1589 in-

2164 1635 2431 1695 terpretes,
2450 1626 2530 1680 sic
2553 1635 2702 1689 nota,
2730 1628 2777 1679 ot
2808 1629 2884 1687 A',
2909 1629 2957 1679 oi
2980 1627 3269 1698 Τέτταρες,
3296 1625 3540 1693 Quatuor
3576 1631 3744 1683 inter-

2161 1729 2331 1789 pretes
2374 1719 2668 1789 signiﬁcat,
2715 1728 2770 1775 et
2797 1720 3039 1789 quidem,
3080 1728 3141 1774 ut
3162 1727 3371 1774 certum
3412 1718 3647 1787 videtur,
3672 1734 3748 1777 eo

2090 1791 2137 1851 Β
2165 1826 2275 1881 quo
2302 1825 2468 1880 supra
2491 1810 2731 1864 diximus
2761 1810 2942 1864 modo.

2232 1903 2299 1958 Π.
2336 1902 2461 1957 Haec
2482 1902 2658 1956 littera
2687 1902 2956 1974 signiﬁcat
2983 1903 3203 1965 πάντες,
3230 1901 3281 1955 id
3310 1910 3413 1967 est,
3447 1917 3638 1958 omnes
3662 1903 3750 1958 in-

2161 2003 2424 2064 terpretes
2458 2010 2604 2064 :qua
2646 1995 2713 2048 de
2742 2009 2800 2047 re
2836 1995 2981 2048 nulla
3033 1994 3145 2064 jam
3210 2003 3392 2063 potest
3438 2008 3558 2049 esse
3601 1993 3746 2050 dim-

2161 2088 2372 2152 cultas;
2431 2085 2698 2157 siquidem
2762 2086 2853 2140 ubi
2897 2087 3066 2141 codex
3109 2085 3424 2140 Basiliensis
3456 2086 3501 2138 Il
3558 2085 3742 2151 habet,

2161 2179 2533 2235 Coislinianus
2560 2178 2765 2248 passim
2797 2179 2998 2241 πάντες
3022 2193 3279 2247 expresse
3303 2177 3483 2233 refert.
3508 2176 3748 2234 Joannes

2161 2271 2450 2326 Curterius
2483 2269 2808 2325 Przefatione
2832 2270 2885 2324 in
2912 2268 3236 2339 Procopium
3269 2279 3422 2338 putat
3450 2269 3741 2340 legendum

2161 2364 2464 2435 Πάμφιλος,
2508 2363 2842 2433 Pamphilus,
2895 2377 3089 2431 nempe
3118 2373 3324 2433 martyr
3359 2363 3445 2418 ille
3490 2362 3583 2433 qui
3614 2378 3740 2418 cum

2159 2456 2397 2513 Eusebio
2450 2455 2706 2526 ilexaplis
2733 2454 3090 2510 emendandis
3122 2464 3176 2508 ct
3207 2455 3545 2511 illustrandis
3576 2472 3745 2512 vaca-

2160 2550 2256 2603 vit.
2308 2547 2375 2602 Et
2421 2548 2640 2618 quidem
2696 2562 2893 2616 negare
2942 2560 3049 2600 non
3104 2547 3282 2600 ausim
3333 2546 3473 2602 hanc
3504 2546 3742 2603 litteram

2158 2640 2443 2712 Pamphilo
2476 2639 2764 2694 indicando
2792 2653 3178 2707 nonnunquam
3218 2638 3487 2707 deputari,
3515 2647 3575 2694 ut
3623 2639 3739 2713 Ὠρ.

2162 2735 2438 2803 Origeuem
2485 2731 2786 2802 signiﬁcat;
2824 2728 2920 2784 sed
2972 2730 3180 2784 nullum
3231 2729 3411 2784 adhuc
3446 2745 3511 2785 ea
3553 2729 3621 2785 de
3681 2747 3744 2785 ro

2159 2827 2508 2898 perspicuum
2556 2822 2863 2893 exemplum
2902 2821 3142 2876 occurrit
3184 2820 3340 2887 mihi,
3381 2821 3739 2891 quamobrem

2160 2935 2248 2974 res
2282 2919 2336 2971 in
2359 2916 2531 3016 dubio
2552 2923 2822 3016 versatur.

2227 3017 2272 3068 Π
2294 3034 2372 3086 χω
2393 2995 2534 3086 vel;
2570 2983 2668 3068 aid;
2715 3030 2798 3078 ou,
2830 3013 3027 3083 sepius
3084 3028 3212 3068 vero
3251 3014 3447 3083 legitur
3479 2983 3589 3068 1:2»
3638 3030 3741 3085 pro

2158 3109 2227 3162 Π.
2261 3105 2353 3161 live
2383 3116 2526 3162 notae
2579 3120 2817 3176 Persaepe
2869 3114 3168 3165 occurrunt
3219 3106 3273 3160 in
3326 3106 3419 3160 lib.
3446 3105 3626 3161 Judic.
3670 3107 3741 3162 ad

2164 3212 2336 3267 marg.
2387 3197 2509 3251 cod.
2549 3194 2743 3261 Basil.,
2776 3205 2830 3249 et
2869 3195 3162 3266 aliquando
3215 3195 3298 3250 sic
3334 3195 3518 3268 διωρθ.
3548 3213 3631 3250 ου.
3666 3197 3735 3251 Π.

2160 3306 2258 3358 χω,
2294 3301 2415 3356 qua:
2452 3285 2725 3341 interdum
2758 3286 3093 3356 conjunctim
3120 3285 3310 3355 positae
3338 3294 3484 3349 sunt,
3516 3302 3625 3340 non
3654 3287 3742 3339 in-

2158 3378 2472 3448 frequenter
2495 3379 2657 3433 etiam
2683 3387 3026 3449 separantur.
3061 3377 3260 3431 Earum
3285 3392 3450 3447 porro
3474 3377 3743 3447 interpre-

2158 3473 2417 3527 tationem
2448 3472 2805 3542 coniectando
2836 3472 3089 3526 dedimus
3118 3470 3172 3523 in
3198 3479 3322 3523 nota
3344 3471 3409 3523 ad
3432 3468 3557 3523 Jud.
3580 3485 3618 3532 I,
3646 3470 3737 3530 ιι,

2160 3567 2232 3621 ita
2261 3575 2321 3620 ut
2345 3546 2480 3636 διῶρ
2506 3564 2772 3635 signiﬁcet
2801 3562 3106 3634 διώρθωσα,
3139 3561 3430 3621 emendavi,
3481 3576 3592 3631 quo
3637 3576 3739 3632 pa-

2157 3672 2247 3713 cto
2275 3658 2473 3727 legitur
2518 3657 2571 3710 iu
2604 3655 2848 3725 margine
2888 3654 3093 3708 codicis
3120 3651 3236 3705 RR.
3271 3651 3374 3707 PP.
3401 3651 3737 3709 Jesuitarum

2155 3743 2351 3799 Ezeclt.
2399 3760 2517 3813 cap.
2548 3761 2669 3810 va,
2723 3760 2774 3807 v,
2823 3742 2911 3808 12,
2970 3743 3043 3796 ita
3074 3750 3132 3796 ut
3168 3742 3315 3796 nulla
3348 3743 3493 3798 circa
3549 3754 3737 3798 notam

2155 3836 2299 3891 hanc
2335 3833 2623 3889 diﬁlcultas
2655 3848 2943 3903 superesse
2966 3832 3231 3896 videatur,
3253 3848 3315 3885 ου
3349 3833 3615 3902 signiﬁcet
3643 3831 3740 3886 οὕ-

2155 3942 2283 3989 τως,
2320 3926 2418 3978 sic.
2462 3921 2562 3978 Ubi
2595 3930 2751 3979 notes
2782 3922 2980 3994 διωρθ.
3018 3937 3409 3993 nonnunquam
3445 3923 3570 3994 poni
3615 3923 3739 3981 sine

2155 4017 2449 4087 subjuncto
2484 4033 2543 4069 ου
2566 4033 2579 4046 ·
2613 4030 2958 4087 perspectum
2986 4031 3117 4072 vero
3151 4010 3283 4070 mihi
3309 4016 3520 4071 videtur
3543 4014 3731 4088 διωρθ.

2156 4130 2238 4165 ου.
2292 4109 2607 4181 signiﬁcare
2659 4108 2947 4182 διώρθωσα
2992 4109 3186 4175 οὓτως,
3231 4109 3499 4163 emendavi
3538 4109 3635 4176 sic,
3680 4119 3735 4164 et

2157 4220 2278 4275 cap.
2313 4218 2390 4271 xl,
2416 4206 2472 4273 Ῡ.
2519 4204 2607 4269 54,
2638 4202 2825 4275 διωρθ,
2846 4204 3125 4274 ἀγαπητὴ,
3152 4202 3438 4267 emendavi,
3457 4202 3734 4273 ἀγαπητὴ,

2157 4295 2371 4361 dilecta,
2415 4295 2541 4366 quia
2576 4296 2729 4365 prius
2762 4295 3040 4365 legebatur
3073 4294 3387 4364 μονογενής,
3439 4294 3731 4364 unigenita.

2158 4385 2294 4442 Nota
2327 4401 2456 4440 vero
2492 4386 2537 4439 Π
2562 4385 2831 4456 signiﬁcat
2860 4384 3003 4438 haud
3025 4383 3188 4438 dubie
3217 4384 3434 4448 πάντες,
3452 4398 3627 4437 omnes
3652 4383 3736 4437 iu-

479 4479 777 4544 diversam,
809 4487 862 4534 et
908 4476 1050 4532 LXX
1081 4492 1204 4532 cum
1258 4476 1379 4531 aliis
1426 4476 1641 4533 duobus
1694 4477 2048 4542 conveniunt,
2085 4493 2129 4547 ι)
2159 4487 2430 4549 terpretes,
2471 4488 2531 4532 ut
2572 4493 2638 4531 ex
2671 4477 2999 4547 supradictis
3054 4475 3321 4545 liquidum
3369 4484 3452 4530 est
3490 4492 3502 4527 :
3537 4489 3637 4544 χω,
3679 4473 3736 4528 id

479 4582 615 4628 tunc
667 4575 715 4625 oi.
767 4572 822 4623 I"
883 4571 1190 4641 significare
1233 4576 1464 4638 possunt
1494 4567 1635 4621 LXX
1670 4580 1725 4623 et
1753 4568 1891 4623 duos
1915 4569 2052 4624 alios

479 4664 726 4720 eamdem
745 4663 1030 4718 lectionem
1050 4663 1341 4725 habentes;
1361 4661 1504 4731 quod
1524 4672 1856 4731 postremum
1871 4669 2051 4717 tamen

479 4758 821 4828 exploratum
844 4755 1023 4810 adhuc
1051 4769 1161 4808 non
1194 4763 1297 4809 est.
1325 4752 1557 4807 Brianus
1584 4751 1874 4809 Waltonus
1900 4761 2053 4824 putat

482 4860 663 4905 notam
722 4848 772 4901 ot
815 4848 868 4900 1"
898 4846 1037 4902 alios
1092 4856 1205 4901 tres
1261 4847 1584 4915 interpretes
1634 4847 1897 4910 indicare,
1942 4862 2051 4901 non

483 4936 755 5006 Aquilam,
797 4933 1030 5006 Symm.,
1079 4942 1135 4989 et
1189 4933 1481 5007 Theodot.,
1522 4937 1616 4991 sed
1666 4952 1733 4991 ne
1784 4937 2052 5007 probabili

483 5030 697 5101 quidem
734 5030 947 5083 ratione
973 5028 1190 5096 ductus,
1217 5038 1277 5084 ut
1309 5029 1447 5086 infra
1475 5031 1813 5101 probabitur.

551 5120 613 5171 Οἱ
644 5120 717 5181 Δ’,
752 5118 997 5185 Quatuor
1034 5119 1377 5190 interpretes.
1426 5121 1551 5177 Haec
1601 5133 1727 5178 nota
1768 5123 2054 5181 aliquoties

484 5210 720 5266 occurrit
756 5212 810 5264 in
852 5209 1070 5274 Hesaia,
1111 5219 1170 5265 ut
1206 5226 1324 5282 cap.
1376 5229 1453 5276 ix,
1497 5215 1548 5285 ᾗ.
1587 5215 1673 5279 14,
1719 5215 1810 5269 ubi
1844 5216 1911 5270 ad
1941 5216 2058 5270 haec

483 5301 747 5357 Hebraica
772 5303 955 5368 verba,
976 5313 1150 5362 mm
1173 5314 1291 5371 xm,
1323 5305 1518 5374 legitur
1550 5306 1693 5376 apud
1725 5307 2055 5373 Curtcrium,

483 5391 546 5446 οι
576 5393 647 5458 Δν,
679 5390 838 5456 αὐτός
862 5394 1095 5465 κεφαλή,
1118 5395 1210 5450 ubi
1243 5397 1296 5449 in
1321 5393 1461 5448 LXX
1491 5395 1746 5450 editionis
1776 5394 2058 5462 Romanae,

482 5482 618 5552 αὕτη
646 5484 679 5553 ἡ
709 5483 869 5554 ἀρχή.
919 5483 1018 5539 llic
1055 5494 1236 5539 autem
1279 5487 1342 5538 Οἱ
1376 5488 1428 5538 Δ¹
1462 5501 1569 5541 non
1599 5486 1789 5540 dubito
1822 5487 1952 5555 quin
1984 5488 2061 5540 si-

479 5577 737 5650 gniﬁcent
767 5587 1000 5645 quatuor
1016 5576 1233 5634 Grmcos
1256 5580 1578 5650 interpretes
1597 5582 1690 5651 qui
1712 5581 1765 5634 in
1802 5580 2060 5649 ilexaplis

478 5676 844 5736 erantnempe
869 5668 1058 5733 Δ.,Σ.,
1082 5671 1157 5733 0',
1187 5670 1247 5723 6.
1276 5670 1456 5725 Altera
1488 5687 1616 5726 vero
1641 5672 1821 5734 lectio,
1856 5670 1993 5741 αὕτη
2024 5674 2057 5742 ἡ

479 5757 643 5829 ἀρχή.
680 5764 795 5813 erat
821 5755 920 5827 τῆς
958 5758 1177 5828 Κοινῆς,
1204 5775 1300 5814 seu
1323 5757 1563 5831 Vulgata:
1595 5761 1869 5817 editionis.
1900 5760 2058 5831 Nam,

2153 4582 2255 4640 est,
2284 4580 2345 4627 ut
2383 4587 2608 4642 prorsus
2649 4571 2922 4635 existimo,
2970 4570 3160 4641 χωρίς,
3201 4569 3507 4637 separatim.
3565 4567 3640 4622 Ita
3674 4575 3739 4622 ut

2154 4665 2238 4720 ha:
2281 4676 2422 4719 nota:
2447 4650 2579 4732 διῶρ
2608 4680 2693 4728 ου,
2719 4662 2786 4714 Π.
2814 4681 2913 4733 χω,
2937 4663 3051 4717 sive
3072 4661 3426 4729 conjunctim,
3451 4662 3566 4714 sive
3586 4673 3740 4729 sepa-

2155 4756 2315 4811 ratim
2347 4755 2559 4826 positae,
2596 4753 2902 4824 signiﬁcent
2947 4752 3217 4808 emendavi
3250 4751 3347 4817 sic,
3380 4765 3556 4804 omnes
3580 4764 3737 4820 sepa-

2154 4850 2336 4914 ratim,
2365 4849 2418 4904 id
2448 4857 2552 4913 est,
2582 4862 2773 4902 omnes
2804 4849 3127 4916 interpretes
3168 4842 3461 4914 separatim
3505 4843 3737 4912 spectati

2156 4943 2236 4997 sic
2258 4941 2477 4996 habent.
2506 4939 2625 4994 Dixi
2661 4939 2712 4991 in
2741 4946 2867 4992 nota
2891 4935 3015 4992 Jud.
3052 4952 3171 5007 cap.
3199 4952 3236 5002 ι,
3271 4937 3324 5007 Ῡ.
3350 4935 3437 5001 14,
3469 4934 3737 4990 editiones

2094 5078 2107 5096 .
2159 5034 2449 5105 separatim
2485 5033 2569 5087 vel
2619 5033 2848 5088 seorsim
2884 5031 3112 5101 positas,
3154 5045 3259 5083 non
3290 5043 3385 5085 eas
3430 5028 3739 5099 signiﬁcare

2157 5142 2277 5196 quae
2311 5126 2364 5180 in
2398 5124 2653 5195 Hexaplis
2696 5124 2885 5193 positae
2909 5131 3085 5187 erant,
3126 5121 3219 5175 ubi
3251 5120 3463 5191 aliquot
3497 5118 3737 5176 fortasse

2160 5217 2496 5272 mutationes
2533 5216 2758 5270 invectae
2793 5214 3030 5279 fuerant,
3068 5213 3161 5267 sed
3190 5227 3285 5268 eas
3315 5228 3436 5283 quae
3470 5213 3738 5282 separatis

2160 5308 2213 5361 in
2249 5307 2403 5362 libris
2431 5306 2717 5376 descriptae
2740 5316 2928 5369 erant;
2956 5319 3146 5358 verum
3178 5319 3237 5358 re
3267 5304 3578 5375 diligentius
3604 5318 3740 5358 exa-

2160 5401 2386 5462 minata,
2420 5398 2769 5453 verisimilius
2808 5412 2928 5452 esse
2955 5405 3088 5466 puto
3117 5411 3210 5451 eas
3236 5396 3524 5465 ipsasque:
3545 5395 3598 5447 in
3632 5391 3739 5447 He-

2164 5492 2339 5562 xaplis
2373 5491 2658 5561 descriptze
2683 5499 2840 5544 erant
2872 5489 2959 5544 hic
2987 5490 3234 5544 indicari.
3263 5487 3361 5542 Vix
3388 5491 3532 5542 enim
3552 5487 3739 5543 crede-

2161 5597 2275 5635 rem
2305 5581 2560 5635 librarios
2589 5589 2644 5634 et
2664 5578 2987 5633 scholiastas
3012 5581 3104 5649 qui
3140 5579 3439 5644 notas,illas
3467 5578 3738 5648 margina-

2163 5672 2241 5725 les
2278 5674 2616 5734 invexerunt,
2666 5679 2861 5740 prmter
2910 5671 3170 5743 Hexapla,
3223 5673 3290 5727 ad
3326 5687 3548 5725 manum
3573 5670 3735 5725 etiam

2164 5764 2421 5821 habuisse
2457 5764 2721 5822 editiones
2759 5774 3039 5835 separatas
3073 5764 3468 5833 distinctasque
3507 5761 3734 5833 Aquilae.
