4122 6430
504 345 608 399 {09

1733 347 1796 400 IN
1836 344 2178 403 HEXAPLA.
2198 341 2539 399 ORIGENIS.

3636 347 3743 405 “0

504 465 817 537 Symmachi
878 475 932 521 et
980 466 1385 522 Theodotionis.
1442 466 1640 523 Vocem
1710 476 1890 523 autem
1963 464 2365 538 xarAAquila
2417 450 2505 517 vel
2559 462 2940 535 Symmachus,
2990 465 3072 520 vel
3102 463 3402 522 Theodotio
3445 481 3568 521 cum
3596 466 3739 524 LXX

502 559 609 631 ρίς,
639 560 945 628 separatim,
973 561 1096 615 ideo
1118 563 1435 630 apposuisse
1458 562 1707 616 videntur
1730 572 1787 615 ut
1807 562 2072 617 editiones

500 652 623 707 illas
654 654 1007 721 interpretum
1040 655 1434 726 distinguerent
1464 672 1495 710 a
1526 657 1850 712 lectionibus
1879 673 2070 712 eorum

500 759 623 813 quae
654 743 708 798 in
732 744 972 800 editione
1019 747 1127 799 τῶν
1154 751 1209 799 0'
1241 748 1516 817 hexaplari
1544 764 1667 803 cum
1698 750 1974 805 asteriscis
1996 751 2071 804 in-

499 840 658 889 serta:
682 831 916 897 fuerant,
942 852 1062 904 qua:
1089 837 1346 891 lectiones
1368 853 1472 892 non
1500 839 1609 907 jam
1645 841 1957 908 separatim,
1976 841 2072 895 sed

498 922 833 993 conjunctim
898 940 1022 979 cum
1076 927 1166 980 illa
1229 927 1370 981 LXX
1429 928 1785 999 interpretum
1837 932 2074 987 editione

497 1015 886 1085 spectabantur
913 1034 925 1069 :
953 1017 1082 1071 illud
1107 1033 1234 1073 vero
1261 1019 1372 1088 jam
1409 1022 1562 1090 quasi
1585 1036 1684 1091 pro
1711 1033 1861 1076 certo
1894 1031 1948 1077 et
1976 1039 2072 1077 ex-

498 1106 714 1176 plorato
758 1107 950 1161 habeo.
1009 1106 1079 1162 Ut
1129 1111 1194 1164 ad
1250 1112 1589 1180 supradictas
1649 1124 1805 1169 notas
1854 1115 2072 1169 redeam

497 1196 623 1253 Jud.
654 1214 691 1260 I,
721 1214 777 1252 v.
801 1198 890 1263 21,
923 1199 1013 1253 ubi
1042 1201 1095 1254 in
1130 1210 1280 1255 textu
1308 1203 1501 1269 legitur
1524 1203 1985 1276 ἐκληρονόμησαν,
2018 1207 2071 1260 in

496 1291 747 1358 margine
792 1292 997 1346 codicis
1031 1291 1346 1349 Basiliensis
1375 1294 1571 1363 legitur
1602 1294 1823 1367 ἐξῆραν,
1860 1306 1913 1352 et
1947 1314 2072 1353 mox

500 1383 758 1453 adjicitur
779 1369 910 1449 πᾶν,
936 1383 990 1439 id
1013 1393 1117 1448 est,
1142 1401 1315 1440 omnes
1338 1388 1412 1441 sic
1433 1387 1644 1452 habent,
1669 1388 1867 1460 ἐξῆραν
1885 1390 2074 1445 videli-

499 1487 604 1538 cet,
628 1483 682 1529 et
709 1475 790 1530 sic
823 1492 965 1545 saepe
1003 1476 1110 1531 πᾶν
1144 1480 1320 1533 solum
1343 1481 1581 1548 ponitur.
1614 1480 1680 1535 Et
1700 1497 1752 1536 ν.
1776 1481 1868 1545 27,
1900 1484 1991 1537 ubi
2017 1485 2072 1538 in

498 1572 649 1617 textu
679 1563 995 1621 Basiliensis
1035 1567 1232 1637 legitur
1260 1568 1441 1641 ἐξῇρε,
1500 1572 1554 1624 in
1592 1587 1765 1642 marg.
1818 1573 2069 1638 habetur,

496 1655 919 1727 ἐκληρονόμησε,
936 1673 1060 1713 cum
1081 1660 1368 1729 subjuncta
1390 1672 1537 1729 nota,
1559 1679 1717 1717 παντ.
1735 1682 1831 1734 χω.
1852 1665 2073 1730 πάντες

496 1749 695 1817 χωρίς,
720 1764 828 1818 qua
856 1751 1192 1821 signiﬁcatur
1215 1768 1406 1809 omnes
1436 1754 1755 1825 interpretes
1781 1758 2069 1826 separatim

496 1840 553 1895 in
580 1841 850 1896 columnis
887 1843 1004 1897 suis
1050 1853 1339 1913 spectatos,
1382 1846 1813 1919 ἐκληρονόμησεν
1852 1850 2071 1917 habere,

493 1941 551 1988 et
591 1934 669 1988 sic
711 1933 1005 1989 identidem
1035 1918 1381 1992 eadem'nota
1413 1957 1570 1994 παντ.
1606 1959 1705 2011 χω.
1740 1942 1976 2011 ponitur.
2010 1944 2075 2001 Et

496 2040 619 2094 cap.
664 2041 728 2089 ιι,
768 2041 821 2078 v.
848 2028 903 2093 9,
956 2016 1013 2081 in
1052 2036 1200 2082 textu
1231 2028 1473 2098 ejusdem
1520 2031 1725 2086 codicis
1766 2032 1981 2103 legitur,
2020 2037 2076 2087 ὲν

496 2117 872 2190 Θαμναθαρές,
897 2120 988 2174 ubi
1013 2120 1079 2173 ad
1110 2121 1406 2190 marginem
1433 2121 1659 2175 habetur
1703 2122 1863 2179 πάντ.
1894 2142 1977 2177 ου.
2006 2125 2077 2178 ὲν

497 2209 891 2278 θαμναθαρές,
937 2226 1058 2281 quae
1088 2219 1232 2266 certe
1253 2213 1387 2266 nihil
1424 2213 1570 2267 aliud
1609 2214 1917 2282 signiﬁcare
1949 2232 2077 2286 pos-

497 2308 627 2355 sunt
654 2316 819 2370 quam
851 2317 1040 2357 omnes
1078 2304 1158 2358 sic
1189 2304 1387 2358 habere
1428 2308 1485 2357 ὲν
1515 2306 1892 2379 Θαμναθαρές.
1931 2308 2077 2363 Lon-

497 2406 564 2460 ge
583 2392 912 2447 dilllciliores
948 2393 1218 2462 explicant
1251 2403 1378 2449 sunt
1403 2397 1521 2450 alia:
1544 2407 1684 2451 nota:
1716 2399 1839 2452 eod.
1867 2414 1985 2470 cap.
2021 2416 2071 2466 v,

499 2483 588 2549 15,
612 2483 703 2538 ubi
730 2484 795 2539 ad
826 2484 979 2548 illud,
1008 2485 1086 2555 τῷ
1110 2486 1277 2549 Βαάλ,
1300 2487 1495 2557 legitur
1519 2489 1621 2543 hac
1645 2488 1839 2544 l‘orma.

1095 2578 1156 2632 0’.
1191 2578 1288 2649 τῷ.
1316 2580 1361 2632 ό.
1394 2582 1483 2651 τῇ.

1096 2672 1144 2726 ὁ.
1180 2690 1282 2742 χω.
1312 2671 1364 2726 0.
1391 2690 1473 2725 ου.

570 2760 676 2817 Ubi
709 2762 858 2832 prior
893 2773 1020 2820 nota
1066 2766 1209 2820 haud
1241 2768 1401 2821 dubie
1436 2768 1704 2837 signiﬁcat
1746 2769 2075 2827 Theodotio-

498 2869 622 2909 nem
645 2855 841 2927 legere,
865 2857 943 2929 τῷ
969 2859 1135 2926 Βαάλ,
1161 2858 1301 2913 LXX
1334 2876 1463 2916 vero
1490 2864 1555 2933 τῇ
1588 2862 1752 2916 Βαάλ.
1778 2862 1915 2919 Nota
1945 2880 2074 2919 vero

499 2960 736 3014 sequens
767 2963 889 3018 quae
910 2949 989 3004 sic
1015 2952 1308 3020 exponitur
1338 2956 1400 3004 0.
1432 2955 1618 3025 χωρίς.
1648 2954 1693 3008 0'
1724 2954 1915 3019 οὕτως,
1943 2957 2076 3024 quid

499 3038 606 3092 sibi
634 3039 762 3093 velit
787 3053 893 3094 non
917 3042 1051 3096 satis
1080 3042 1342 3114 intelligo.
1376 3042 1502 3099 Haec
1531 3059 1662 3098 vero
1704 3055 1833 3101 nota
1870 3047 2073 3117 passim

2178 564 2484 611 consonant
2511 566 2565 611 et
2607 556 2890 612 lectionem
2917 558 3115 612 habent
3141 559 3384 614 eamdem
3418 575 3540 628 quae
3570 561 3624 613 in
3660 569 3742 615 te-

2177 655 2273 701 xtu
2304 645 2411 700 τῶν
2443 648 2500 701 0'
2532 648 2745 717 legitur,
2778 648 2835 700 in
2862 649 3106 717 margine
3134 648 3391 703 scribitur
3421 650 3485 702 A.
3520 649 3582 702 τὸ
3611 648 3740 715 ἔσω,

2177 739 2236 791 Σ.
2274 738 2333 791 τὸ
2381 738 2509 803 ἔσω,
2545 738 2600 792 id
2629 748 2733 805 est,
2763 739 2958 808 Aquila
2986 739 3071 793 vel
3111 739 3469 809 Symmachus
3508 741 3744 810 idipsum

2178 828 2401 895 habent,
2451 831 2598 899 quod
2646 830 2791 884 intus
2819 830 2932 885 sive
2960 830 3014 882 in
3044 838 3189 884 textu
3228 831 3440 900 legitur.
3479 829 3748 887 Peculiari

2178 932 2358 974 autem
2385 921 2546 976 modo
2571 930 2790 975 notatur
2824 921 2844 973 l
2870 920 3001 989 Reg.
3037 937 3161 985 xxv,
3187 922 3275 988 51,
3305 922 3399 976 ubi
3431 921 3656 977 Coislin.
3691 923 3746 976 in

2176 1019 2328 1063 textu
2361 1010 2469 1066 τῶν
2496 1012 2573 1079 0',
2601 997 2900 1084 βδέλυγμός
2930 1013 3003 1066 ita
3032 1013 3248 1081 punctis
3278 1022 3525 1067 notatum
3550 1014 3745 1078 habet;

2176 1098 2229 1152 in
2252 1103 2495 1172 margine
2516 1119 2639 1158 vero
2659 1104 2724 1157 Α.
2754 1104 2817 1159 Θ.
2841 1103 2903 1156 τὸ
2926 1103 3053 1168 ἔσω,
3085 1104 3137 1157 id
3163 1112 3269 1174 est,
3294 1104 3489 1173 Aquila
3508 1114 3561 1158 et
3580 1102 3750 1158 Theo-

2174 1191 2325 1245 dotio
2358 1194 2558 1250 habent
2588 1212 2651 1251 ea
2696 1211 2820 1266 quae
2842 1196 3004 1259 intus,
3042 1195 3156 1249 sive
3192 1195 3248 1248 in
3284 1205 3429 1248 textu
3457 1202 3602 1258 sunt,
3636 1209 3747 1248 non

2176 1291 2358 1338 notata
2381 1288 2618 1356 punctis,
2645 1303 2839 1358 nempe
2866 1288 3092 1358 λυγμός.
3126 1285 3193 1341 Ει
3221 1302 3347 1341 vere
3378 1287 3469 1340 alii
3489 1302 3622 1342 mss.
3653 1287 3748 1341 ha-

2174 1374 2403 1451 bent‘A.
2435 1377 2498 1432 Θ.
2532 1379 2758 1450 λυγμὸς,
2794 1380 3078 1451 singultus.

2251 1449 2361 1591 (ιβ.
2392 1493 2602 1550 Hesaiae
2629 1511 2740 1562 xiv,
2764 1511 2815 1549 v.
2838 1449 2894 1559 6,
2922 1502 2979 1548 et
3010 1492 3137 1547 alibi
3159 1507 3299 1563 saepe
3332 1492 3600 1563 signiﬁcat
3623 1489 3748 1548 Ori-

2173 1587 2357 1659 genes,
2406 1598 2466 1643 ut
2525 1588 2764 1643 diximus
2830 1588 3248 1658 Palteographiat
3302 1587 3500 1643 (iratam
3525 1603 3578 1657 p.
3617 1587 3749 1644 225.

2173 1680 2413 1737 Joannes
2439 1681 2723 1737 Curterius
2748 1681 2896 1736 illam
2923 1681 3113 1751 siglam
3141 1681 3409 1750 expressit
3459 1696 3556 1751 per
3601 1681 3747 1737 litte-

2175 1789 2292 1828 ram
2332 1776 2395 1839 Φ,
2428 1774 2574 1844 quod
2606 1785 2789 1828 notam
2817 1773 3020 1828 codicis
3048 1772 3419 1832 Marchaliani,
3457 1788 3602 1827 nunc
3629 1771 3746 1829 RR.

2180 1864 2285 1919 PP.
2310 1865 2661 1932 Jesuitarum,
2691 1880 2798 1919 non
2826 1865 3166 1936 intelligeret.
3188 1862 3323 1919 Nam
3354 1864 3427 1920 ibi
3454 1864 3533 1920 sic
3562 1875 3748 1920 notata

2177 1955 2488 2027 depingitur
2518 1966 2577 2010 ut
2594 1970 2713 2010 eam
2751 1955 2839 2011 hic
2864 1955 3256 2025 expressimus.

2246 2032 2311 2103 (ἶν’
2336 2049 2723 2120 ἀνεπίγραφος.
2761 2047 2913 2104 Hanc
2944 2057 3129 2103 notam
3181 2049 3555 2127 apponendam
3588 2050 3752 2105 duxi-

2178 2155 2322 2205 mus,
2351 2141 2478 2211 quia
2503 2141 2771 2208 Nobilius,
2798 2157 2861 2196 ac
2893 2150 3016 2212 post
3036 2157 3161 2197 eum
3203 2142 3433 2198 Drusius
3465 2144 3748 2200 existima-

2176 2241 2325 2299 runt,
2371 2233 2459 2287 hic
2487 2234 2783 2306 ἀνέσπερον
2812 2234 3122 2303 signiﬁcari,
3158 2249 3387 2305 esseque
3423 2252 3620 2291 nomen
3654 2253 3754 2293 cu-

2173 2323 2391 2393 jusdam
2416 2326 2725 2395 interpretis
2755 2326 2839 2379 vel
2861 2325 3188 2392 scholiastaz,
3214 2341 3375 2397 quem
3409 2328 3750 2397 Anesperum

2176 2427 2395 2474 vocant.
2427 2417 2707 2488 Signiﬁcat
2734 2427 2912 2471 autem
2946 2417 3270 2485 Anonymus,
3303 2419 3387 2472 vel
3425 2419 3491 2472 ad
3517 2419 3751 2474 litteram

2174 2509 2598 2579 Anepigraplms,
2658 2507 2770 2561 sive
2815 2508 2928 2561 sine
2972 2509 3203 2560 auctoris
3260 2509 3557 2578 epigraphe.
3613 2508 3751 2566 Vide

2174 2598 2337 2655 Num.
2363 2614 2482 2668 cap.
2523 2613 2672 2665 χχιι,
2699 2598 2755 2666 Ῡ.
2781 2596 2869 2650 l6.
2900 2595 2971 2652 Ut
2997 2607 3176 2650 autem
3206 2597 3349 2651 scias
3378 2606 3638 2666 quantam
3659 2613 3750 2651 er-

2175 2707 2362 2746 rerum
2399 2691 2591 2747 silvam
2639 2693 2755 2744 haec
2784 2698 2912 2742 nota
2946 2688 3026 2743 sic
3055 2688 3230 2757 posita
3260 2689 3546 2757 pepererit,
3577 2705 3751 2759 pauca

2176 2782 2481 2838 exscribam
2513 2798 2577 2837 ex
2614 2780 2966 2837 adnotatione
2987 2779 3220 2850 quadam
3249 2788 3438 2835 nostra
3475 2781 3529 2834 in
3561 2783 3752 2837 codice

2176 2875 2776 2940 Coisliniano,numero
2802 2872 2851 2925 5.
2884 2870 3084 2925 Eodem
3102 2870 3157 2924 in
3183 2871 3390 2938 codice,
3418 2871 3511 2941 qui
3540 2881 3624 2926 est
3649 2870 3754 2926 Ca-

2177 2975 2300 3022 tena
2350 2969 2404 3020 in
2436 2965 2756 3029 Leviticum,
2801 2962 3089 3027 Numeros,
3130 2963 3757 3033 etc.,imperituslibra-

2178 3060 2296 3113 rius
2318 3059 2412 3128 qui
2437 3058 2684 3112 codicem
2716 3056 2955 3126 scripsit,
2988 3055 3134 3109 illam
3181 3061 3366 3108 notam
3420 3055 3474 3107 in
3510 3055 3751 3121 amigra—

497 3132 761 3199 repetitur
787 3149 801 3185 :
832 3131 971 3188 forte
996 3133 1267 3203 signiﬁcat
1299 3133 1647 3205 Septuaginta
1684 3139 1991 3206 separatim,
2024 3148 2072 3192 et

2181 3150 2287 3219 pho
2315 3165 2415 3203 suo
2437 3149 2646 3214 videns,
2679 3147 2977 3216 saepissime
3008 3146 3135 3217 legit
3167 3144 3428 3208 Ἀνεσίου,
3461 3143 3754 3212 aliquando

500 3221 907 3278 Theodotionem
959 3226 1224 3280 similiter.
1276 3227 1458 3281 Altera
1482 3237 1608 3282 nota
1646 3228 1942 3297 saepissime
1977 3244 2072 3284 oc-

493 3314 693 3380 currit,
730 3330 924 3385 nempe
964 3319 1026 3371 0.
1063 3316 1113 3370 0.
1146 3335 1247 3386 χω,
1280 3317 1333 3371 id
1368 3326 1451 3371 est
1493 3316 1633 3370 LXX
1675 3326 1729 3372 et
1773 3318 2074 3374 Theodotio

497 3405 791 3474 separatim
815 3408 895 3461 sic
914 3407 1132 3462 habent.
1158 3405 1224 3460 Et
1242 3422 1359 3476 cap.
1398 3423 1472 3470 tv,
1494 3422 1546 3461 v.
1574 3406 1628 3469 5,
1653 3408 1745 3462 ubi
1763 3409 1958 3479 legitur
1975 3410 2074 3480 τῆς

495 3495 722 3569 Βαιθὴλ,
743 3498 797 3552 in
830 3500 1073 3568 margine
1098 3499 1359 3567 scriptum
1390 3506 1509 3553 est:

1134 3590 1233 3661 τῆς
1267 3591 1296 3643 ό
1327 3590 1356 3642 ό
1385 3608 1445 3642 ου

1163 3682 1266 3736 60'
1297 3700 1378 3752 χω

568 3772 809 3828 Primam
842 3789 971 3829 vero
1015 3782 1200 3829 notam
1231 3775 1311 3829 sic
1340 3776 1457 3845 lego
1490 3776 1552 3827 0.
1586 3775 1646 3827 Ο.
1682 3774 1876 3838 οὕτως,
1909 3774 1961 3828 id
1991 3783 2074 3828 est

496 3872 732 3933 utraque
788 3864 954 3919 editio
997 3864 1107 3917 τῶν
1137 3865 1211 3928 0',
1249 3878 1441 3933 nempe
1466 3865 1632 3935 Κοινή
1683 3873 1737 3917 et
1768 3863 2073 3934 hexaplaris

498 3953 582 4010 sic
605 3955 821 4019 habent,
847 3954 966 4024 τῆς.
989 3955 1169 4009 Altera
1193 3969 1319 4009 vero
1338 3964 1461 4009 nota
1488 3956 1549 4007 0.
1584 3954 1634 4007 0.
1669 3954 1832 4025 χωρίς
1864 3955 2072 4023 signiti-

495 4056 608 4111 cat,
666 4047 721 4101 ni
771 4045 951 4112 fallor,
1004 4045 1145 4099 LXX
1189 4048 1503 4116 separatim,
1550 4045 1603 4100 id
1635 4055 1719 4100 est
1752 4046 1973 4117 Καινήν,
2020 4054 2073 4100 et

496 4140 928 4196 Theodotionem
956 4142 1011 4194 in
1036 4156 1134 4195 sua
1171 4140 1446 4203 columna,
1484 4140 1777 4208 separatim
1808 4140 1958 4203 item,
1993 4139 2073 4195 sic

493 4232 719 4287 habere.
753 4232 1061 4301 Aliquando
1098 4232 1180 4287 sic
1204 4232 1527 4286 ordinantur
1559 4230 1873 4301 hujusmodi
1905 4240 2069 4299 notae,

491 4331 560 4377 ut
577 4321 786 4395 (Edipo
820 4328 1044 4392 prcrsus
1065 4332 1276 4393 egeant,
1304 4334 1363 4377 ut
1385 4336 1504 4392 cap.
1535 4337 1610 4389 tv,
1639 4338 1690 4376 v.
1724 4322 1886 4387 l2,in
1922 4331 2069 4378 textu

493 4414 814 4472 Basiliensis
845 4414 1039 4486 legitur
1058 4417 1156 4479 εἰς,
1188 4415 1244 4469 in
1282 4416 1529 4486 margine
1554 4429 1681 4470 vero
1718 4415 1810 4470 ὲπί
1850 4424 1903 4469 et
1922 4424 2070 4486 post-

490 4521 560 4563 ea
591 4507 995 4577 subjunguntur
1026 4516 1167 4563 nota:
1191 4507 1297 4563 hoc
1319 4508 1464 4563 situ:

1097 4598 1163 4654 0'.
1195 4618 1290 4670 χω.
1326 4602 1387 4655 0.
1421 4602 1482 4653 ου

1093 4692 1140 4745 ὁ.
1171 4692 1235 4745 θ’.
1262 4693 1371 4747 ἀπὸ

1178 4784 1222 4837 0'
1249 4801 1332 4837 ου.

571 4877 637 4934 Ut
655 4888 835 4934 autem
861 4877 1238 4945 concludatur,
1264 4879 1381 4934 haec
1400 4894 1509 4935 uno
1534 4881 1702 4937 verbo
1717 4880 1914 4944 dicam,
1942 4884 2072 4933 nota

490 4958 592 5030 δῖὦ
615 4972 756 5029 haud
787 4971 951 5027 dubie
983 4969 1291 5041 signiﬁcare
1309 4970 1539 5038 videtur,
1567 4970 1871 5045 διώρθωσα,
1899 4983 2073 5024 corre-

490 5072 576 5135 xi,
603 5066 894 5131 emendavi,
919 5072 978 5119 ut
1004 5064 1253 5134 exemplo
1277 5065 1685 5136 comprobatur,
1712 5082 1776 5119 ου
1798 5064 1984 5129 οὕτως
2006 5059 2075 5115 si-

492 5161 551 5216 bi
581 5161 718 5215 velle
744 5159 837 5212 vix
864 5166 948 5213 est
966 5157 1112 5229 quod
1140 5157 1419 5211 dubitetur
1445 5171 1510 5212 ex
1541 5157 1894 5226 supradictis;
1928 5144 2034 5211 πᾶν
2055 5197 2070 5221 ,

496 5252 552 5307 id
576 5262 680 5322 est,
710 5250 1031 5317 certissime,
1061 5247 1304 5315 πάντες,
1328 5256 1389 5304 ut
1419 5248 1680 5317 exemplis
1701 5246 2074 5317 frequentibus

495 5346 781 5415 arguitur;
811 5361 892 5415 χω
916 5358 1024 5397 non
1059 5342 1274 5397 videtur
1297 5341 1444 5397 aliud
1470 5355 1632 5411 quam
1659 5357 1838 5408 χωρις
1863 5340 2073 5410 signiﬁ-

496 5453 624 5493 care
652 5450 831 5506 posse.
857 5432 1063 5488 Harum
1098 5447 1226 5487 vero
1251 5441 1505 5486 notarum
1530 5446 1667 5485 usus
1698 5444 1888 5484 omnes
1910 5429 2075 5499 expli-

496 5542 646 5594 care,
679 5527 854 5581 donec
873 5524 1001 5594 quid
1031 5524 1232 5579 clarius
1263 5531 1523 5593 emergat,
1561 5522 1813 5576 humanae
1846 5535 1955 5575 non
1987 5522 2073 5574 vi-

497 5619 657 5674 detur
682 5633 803 5672 esse
836 5616 1134 5671 facultatis.

570 5707 647 5762 Τδ
670 5707 798 5760 ἔσω.
829 5706 1004 5773 Hujus
1032 5715 1176 5761 notae
1204 5721 1339 5763 usus
1372 5703 1700 5773 conspicuus
1727 5710 1812 5757 est
1838 5702 1892 5756 in
1923 5701 2071 5755 codi-

502 5815 563 5856 ce
590 5798 924 5855 Coisliniano
950 5798 1178 5870 egregiae
1215 5809 1357 5853 notae
1393 5812 1426 5851 ι
1463 5794 1667 5863 saeculi,
1725 5794 1815 5849 ubi
1858 5793 2074 5864 quando

2192 3242 2479 3311 Ἀνέμπου,
2541 3240 2670 3293 item
2725 3238 3072 3309 Ἀναπέμπη,
3120 3235 3248 3289 alibi
3290 3232 3548 3298 Ἀνοσίου,
3581 3234 3748 3289 semel

2188 3333 2526 3395 Ἀθανασίου,
2556 3330 2849 3400 aliquando
2871 3331 3029 3385 etiam
3056 3338 3197 3382 recte
3230 3327 3625 3396 ἀνεπιγράφου,
3662 3341 3749 3381 se—

2175 3422 2282 3475 mel
2304 3422 2432 3476 item
2467 3419 2740 3472 Συνεσίου.
2776 3418 2900 3473 Haec
2920 3433 3083 3489 porro
3115 3426 3239 3471 nota
3272 3427 3456 3471 nostra
3486 3416 3754 3471 asseritut-

2175 3529 2239 3568 ex
2269 3514 2556 3568 collatione
2590 3513 2815 3568 alterius
2834 3513 3063 3567 Catenae
3092 3512 3335 3581 ejusdem
3384 3510 3748 3580 bibliotheca,

2175 3608 2267 3661 ubi
2291 3608 2355 3661 ad
2379 3607 2589 3677 singula
2619 3622 2782 3676 supra
2805 3616 3101 3662 memorata
3118 3606 3336 3660 nomina
3366 3604 3557 3675 legitur
3579 3606 3749 3659 ἀνεπ-

2177 3703 2228 3757 ἰι]
2253 3711 2354 3767 est,
2380 3704 2774 3775 ἀνεπιγράφου.

2178 3812 2187 3822 ³
2246 3796 2382 3848 ΔΥΝ
2417 3795 2701 3861 διὰλειψις,
2752 3796 2889 3848 ΔΥΝ
2921 3795 3241 3858 ἀνάπαυσις.
3291 3793 3383 3850 Sic
3436 3795 3634 3865 legitur
3687 3793 3743 3847 in

2174 3886 2417 3957 margine
2445 3886 2645 3941 codicns
2698 3885 3016 3941 Coisliniani
3071 3885 3241 3940 Levit.
3299 3901 3439 3950 xxv,
3508 3884 3579 3951 6,
3625 3899 3749 3954 qua

2175 3981 2474 4049 respiciunt
2499 3994 2685 4033 vocem
2703 3989 2836 4039 113327
2852 4020 2867 4041 ,
2891 3978 2945 4031 in
2963 3976 3107 4030 LXX
3134 3992 3449 4046 expressam
3469 3974 3745 4040 Σάϐϐατα,

2177 4069 2434 4125 Sabbata.
2500 4068 2603 4124 Vix
2647 4080 2823 4141 potest
2858 4070 3185 4139 deprehendi
3229 4083 3296 4124 an
3356 4066 3642 4138 legendum
3675 4073 3748 4119 Sat

2174 4163 2334 4226 ΔΥΗ,
2376 4164 2460 4218 vel
2485 4163 2641 4226 ΔΥΝ,
2674 4163 2767 4217 sed
2812 4178 2918 4217 non
2948 4162 3132 4217 dubito
3164 4162 3293 4231 quin
3342 4158 3626 4229 legendum
3676 4159 3748 4211 sit

2174 4254 2331 4318 ΔΥΝ,
2372 4262 2424 4308 et
2455 4252 2786 4323 signiﬁcetur
2810 4252 3052 4307 δύναται.
3093 4249 3169 4305 Ita
3204 4258 3263 4303 ut
3286 4250 3402 4303 haec
3439 4259 3583 4311 nota,
3624 4261 3747 4317 qua

2173 4346 2393 4415 respicit
2429 4361 2616 4401 vocem
2641 4354 2793 4411 mw,
2820 4346 2899 4400 sic
2933 4346 3169 4414 legatur,
3196 4343 3437 4405 δύναται,
3459 4340 3743 4410 διὰλειψις,

2173 4439 2414 4501 δύναται,
2451 4440 2775 4504 ἀνάπαυσις,
2804 4439 2855 4493 id
2884 4448 2986 4501 est,
3010 4453 3111 4489 vox
3141 4434 3415 4489 Σάϐϐατον
3452 4434 3588 4489 valet
3631 4433 3746 4489 sive

2100 4514 2145 4569 Β
2173 4533 2460 4603 signiﬁcat,
2501 4532 2755 4595 cessatio,
2778 4542 2826 4584 et
2858 4530 3123 4600 signiﬁcat
3171 4527 3404 4597 requies.

2632 4622 2692 4676 ll.
2724 4623 2797 4676 De
2829 4622 2963 4675 notis
2993 4621 3295 4690 incognitis.

2244 4718 2283 4794 β.
2338 4695 2438 4795 rh
2499 4715 2553 4774 δ’.
2592 4715 2719 4771 Haec
2769 4722 2895 4767 nota
2954 4712 3222 4781 reperitur
3272 4709 3374 4764 Joh
3420 4723 3539 4776 cap.
3608 4721 3740 4768 xvn,

2177 4820 2230 4888 ᾗ.
2262 4818 2316 4879 5,
2356 4817 2410 4871 in
2450 4813 2636 4871 codice
2673 4805 3008 4871 Colbcrtino,
3050 4819 3202 4858 num.
3230 4801 3390 4867 1952,
3425 4801 3514 4854 ubi
3551 4800 3615 4853 ad
3638 4798 3743 4852 bos

2177 4918 2412 4983 quatuor
2443 4903 2763 4969 versiculos,

2314 5003 2411 5079 Ii:
2440 4993 2863 5079 ἐστιν.ρδτος.τῖ1
2887 4997 3027 5079 χξιρί
3059 5011 3158 5079 ιξου
3185 4989 3507 5079 σξινξεβήἳφλ

2317 5060 2437 5126 "oi:
2465 5071 2692 5142 καρδίαν
2724 5060 3167 5142 αρτὣνίέιὲρυψαν
3209 5061 3316 5142 ἀπὸ
3338 5060 3670 5130 φρονήσεως.

2315 5144 2418 5198 Διὰ
2441 5131 2599 5196 τοῦὲο
2622 5143 2684 5195 οὺ
2718 5140 2792 5211 μὴ
3072 5131 3291 5211 αὐτούς.

2317 5216 2397 5286 Τῇ
2426 5213 2603 5286 μερίδι
2634 5204 2950 5279 ἀναγγέλλει
2980 5204 3173 5267 itania;
3200 5219 3214 5232 ο

2173 5329 2292 5384 haec
2319 5328 2648 5384 adnotantur
2679 5326 2748 5393 χ
2779 5324 2844 5375 ἐκ
2888 5319 2940 5375 0.
2974 5320 3022 5371 οἱ
3052 5317 3129 5379 δ’,
3175 5314 3229 5370 id
3262 5322 3382 5380 est,
3431 5313 3486 5367 hi
3522 5319 3752 5382 quatuor

2176 5421 2379 5490 στίχοι
2415 5433 2505 5470 seu
2539 5412 2784 5482 versiculi
2813 5426 2877 5465 ex
2906 5406 3298 5471 Theodotione;
3330 5402 3529 5458 deinde
3560 5399 3753 5471 adjici-

2174 5523 2265 5568 tur
2297 5508 2336 5584 β.
2370 5490 2453 5579 Γῇ
2491 5506 2606 5577 ax
2640 5521 2690 5561 c.
2712 5508 2778 5572 κ(
2805 5505 2873 5570 χ(
2895 5500 3020 5554 llaec
3049 5508 3228 5552 autem
3254 5496 3564 5567 signiﬁcare
3594 5506 3755 5560 pror-

2175 5620 2271 5660 sus
2310 5604 2562 5659 videntur
2588 5598 2744 5670 μόνος
2772 5595 2906 5667 πρὸς
2929 5589 3142 5659 πρῶτον
3162 5627 3176 5653 ,
3204 5590 3347 5642 solus
3383 5586 3451 5641 ad
3497 5585 3751 5653 primum.

2177 5697 2231 5751 id
2263 5703 2367 5759 est,
2408 5692 2640 5762 primum
2697 5687 3025 5743 versiculum
3072 5697 3139 5736 ex
3201 5677 3575 5735 Theodotione
3625 5671 3748 5725 solo

2176 5788 2524 5855 desumptum
2581 5794 2737 5847 esse;
2789 5775 2984 5835 deinde
3044 5772 3345 5831 secundum
3420 5765 3640 5825 tertium
3694 5770 3751 5817 et
