4122 6416
1748 308 2267 366 ΡΒᾹΞΙΛΜΙΝΑΙΠΑ

3565 309 3666 362 ΗΞ

413 446 672 506 quartum
711 433 1018 506 Symmachi
1058 433 1258 504 pariter
1293 443 1346 489 et
1379 431 1771 489 Theodotionis
1807 448 1929 489 esse
1960 450 1973 486 :
2009 439 2050 494 Α
2081 432 2132 483 l"
2154 447 2319 501 quam
2351 446 2378 484 a
2412 446 2468 484 se
2495 430 2722 485 invicem
2750 429 2969 483 diversi.
3015 428 3148 483 Dein
3191 444 3310 498 cap.
3346 445 3455 482 xui
3484 469 3497 493 ,
3536 430 3568 497 Ῠ
3607 431 3662 494 9,

413 529 666 598 idemque
696 543 829 583 usus
849 526 1158 596 bujusmodi
1195 536 1446 582 notarum
1478 527 1604 581 alibi
1638 527 1801 581 etiam
1833 540 1987 594 repe-

414 620 572 676 ritur.
606 617 732 673 Haec
769 633 930 687 porro
963 618 1052 672 vix
1084 616 1363 687 quidpiam
1407 617 1738 672 difﬁcultatis
1787 618 1987 672 habere

413 712 747 777 viderentur,
788 712 833 766 si
856 718 1135 766 constaret
1164 724 1488 780 semperque
1524 711 1666 764 idem
1708 719 1850 765 esset
1884 710 1986 763 ha-

410 819 599 860 rumce
629 813 882 859 notarum
909 818 1043 858 usus
1076 823 1088 858 :
1119 817 1309 856 verum
1343 818 1450 856 non
1479 801 1553 854 ita
1579 817 1666 856 res
1699 811 1817 866 est;
1861 817 1985 856 nam

409 893 510 951 Iob
544 911 637 959 xx,
671 895 763 961 25,
801 895 855 949 in
880 895 995 950 hac
1020 894 1202 960 verba,
1229 893 1396 956 εῐπως
1414 893 1699 964 πληρῶσαι
1720 893 1985 964 γαστέρα,

409 1004 629 1053 notatur
655 996 714 1050 in
739 997 926 1050 eodem
950 995 1136 1050 codice
1153 995 1215 1048 0'.
1239 997 1304 1061 Ἀ(
1331 989 1368 1066 β
1407 965 1502 1065 [ᾗ
1555 996 1675 1048 ἀντὶ
1703 995 1797 1048 τοῦ
1814 997 1982 1059 ὅπως,

409 1101 518 1154 quo
557 1084 852 1156 significari
877 1085 1095 1154 quidem
1115 1084 1326 1137 videtur
1352 1084 1527 1138 solum
1556 1082 1984 1138 Theodotionem

412 1181 610 1234 habere
635 1178 822 1243 εῖπως,
842 1186 895 1232 et
923 1177 1116 1231 indein
1152 1175 1293 1230 LXX
1319 1177 1592 1230 invectum
1615 1174 1820 1242 fuisse;
1851 1177 1986 1231 alios

409 1271 590 1334 autem
612 1279 761 1342 ὅπως
787 1278 962 1347 legere
989 1295 1004 1341 ;
1033 1277 1126 1331 sed
1157 1286 1286 1331 nota
1317 1271 1356 1348 β.
1395 1248 1485 1348 Ιῄ
1526 1277 1656 1348 quid
1707 1278 1808 1332 sibi
1859 1278 1988 1331 velit

412 1389 519 1428 non
559 1373 632 1427 ita
664 1371 824 1426 facile
850 1371 1214 1425 estdivinare.
1271 1369 1400 1424 Plus
1447 1370 1611 1423 etiam
1659 1369 1860 1439 negotii
1906 1369 1986 1422 fa-

410 1467 576 1521 cessit
609 1465 716 1520 alia
743 1474 867 1518 nota
891 1462 995 1518 Job
1021 1478 1139 1532 cap.
1180 1479 1294 1526 xxi,
1317 1463 1376 1531 9.
1415 1461 1507 1528 21,
1541 1461 1593 1515 in
1636 1461 1799 1518 hosce
1843 1461 1983 1516 duos

411 1557 704 1614 versiculos
739 1573 752 1610 ε

482 1650 604 1702 Ὀτι
641 1649 702 1700 τὸ
725 1647 936 1717 θέλημα
968 1643 1142 1717 αὐτοῦ,
1165 1643 1378 1717 ὲνρζκῳ
1405 1641 1570 1717 abre?)
1604 1641 1719 1712 μετ’
1748 1640 1913 1695 αὐτοῦ

481 1721 590 1773 Καὶ
618 1714 1053 1790 ἀριθμοῖμηνῶν
1087 1715 1252 1768 αὑτοῦ
1279 1714 1626 1786 διῃρέθησαν.

2090 527 2155 579 ad
2187 540 2370 579 vocem
2395 523 2689 585 ἀνατεῖλαι,
2717 538 2840 577 cum
2879 552 2936 578 —.-
2966 522 3044 576 sic
3072 537 3130 576 se
3159 522 3321 576 habet
3363 537 3552 591 margo
3578 542 3590 576 :
3615 527 3664 576 ot

2089 618 2142 669 1"
2167 615 2502 683 ἀναγγεῖλαι,
2536 615 2598 669 Θ.
2640 614 2955 683 βλαστῆσαι,
3001 615 3064 667 Α.
3111 613 3448 682 ἀναφυῆναι·
3485 629 3667 670 nonne

2090 710 2204 764 haec
2245 718 2392 766 tanta
2424 718 2641 779 tamque
2664 710 2920 763 distincta
2954 708 3459 777 interpretationem
3492 709 3667 763 varie.

2091 811 2192 866 tas,
2217 801 2533 855 varietatem
2555 799 3080 869 arguitauctorum?
3108 797 3351 868 Denique
3370 813 3489 867 cap.
3513 813 3662 862 val,

2089 894 2120 960 ᾖ*
2153 892 2205 955 8,
2236 893 2302 946 ad
2344 906 2504 945 voces
2535 893 2582 943 εἰ
2617 891 2707 944 καὶ
2733 891 2835 946 sub
2867 903 2930 944 -ι-
2962 905 3151 959 margo
3177 890 3257 944 sic
3293 889 3487 943 habet:
3514 890 3664 959 ὅμως

2087 984 2133 1034 οἱ
2169 984 2241 1047 Γ’,
2269 983 2315 1034 οἱ
2344 986 2395 1033 0’
2420 981 2474 1051 ἦ.
2506 983 2652 1051 ὅμως
2685 998 2744 1034 τε
2773 983 2835 1033 Α.
2874 981 2961 1044 6.,
2997 981 3139 1035 unde
3169 987 3383 1034 constat
3409 981 3662 1050 Aquilam

2089 1071 2280 1126 saltem
2301 1081 2353 1124 ct
2384 1070 2812 1126 Theodotionem
2843 1087 2950 1126 non
2988 1071 3167 1124 minus
3205 1070 3453 1126 diversos
3485 1085 3607 1126 esse
3632 1085 3665 1124 ει

2086 1167 2198 1227 τοῖς
2223 1164 2274 1216 Γ¹
2307 1179 2470 1233 quam
2501 1166 2549 1216 oi
2583 1169 2638 1216 θ’
2669 1175 2814 1219 sunt.
2852 1163 3038 1233 (Forte
3057 1180 3148 1231 per
3169 1165 3217 1217 οἱ
3247 1163 3297 1214 I"
3325 1173 3429 1216 tres
3473 1164 3664 1217 editio-

2087 1272 2196 1319 nes,
2229 1256 2470 1327 Origenis
2504 1259 2580 1310 vel
2613 1255 2824 1310 Eusebii
2855 1255 3099 1323 Luciani,
3148 1267 3196 1309 et
3223 1255 3472 1325 Hetychii
3500 1257 3662 1310 deno-

2086 1350 2311 1417 lantur.)

2156 1445 2435 1501 Hactenus
2471 1447 2701 1501 Brianus
2730 1446 3016 1501 Waltonus
3060 1445 3166 1501 Sed
3199 1461 3323 1500 cum
3354 1444 3659 1514 perspicuis

2087 1553 2151 1591 ac
2182 1538 2317 1592 bene
2347 1539 2536 1592 multis
2567 1539 2829 1607 exemplis
2863 1538 3279 1607 probaverimus
3321 1537 3372 1588 οἱ
3425 1536 3476 1588 Γ’
3516 1536 3654 1591 nihil

2087 1626 2234 1680 aliud
2273 1627 2581 1696 significare
2625 1644 2789 1697 quam
2837 1629 3128 1698 Aquilam,
3181 1626 3571 1697 Symmachum
3610 1635 3666 1682 et

2085 1714 2538 1792 Theodotionem,
2588 1719 2731 1774 dicet
2784 1721 2925 1774 haud
2980 1720 3144 1774 dubie
3195 1720 3443 1773 eruditus
3495 1720 3664 1774 lector

481 1828 582 1885 Ubi
611 1830 808 1900 legitur
841 1830 895 1884 in
929 1829 1130 1900 codem
1164 1826 1352 1882 codice
1382 1829 1448 1894 χ(
1485 1827 1549 1879 ἐκ
1577 1826 1640 1879 θ’,
1683 1827 1730 1878 οἱ
1765 1826 1809 1896 βυ
1843 1825 1985 1879 οὓτω
2014 1809 2058 1864 Β
2087 1811 2249 1864 aliam
2269 1810 2522 1866 Waltono
2547 1814 2896 1882 quaerendam
2927 1813 3096 1868 fuisse
3126 1811 3510 1868 difficultatum
3537 1827 3664 1867 sua-

406 1930 502 1985 τοῦ
547 1899 683 1983 Genti
1031 1931 1094 1982 ὲκ
1115 1927 1208 1981 τοῦ
1249 1925 1771 1998 Ἐ6ραῖκοῦ.Τίγὰρ
1804 1925 1982 1996 χρῄζει

2091 1918 2213 1955 rum
2239 1903 2591 1968 solutionem,
2616 1913 2668 1957 et
2690 1903 2893 1958 frustra
2911 1920 3181 1974 pugnasse
3206 1904 3425 1958 doctum
3458 1903 3661 1970 virum,

407 2022 506 2092 τῆς
531 2021 707 2084 οἰκίας
739 2019 903 2073 αὑτοῦ
941 2018 1057 2089 μεθ’
1085 2017 1300 2072 ἑαυτοῦ.
1329 2017 1460 2083 Quze
1491 2017 1673 2071 omnia
1703 2017 1860 2086 quasi
1894 2019 1991 2071 ha-

2089 2002 2274 2048 notam
2299 1995 2348 2046 oi
2379 1995 2430 2046 l"
2452 1994 2590 2049 alios
2621 2011 2651 2049 a
2679 1997 2996 2050 memoratis
3021 1997 3342 2065 interpretes
3360 1997 3444 2052 vel
3469 2007 3662 2052 aucto-

409 2085 659 2169 riolando
703 2111 777 2166 ibi
827 2085 1100 2180 explicare
1141 2111 1324 2164 conati
1367 2123 1598 2174 sumus;
1648 2085 1741 2164 sed
1775 2109 1890 2163 haec
1922 2109 1982 2165 ad

2089 2101 2178 2141 res
2202 2085 2526 2154 significare.

409 2205 681 2274 specimen
721 2201 1019 2258 sufficiant.

481 2297 542 2348 Οἱ
570 2295 632 2347 Γ.
663 2298 776 2364 χδς.
810 2292 934 2349 llaec
964 2306 1088 2348 nota
1125 2293 1354 2348 habetur
1395 2293 1448 2346 in
1496 2292 1684 2348 codice
1729 2293 1844 2348 RR.
1879 2293 1984 2350 PP.

408 2386 739 2442 Jesuitarum
771 2387 962 2456 colleg.
1001 2385 1260 2442 Ludovici
1292 2385 1493 2455 Magni,
1521 2386 1616 2455 qui
1648 2387 1821 2441 codex
1856 2402 1986 2456 pro-

409 2481 601 2550 phetas
626 2481 864 2536 minores
886 2489 943 2534 et
986 2486 1175 2548 postea
1223 2479 1464 2548 majores
1494 2479 1893 2548 complectitur.
1928 2476 1984 2530 In

407 2572 548 2627 hanc
569 2572 730 2642 igitur
765 2586 975 2634 vocem,
1002 2555 1177 2635 rma“),
1210 2569 1412 2623 Thren.
1443 2586 1483 2633 ι,
1525 2569 1580 2632 8,
1630 2585 1793 2638 quam
1842 2568 1983 2621 LXX

408 2667 486 2728 εἰς
508 2663 665 2718 σάλον
691 2670 926 2728 vertunt,
957 2661 1038 2716 sic
1058 2671 1276 2716 notatur
1301 2660 1363 2716 C.
1386 2662 1435 2713 οἱ
1459 2661 1517 2714 Γ.
1550 2665 1640 2731 χδς
1663 2661 1982 2719 ἀνάστατον.

413 2756 469 2809 Si
503 2763 607 2810 stet
647 2754 736 2809 illa
758 2753 917 2809 lectio
949 2756 1078 2822 χός,
1121 2753 1201 2815 εἰς
1233 2751 1549 2821 ἀμηχανίαν
1593 2767 1753 2821 agor;
1795 2767 1981 2805 verum

411 2855 546 2916 puto
578 2846 668 2901 hic
691 2849 784 2914 χδς
816 2859 914 2914 pro
957 2843 1065 2913 χῶς
1098 2843 1232 2912 legi,
1275 2853 1329 2897 et
1373 2843 1476 2896 hac
1515 2857 1648 2896 voce
1689 2842 1983 2912 significari

409 2937 607 3006 χωρίς,
639 2943 802 3005 atque
832 2936 906 2990 ita
955 2949 1150 2989 sensus
1187 2934 1294 2988 erit
1322 2931 1734 3004 Symmachum,
1773 2936 1867 3004 qui
1894 2951 1983 2989 so-

406 3031 493 3085 lus
515 3031 570 3084 in
609 3027 842 3084 Threnis
880 3042 1006 3082 cum
1042 3026 1184 3081 LXX
1241 3027 1297 3082 in
1349 3025 1607 3096 Hexaplis
1642 3026 1711 3079 ab
1748 3024 1982 3094 Origene

407 3121 616 3175 locatus
641 3116 838 3184 fuerat,
872 3125 931 3171 ut
965 3132 1123 3188 supra
1149 3117 1410 3184 diximus,
1439 3117 1640 3172 habere
1657 3116 1976 3182 ἀνάστατον,

407 3223 462 3269 et
513 3223 623 3269 tres
663 3211 988 3281 interpretes
1038 3211 1346 3280 separatim,
1399 3219 1454 3266 et
1502 3219 1655 3266 extra
1707 3208 1974 3279 Hexapla,

408 3322 602 3373 nempe
628 3305 879 3376 Aquilam
923 3314 976 3360 et
1008 3303 1397 3376 Symmachum
1438 3315 1491 3359 et
1525 3302 1980 3366 Theodotionem,

407 3401 652 3456 eamdem
682 3399 938 3468 preferre
961 3397 1273 3454 lectionem.

480 3487 630 3551 οιιῶο
675 3488 706 3548 οἵ
745 3495 806 3548 0.
855 3491 978 3547 llzec
1024 3491 1109 3546 vel
1152 3489 1347 3546 similis
1396 3489 1498 3560 ipsi
1537 3495 1662 3542 nota
1715 3487 1984 3556 significat

405 3590 608 3659 ὁμοίως
651 3590 761 3652 τοῖς
789 3588 865 3653 0',
898 3599 1062 3656 quam
1111 3599 1235 3638 cum
1285 3598 1395 3637 non
1449 3581 1772 3652 intelligeret
1819 3579 1979 3633 Joan.

407 3682 711 3747 Curterius,
737 3681 882 3751 ὅμως
912 3694 970 3731 τε
1001 3678 1054 3729 0'
1075 3675 1187 3731 fere
1213 3690 1424 3745 semper
1447 3673 1594 3744 legit.

368 3780 374 3787 ’
414 3792 505 3849 111.
545 3792 808 3848 Probatur
848 3798 1032 3844 contra
1074 3788 1328 3843 Brianum
1364 3785 1675 3840 Waltonum
1727 3796 1904 3840 notam
1931 3789 1980 3840 οἱ

488 3865 541 3918 Γ¹
571 3865 872 3933 signiﬁcare
904 3871 1012 3933 tres
1062 3861 1366 3928 interpretes
1414 3858 1682 3928 Aquilam,
1738 3856 1984 3928 Symma-

477 3931 639 3990 chum
655 3931 720 3988 et
739 3931 1164 3986 Theodotionem.

476 4028 709 4082 Brianus
739 4025 1024 4081 Waltonus
1052 4023 1106 4078 in
1136 4023 1430 4092 Appendice
1481 4019 1745 4092 Pulygtot.
1795 4019 1981 4090 Angli-

410 4138 555 4187 can.,
585 4135 637 4190 p.
672 4119 796 4184 125,
851 4115 1112 4186 exemplis
1145 4115 1374 4185 probare
1424 4114 1615 4168 nititur
1645 4114 1693 4166 ot
1731 4114 1806 4176 1",
1860 4128 1983 4182 qua:

411 4209 849 4282 frequentissime
883 4207 939 4262 in
981 4206 1167 4262 codice
1211 4204 1621 4271 Marchaliano,
1671 4220 1817 4260 nunc
1860 4202 1977 4258 RR.

408 4301 513 4357 PP.
537 4301 888 4367 Jesuitarum,
918 4297 1177 4361 occurrit,
1214 4313 1324 4352 non
1355 4295 1668 4366 significare
1701 4297 1978 4367 Aquilam,

410 4391 796 4466 Symmachum
827 4397 880 4444 et
911 4387 1380 4452 Theodotionem;
1426 4385 1547 4455 ejus
1581 4384 1745 4440 verba
1779 4383 1981 4438 referre

409 4501 476 4540 ne
503 4499 788 4556 gravemur
819 4499 835 4538 :

485 4597 503 4629 ι
539 4579 601 4630 Οἱ
628 4577 702 4640 1",
735 4575 825 4644 qui
860 4575 1020 4629 toties
1045 4580 1341 4628 occurrunt
1393 4571 1445 4625 in
1492 4571 1735 4642 margine
1776 4570 1980 4625 codicis

408 4668 782 4733 Marchaliani,
811 4681 917 4720 non
945 4666 1199 4720 videntur
1227 4663 1395 4720 fuisse
1445 4663 1638 4733 Aquila
1663 4705 1678 4730 ,
1730 4663 1981 4734 Symma-

409 4762 546 4816 chus
583 4767 638 4813 et
673 4755 995 4820 Theodotio,
1028 4756 1171 4825 quod
1203 4755 1480 4809 nonnullis
1542 4755 1753 4807 visum:
1815 4754 1982 4823 idque

409 4853 586 4922 primo
617 4851 743 4921 quia
787 4847 998 4903 Hesaiae
1043 4863 1098 4912 χ,
1148 4846 1238 4911 29,
1281 4845 1347 4899 ad
1389 4860 1571 4898 vocem
1627 4844 1858 4913 Ἀγγαι,
1895 4860 1982 4899 se-

409 4943 643 5014 paratim
671 4942 724 4997 hi
749 4955 941 4996 omnes
979 4949 1031 4994 et
1064 4939 1318 4993 distincte
1369 4937 1738 5003 adducuntur,
1769 4938 1876 4992 imo
1927 4945 1981 4992 et

409 5034 765 5091 diversimode
821 5033 1256 5102 interpretantes.
1314 5031 1375 5084 Θ.
1415 5045 1544 5086 vero
1584 5030 1862 5099 signanter
1912 5044 1978 5085 eo

407 5129 513 5184 loci
544 5128 827 5198 κατάδυμα
868 5126 1094 5181 vertisse
1137 5124 1353 5191 dicitur,
1389 5123 1535 5193 quod
1574 5123 1863 5192 κατάλυμα
1902 5123 1980 5178 le-

408 5221 641 5290 gendum
674 5219 877 5289 potius,
910 5217 998 5272 cui
1047 5231 1173 5271 mox
1208 5216 1496 5285 apponitur
1529 5216 1683 5285 ὅμως
1723 5217 1774 5267 οἱ
1809 5215 1883 5269 Γ’.
1917 5215 1982 5269 At

407 5325 537 5365 vero
555 5312 600 5365 si
629 5309 759 5365 dicti
786 5309 945 5364 modo
970 5309 1292 5377 interpretes
1311 5308 1471 5361 iidem
1498 5317 1681 5363 essent
1701 5307 1796 5376 qui
1824 5309 1872 5360 oi
1904 5308 1978 5373 1",

409 5410 554 5458 certe
580 5401 725 5472 quod
761 5401 1109 5471 subjungitur
1138 5401 1286 5469 ὅμως
1315 5399 1364 5452 οἱ
1400 5398 1452 5450 Γ’
1488 5414 1600 5454 non
1648 5399 1829 5453 minus
1881 5414 1982 5452 nu-

409 5494 612 5564 gaciter
642 5502 696 5546 et
728 5490 906 5561 inepte
933 5491 1243 5556 adderetur,
1290 5506 1453 5560 quam
1511 5494 1557 5547 si
1593 5489 1718 5561 quis
1755 5489 1979 5556 diceret,

406 5582 625 5648 Clotho,
682 5581 946 5638 Lachesin
994 5591 1049 5638 et
1081 5583 1322 5652 Atropon
1350 5623 1365 5648 ,
1425 5584 1712 5640 imminere
1761 5582 1980 5636 stamini

407 5677 530 5731 vitae
563 5676 835 5741 humana,
862 5673 991 5745 quin
1021 5676 1183 5729 etiam
1212 5683 1265 5730 et
1296 5683 1406 5732 tres
1444 5678 1643 5734 Parcas
1674 5675 1776 5730 hoc
1803 5675 1981 5744 ipsum

408 5767 584 5825 facere
622 5787 634 5828 ἡ
677 5767 898 5823 fuerunt
937 5781 1069 5837 ergo
1097 5766 1188 5820 alii
1212 5774 1266 5821 et
1289 5767 1402 5835 alii,
1449 5781 1558 5822 non
1589 5766 1772 5824 minus
1799 5782 1828 5822 a
1865 5771 1978 5833 τοῖς

2159 2177 2252 2231 llla
2285 2194 2412 2233 vero
2450 2187 2577 2232 nota
2606 2180 2655 2230 ot
2703 2179 2754 2231 l"
2792 2194 2900 2232 non
2959 2179 3012 2233 in
3059 2179 3247 2235 codice
3294 2179 3664 2235 Marchaliano

2086 2276 2298 2322 tantum
2331 2271 2611 2333 occurrit,
2663 2270 2756 2325 sed
2800 2270 2964 2324 etiam
3001 2271 3055 2324 in
3103 2271 3225 2325 aliis
3275 2272 3664 2328 vetustissimis

2087 2362 2399 2428 codicibus,
2439 2367 2506 2416 ad
2558 2364 2727 2418 libros
2790 2364 3026 2418 maxime
3075 2361 3362 2428 Judicum,
3422 2365 3661 2435 Regum,

2085 2450 2428 2507 Psalmorum
2457 2465 2508 2508 ct
2529 2453 2923 2522 Prophetarum
2955 2456 3220 2510 omnium.
3264 2455 3340 2508 Ex
3380 2456 3464 2509 his
3500 2471 3663 2526 porro

2085 2545 2240 2601 libris
2273 2546 2519 2615 exempla
2545 2547 2940 2612 mutuabimur,
2965 2562 3087 2617 qua:
3120 2547 3253 2600 nihil
3284 2546 3458 2611 dubii,
3489 2558 3547 2603 ut
3573 2563 3663 2603 ar-

2085 2636 2278 2699 bitror,
2314 2637 2642 2706 relinquant.

2151 2727 2278 2782 Jud.
2343 2743 2463 2797 cap.
2515 2743 2567 2790 ι,
2616 2728 2706 2792 51,
2751 2727 2841 2781 uhi
2898 2725 3222 2783 llebraicum
3281 2729 3446 2784 habet
3494 2713 3659 2798 9m),

2083 2819 2250 2874 editio
2283 2817 2528 2874 Romana
2563 2819 2821 2888 Δωμανὰ,
2847 2819 3221 2874 Coislinianus
3255 2822 3662 2878 vetustissimus

2081 2913 2276 2974 codex,
2305 2912 2522 2981 septimi
2551 2913 2767 2968 circiter
2799 2913 3008 2979 smculi,
3048 2914 3101 2968 in
3126 2917 3372 2985 margine
3407 2917 3568 2971 habet
3593 2915 3661 2972 01

2080 3000 2135 3053 I"
2161 3004 2252 3055 καὶ
2271 3002 2334 3078 τὴ
2375 3003 2699 3074 Ἐὅραῑκὸν,
2736 3007 3005 3063 Νααλάλ.
3067 3008 3133 3062 Et
3197 3022 3356 3062 versu
3414 3011 3661 3078 sequenti

2083 3093 2248 3149 Hebr.
2287 3075 2461 3160 25m,
2495 3095 2634 3150 LXX
2661 3097 2868 3167 Δαλάφ,
2897 3100 3125 3155 Coislin.
3158 3101 3210 3154 in
3234 3075 3579 3171 margine,0i
3607 3101 3660 3157 ἰν

2005 3150 2052 3213 C
2085 3187 2176 3239 καὶ
2216 3150 2298 3238 τδ⁷
2326 3150 2649 3258 σεεραῖκδν,
2694 3150 2938 3246 mea
2951 3150 3210 3257 5.1.3....
3235 3150 3339 3245 ’ἷιῖι
3356 3150 3661 3249 “sua.

2084 3277 2303 3348 Aquila,
2334 3278 2698 3349 Symmachus
2726 3292 2780 3337 et
2807 3281 3148 3338 Thcodotio?
3169 3284 3446 3354 quomodo
3469 3284 3523 3339 hi
3553 3293 3662 3341 tres

2082 3369 2260 3440 legere
2289 3371 2567 3441 potuerint
2594 3372 2693 3427 has
2728 3389 2890 3429 voces
2923 3373 3240 3442 Hebraicas,
3267 3377 3370 3432 nisi
3401 3386 3461 3432 ut
3495 3393 3659 3447 supra

2081 3460 2336 3531 leguntur
2365 3471 2488 3532 post
2517 3473 2701 3518 notam
2732 3465 2778 3518 οἱ
2804 3466 2896 3519 I"?
2920 3465 3031 3520 Cur
3065 3482 3193 3523 vero
3217 3468 3544 3525 scholiastes
3574 3471 3663 3525 ille

2082 3553 2288 3608 codicis
2313 3553 2540 3608 Coislin.
2575 3565 2684 3610 tres
2718 3554 2842 3610 illos
2865 3556 3047 3612 claros
3089 3558 3411 3628 interpretes
3461 3560 3663 3615 omise-

2081 3645 2172 3709 rit,
2219 3661 2361 3714 quos
2413 3661 2556 3715 saepe
2609 3647 2907 3717 separatim
2941 3648 2997 3701 in
3049 3649 3289 3704 medium
3325 3651 3564 3713 adducit,
3603 3659 3664 3707 ut

2081 3745 2192 3793 tres
2236 3739 2374 3794 alias
2422 3739 2710 3802 editiones,
2745 3756 2867 3811 qua:
2911 3758 3183 3811 nusquam
3230 3754 3325 3798 aut
3364 3746 3660 3815 separatim

2083 3839 2178 3885 aut
2199 3830 2536 3901 conjunctim
2559 3841 2935 3887 memorantur
2955 3834 3284 3890 adduceret?
3307 3837 3461 3902 Quod
3480 3847 3661 3892 autem

2083 3926 2257 3996 magis
2286 3935 2441 3996 urget
2473 3926 2664 3980 eodem
2704 3941 2853 3997 cap.,
2888 3943 2940 3982 v.
2980 3929 3070 3984 55.
3103 3929 3185 3982 Ad
3225 3931 3324 3985 has
3369 3945 3528 3985 voces
3559 3929 3664 3986 He-

2081 4017 2296 4074 braicas
2315 4001 2604 4082 nu‘mzm
2625 4004 2803 4109 ﬁam:
2826 4029 2978 4077 notat
2998 4021 3388 4088 Coislinianus,
3415 4024 3478 4077 Οἱ
3495 4024 3547 4075 1"
3571 4025 3663 4077 καὶ

2081 4109 2143 4162 τὺ
2185 4109 2501 4182 Ἐϐραῖκὸν,
2533 4110 2603 4165 ἐν
2639 4113 2836 4166 Αιλὼν
2885 4113 2983 4168 καὶ
3025 4113 3095 4166 ἐν
3138 4116 3476 4177 Σαλαϐείν;
3512 4113 3664 4169 Basi-

2083 4201 2270 4256 liensis
2297 4216 2423 4255 vero
2450 4201 2619 4257 codex
2651 4213 3019 4273 pervetustus,
3057 4206 3121 4257 Ui
3153 4205 3348 4269 λοιποὶ,
3379 4205 3663 4260 ἑνΑὶλὼν

2084 4294 2182 4346 καὶ
2217 4294 2286 4347 ὲν
2318 4295 2630 4349 Σαλαϐείν.
2663 4293 2835 4350 Nemo
2865 4296 3142 4366 ambigere
3173 4306 3348 4367 potest
3376 4299 3424 4351 οι
3453 4299 3504 4350 I"
3536 4310 3589 4354 et
3611 4299 3662 4353 οι

2084 4385 2260 4439 λοιποί
2288 4387 2522 4456 idipsum
2569 4402 2691 4443 esse
2725 4403 2738 4440 :
2769 4390 2817 4440 oi
2850 4389 3026 4441 λοιποί
3074 4399 3278 4453 autem,
3335 4404 3430 4446 seu
3475 4391 3661 4461 reliqui

1991 4503 2060 4562 .0
2086 4478 2418 4547 interpretes,
2447 4490 2504 4533 ut
2526 4478 2794 4548 liquidum
2817 4488 2924 4546 est,
2952 4480 3118 4536 iidem
3147 4495 3363 4550 semper
3387 4490 3535 4548 sunt,
3566 4482 3661 4546 qui

2085 4571 2138 4625 in
2163 4568 2416 4640 llexaplis
2437 4570 2617 4626 locum
2651 4571 2941 4627 habebant.
2973 4571 3039 4626 Et
3080 4571 3204 4627 Jud.
3246 4588 3367 4643 cap.
3401 4590 3501 4637 xu,
3542 4576 3573 4642 ᾖ
3609 4574 3661 4639 1,

2083 4663 2148 4718 ad
2171 4678 2353 4718 vocem
2373 4666 2619 4728 memet
2641 4665 2692 4716 1"
2702 4664 2954 4733 βερῤᾶν.
2975 4665 3044 4720 At
3069 4666 3368 4721 secundum
3395 4664 3632 4737 Hierony
3648 4694 3662 4706 -

2084 4755 2334 4820 mum,A.
2366 4755 2426 4808 Σ.
2449 4755 2536 4810 hic
2552 4755 2753 4826 βορῤἄν
2783 4756 3003 4822 habent,
3037 4765 3196 4826 atque
3219 4756 3384 4812 etiam
3412 4755 3665 4812 Theodo-

2086 4850 2163 4902 tio
2193 4847 2244 4902 in
2278 4856 2426 4902 textu
2447 4847 2552 4901 τῶν
2585 4851 2662 4912 0’,
2688 4852 2781 4918 qui
2815 4849 2883 4904 ad
2914 4848 3345 4905 Theodotionem
3381 4862 3661 4905 correctus

2083 4938 2280 4994 fuerat.
2313 4938 2415 4995 Ubi
2439 4952 2597 4996 notes
2624 4940 2918 4997 Eusebium
2946 4952 3001 4997 et
3037 4940 3457 5011 Hieronymum,
3492 4941 3663 5011 Aqui-

2085 5032 2188 5086 lam
2222 5043 2275 5086 et
2319 5032 2708 5103 Symmachum
2767 5042 3016 5099 tantum,
3055 5032 3484 5088 Theodotionem
3535 5047 3662 5089 vero

2083 5123 2363 5180 rarissime
2390 5139 2817 5180 commemorare
2850 5126 2902 5179 in
2928 5125 3066 5179 libro
3096 5123 3168 5178 De
3193 5124 3323 5178 locis
3359 5124 3658 5181 Hebraicis.

2087 5212 2190 5268 Sed
2221 5230 2286 5269 en
2309 5216 2616 5285 exemplum
2663 5216 2796 5270 adeo
2832 5215 3202 5284 perspicuum,
3263 5223 3322 5268 ut
3355 5229 3421 5269 ne
3464 5215 3662 5270 mutire

2087 5306 2304 5374 quidem
2346 5317 2534 5362 contra
2587 5309 2746 5363 liccat
2801 5324 2921 5377 cap.
2986 5324 3054 5362 xv
3106 5305 3255 5370 Jud.,
3318 5308 3349 5376 ᾖ
3395 5306 3449 5362 9.
3492 5305 3657 5360 llebr.

2085 5380 2234 5461 Tibi,
2271 5397 2410 5451 LXX
2438 5401 2496 5451 ὲν
2522 5399 2921 5470 Λεχί,1ἰοίδιὶιι.
2944 5402 3139 5453 veroin
3159 5399 3422 5467 margine,
3445 5400 3505 5452 Οἱ
3525 5398 3663 5452 Γνέν

2085 5490 2337 5560 andron,
2375 5491 2710 5559 Basilicnsis,
2741 5495 2801 5547 Οἱ
2831 5494 3027 5556 λοιποὶ,
3072 5493 3142 5545 ἐν
3178 5491 3434 5560 σιάγονι,
3489 5491 3661 5547 Ense-

2084 5584 2227 5649 hius,
2251 5587 2314 5640 A.
2342 5587 2396 5639 Σ.
2423 5587 2492 5639 ἐν
2513 5585 2770 5656 exirem,
2798 5585 3183 5658 Hieronymus,
3209 5588 3401 5655 Aquila
3423 5596 3469 5638 et
3502 5583 3660 5640 Theo-

2085 5679 2229 5731 dotio
2260 5680 2677 5747 interpretantur
2709 5679 3023 5744 maxillam;
3053 5680 3168 5746 ipsa
3191 5677 3312 5737 luce
3345 5677 3549 5733 clarius
3579 5686 3660 5732 est

2084 5768 2174 5825 hic
2194 5769 2242 5822 οἱ
2273 5770 2338 5840 Γῇ
2383 5771 2429 5824 τί
2458 5769 2656 5836 λοιποί,
2682 5780 2736 5825 et
2768 5771 2855 5830 Α..
2883 5771 2965 5840 Σ.,
3000 5770 3063 5824 Θ.
3104 5770 3339 5840 idipsum
3374 5782 3518 5822 esse.
