4122 6420
517 430 627 491 115

1790 433 1856 490 ΙΝ
1894 432 2227 490 ιιΕχΑΡιΑη
2256 433 2599 494 ORIGENIS.

3667 441 3767 498 ιη

590 550 848 623 Ejusaem
870 553 1277 624 perspicuitatis
1300 565 1382 612 est
1405 556 1558 614 locus
1576 558 1672 613 ille
1692 558 1759 613 lll
1791 559 1923 630 Heg.
1950 576 2084 622 xvn,
2118 565 2162 620 Α
2190 568 2356 615 vecta:
2383 557 2618 626 fuerant,
2653 560 2799 631 quod
2828 562 3197 618 certissimum
3227 571 3334 627 est,
3387 563 3439 619 id
3479 578 3608 618 vero
3640 565 3765 634 qui-

514 644 572 709 6,
601 644 693 699 ubi
726 645 893 701 codex
930 646 1132 718 Regius
1164 648 1325 702 habet
1354 668 1366 701 :
1405 650 1493 713 A.,
1526 652 1611 715 2.,
1643 651 1730 714 6.,
1774 652 1959 721 ἄρτον
1993 652 2091 706 καὶ

514 735 697 806 κρέας
720 736 786 790 τὸ
814 739 982 805 πρωΐ,
1004 749 1059 794 et
1087 739 1455 797 Coisiinianus
1483 742 1620 798 alter
1644 745 1815 799 codex
1848 746 2092 802 eamdem

516 828 806 883 lectionem
851 828 1040 896 aﬁ'ert,
1074 834 1357 903 praemissa
1400 842 1529 889 nota
1586 836 1635 887 oi
1669 836 1742 889 1".
1779 835 1918 902 Quid
1966 853 2093 909 ergo

513 926 645 973 sunt
672 919 723 998 oi
756 919 809 971 1"
837 920 985 975 aliud
1029 937 1191 991 quam
1223 923 1311 989 A.,
1345 924 1428 989 2.,
1456 924 1628 980 ΘῖσΕι
1661 924 1729 979 IV
1778 925 1909 998 Reg.
1952 944 2091 994 sum,

512 1007 608 1075 20,
641 995 831 1069 m‘w:
850 1012 901 1064 oi
933 1012 1007 1078 1",
1036 1014 1106 1067 ἐν
1132 1014 1362 1085 εἰρήνῃ,
1393 1017 1522 1086 quid
1560 1017 1706 1072 aliud
1745 995 1954 1074 vertere
1996 1035 2095 1090 po-

510 1108 741 1156 tuerunt
770 1104 860 1167 A.,
892 1106 977 1169 2.,
1012 1104 1103 1171 9.,
1142 1122 1306 1176 quam
1326 1108 1395 1162 ἐν
1414 1109 1620 1179 εἰρήνῃ
1643 1112 1668 1164 ?
1692 1110 1885 1168 Moneo
1911 1121 2093 1168 tamen

508 1193 678 1248 aliam
716 1194 791 1250 ibi
836 1193 1152 1267 Symmachi
1192 1199 1479 1256 lectionem
1521 1202 1699 1257 eil’crri
1725 1245 1740 1268 ,
1774 1220 2000 1275 nempe,
2036 1207 2093 1259 ὲν

524 1285 881 1359 Ἰερουσαλὴμ
905 1333 920 1355 ,
954 1291 1047 1345 sed
1095 1290 1227 1345 illud
1256 1292 1390 1347 nihil
1436 1294 1637 1364 negotii
1691 1294 1933 1365 facessit,
1966 1313 2091 1353 nam

513 1393 658 1448 smpe
692 1378 814 1434 dua:
844 1378 1161 1451 Symmachi
1196 1384 1457 1441 lectiones
1479 1386 1865 1456 proferuntur,
1902 1402 1963 1448 ut
1997 1410 2092 1449 su-

510 1485 611 1539 pra
641 1471 899 1539 diximus,
924 1487 989 1527 ex
1025 1474 1238 1531 duabus
1270 1491 1461 1547 nempe
1489 1479 1608 1545 ejus
1642 1480 1974 1538 editionibus
2001 1486 2095 1540 de—

512 1573 765 1631 sumptae.

583 1651 787 1710 Psalm.
843 1672 1009 1721 XLIX,
1060 1659 1122 1721 1,
1182 1659 1459 1717 Eusebius
1501 1670 1555 1717 et
1598 1667 1957 1737 manuscripti
1995 1669 2094 1724 ha-r

510 1744 642 1801 bent
678 1764 691 1799 :
726 1748 790 1802 Δ.
813 1789 827 1813 ,
860 1751 919 1805 2.
943 1790 957 1815 ,
1006 1752 1094 1815 8.,
1145 1754 1389 1822 ἰσχυρὸς
1427 1759 1460 1810 ό
1518 1760 1682 1825 Θεός,
1720 1757 2092 1817 Theodoretus

510 1851 663 1905 vero,
707 1841 771 1893 οἱ
807 1841 880 1906 1",
919 1843 1169 1912 ἰσχυρὸς
1218 1848 1252 1899 ό
1297 1848 1473 1914 Θεός,
1502 1848 1614 1918 jam
1646 1867 1775 1920 ergo
1830 1867 1858 1905 a
1906 1852 2092 1908 multis

511 1938 662 1986 retro
690 1933 908 1989 saeculis
932 1911 1171 1990 obtinuit
1205 1953 1337 1994 usus
1369 1911 1430 1994 ut
1455 1911 1544 2009 AZ,
1572 1943 1655 2007 2.,
1779 1942 2095 1999 dicerentur
2127 1911 2166 1965 Β

507 2024 561 2076 oi
594 2023 647 2075 I"
671 2024 752 2079 vel
775 2026 823 2077 oi
848 2029 1017 2098 τρεῖς.
1051 2027 1474 2089 Evidentissime
1496 2042 1676 2089 autem
1701 2036 1913 2104 psalmo
1940 2052 2089 2101 xcin,

510 2114 604 2169 ubi
627 2114 769 2173 LXX
795 2118 1009 2173 titulum
1034 2119 1235 2176 habent
1269 2123 1533 2196 εΨαλμὸς
1569 2127 1645 2199 τῷ
1693 2128 1888 2191 sauia,
1920 2130 2111 2185 codex.

509 2219 657 2287 unus
685 2205 864 2273 habet,
901 2208 1300 2282 ’Λνεπξγραφος
1329 2215 1481 2287 παρὰ
1525 2218 1636 2281 τοῖς
1662 2218 1717 2270 1"
1756 2219 1850 2272 καὶ
1896 2221 1952 2273 E'
1998 2222 2093 2278 καὶ

512 2297 603 2362 ς’.
634 2297 690 2351 id
737 2306 822 2354 est
857 2301 1099 2369 psalmus
1125 2314 1274 2360 caret
1309 2307 1664 2377 inscriptione
1695 2313 1838 2381 apud
1877 2322 1985 2367 tres
2010 2317 2090 2368 in-

509 2394 798 2456 terpretes,
828 2398 879 2445 et
911 2393 1053 2461 apud
1082 2392 1339 2460 Quintam
1365 2407 1417 2452 et
1450 2397 1694 2455 Sextam.
1729 2402 1813 2457 An
1844 2404 1965 2473 quis
1996 2420 2093 2459 ne-

510 2477 720 2547 gaverit
744 2478 834 2535 hic
863 2484 976 2546 τοῖς
1001 2483 1056 2535 Γ¹
1086 2484 1396 2555 signiﬁcare
1446 2489 1698 2561 Aquilam
1737 2502 1791 2548 et
1842 2494 2092 2566 Symma-

507 2567 674 2623 chum
704 2578 759 2625 et
784 2569 1256 2631 Theodotionem?
1287 2576 1489 2634 Eadem
1520 2596 1652 2637 vero
1679 2583 1798 2654 ipsa
1836 2598 1965 2641 nota
2006 2603 2092 2644 re-

509 2660 719 2730 peritur
743 2661 811 2716 ad
847 2663 1065 2719 initium
1101 2668 1297 2736 psalmi
1329 2685 1451 2726 xcv.

583 2747 797 2806 Hesaiae
851 2768 984 2809 vero
1023 2769 1145 2825 cap.
1204 2773 1243 2823 ι,
1298 2761 1330 2829 ᾗ
1376 2760 1430 2829 4,
1483 2764 1653 2819 codex
1688 2765 2091 2825 Marchalianus

511 2838 671 2896 habet
707 2858 720 2894 :
761 2844 826 2896 υἱ
862 2845 935 2911 1",
976 2851 1504 2920 πονηρευομένων,
1559 2855 1686 2911 licet
1729 2866 1912 2913 notam
1953 2861 1999 2913 oi
2036 2862 2089 2914 1"

506 2930 795 2991 Curterius
826 2953 935 2992 non
972 2942 1346 3011 exscripserit.
1403 2944 1478 3000 ibi
1511 2962 1641 3005 vero
1672 2948 2035 3023 ilieronymus
2072 2970 2086 3006 :

508 3019 726 3090 Crateri,
759 3038 1032 3097 sequentes
1066 3028 1368 3100 Hebraeum,
1399 3019 2088 3108 nenmuinterpretatisunt

516 3132 537 3165 ς
576 3116 962 3184 pessimorum.
996 3141 1015 3174 ι
1048 3122 1283 3187 Quinam
1310 3125 1386 3180 illi
1417 3130 1616 3195 cteteri,
1646 3130 1750 3185 nisi
1778 3132 1867 3195 A.,
1891 3134 1973 3196 2.,
1999 3133 2086 3198 6.,

509 3208 609 3310 qui
633 3219 685 3310 e-t
714 3210 765 3262 oi.
792 3210 885 3310 1"?
912 3210 978 3267 Et
1010 3212 1192 3271 Hesai.
1226 3232 1303 3283 vn,
1336 3216 1396 3292 6,
1420 3219 1542 3274 cod.
1584 3219 1845 3277 Marchal.
1869 3265 1883 3288 ,
1919 3222 1982 3278 Οἱ
2011 3225 2084 3289 1",
2115 3251 2158 3310 ο

507 3299 581 3352 ἐν
606 3298 680 3369 τῇ
710 3301 856 3371 χειρὶ
886 3304 1074 3359 αὐτοῦ
1092 3322 1105 3336 ο
1132 3304 1496 3378 Hieronymus
1519 3324 1666 3377 vero,
1697 3313 1910 3382 Aquila,
1938 3310 2087 3384 Sym.

505 3407 557 3446 et
596 3392 905 3460 Theodotio,
939 3415 967 3448 σς
998 3397 1053 3451 in
1102 3412 1268 3453 manu
1308 3400 1468 3469 ejus;
1509 3421 1526 3452 ι
1561 3403 1691 3472 quid
1723 3404 1959 3461 clarius?
1985 3405 2090 3462 Sed

507 3486 655 3554 quod
686 3486 824 3541 nihil
872 3488 1145 3558 relinquat
1179 3490 1331 3546 dubii
1372 3492 1489 3562 ipse
1512 3493 1795 3551 Curterius
1837 3513 1904 3551 ex
1954 3514 2085 3554 mss.

508 3574 723 3631 Hesaia:
749 3592 866 3641 Vill,
908 3577 1000 3641 21,
1030 3579 1122 3632 Διὸ
1147 3579 1212 3651 δὴ
1243 3582 1334 3635 καὶ
1364 3582 1417 3636 οἱ
1452 3586 1632 3655 τρεῖς,
1695 3585 1954 3654 ’Δκύλας,
1999 3591 2091 3644 καὶ

505 3667 717 3737 Συμμ.,
745 3668 839 3721 καὶ
853 3669 1144 3725 Θεοδὸτίων
1164 3671 1338 3737 οὕτως
1361 3675 1710 3747 ἡρμήνευσαν
1724 3695 1741 3709 ⁸
1765 3679 1818 3733 id
1833 3690 1936 3745 est,
1961 3698 2092 3752 qua-

504 3768 719 3827 propter
754 3770 858 3813 tres
890 3761 1200 3830 interpretes
1233 3763 1448 3835 Aquila,
1470 3765 1818 3838 Symmachus
1843 3781 1892 3825 et
1926 3771 2092 3827 Theo-

506 3850 675 3917 datio,
696 3851 776 3903 sic
801 3852 1213 3907 transtulerant.
1267 3853 1326 3909 Si
1366 3856 1480 3911 huic
1521 3859 1847 3916 advertisset
1893 3861 2082 3919 Walto

508 3958 638 4004 nus,
668 3956 946 4012 nunquam
978 3954 1233 4015 negasset
1264 3949 1312 4000 οἱ
1344 3948 1395 3999 1"
1431 3950 1546 4004 sive
1579 3951 1631 4003 οι
1667 3955 1815 4024 τρεῖς
1845 3968 1967 4010 esse
1999 3957 2088 4019 A.,

506 4040 593 4103 2.,
626 4039 689 4093 Θ.
734 4038 913 4110 JEq-ue
937 4040 1288 4112 perspicuum
1330 4054 1415 4100 est
1439 4046 1571 4100 illud
1621 4045 1835 4105 Hesaiae
1886 4067 1961 4118 χι,
2000 4053 2086 4117 l5,

508 4133 600 4186 tibi
628 4131 900 4188 Eusebius
935 4134 1012 4188 ait
1044 4152 1057 4187 :
1089 4135 1153 4187 Οἱ
1171 4138 1320 4207 τρεῖς
1365 4138 1670 4209 συμφώνως
1708 4140 1880 4206 οὕτως
1910 4145 2091 4216 ἡρμή-

503 4234 722 4288 νευσαν,
781 4225 879 4278 καὶ
917 4225 1340 4297 ἀναθεματίσει
1386 4227 1608 4298 Κύριος
1656 4232 1773 4300 τὴν
1799 4235 2091 4303 γλῶσσαν·

504 4314 826 4383 θαλάσσης
852 4317 1180 4386 Αἰγύπτου.
1216 4319 1295 4374 ibi
1326 4335 1456 4377 vero
1486 4320 1853 4395 Hieronymus
1881 4344 1894 4379 :
1933 4325 2088 4381 Deso~

503 4407 637 4461 (abit
671 4408 835 4478 igitur
854 4409 961 4463 sive
984 4409 1285 4479 interﬁciat,
1308 4412 1404 4466 hoc
1432 4423 1530 4478 est,
1572 4414 1993 4487 ἀναθεματίσει,
2029 4428 2089 4473 ut

508 4494 842 4565 Theodotio,
910 4500 1107 4570 Aquila
1147 4513 1197 4557 et
1263 4502 1609 4574 Symmachus
1679 4509 2084 4578 transtulerunt,

2196 650 2428 706 busnam
2471 651 2615 720 aliis,
2645 668 2809 723 quam
2846 655 3090 724 Aquilae,
3135 653 3465 726 Symmacho
3497 662 3553 711 et
3596 653 3769 712 Theo-

2195 743 2403 799 dotioni
2453 744 2748 801 convenire
2792 747 3043 815 possint?
3086 756 3142 801 et
3189 746 3466 817 quomodo
3482 750 3766 819 quadrare

2196 836 2377 890 valeat
2423 837 2490 891 ad
2524 836 2790 893 editiones
2818 836 3059 903 Eusebii,
3102 836 3331 894 Luciani
3381 848 3435 894 et
3488 838 3766 913 Hesychii,

2194 944 2315 997 quae
2346 929 2533 984 multis
2561 938 2686 1000 post
2734 927 3021 998 Origenem
3077 930 3236 986 annis
3269 930 3448 1000 primo
3493 932 3765 1002 prodiere.

2193 1016 2330 1073 Nota
2356 1019 2405 1071 oi
2433 1019 2508 1085 1",
2527 1020 2789 1075 asterisco
2814 1018 3120 1089 praemisso,
3139 1017 3369 1073 habetur
3391 1017 3553 1071 etiam
3565 1016 3765 1075 Ezech.

2196 1126 2273 1176 χι,
2302 1110 2390 1174 i5,
2417 1111 2507 1165 ubi
2534 1110 2751 1166 nonnisi
2781 1111 2847 1164 ad
2876 1109 2968 1175 A.,
2992 1109 3074 1171 2.,
3117 1108 3205 1170 8.,
3250 1108 3524 1178 pertinere
3563 1117 3764 1178 potest,

2196 1199 2449 1269 utliquet
2479 1207 2595 1256 tum
2616 1213 2682 1253 ex
2715 1198 3004 1262 asterisco,
3045 1207 3161 1252 tum
3200 1212 3266 1251 ex
3303 1196 3546 1251 vertendi
3593 1210 3765 1251 more.

2194 1287 2263 1343 Et
2288 1288 2462 1344 Ezcch
2516 1305 2607 1355 xx,
2639 1289 2729 1353 44,
2760 1296 2881 1351 731s:
2905 1298 3037 1352 mu,
3061 1288 3181 1343 cod.
3209 1286 3497 1351 Marchai.,
3525 1289 3598 1356 ὶι(
3621 1288 3670 1339 oi
3693 1286 3767 1351 l",

2193 1378 2354 1447 λέγει
2382 1379 2624 1448 Κύριος)
2654 1390 2708 1435 et
2736 1395 2882 1443 XLIV,
2911 1379 2965 1443 4,
2995 1385 3137 1444 mni,
3174 1379 3316 1446 χοὶ
3347 1378 3399 1430 Γθ
3427 1377 3656 1449 Κυρίου,
3690 1378 3769 1433 si-

2194 1471 2455 1541 miliaque
2483 1472 2651 1525 multa
2674 1471 2913 1541 adjicere
2939 1485 3249 1541 possemus.
3283 1472 3478 1527 Verum
3506 1471 3621 1526 haec
3647 1470 3769 1541 plus

2194 1577 2357 1632 quam
2387 1563 2523 1618 satis
2567 1572 2749 1617 erunt.

2265 1650 2361 1707 liis
2389 1655 2693 1723 perspectis
2724 1668 2889 1709 nemo
2930 1669 3038 1708 non
3071 1661 3236 1717 dicat,
3268 1652 3525 1708 lirianum
3557 1652 3771 1709 Walte-

2193 1759 2349 1807 num,
2397 1745 2451 1797 in
2476 1756 2961 1814 quantumcunque
2990 1744 3383 1817 εοὰμηχανιαν
3416 1759 3483 1800 ex
3521 1744 3770 1815 praemis-

2197 1836 2273 1891 sis
2303 1833 2723 1892 difﬁcultatibus
2753 1835 3049 1892 deductum
3069 1844 3306 1908 putaret,
3340 1851 3449 1891 non
3474 1836 3608 1892 satis
3633 1851 3770 1892 con-

2195 1926 2340 1981 sulto
2375 1925 2595 1993 fecisse,
2633 1942 2760 1982 cum
2813 1935 2876 1982 ut
2907 1927 2976 1982 iis
3006 1942 3065 1983 se
3113 1926 3436 1997 expediret,
3481 1926 3783 1982 afﬁrmavit

2193 2019 2242 2071 oi
2263 2017 2315 2070 1"
2342 2033 2450 2073 non
2478 2019 2790 2090 signiﬁcare
2833 2019 3088 2090 Aquilam
3111 2059 3128 2087 ,
3156 2018 3307 2091 Sym.
3346 2016 3773 2074 et-Tbeodotio-

2195 2125 2319 2165 nem
2352 2127 2365 2162 :
2393 2126 2518 2166 nam
2546 2111 2764 2181 quidvis
2787 2113 2971 2184 potius
2988 2100 3171 2168 dicere
3197 2112 3439 2183 oportuit
3460 2125 3626 2183 quam
3654 2124 3772 2167 rem

2195 2202 2567 2259 certissimam
2595 2218 2821 2275 negare.

2263 2293 2385 2350 Jam
2429 2294 2497 2350 ad
2550 2294 2735 2350 Briani
2792 2294 3038 2351 Waltoui
3086 2305 3407 2367 argumenta
3460 2299 3768 2354 veniamus.

2192 2386 2376 2445 Hesai.
2405 2404 2460 2455 ι,
2489 2387 2581 2453 29,
2631 2388 2701 2442 ad
2750 2403 2922 2442 vocem
2952 2389 3141 2458 ἀγγαί,
3173 2388 3370 2459 inquit,
3405 2389 3695 2458 separatim
3719 2396 3771 2442 et

2191 2481 2444 2535 distincte
2466 2480 2806 2534 adducuntur
2837 2480 3057 2552 (Aquila
3078 2521 3093 2547 ,
3135 2480 3340 2551 Symm.
3366 2489 3419 2535 et
3458 2478 3768 2549 Theodotio)

2191 2575 2298 2628 imo
2324 2583 2372 2628 et
2397 2573 2746 2628 diversimode
2769 2574 3192 2643 interpretantes.
3229 2573 3292 2628 Θ.
3328 2589 3449 2628 vero
3497 2574 3771 2644 signanter

2191 2682 2250 2720 eo
2279 2666 2383 2719 loci
2416 2665 2703 2737 κατάδυμα
2739 2668 2971 2721 uertisse
3008 2665 3239 2731 dicitur,
3265 2666 3442 2738 (quod
3480 2666 3772 2738 κατάλυμα

2192 2759 2465 2830 legendum
2497 2759 2733 2829 potius,)
2771 2759 2857 2812 cui
2884 2772 3005 2811 mox
3033 2758 3318 2828 apponitur
3335 2758 3486 2829 ὅμως
3514 2759 3563 2810 oi
3590 2756 3664 2810 1".
3699 2756 3772 2810 At

2191 2867 2312 2906 vero
2336 2851 2383 2905 si
2403 2851 2532 2907 dicti
2564 2853 2721 2907 modo
2752 2852 3061 2920 interpretes
3095 2851 3259 2904 iidem
3283 2857 3454 2904 essent
3490 2848 3580 2919 qui
3613 2849 3666 2901 oi.
3691 2848 3767 2914 1",

2192 2952 2329 2997 certe
2346 2944 2486 3014 quod
2512 2942 2852 3014 subjungitur
2882 2945 3030 3015 ὅμως
3052 2944 3102 2997 οἱ
3126 2943 3203 3009 Γ¹,
3247 2958 3352 2997 non
3388 2942 3562 2995 minus
3603 2956 3770 3009 nuga-

2170 3033 2322 3091 ,citer
2345 3040 2394 3086 et
2424 3032 2596 3100 inepte
2624 3032 2930 3097 adderetur,
2963 3047 3121 3102 quam
3153 3032 3201 3084 si
3226 3032 3345 3101 quis
3381 3030 3607 3093 diceret,
3644 3027 3769 3084 ϐίος

2193 3123 2301 3190 tho,
2338 3123 2596 3178 Lachesin
2621 3133 2669 3177 et
2699 3124 2956 3193 Atropon,
2988 3124 3260 3178 imminere
3280 3123 3497 3176 stamim’
3522 3122 3645 3178 vita
3667 3121 3768 3175 hu-

2192 3232 2384 3281 manae,
2418 3217 2545 3285 quin
2582 3217 2744 3270 etiam
2783 3224 2834 3271 et
2857 3227 2959 3270 tres
2989 3216 3192 3270 Pareas
3235 3217 3331 3270 hoc
3354 3217 3527 3284 ipsum
3553 3215 3767 3289 facere;

2195 3308 2408 3377 {uerunt
2439 3323 2560 3377 ergo
2592 3306 2688 3360 alii
2708 3316 2758 3361 et
2779 3307 2898 3373 alii,
2925 3323 3026 3362 non
3054 3307 3228 3360 minus
3255 3323 3286 3360 a
3311 3309 3424 3370 τοῖς
3456 3307 3508 3358 1"
3539 3320 3699 3375 quam
3735 3322 3769 3357 a

2193 3413 2248 3451 se
2262 3397 2483 3451 invicem
2506 3396 2721 3451 diversi.

2260 3487 2333 3543 Ut
2384 3487 2719 3560 propositam
2768 3487 3147 3545 difﬁcultatem
3201 3488 3419 3544 facilius
3474 3488 3764 3557 intemgas,

2192 3579 2449 3636 observes
2480 3588 2714 3650 oportet,
2739 3579 2829 3636 hic
2853 3581 2910 3634 in
2945 3588 3092 3635 textu
3119 3578 3325 3634 codicis
3356 3576 3708 3633 Marchaliani
3735 3592 3769 3633 ιι

2194 3672 2446 3729 Curterio
2475 3674 2607 3729 editi
2636 3674 2764 3745 legi,
2791 3673 2903 3727 Καὶ
2932 3672 3052 3744 ἥξει
3083 3674 3163 3737 εἰς
3221 3670 3435 3742 Ἀγγαί.
3476 3669 3643 3732 Φόὸος
3674 3668 3768 3739 λή-

2190 3764 2351 3835 ψεται
2399 3767 2579 3837 Ῥαμὰ
2617 3765 2772 3819 πόλιν
2815 3765 3016 3820 Σαούλ’
3058 3765 3311 3834 φεύξεται
3344 3762 3609 3834 θυγάτηρ,
3658 3767 3767 3816 etc.

2191 3856 2248 3911 1n
2284 3858 2529 3929 margine
2558 3873 2682 3913 vero
2714 3860 2782 3912 ad
2815 3873 3003 3913 vocem
3050 3857 3263 3927 ’Λγγαί,
3306 3857 3405 3912 has
3439 3863 3598 3910 notas
3634 3868 3767 3913 con.-

2192 3960 2488 4022 sequenter
2514 3950 2643 4021 legi.

2403 4048 2468 4099 Α.
2498 4044 2962 4099 ΛΥΛῙΣΤΗΡΙΟΝ

2404 4136 2462 4191 Σ.
2494 4134 2845 4187 ΑΥΛΙΣΜΟΣ

2401 4229 2462 4284 Θ.
2500 4229 2886 4283 ΚΑΤΑΛΥΜΛ
2921 4228 3120 4281 ΟΜΩΣ.

2403 4324 2468 4375 01
2494 4322 2554 4375 Γ.

2404 4416 2470 4483 χ
2501 4411 2945 4467 XPEMETI2ON
2968 4411 3056 4463 eo

2402 4507 2551 4559 NHN
2580 4505 2711 4558 ΣΟΥ

508 4610 528 4643 ι
563 4591 804 4661 linguam
853 4593 1021 4646 maris
1058 4593 1355 4665 Egypti.)
1410 4595 1476 4651 Et
1533 4596 1742 4654 liesaiae
1796 4617 1923 4666 LW,
1992 4602 2091 4668 i6,

2259 4595 2359 4651 Hic
2407 4597 2452 4652 si
2486 4598 2635 4668 ὅμως
2654 4597 2704 4649 oi
2730 4595 2783 4647 1"
2806 4628 2824 4667 χ
2848 4609 2963 4665 .ege
3002 4592 3199 4666 ὁμοίως
3240 4593 3290 4646 oi
3333 4591 3423 4662 1")
3455 4589 3766 4647 necessario

501 4691 667 4747 W3,
710 4684 836 4737 cod.
867 4682 1129 4740 Marchal.
1174 4688 1242 4741 οι
1290 4689 1378 4753 1",
1405 4689 1479 4744 ἐν
1505 4692 1682 4760 πυρί·
1735 4693 1957 4762 quinam
2006 4696 2083 4750 illi

503 4784 616 4829 tres
649 4774 755 4830 nisi
791 4775 881 4841 A.,
911 4777 994 4843 2.,
1022 4776 1132 4831 ΘΛ
1160 4793 1287 4833 nam
1322 4783 1599 4850 quomodo
1626 4784 1716 4852 A.,
1738 4785 1822 4850 2.,
1849 4784 2085 4851 6.,tDN3

504 4874 715 4922 vertere
740 4869 1040 4937 potuerint,
1066 4870 1170 4926 nisi
1194 4874 1257 4925 ὲν
1287 4872 1457 4946 πυρίῖ
1480 4872 1626 4930 idem
1661 4876 1814 4932 dicas
1836 4892 1957 4947 cap.
1994 4895 2080 4945 LV,

513 4955 561 5021 Ι,
603 4956 693 5010 ubi
721 4965 788 5044 ἶν’
816 4961 866 5011 oi
918 4960 971 5012 1"
1010 4957 1172 5016 οῖνον.
1214 4961 1282 5055 βε
1311 4963 1439 5018 ibid.
1468 4981 1521 5019 ν.
1558 4966 1613 5031 5,
1641 4975 1742 5055 ῙΠ,
1772 4969 1821 5022 oi
1850 4969 1902 5021 1"
1929 4970 2079 5025 1606'

504 5056 560 5102 et
580 5063 703 5119 cap.
730 5035 849 5117 'Lvr,
885 5052 988 5118 10,
1018 5060 1137 5116 ἰν-ς’
1177 5035 1269 5117 NL).
1304 5056 1356 5109 oi
1396 5057 1478 5123 1",
1519 5035 1979 5129 σῦκ’ἐγνωσαν·
2029 5071 2085 5118 et

501 5156 659 5206 Lvm,
688 5142 742 5207 4,
777 5151 840 5226 πη
861 5145 909 5197 οι
939 5144 1196 5207 Γ’,,ὶδού.
1254 5146 1488 5214 Quinam
1521 5152 1611 5205 alii
1650 5154 1860 5222 possint
1901 5155 1953 5209 in
1996 5155 2083 5212 his

498 5233 765 5303 exemplis
795 5234 1019 5307 intelligi
1057 5238 1109 5290 οἰ
1143 5239 1195 5291 Γ¹
1232 5240 1338 5296 nisi
1359 5241 1579 5311 Aquila,
1625 5243 1991 5317 Symmachus
2029 5260 2085 5305 et

498 5321 802 5380 Theodotio
824 5326 847 5379 ?

574 5413 815 5485 1dipsum
852 5427 1032 5474 autem
1052 5420 1258 5478 dixeris
1282 5422 1478 5481 Ezech.
1505 5443 1581 5494 IV,
1615 5429 1868 5500 15,_nm
1892 5417 2078 5500 DD'IS.

496 5507 594 5561 ubi
618 5508 784 5563 codex
810 5509 1093 5578 Marchal.,
1117 5516 1185 5585 >ε<
1210 5516 1261 5568 oi
1290 5517 1363 5582 1",
1395 5518 1502 5573 τὸν
1514 5520 1697 5588 ἄρτον
1712 5494 1918 5578 ια-ὐτῶν
1938 5494 2083 5581 ded;

498 5597 884 5668 (iaptor'ubi
921 5606 1221 5660 notandum
1254 5616 1339 5665 est
1369 5610 1460 5666 hic
1495 5621 1549 5667 et
1579 5613 1633 5667 in
1680 5615 1860 5671 allatis
1896 5633 2082 5673 exem-

492 5690 607 5761 plis
628 5705 769 5760 saepe
787 5702 972 5750 notam
995 5697 1046 5747 oi
1072 5697 1122 5748 1"
1140 5700 1484 5767 praemissum
1510 5705 1831 5761 asteriscum
1857 5708 2078 5772 habere,

498 5781 628 5851 quia
665 5783 919 5839 lectiones
968 5787 1130 5842 trium
1175 5791 1534 5862 interpretum
1569 5813 1692 5851 cum
1729 5800 1994 5855 asterisco
2024 5801 2078 5855 in

497 5871 794 5928 editionem
825 5874 933 5928 τῶν
966 5874 1023 5931 Οε
1051 5876 1405 5951 hexaplarem
1443 5884 1513 5939 ab
1565 5885 1685 5955 ipso
1721 5884 1952 5956 Origene
1992 5887 2079 5941 in-

2188 4689 2553 4761 conjungatur
2573 4704 2698 4744 cum
2722 4690 2811 4755 A.,
2840 4688 2925 4754 2.,
2946 4687 3037 4755 6.,
3069 4684 3612 4755 interpretationibus
3628 4697 3766 4754 prte-

2188 4782 2417 4852 positis,
2460 4781 2532 4835 ita
2582 4789 2643 4834 ut
2677 4788 2800 4850 post
2831 4779 3013 4834 datam
3057 4778 3399 4849 singulorum
3451 4778 3765 4842 lectionem,

2186 4889 2309 4945 qua:
2346 4873 2570 4944 respicit
2592 4889 2782 4929 vocem
2818 4872 3142 4929 Hebraicam
3169 4856 3316 4961 p512,
3349 4871 3478 4927 huic
3501 4870 3766 4941 adjunga—

2189 4973 2274 5020 tur
2299 4965 2499 5037 ὁμοίως
2527 4965 2577 5017 oi
2602 4965 2676 5034 1",
2707 4971 2854 5021 recte
2876 4966 3042 5021 haeret
3067 4963 3376 5025 Waltonus,
3410 4978 3534 5017 cum
3566 4962 3765 5022 dicitur
3874 4964 3881 4969 ’

2187 5068 2297 5114 tres
2327 5058 2579 5113 similiter
2613 5057 2866 5121 vertisse,
2902 5065 3192 5128 postquam
3225 5056 3453 5111 diversa:
3486 5054 3765 5113 triumAe—

2187 5150 2398 5207 ctiones
2429 5151 2606 5206 allatae
2641 5162 2790 5207 sunt.
2824 5149 3027 5205 Verum
3074 5150 3245 5204 facilis
3288 5149 3395 5205 erit
3431 5147 3765 5207 diﬁicultaltis

2186 5243 2407 5313 solutio,
2438 5244 2485 5299 si
2517 5243 2767 5300 dicamus
2794 5244 2994 5315 ὁμοίως
3017 5244 3067 5296 ot
3100 5241 3152 5293 1"
3176 5240 3444 5311 respicere
3467 5241 3764 5312 quamdam

2185 5351 2251 5391 ex
2289 5335 2645 5406 sequentibus
2678 5334 3031 5398 vocibus,vel
3061 5332 3345 5397 clausulis,
3382 5332 3615 5387 ettmale
3639 5346 3767 5387 con-

2179 5427 2336 5500 jungi
2382 5429 2524 5483 hanc
2568 5437 2753 5483 notam
2788 5441 2912 5482 cum
2957 5425 3282 5495 prmcedenti
3309 5422 3505 5495 ,'quod
3541 5438 3741 5480 sexcen

2185 5520 2287 5574 ties
2313 5519 2529 5574 accidit.
2559 5519 2747 5589 itaque
2769 5519 2985 5587 opinor,
3015 5517 3219 5588 ὁμοίως
3257 5518 3307 5571 oi
3337 5517 3390 5570 1"
3421 5518 3764 5588 conjungen-

2183 5611 2313 5666 dum
2335 5626 2456 5666 esse
2479 5625 2604 5665 cum
2630 5611 2874 5680 sequenti
2894 5611 3128 5666 lectione
3150 5611 3434 5682 marginali
3469 5613 3538 5679 χ(
3558 5607 3764 5682 χρεμε-

2184 5719 2332 5757 τισον
2362 5703 2545 5772 φωνήν
2567 5719 2681 5764 σου,
2710 5684 2843 5787 151p
2871 5684 3003 5760 ἰΒηῖ
3030 5719 3044 5753 :
3077 5717 3202 5756 nam
3229 5702 3308 5757 sic
3338 5702 3436 5757 has
3456 5714 3616 5756 voces
3645 5714 3765 5752 ver-

2185 5804 2298 5849 tere
2330 5793 2507 5848 solent
2544 5793 2610 5853 A.
2631 5835 2646 5860 ,
2671 5794 2732 5846 Σ.
2756 5833 2771 5856 ,
2799 5794 2861 5847 Θ.
2912 5795 3102 5862 Itaque
3147 5808 3343 5849 sensus
3384 5791 3490 5846 erit
3511 5788 3764 5844 similiter

2185 5894 2289 5938 tres
2312 5885 2637 5952 interpretes,
2671 5898 2864 5956 nempe
2887 5886 2976 5953 A.,
3002 5885 3086 5953 2.,
3113 5885 3200 5953 0.,
3228 5883 3546 5954 χρεμέτισον
3574 5877 3764 5947 φωνήν
