4122 6442
438 417 540 468 H5

1793 414 2313 470 PRELIMINARIA

3574 412 3673 469 “6

437 544 552 584 σου.
600 527 724 586 Haec
769 532 992 587 omnino
1035 533 1353 589 verisimilia
1393 545 1541 589 sunt.
1585 532 1643 588 Si
1675 543 1854 590 tamen
1895 535 2002 590 alio
2033 541 2076 597 Α
2105 543 2474 590 commentum
2499 535 2565 589 de
2599 535 2774 589 tribus
2806 532 3138 588 editionibus
3169 532 3284 602 jam
3329 531 3674 587 exsuﬂlatum

437 623 601 678 modo
629 631 681 678 te
707 624 959 694 expedire
992 625 1158 688 velis,
1189 641 1321 681 cave
1355 626 1508 681 dicas
1544 642 1783 696 unquam
1804 669 1821 689 ,
1867 629 1918 681 οἱ
1950 629 2002 680 1"

436 728 543 769 non
573 715 878 784 signiﬁcare
906 717 998 784 A.,
1025 719 1110 780 Σ.,
1133 718 1222 784 8.,
1259 719 1313 772 id
1342 719 1542 788 quippe
1573 734 1682 773 non
1723 719 1850 774 licet
1880 729 2004 789 post

435 811 516 858 tot
534 805 694 860 allata
725 807 1062 861 testimonia.
1083 806 1353 863 Caeterum
1381 809 1533 879 ὅμως
1569 809 1710 864 male
1750 825 1782 863 a
1818 809 2006 864 Cui-te-

435 896 519 952 rio
546 897 744 953 lectum
774 898 946 954 fuisse.
967 915 1068 968 pro
1102 899 1324 970 ὁμοίως,
1351 915 1494 970 saepe
1515 900 1880 956 ostendimus.
1907 901 2006 958 llic

433 989 594 1044 etiam
618 991 762 1044 male
784 992 1093 1062 κατάδυμα,
1121 1009 1220 1064 pro
1251 994 1541 1065 καταλυμα
1567 995 1762 1065 legitur
1781 1036 1796 1060 ,
1829 1004 1888 1049 ut
1915 995 2005 1051 ob-

433 1089 612 1137 servat
644 1079 954 1138 Waltonus.

503 1173 756 1229 Alterum
805 1173 1046 1232 Waltoni
1097 1185 1476 1248 argumentum
1527 1179 1832 1247 hujusmodi
1871 1187 2001 1234 est:

433 1262 570 1317 Dein
597 1280 716 1334 cap.
745 1265 875 1331 xm,
911 1268 966 1336 ᾗ.
1001 1268 1054 1333 9,
1093 1269 1162 1321 ad
1193 1284 1365 1322 vocem
1390 1269 1671 1322 ἀνατεῖλαι.
1688 1285 1804 1322 cum
1837 1298 1894 1324 -.—
1927 1269 2004 1322 sic

431 1373 487 1412 se
521 1356 677 1412 habet
703 1374 885 1430 margo
902 1375 921 1414 :
945 1362 1007 1413 Οἱ
1039 1361 1112 1428 Γ’,
1135 1361 1504 1431 ἀναγγεῖλαι,
1537 1362 1600 1415 Θ.
1624 1359 2001 1429 βλαστῆσαι,

432 1448 497 1502 Δ.
527 1447 908 1518 ἀναφυῆναι;
941 1465 1110 1505 nonne
1142 1453 1253 1508 [uec
1296 1462 1445 1506 tanta
1497 1461 1706 1521 tamque
1749 1452 2006 1505 distincta

433 1539 899 1608 intepretationum
914 1545 1144 1597 varietas
1170 1545 1476 1597 uarietatem
1498 1544 1674 1612 arguit
1701 1546 2005 1599 auctorum?

503 1627 631 1684 Haec
657 1633 704 1687 si
735 1634 1044 1689 accuratius
1073 1635 1443 1691 examinasset
1472 1633 1784 1699 Waltonus,
1827 1635 2005 1689 mani-

432 1720 569 1778 festa
590 1724 674 1778 vel
701 1723 910 1780 librarii
941 1726 1026 1780 vel
1048 1725 1282 1782 Curterii
1321 1727 1517 1781 menda
1549 1727 1661 1782 duo
1701 1725 2004 1795 deprehen-

433 1814 627 1871 disset.
657 1815 898 1872 Primum
928 1829 1036 1885 est,
1070 1819 1217 1889 quod
1241 1821 1290 1872 oi
1330 1820 1383 1872 l"
1419 1820 1632 1890 legatur
1665 1834 1765 1888 pro
1798 1821 1878 1885 0',
1909 1817 1999 1882 C.,

431 1904 491 1959 id
525 1916 609 1962 est
647 1905 790 1960 LXX
819 1918 872 1963 et
895 1908 1274 1978 Symmachus,
1305 1925 1427 1980 qua:
1449 1910 1678 1964 mutatio
1721 1909 1915 1963 facilis.
1943 1907 2000 1962 ld
2033 1891 2074 1946 Β

431 2011 568 2054 vero
597 1997 759 2054 docet
806 1999 1001 2054 eadem
1027 2000 1349 2055 Gurteriana
1395 2001 1584 2068 editio,
1629 2001 1720 2056 ubi
1766 2000 1834 2054 ad
1886 1999 2002 2054 haec

431 2083 597 2138 verba
625 2084 822 2154 legitur
847 2088 903 2140 in
935 2087 1326 2142 Commentario
1355 2087 1628 2159 Procopii,
1653 2091 1681 2142 ὀ
1708 2089 2001 2160 Σύμμαχος

430 2171 608 2244 εἶπεν,
637 2178 744 2249 πρὸ
760 2178 854 2232 τοῦ
881 2181 1221 2248 ἀναγγεῖλαι,
1243 2190 1348 2237 elc.
1399 2180 1709 2236 Secundum
1743 2181 2002 2236 mendum

431 2276 538 2334 est,
567 2268 716 2338 quod
747 2270 1036 2340 utrobique
1069 2271 1280 2339 legatur
1315 2273 1631 2341 ἀναγγεῖλαι
1665 2288 1762 2342 pro
1789 2273 2004 2326 ἀνατεῖ-

429 2353 542 2423 λαι,
583 2375 860 2428 nunquam
891 2363 1037 2416 enim
1070 2378 1258 2418 vocem
1286 2375 1526 2426 mnam
1560 2366 1812 2420 vertisset
1843 2363 2004 2436 Sym-

431 2453 662 2509 machus
685 2454 1020 2523 ἀναγγείλαι.
1070 2455 1258 2526 Itaque
1281 2467 1463 2512 nolam
1493 2459 1575 2514 sic
1619 2459 1766 2529 legas
1808 2463 1886 2526 0’,
1914 2459 2000 2523 Σ..

427 2544 769 2610 ἀνατεῖλαι,
797 2547 859 2601 Θ.
912 2547 1265 2616 βλαστῆσαι
1289 2589 1306 2614 ,
1353 2550 1417 2604 Δ.
1453 2550 1818 2620 ἀναφυῆναι.
1865 2548 2001 2604 Nam

431 2634 574 2690 LXX
610 2646 670 2692 ut
698 2636 1062 2709 Symmachus
1077 2642 1354 2695 ἀνατεῖλαι
1383 2643 1638 2712 primitus
1667 2643 1928 2698 habuere.

501 2729 746 2786 Tertium
769 2743 1149 2804 argumentum
1176 2735 1381 2805 profert
1398 2735 1684 2792 Waltonus
1711 2753 1725 2788 :
1747 2736 1999 2807 Denique,

435 2824 538 2888 ait,
567 2840 686 2893 cap.
719 2841 867 2890 Lm,
907 2827 1040 2893 v.8,
1091 2827 1160 2881 ad
1199 2844 1345 2883 voces
1372 2831 1420 2882 al
1450 2830 1544 2882 καί
1589 2828 1683 2884 sub
1719 2843 1782 2884 οιν-
1817 2847 2002 2900 margo

429 2915 509 2969 sic
533 2915 708 2980 habet,
741 2919 930 2989 ’Ὁμως
950 2921 1000 2974 οἱ
1023 2924 1102 2985 0',
1132 2921 1188 2991 ἢ,
1216 2922 1365 2992 ὅμως
1395 2938 1454 2974 τε
1480 2922 1568 2986 Δ.,
1597 2921 1684 2983 Θ..
1719 2921 1856 2974 unde
1877 2937 2004 2974 con-

429 3015 539 3058 stat
567 3005 818 3076 Aquilam
845 3009 1033 3062 saltem
1058 3020 1108 3063 et
1141 3009 1544 3065 Theodotionem
1579 3027 1682 3064 non
1708 3011 1880 3064 minus
1915 3011 2002 3063 di-

429 3113 604 3151 uersos
627 3115 740 3153 esse
771 3116 805 3152 a
831 3103 944 3164 τοῖς
971 3102 1022 3153 Γ¹
1046 3118 1205 3172 quam
1232 3107 1280 3156 oi
1313 3107 1366 3157 0'
1395 3113 1546 3159 sunt.
1571 3102 1755 3174 (Forte
1768 3119 1859 3172 per
1886 3103 1935 3156 οἱ
1952 3102 2002 3154 1"

2105 638 2210 682 681..

2176 717 2330 785 Quod
2364 719 2430 773 ad
2471 728 2653 774 notam
2677 734 2808 773 vero
2848 720 3064 784 attinet,
3101 719 3226 772 dico
3270 718 3342 772 ita
3391 717 3675 785 legendum

2105 824 2248 872 esse,
2291 809 2522 879 Ὁμοίως
2546 810 2596 861 ot
2617 809 2688 872 1",
2722 809 2771 876 gl
2796 809 2873 871 0',
2906 808 2938 877 ἢ
2967 806 3166 878 ὁμοίως
3212 809 3323 870 τοῖς
3363 809 3466 871 Ah,
3499 806 3587 862 Θ..
3617 814 3678 860 ut

2103 902 2309 972 passim
2360 902 2622 971 probatur
2669 902 2722 954 in
2777 902 2922 955 notis
2983 901 3050 955 ad
3094 900 3396 954 llesaiam:
3447 914 3572 952 nam
3620 899 3678 953 iu

2105 992 2477 1048 Marchaliano
2509 992 2719 1057 codice,
2759 992 2849 1046 ubi
2883 992 3031 1061 ὅμως
3061 991 3290 1060 legitur,
3326 998 3450 1059 post
3477 987 3548 1044 Μ.
3591 1003 3680 1044 su-

2106 1101 2204 1154 pra
2242 1085 2498 1140 scribitur
2527 1083 2725 1138 lineola
2755 1098 2877 1153 quae
2895 1081 3165 1152 signiﬁcat
3194 1099 3242 1134 οι
3277 1100 3292 1134 :
3320 1079 3677 1150 quamobrem

2105 1178 2388 1248 legendum
2418 1177 2650 1246 ὁμοίως·
2687 1175 2776 1228 ubi
2803 1174 3088 1228 Curterius
3138 1171 3265 1240 legit
3306 1187 3400 1236 τε,
3431 1170 3475 1222 Τ
3499 1168 3678 1223 solum

2105 1268 2355 1332 habetur,
2414 1282 2580 1336 supra
2613 1266 2792 1334 posita
2828 1280 3060 1320 recurva
3119 1263 3284 1328 linea,
3344 1277 3468 1332 qua:
3513 1259 3680 1315 efilcit

2106 1359 2394 1414 articulum
2426 1363 2560 1421 τοῖς,
2585 1369 2646 1412 ιιι
2687 1358 2822 1427 ipsis
2857 1357 3034 1413 oculis
3077 1354 3305 1424 inspexi.
3345 1351 3458 1408 Hac
3503 1352 3678 1423 posita

2103 1451 2335 1505 lectione
2362 1451 2486 1505 dico
2521 1451 2756 1520 primam
2783 1457 2969 1503 notam
3005 1446 3235 1518 Ὁμοίως
3251 1446 3300 1500 oi
3321 1446 3374 1499 Γ
3408 1445 3490 1500 vel
3515 1444 3682 1516 perti-

2105 1559 2231 1597 nere
2262 1543 2328 1596 ad
2375 1543 2610 1612 aliquam
2635 1557 2823 1596 vocem
2852 1541 3005 1611 prius
3037 1541 3270 1608 positam
3292 1579 3307 1604 ,
3347 1539 3432 1593 vel
3473 1537 3681 1609 signiﬁ-

2105 1649 2229 1688 care
2261 1645 2369 1688 tres
2399 1635 2717 1703 interpretes
2772 1635 2822 1686 εἰ
2869 1632 2961 1686 καί
3002 1633 3220 1697 habere,
3275 1631 3349 1685 ita
3395 1639 3576 1685 tamen
3621 1638 3682 1686 ut

2103 1728 2153 1779 οἱ
2182 1728 2236 1780 0’
2269 1727 2302 1798 ἢ
2333 1727 2534 1796 ὁμοίως
2552 1730 2663 1789 τοῖς
2703 1727 2790 1790 A.,
2824 1725 2886 1778 Θ.
2922 1724 2973 1779 id
3007 1733 3110 1791 est,
3143 1721 3286 1778 LXX
3314 1732 3367 1778 et
3393 1721 3588 1793 Aquila
3625 1730 3680 1778 et

2107 1817 2410 1873 Theodotio
2440 1819 2474 1889 ἦ
2514 1835 2612 1889 pro
2639 1821 2687 1872 εἰ
2712 1819 2968 1873 habeant.
3007 1816 3074 1872 Ut
3121 1826 3180 1870 ut
3214 1832 3341 1871 vero
3378 1815 3473 1878 sit,
3521 1830 3676 1870 erro-

2104 1927 2220 1966 rem
2249 1912 2455 1966 librarii
2483 1913 2567 1967 his
2595 1913 2648 1966 in
2681 1913 2900 1966 casibus
2938 1911 3119 1981 potius
3147 1911 3440 1980 suspiceris
3461 1948 3476 1974 ,
3511 1924 3675 1980 quam

2104 2019 2218 2057 rem
2254 2003 2376 2058 luce
2425 2003 2711 2059 clariorem
2765 2019 2949 2071 neges,
3001 2001 3253 2056 videlicet
3301 2002 3425 2064 τοὺς
3474 1998 3526 2052 Γ’
3555 2015 3677 2055 esse

2103 2093 2379 2164 Aquilam,
2405 2091 2794 2164 Symmachum
2825 2102 2882 2148 et
2917 2091 3368 2147 Theodotioneni.

2172 2185 2330 2239 Certe
2353 2185 2611 2240 librarios
2641 2185 2694 2239 in
2720 2184 3036 2255 hujusmodi
3061 2185 3204 2240 notis
3229 2199 3336 2238 non
3368 2182 3680 2252 infrequen-

2105 2284 2184 2329 ter
2203 2291 2388 2332 errare
2409 2277 2891 2346 deprehendimus,
2915 2287 2974 2331 ut
2989 2275 3219 2332 Coislin.
3246 2275 3481 2330 eximius
3509 2275 3680 2331 codex

2102 2365 2169 2419 lll
2201 2367 2332 2438 Reg.
2369 2384 2460 2432 xv,
2496 2368 2564 2422 12
2593 2387 2606 2423 :
2635 2373 2713 2433 θ’,
2741 2369 2815 2435 l",
2843 2369 2943 2432 τὰς
2967 2366 3189 2431 τελετὰς
3215 2406 3232 2432 ,
3271 2366 3471 2437 ὁμοίως
3513 2368 3562 2419 oi
3602 2365 3678 2430 Γ,

2103 2461 2196 2514 ubi
2221 2461 2310 2516 illa
2345 2463 2594 2531 repetitio
2624 2461 2717 2516 τοῦ
2746 2463 2797 2514 I"
2823 2461 2956 2516 vitio
2986 2461 3208 2517 inducta
3244 2459 3384 2523 fuit;
3427 2469 3482 2514 et
3529 2456 3678 2512 Vati-

2103 2569 2274 2609 canus
2307 2555 2501 2625 psalm.
2539 2571 2652 2619 xvi,
2684 2555 2740 2620 2,
2769 2556 2823 2608 in
2855 2555 2968 2609 haec
2999 2555 3162 2610 verba
3199 2555 3246 2606 ot
3282 2550 3548 2622 ὀφθαλμοί
3585 2567 3678 2604 σου

2103 2646 2184 2702 sic
2203 2657 2394 2702 notat:
2433 2652 2528 2713 A.,
2559 2648 2644 2710 Σ.⁹
2666 2647 2754 2710 6.,
2780 2647 2980 2717 ὁμοίως
3029 2647 3080 2698 oi
3107 2646 3159 2698 I"
3180 2686 3196 2712 ,
3230 2657 3544 2714 quanquam
3589 2643 3680 2698 hic

2103 2748 2250 2792 recte
2270 2738 2530 2808 explicari
2566 2739 2762 2808 possit,
2793 2737 3008 2808 Aquila,
3038 2734 3386 2807 Symmachus
3426 2744 3474 2788 et
3509 2729 3678 2787 Theo-

2103 2829 2271 2890 dotio,
2310 2837 2412 2884 tres
2443 2830 2693 2883 similiter
2707 2829 2919 2895 habent,
2951 2828 3098 2898 quod
3124 2828 3199 2882 ita
3216 2827 3424 2882 Gallice
3444 2822 3678 2895 exprimi

2104 2921 2301 2984 valeat,
2337 2920 2568 2990 Aquila,
2595 2918 2915 2989 Symmaque
2959 2929 3011 2972 et
3046 2917 3370 2972 Theodotion
3421 2923 3510 2968 ont
3559 2923 3676 2967 tous

2106 3011 2236 3063 trois
2261 3009 2324 3063 de
2355 3011 2536 3064 meme.
2564 3007 2687 3064 Haec
2704 3009 2955 3079 pluribus
2982 3007 3237 3078 persequi
3265 3019 3490 3060 necesse
3517 3003 3678 3058 duxi-

2105 3118 2252 3164 mus,
2276 3118 2346 3158 ne
2374 3102 2732 3157 eruditissimi
2766 3101 2905 3156 etde
2935 3099 3212 3170 republica
3243 3095 3502 3151 litteraria
3540 3093 3677 3148 bene

434 3199 540 3244 tres
559 3190 836 3258 editiones,
867 3191 1109 3264 Origenis
1137 3196 1216 3250 vel
1238 3195 1474 3262 Eusebii,
1501 3195 1728 3249 Luciani
1757 3205 1805 3249 et
1833 3194 2003 3264 Hesy-
2027 3224 2071 3283 α
2105 3193 2287 3249 meriti
2319 3193 2422 3248 viri
2451 3199 2654 3249 conatu
2676 3207 2706 3247 a
2737 3207 2866 3247 vera
2900 3189 3169 3247 sententia
3197 3187 3419 3259 quidam
3446 3183 3677 3240 abduce-

423 3280 536 3335 τάδε
563 3282 924 3354 denotamur.)
947 3283 1222 3344 Hactenus
1243 3285 1850 3344 Waltonus-Posterius
1871 3301 1999 3342 vero
2044 3280 2056 3283 ⁷
2105 3295 2312 3342 rentur.

2021 3443 2093 3461 ﬂ

1416 3571 1795 3662 CAPUT
1869 3571 2634 3664 UNDECIMUM.

425 3888 468 3943 L
490 3887 1126 3958 llexaplorum‘apographa
1146 3899 1389 3958 perpauca
1413 3887 1537 3938 facta
1560 3894 1694 3958 sunt,
1720 3902 1905 3958 quare.
1940 3889 2003 3940 Π.
2022 3887 2564 3958 Υπίωῌεξιιιριοιιιιιι,
2585 3881 3014 3958 ιςςγιίοίξιθᾳῗὶιιῌιιιξ

3020 3879 3240 3942 rginihus
3263 3877 3537 3930 Bibliorum
3569 3887 3674 3932 eot-

525 3942 684 4000 lectii.
709 3950 792 4002 Ill.
817 3942 1106 4010 Quinam'ex
1129 3942 1452 4013 scriptoribus
1473 3942 1823 4001 ecclesiasticis
1845 3953 2182 4015 Heaaplorum
2201 3951 2339 4000 libris
2359 3942 2469 3997 sint
2491 3943 2584 3997 usi.
2611 3944 2694 3994 IV.
2719 3945 3034 4004 Quandonam
3053 3944 3273 4004 Hexapla
3295 3942 3556 4004 perierint.

425 4093 471 4148 ι.
502 4092 860 4160 Hexaplorum
884 4091 1187 4161 apographa
1203 4107 1464 4161 perpauca
1483 4091 1628 4161 facta
1649 4102 1790 4159 sunt,
1813 4109 1996 4164 quare.

497 4185 727 4250 Quantis
761 4182 926 4237 fuerit
971 4199 1149 4253 opera:
1204 4182 1440 4254 Hexapla
1489 4182 1738 4255 Origenis
1786 4185 1997 4254 integra

421 4275 753 4340 describere,
777 4285 830 4330 et
864 4291 951 4330 res
990 4275 1106 4346 ipsa
1137 4291 1232 4344 per
1260 4291 1320 4330 se
1341 4276 1542 4331 clamat
1569 4315 1586 4340 ,
1640 4285 1694 4332 et
1733 4275 1997 4347 Hierony-

424 4384 550 4424 mus
572 4369 910 4433 testiﬁcatur,
935 4367 1028 4437 qui
1055 4369 1132 4421 ait
1158 4366 1484 4424 Praefatione
1507 4370 1560 4423 in
1584 4367 1781 4424 librum
1807 4367 1993 4436 Josue,

423 4459 665 4530 llexapla
703 4471 922 4530 sumptu
953 4469 1007 4516 et
1046 4459 1232 4516 labore
1257 4461 1496 4516 maximo
1544 4461 1806 4532 indigere.
1853 4458 1998 4516 Sane

2105 4105 2270 4162 quam
2304 4087 2586 4144 minimam
2613 4099 2746 4140 sane
2775 4091 2954 4138 textus
2989 4077 3181 4134 Biblici
3209 4087 3418 4147 partem
3444 4076 3672 4148 singulis

2105 4181 2160 4235 in
2193 4179 2406 4250 paginis
2436 4174 2621 4232 haberi
2653 4187 2875 4230 necesse
2919 4171 3060 4226 fuit:
3097 4169 3297 4240 quibus
3348 4168 3629 4240 perpensis
3654 4205 3670 4230 ,

2103 4273 2193 4326 vix
2233 4269 2624 4341 quinquaginta
2680 4265 2872 4334 amplae
2926 4261 3086 4316 molis
3117 4261 3486 4316 voluminibus
3516 4274 3671 4314 com-

2102 4361 2363 4434 prehendi
2394 4358 2629 4429 Hexapla
2653 4357 2837 4410 omnia
2868 4351 3114 4424 potuisse
3146 4351 3471 4422 putaverim.
3503 4349 3662 4405 Cum-

2103 4471 2209 4527 que
2240 4455 2355 4525 ipse
2391 4451 2673 4522 Origenes,
2705 4449 2798 4519 qui
2844 4448 3054 4518 primus
3087 4444 3453 4516 Hexaplorum
3498 4457 3668 4512 opus,

422 4552 606 4621 quivis
639 4553 911 4620 conjicere
939 4554 1080 4609 valet
1111 4555 1301 4624 quanti
1349 4553 1554 4609 laboris
1603 4551 1768 4609 fuerit
1793 4553 1998 4610 Graecis
2028 4555 2074 4611 D
2104 4557 2380 4617 sumptum
2408 4543 2806 4614 suppeditante,
2837 4547 2900 4594 ut
2933 4547 3177 4609 putatur,
3204 4535 3516 4602 Ambrosio,
3538 4551 3672 4590 con-

422 4642 798 4713 calligraphis,
824 4641 994 4698 Biblia
1031 4657 1186 4700 sacra
1227 4644 1464 4714 primum
1501 4642 1765 4700 Hebraica
1791 4645 1996 4716 lingua,

421 4750 586 4806 quam
623 4745 684 4791 ut
713 4738 1007 4807 plurimum
1032 4740 1374 4810 ignorabant,
1393 4741 1712 4811 depingere;
1735 4738 1998 4796 Hebraica

421 4828 619 4887 deinde
645 4830 851 4888 Graecis
878 4833 1076 4888 litteris
1101 4850 1132 4887 e
1157 4836 1379 4906 regione
1400 4835 1774 4906 perscribere;
1811 4843 1998 4904 postea

422 4936 553 4976 vero
585 4930 824 4992 quatuor
865 4933 926 4978 ut
963 4925 1275 4992 minimum,
1315 4927 1610 4997 aliquando
1661 4941 1756 4980 sex
1794 4925 1877 4980 vel
1912 4941 1999 4982 se-

421 5021 568 5081 ptem
596 5012 948 5082 interpretum
972 5014 1257 5079 editiones,
1283 5031 1394 5071 uno
1419 5024 1738 5086 conspectu,
1759 5024 1815 5070 et
1839 5031 1870 5070 e
1907 5031 1994 5070 re-

417 5105 586 5178 gione
609 5121 830 5176 ponere,
862 5122 926 5162 ea
957 5108 1165 5163 scilicet
1193 5109 1562 5172 accuratione,
1594 5117 1647 5162 et
1682 5125 1788 5163 una
1833 5109 1993 5161 aliam

420 5213 532 5252 non
562 5199 866 5253 excederet.
905 5197 958 5251 ιιι
1000 5213 1133 5254 sane
1174 5207 1434 5269 praestare
1459 5199 1618 5269 pauci
1651 5214 1714 5254 ex
1747 5197 1997 5270 calligra-

419 5289 544 5356 phis
570 5296 840 5358 poterant.
882 5290 962 5343 Ad
993 5292 1128 5353 ha-c,
1157 5307 1281 5346 cum
1314 5291 1406 5345 illo
1431 5306 1566 5357 aevo,
1594 5292 1646 5345 in
1688 5291 1842 5344 libris
1889 5291 1998 5345 sal-

418 5394 530 5437 tem
557 5381 890 5451 hujusmodi,
917 5385 1131 5439 nonnisi
1162 5382 1396 5438 uncialis
1435 5383 1719 5437 character
1753 5397 1992 5452 usurpa—

415 5479 593 5536 retur,
628 5474 721 5544 qni
755 5474 914 5544 longe
938 5475 1116 5544 majus
1144 5475 1380 5544 spatium
1416 5475 1738 5544 occupabat,
1764 5490 1827 5528 ac
1856 5489 1995 5544 prae-

418 5575 502 5618 ter
537 5563 658 5620 illas
688 5563 939 5621 Hebraici
975 5579 1156 5621 textus
1187 5567 1656 5636 interpretumque
1682 5566 1990 5628 columnas,

419 5654 592 5710 multa
627 5653 682 5710 in
715 5656 1052 5724 marginibus
1087 5655 1347 5728 Origenes
1382 5658 1694 5728 apposuerit
1717 5698 1732 5722 ,
1786 5655 1992 5710 monita

417 5745 648 5810 scilicet,
687 5745 969 5801 nominum
1026 5748 1372 5816 propriorum
1425 5747 1768 5802 aliorumque
1825 5746 1992 5800 inter-

419 5833 774 5900 pretationes,
803 5852 925 5907 quae
952 5837 1095 5894 latos
1124 5839 1396 5909 margines
1429 5837 1846 5906 desiderabant;
1873 5852 1992 5908 per-

2101 4637 2364 4699 cinnavit,
2391 4635 2493 4690 etsi
2527 4631 2924 4704 tachygraphos
2961 4635 3167 4698 septem
3201 4636 3255 4683 et
3283 4627 3506 4682 totidem
3559 4625 3672 4681 cal-

2098 4730 2376 4801 ligraphos
2431 4725 2498 4782 ad
2558 4740 2780 4780 manum
2820 4739 3033 4793 semper
3079 4722 3333 4786 haberet,
3366 4720 3434 4776 iis
3485 4731 3666 4774 tamen

2101 4819 2430 4877 adornandis
2461 4818 2662 4872 multos
2698 4814 3109 4884 consumpserit
3147 4827 3354 4877 annos,
3386 4809 3668 4882 probabile

2099 4929 2231 4970 sane
2255 4923 2338 4968 est
2359 4924 2660 4982 perpaucos
2688 4917 2810 4978 post
2831 4904 3114 4977 Origenem
3137 4905 3327 4968 fuisse,
3353 4903 3448 4975 qui
3476 4902 3668 4973 hujus-

2098 5006 2246 5062 modi
2277 5004 2584 5069 commoda,
2608 5017 2715 5057 una
2738 5015 2862 5056 cum
2899 4999 3234 5070 adipiscendi
3259 4997 3532 5052 desiderio
3552 5035 3567 5059 ,
3614 5003 3670 5049 et

2097 5098 2359 5170 pecunias
2387 5105 2440 5151 et
2467 5095 2830 5167 calligraphos
2862 5101 2916 5148 et
2937 5091 3286 5147 membranas
3306 5105 3406 5160 pro
3418 5097 3542 5144 voto
3567 5088 3666 5142 ha-

2098 5192 2335 5248 buerint.

2169 5283 2232 5338 ll.
2274 5283 2450 5336 Varia:
2490 5279 2849 5348 ﬂemplorum
2896 5278 3141 5331 lectiones
3174 5278 3236 5329 in
3267 5275 3595 5336 marginibus

2587 5353 2883 5406 Bibltorum
2913 5348 3162 5402 collecta.

2168 5467 2305 5523 Hinc
2331 5475 2510 5521 autem
2533 5465 2710 5520 evenit
2729 5471 2790 5517 ut
2803 5461 3047 5532 plerique
3073 5475 3102 5514 a
3129 5469 3238 5514 tam
3265 5456 3434 5512 ardua
3457 5469 3516 5509 re
3541 5468 3666 5510 sus-

2097 5560 2344 5630 cipienda
2410 5557 2675 5622 deterriti,
2735 5570 2844 5624 quo
2892 5553 3194 5607 minoribus
3229 5547 3488 5621 impensis
3543 5560 3666 5616 qua

2096 5653 2363 5724 praecipua
2393 5651 2446 5704 in
2484 5649 2705 5718 Eaaplis
2720 5654 2876 5702 erant
2901 5647 3366 5705 nanciscerentur,
3402 5641 3666 5697 lectiones

2095 5745 2322 5814 Aquilae,
2358 5739 2690 5812 Symmachi,
2724 5737 3134 5801 Theodotionis,
3172 5745 3334 5805 atque
3362 5733 3515 5789 alias.
3543 5727 3667 5795 qui

2098 5835 2319 5906 majoris
2353 5847 2472 5888 esse
2508 5830 2766 5887 momenti
2798 5830 3116 5885 videbantur
3139 5865 3156 5892 ,
3215 5826 3268 5880 in
3304 5822 3660 5890 marginibus.
