4122 6420
482 413 590 472 ΗῚ

1752 418 1820 473 IN
1862 418 2188 474 HEXAPLA
2228 417 2573 477 ORIGENIS.

3643 425 3745 484 “8

479 540 875 610 exemplarium
904 542 1010 596 τῶν
1041 546 1095 595 0'
1114 543 1349 616 exscribi
1370 554 1644 598 curarem.
1668 542 1734 596 Et
1756 542 1885 613 quia
1904 543 1959 595 in
1981 542 2075 596 de-
2101 546 2146 601 A
2175 540 2269 609 qui
2297 540 2551 610 llexaplis
2572 547 2697 595 sunt
2724 539 2836 601 usi,
2868 541 2922 595 si-
2938 540 3193 609 quadam
3220 541 3310 595 hic
3336 539 3523 611 paucis
3570 543 3736 613 profe

483 629 649 697 lectu,
692 632 1010 700 opinionum
1042 634 1360 703 plerumque
1388 634 1621 688 divortia
1668 634 1783 688 fieri
1836 633 2011 687 solent
2042 674 2057 699 ,

480 723 610 777 dum
643 722 786 777 alius
824 723 971 777 aliud
1000 725 1372 783 adnotandum
1424 735 1595 793 putat,
1620 724 1745 778 inde
1775 724 1972 778 accidit
2001 732 2061 777 ut

475 814 536 869 in
561 815 732 868 variis
763 816 1058 870 Bibliorum
1094 818 1375 872 codicibus
1413 817 1671 872 lectiones
1702 817 2055 886 interpretum

476 905 647 961 varia:
669 907 958 976 descriptae
980 908 1122 974 sint;
1156 910 1229 962 ita
1278 917 1332 962 et
1381 908 1539 977 pauci
1572 912 1910 977 reperiantur
1942 926 2057 963 ma-

476 1000 746 1068 nuscripti
773 1001 865 1069 qui
896 1002 1114 1056 easdem
1139 1011 1527 1070 repraesentem
1558 1019 1571 1056 :
1634 1002 1759 1056 inde
1786 1016 1917 1057 vero
1970 1002 2057 1056 fa-

475 1099 625 1143 ctum
661 1101 746 1145 est
770 1101 830 1145 ut
861 1091 1020 1162 longe
1039 1094 1221 1161 plures
1240 1102 1478 1148 veterum
1510 1095 1767 1150 lectiones
1800 1096 1969 1152 variis
2001 1098 2055 1152 in

473 1178 633 1234 libris
691 1197 812 1235 sese
851 1182 1167 1236 obtulerint.
1222 1181 1368 1238 Inter
1423 1184 1523 1240 hos
1573 1195 1754 1240 autem
1795 1189 2050 1256 codices,

474 1271 639 1341 longe
687 1288 914 1329 cancros
959 1285 1219 1345 superant
1250 1275 1571 1331 Coisliniani
1622 1280 1774 1334 duo:
1816 1297 2053 1351 quorum

473 1379 621 1417 unus
649 1365 847 1418 unciali
902 1367 1112 1436 quadro
1178 1368 1493 1424 charactere
1554 1372 1860 1441 descriptus
1898 1384 2053 1429 sexto

469 1454 698 1510 circiter
728 1456 808 1510 vel
837 1461 1068 1526 septimo
1102 1460 1334 1526 szeculo,
1383 1463 1760 1532 complectitur
1797 1464 2053 1521 Octateu-

470 1546 640 1601 chum
675 1556 727 1601 et
766 1548 935 1603 libros
970 1549 1222 1621 Regum',
1286 1568 1409 1606 cum
1465 1555 1789 1624 quibusdam
1826 1558 1953 1613 hinc
1999 1567 2053 1614 et

471 1637 600 1694 inde
633 1640 891 1704 hiatibus,
947 1644 1038 1711 qui
1074 1652 1378 1714 temporum
1438 1647 1637 1716 injuria
1681 1651 2047 1718 acciderunt;

470 1732 614 1786 alter
644 1747 773 1787 vero
802 1734 999 1788 decimi
1033 1737 1239 1801 saeculi,
1268 1738 1436 1792 libros
1465 1738 1671 1810 Regum
1703 1783 1719 1806 ,
1771 1741 2049 1811 Paralipo-

468 1840 693 1888 menon,
724 1825 974 1889 Esdram,
1008 1825 1316 1896 Esthcrem,
1356 1829 1564 1895 Judith,
1599 1841 1653 1886 et
1685 1832 2046 1902 Machabaeos,

2168 646 2373 693 ramus,
2402 646 2507 683 non
2538 630 2808 699 ingratum
2841 630 3030 684 lectori
3058 630 3180 684 erit.

2236 721 2542 776 PAMPHILUS
2573 730 2798 792 martyr,
2855 721 2975 776 ideo
3004 723 3153 792 prior
3193 731 3512 777 numeratur
3535 763 3552 787 ,
3610 723 3738 792 quia

2165 827 2456 884 antequam
2492 814 2633 870 ullus
2657 815 2982 882 scriptorum
3033 814 3127 883 qui
3167 826 3459 883 supersunt
3486 813 3741 884 Hexaplis

2165 916 2431 972 uteretur,
2469 906 2684 962 codices
2716 905 3078 975 llexaplorum
3111 922 3234 960 cum
3286 905 3518 962 Eusebio
3551 923 3741 962 emen-

2162 997 2323 1053 dasse
2380 997 2552 1051 fertur
2579 998 2634 1051 in
2671 1006 2797 1051 nota
2832 997 3038 1052 codicis
3072 996 3186 1052 RR.
3222 996 3326 1051 PP.
3359 996 3691 1052 Jesuitarutn
3724 1037 3740 1062 ,

2163 1091 2425 1161 exscripti
2460 1092 2527 1145 ad
2556 1090 2712 1145 fidem
2741 1089 3121 1158 llexaplprum,
3148 1104 3270 1159 quae
3288 1105 3449 1158 penes
3463 1089 3743 1159 Apollina-

2161 1183 2305 1235 rium
2325 1181 2762 1237 coenobiarcham
2791 1182 3226 1246 asservabantur,
3247 1191 3305 1235 ut
3334 1180 3387 1234 in
3407 1181 3593 1235 eadem
3614 1190 3740 1239 nota

2162 1272 2380 1328 dicitur.

2232 1366 2497 1421 EUSEBIUS
2512 1364 2801 1436 Pamphili,
2824 1375 3017 1435 prarter
3033 1382 3153 1421 eam
3166 1366 3401 1438 llexapla
3416 1364 3737 1425 emendandi

2160 1473 2405 1528 operam,
2456 1474 2622 1528 quam
2649 1475 2772 1513 cum
2807 1459 3088 1528 Pamphilo
3115 1463 3379 1529 suscepit.
3411 1462 3618 1516 scholia
3645 1461 3741 1514 in-

2159 1566 2322 1620 super
2347 1550 2565 1620 adjecit,
2607 1552 2763 1607 utin.
2778 1552 2968 1607 eadem
3003 1563 3129 1606 nota
3159 1552 3350 1607 fertur.
3384 1553 3465 1607 Ad
3506 1554 3619 1609 haec
3641 1567 3739 1606 au-

2159 1649 2265 1695 tem
2290 1641 2605 1696 innumeras
2634 1657 2770 1711 pene
2796 1650 3037 1696 veterum
3062 1642 3414 1710 interpretum
3440 1641 3505 1696 A.
3542 1642 3599 1696 S.
3631 1641 3735 1698 Th.

2158 1730 2419 1787 lectiones
2454 1733 2687 1795 .attulit,
2741 1732 3145 1787 Commentariis
3203 1736 3257 1785 in
3311 1731 3559 1788 Psalmos
3599 1744 3648 1787 et
3680 1734 3738 1787 in

2160 1821 2437 1889 Hesaiam,
2469 1824 2521 1877 in
2550 1824 2688 1878 libro
2723 1825 2799 1878 De
2835 1824 2964 1879 locis
3003 1824 3301 1886 Hebraicis.
3358 1825 3410 1878 in
3452 1824 3738 1894 Prcepara-

467 1929 597 1969 cum
636 1931 832 1987 magna
861 1917 915 1970 in
943 1918 1109 1973 libros
1129 1918 1335 1988 Regum
1362 1921 1875 1991 interpretationum
1906 1941 2055 1979 mar-
2086 1907 2127 1961 Β
2158 1918 2296 1969 tione
2321 1925 2376 1970 et
2404 1916 2871 1973 Demonstratione
2904 1917 3224 1994 euangelica,
3256 1917 3386 1970 etin
3417 1918 3733 1986 fragmentis

465 2005 729 2075 ginalium
780 2008 935 2076 e0pia
962 2026 975 2061 :
1008 2010 1100 2062 sed
1132 2010 1221 2065 hic
1244 2052 1262 2078 ,
1311 2020 1373 2066 ut
1416 2021 1471 2067 et
1504 2014 1597 2067 alii
1636 2030 1831 2071 omnes
1858 2033 2054 2071 manu-

465 2094 681 2162 scripti,
712 2096 767 2148 in
811 2096 965 2152 libris
1016 2096 1478 2168 Paralipomchth
1508 2119 1719 2172 pauca;
1746 2106 1808 2159 in
1844 2108 2054 2162 caeteris

463 2185 605 2240 nihil
630 2186 809 2243 habet.
835 2187 931 2244 His
953 2192 1160 2246 accedit
1192 2191 1395 2264 Regius
1420 2196 1616 2250 decimi
1661 2199 1803 2252 tertii
1837 2200 2055 2255 circiter

462 2281 677 2344 saeculi,
709 2283 804 2351 qui
839 2285 1037 2339 multas
1065 2286 1121 2338 in
1147 2286 1304 2343 libris
1340 2287 1548 2358 Regum
1607 2291 1869 2348 lectiones
1899 2302 2050 2348 vetc—

464 2388 589 2426 rum
626 2372 804 2428 aﬁ‘ert.
855 2378 1054 2443 Magno
1090 2379 1216 2431 item
1262 2381 1385 2435 usui
1431 2381 1535 2436 fuit
1581 2385 1753 2439 codex
1793 2384 1908 2440 RR.
1938 2386 2047 2442 PP.

464 2462 653 2517 Sancti
685 2463 867 2519 Basilii
892 2463 1099 2531 Romae,
1125 2465 1323 2523 decimi
1355 2486 1504 2537 suae,
1533 2488 1695 2541 quem
1717 2473 2048 2531 Basilianum

460 2568 750 2617 vocamus,
781 2556 887 2612 hac
917 2561 1251 2628 supellectile
1298 2564 1588 2634 rmarginali
1630 2577 1862 2623 onustus
1885 2610 1900 2636 ,
1954 2574 2048 2640 qui

460 2643 896 2716 Heptateuchum
927 2651 1188 2716 continet,
1228 2655 1323 2708 sed
1352 2664 1463 2710 tota
1500 2657 2049 2725 pene-Genesitrun?

460 2749 620 2794 catus
647 2751 751 2794 est.
776 2739 887 2796 Nec
926 2745 1420 2811 praetermittendus
1460 2747 1662 2818 Regius
1715 2751 1851 2806 alter
1888 2770 2041 2808 num.

460 2829 625 2897 1871,
658 2833 862 2887 decimi
890 2835 1099 2897 saeculi,
1123 2853 1191 2891 ex
1212 2837 1368 2907 cujus
1390 2841 1733 2911 marginibus
1754 2844 1924 2899 multa
1952 2862 2047 2900 ex-

456 2927 787 2996 cerpsimus.
826 2929 972 2983 Inter
1008 2934 1491 3000 praestantissimos
1522 2940 1922 3007 computandus
1951 2958 2045 2997 co-

455 3017 566 3072 dex
602 3017 1000 3089 Prophetarum
1058 3023 1399 3080 bibliothecae
1427 3024 1544 3083 RR.
1578 3026 1684 3081 PP.
1710 3028 2040 3088 Jesuitarum

447 3108 670 3178 collegii
727 3108 989 3166 Ludovici
1021 3110 1242 3182 Magni,
1278 3115 1423 3170 unde
1455 3117 1624 3172 multa
1657 3119 1712 3173 in
1744 3119 2041 3178 Jeremiam

453 3208 518 3255 (ι
545 3198 1167 3257 Ειρειιὶριρηινωιιωθιί
1206 3220 1438 3262 sumus:
1489 3225 1614 3263 nam
1652 3210 1877 3268 llesaias
1926 3216 2038 3285 jam

452 3290 637 3347 (alitus
661 3307 692 3345 a
724 3291 940 3348 Joanne
968 3293 1221 3349 Cttrterio
1249 3296 1449 3362 fuerat,
1488 3309 1544 3355 et
1590 3301 1642 3354 in
1674 3305 1884 3360 caeteris
1916 3322 2041 3376 pro-

449 3385 635 3456 phetis
663 3385 776 3440 fere
804 3388 937 3442 nihil
984 3389 1366 3459 marginalium
1398 3392 1904 3462 interpretationum
1940 3399 2042 3454 ha-

453 3474 639 3529 betur.
673 3475 876 3532 Prmter
905 3487 1147 3533 veterum
1178 3480 1540 3551 interpretum
1588 3484 1851 3543 lectiones
1866 3520 1892 3553 ν,
1953 3490 2042 3545 hic

451 3569 705 3625 asterisci
739 3580 794 3625 et
840 3573 981 3626 obcli
1015 3574 1219 3643 passim
1251 3613 1267 3639 ,
1319 3590 1713 3648 nonnunquam
1745 3580 1800 3634 in
1846 3590 1993 3636 textu
2022 3623 2038 3647 ,

453 3661 656 3729 swpius
686 3661 740 3715 in
783 3662 1123 3733 marginibus
1157 3665 1511 3721 adnotantur.
1569 3668 1647 3723 Ex
1701 3670 1809 3725 hoc
1855 3674 2043 3729 codice

450 3751 615 3822 plura
648 3768 940 3824 excerpere
960 3764 1295 3825 poteramus,
1327 3759 1432 3815 nisi
1460 3761 1791 3832 praecipitem
1822 3765 1872 3820 ei
1906 3782 2042 3837 ope-

450 3858 575 3897 ram
603 3845 735 3900 dare
767 3848 942 3901 coacti
972 3863 1221 3904 essemus
1252 3868 1266 3905 :
1313 3866 1437 3905 nam
1462 3854 1529 3908 ad
1560 3864 1799 3924 quatuor
1828 3866 2039 3914 tantum

452 3933 595 3997 dies,
632 3947 856 4006 rogante
882 3936 1174 3995 Maecenate
1207 3951 1395 3998 nostro
1434 3959 1542 4000 em.
1575 3948 1723 4002 card.
1741 3949 2038 4017 d’Estrées,

450 4022 575 4094 ejus
605 4025 760 4080 nobis
797 4028 954 4097 copia
986 4028 1131 4084 facta
1156 4039 1259 4089 est.
1294 4030 1685 4091 Memorandus
1716 4039 1841 4093 item
1868 4042 2037 4096 codex

447 4115 806 4174 Colbertinus
836 4121 891 4174 in
919 4118 1117 4176 Jobum
1138 4165 1152 4189 ,
1206 4140 1400 4180 recens
1442 4127 1685 4196 quidem,
1727 4131 1820 4185 sed
1850 4147 1918 4186 ex
1948 4149 2042 4187 ve-

451 4210 583 4276 teri,
612 4218 672 4264 ut
705 4211 966 4279 creditur,
997 4213 1326 4284 descriptus,
1355 4219 1498 4271 unde
1524 4219 1693 4274 multa
1718 4222 1786 4275 ad
1821 4223 2040 4278 institu-

450 4308 571 4354 tum
600 4310 844 4358 nostrum
878 4306 1179 4375 spectantia
1211 4310 1445 4362 mutuati
1474 4309 1821 4367 sumus.Non
1855 4322 2038 4370 tacen-

450 4391 557 4447 dus
583 4393 713 4449 item
756 4394 1091 4453 Barberinus
1114 4399 1169 4452 in
1208 4398 1533 4469 Prophetas,
1560 4402 1720 4472 cujus
1751 4405 1930 4460 varias
1961 4406 2039 4460 le-

450 4486 668 4541 ctiones
702 4487 755 4540 in
791 4486 1106 4558 Appendicc
1138 4490 1565 4562 Polyglottorum
1603 4495 1772 4550 edidit
1805 4495 2038 4553 Brianus

2156 2007 2690 2064 Commentariorum
2721 2009 2777 2062 in
2811 2008 2947 2063 alias
2994 2006 3291 2077 Scripturaa
3322 2020 3523 2079 partes.
3554 2008 3737 2074 Quare

2111 2152 2114 2157 .
2155 2114 2353 2170 magno
2388 2100 2624 2154 nobisin
2656 2099 2740 2155 his
2765 2099 2991 2155 edendis
3019 2099 3266 2156 subsidio
3287 2098 3409 2155 fuit.

2222 2213 2587 2279 Armnasms,
2622 2213 2880 2284 Hexaplis
2906 2230 3016 2270 non
3075 2217 3148 2270 ita
3203 2215 3521 2285 frequenter
3552 2234 3691 2273 usus
3717 2259 3736 2283 ,

2152 2305 2317 2361 binas
2335 2315 2514 2359 tamen
2542 2306 2754 2375 Aquila:
2776 2307 3041 2362 lectiones
3072 2307 3437 2376 suppeditavit
3462 2327 3476 2374 ;
3504 2309 3733 2363 alteram

2152 2394 2370 2451 inlibro
2393 2396 2481 2450 cui
2516 2396 2707 2451 titulus
2739 2413 2753 2450 :
2790 2395 2983 2452 Omnia
3005 2396 3135 2449 mihi
3170 2398 3371 2450 tradita
3400 2407 3521 2451 sunt
3548 2415 3581 2452 a
3624 2397 3749 2453 Pam

2154 2496 2264 2552 tre;
2296 2489 2520 2542 alteram
2548 2489 2602 2543 in
2635 2488 3041 2544 Commentariis
3071 2490 3127 2542 in
3159 2488 3429 2544 Psalmos.

2221 2582 2570 2647 CHALCIDIUS,
2598 2582 2692 2651 qui
2715 2598 2782 2636 an
2811 2580 3180 2649 Christianus,
3202 2598 3270 2636 an
3299 2583 3515 2653 gentilis
3546 2583 3732 2649 fuerit,

2149 2671 2421 2726 incertum
2447 2680 2553 2736 est,
2583 2672 2775 2727 eodem
2801 2672 3333 2741 circitertempore,
3361 2671 3732 2742 Hexaplornm

2149 2763 2330 2817 locum
2364 2762 2566 2827 attulit,
2600 2770 2660 2817 ut
2690 2763 2876 2818 videas
2911 2763 2965 2817 in
3000 2763 3273 2832 principio
3316 2762 3564 2819 Genesis.
3626 2764 3732 2820 Alii

2148 2871 2276 2910 eum
2305 2865 2464 2911 aetate
2489 2856 2652 2926 longe
2689 2856 3053 2925 posteriorem
3108 2870 3229 2910 esse
3279 2864 3515 2926 putant;
3553 2857 3646 2911 sed
3679 2858 3733 2912 id

2146 2947 2453 3017 disquirere
2475 2966 2584 3006 non
2618 2958 2704 3005 est
2734 2950 3019 3019 praesentis
3046 2949 3300 3003 instituti.

2214 3041 2490 3097 ASTERIUS
2518 3042 2787 3111 sophista,
2818 3042 2912 3111 qui
2938 3041 3126 3095 eodem
3145 3055 3282 3110 pene
3312 3049 3554 3107 tempore
3582 3037 3736 3094 Com-

2147 3136 2406 3188 mentaria
2428 3135 2485 3187 in
2501 3133 2748 3187 Psalmos
2781 3132 3086 3193 adornavit,
3108 3147 3175 3185 an
3199 3129 3456 3199 Hexaplis
3483 3128 3555 3182 sit
3573 3144 3731 3195 usus,

2069 3257 2111 3317 ο
2148 3240 2340 3288 necne,
2377 3224 2622 3279 nondum
2652 3224 2727 3276 ita
2761 3231 3107 3291 perspectum
3142 3228 3245 3317 est.

2220 3313 2461 3369 Dmruus
2476 3326 2676 3374 caecus,
2703 3309 3125 3375 Alexandrinus,
3146 3306 3514 3378 Hexaplorum
3546 3308 3733 3363 lectio-

2149 3422 2249 3463 nes
2272 3407 2325 3460 in
2361 3403 2791 3462 Commentariis
2823 3402 2940 3459 suis
2970 3401 3170 3468 attulit,
3204 3403 3299 3456 sed
3355 3414 3466 3455 non
3500 3399 3576 3456 ita
3612 3400 3728 3457 fre-

2149 3505 2400 3566 quenter.

2221 3584 2545 3641 Tneononus
2571 3583 2914 3651 Heracleota,
2938 3583 3197 3650 Arianus,
3240 3583 3491 3655 ‘Hexapla
3523 3584 3729 3655 passim

2149 3679 2425 3743 adhibuit,
2461 3694 2638 3747 eaque
2664 3679 2823 3733 docte
2857 3678 3135 3745 tractavit,
3169 3688 3230 3733 ut
3277 3678 3467 3734 multis
3496 3678 3551 3732 in
3593 3678 3732 3733 locis

2149 3771 2339 3826 videre
2368 3780 2471 3826 est.
2505 3769 2639 3840 Ejus
2668 3770 3205 3826 Commentariorum
3257 3769 3560 3842 fragmenta
3594 3770 3732 3825 bene

2148 3863 2324 3917 multa
2353 3871 2574 3918 exstant
2604 3864 2659 3917 in
2694 3863 2918 3919 Catenis
2940 3862 3127 3919 variis.

2209 3955 2471 4011 Eusemus
2517 3954 2820 4011 Emesenus
2874 3956 2931 4010 in
2990 3954 3434 4021 Commentariis,
3491 3970 3729 4025 quorum

2148 4044 2450 4117 fragmenta
2478 4046 2694 4103 Catena:
2725 4047 3007 4112 exhibent,
3036 4045 3296 4118 Hexaplis
3323 4057 3407 4103 est
3446 4064 3601 4111 usus.
3635 4047 3730 4101 sed

2148 4155 2297 4202 raro,
2330 4149 2393 4193 ut
2427 4139 2663 4193 videtur.
3172 4202 3179 4210 ,

2216 4229 2476 4286 Ηιιλιιιηδ
2508 4231 2676 4285 semel
2699 4229 2938 4301 Hexapla
2983 4246 3280 4302 usurpasse
3307 4228 3730 4300 deprehenditur

2146 4323 2538 4378 Commentario
2558 4325 2610 4377 in
2644 4323 2913 4379 Psalmos.

2220 4414 2484 4472 Eusemus
2520 4413 2881 4471 Vercellensis
2923 4413 3344 4470 Commentarios
3402 4411 3624 4467 Eusebii
3672 4412 3737 4469 in.

2128 4504 2391 4560 'Psalmos
2422 4503 2614 4560 Latine
2645 4505 2943 4571 transtulit,
2996 4504 3321 4560 lectionibus
3361 4501 3755 4573 Hexaplorum.

454 4574 771 4633 Waltonus.
796 4579 869 4634 De
894 4581 1016 4636 aliis
1038 4584 1430 4654 manuscriptis
1456 4587 1685 4641 minoris
1704 4587 1881 4656 pretii,
1901 4605 2036 4658 quo-
2071 4619 2115 4673 ο
2145 4612 2447 4667 respersos.

446 4685 576 4724 rum
609 4686 861 4741 magnam
892 4674 1102 4744 copiam
1125 4678 1269 4731 nacti
1302 4694 1517 4743 sumus,
1552 4678 1605 4733 itt
1640 4678 1818 4736 fronte
1851 4683 2040 4751 singu-

450 4762 634 4817 lorum
669 4763 931 4819 librorum
962 4775 1143 4821 actum
1185 4776 1289 4824 est.
1318 4768 1411 4824 Hae
1453 4771 1613 4826 nobis
1651 4771 2037 4843 Hexaplarium

452 4854 972 4925 interpretationum
1001 4860 1253 4928 reliquiae
1274 4870 1573 4930 supersunt
1619 4862 1687 4917 in.
1724 4867 2038 4920 manuscri-

452 4948 589 5015 ptis.
622 4946 757 5002 Nam
791 4946 1030 5019 Hexapla
1063 4952 1200 5021 ipsa,
1234 4961 1295 5006 ut
1322 4954 1390 5008 ab
1424 4951 1657 5024 Origene
1710 4957 2037 5012 concinnata

451 5036 695 5104 fuerant,
730 5038 803 5093 ita
844 5037 1094 5096 funditus
1145 5042 1469 5111 perierunt,
1506 5052 1566 5097 ut
1620 5060 1687 5098 ue
1716 5047 2036 5114 particulam

449 5129 672 5199 quidem
693 5146 882 5185 eorum
920 5133 1014 5187 ulli
1047 5134 1258 5202 uspiam
1283 5137 1599 5206 conspicere
1621 5137 1855 5194 licuerit.

450 5242 543 5300 111.
571 5245 803 5312 Quinam
830 5249 1262 5326 exscriptoribus
1281 5250 1654 5326 ecclesiasticis
1677 5253 2039 5326 Hexaplorum

1035 5319 1188 5374 libris
1216 5323 1322 5375 sint
1353 5325 1456 5377 usi.

525 5404 733 5463 Prater
755 5409 972 5465 codices
1005 5414 1410 5484 manuscriptos
1435 5458 1450 5483 ,
1495 5417 1640 5473 unde
1688 5429 1928 5475 veterum
1963 5421 2041 5475 in-

446 5502 905 5571 terpretationum
948 5518 1076 5573 pars
1107 5522 1306 5577 magna
1340 5508 1540 5576 prodit,
1578 5511 1821 5580 amplam
1877 5512 2038 5567 nobis

450 5602 691 5665 segetem
727 5596 1045 5651 obtulerunt
1093 5588 1420 5670 scriptorum
1458 5612 1698 5658 veterum
1745 5605 2040 5661 Commen-

453 5689 603 5753 tarii,
641 5688 733 5757 qui
760 5705 860 5757 pro
898 5690 1093 5746 litterae
1127 5707 1293 5753 sensu
1340 5697 1685 5765 assequendo
1715 5699 2039 5769 plerumque

446 5778 682 5847 Aquilae,
724 5778 1061 5850 Symmachi,
1094 5782 1486 5841 Theodotionis
1504 5787 1847 5859 aliorumque
1873 5790 2042 5845 inter-

454 5883 664 5929 pretum
698 5874 964 5933 lectiones
1011 5889 1366 5950 usurparunt.
1401 5880 1476 5937 De
1507 5884 1740 5955 singulis
1765 5900 1934 5956 porro
1969 5887 2037 5942 iis

2217 4687 2491 4745 Diononos
2512 4687 2823 4752 Tarsensis,
2851 4688 2904 4740 in
2965 4700 3120 4741 sacra
3156 4683 3438 4756 Scriptura
3484 4684 3730 4754 appr-inte

2143 4790 2418 4848 versatus,
2444 4781 2813 4851 Hexaplorum
2833 4779 3082 4834 notitiam
3108 4779 3325 4849 plenam
3353 4776 3723 4836 habui.sse.vi-

2141 4872 2320 4937 detur,
2355 4881 2416 4927 ut
2445 4888 2511 4927 ex
2532 4872 2651 4943 ejus
2681 4871 3003 4942 fragmentis
3023 4888 3147 4942 qua:
3185 4871 3241 4926 in
3269 4869 3491 4928 Catenis
3519 4883 3729 4938 super.

2144 4974 2294 5029 sunt,
2321 4965 2765 5035 deprehenditur.

2217 5057 2541 5113 EPIPHANIUS
2574 5057 2763 5129 Cypri,
2788 5056 3049 5112 lectiones
3092 5063 3337 5111 veterum
3369 5053 3727 5122 interpretum

2143 5166 2250 5206 non
2286 5151 2456 5206 semel
2485 5128 2689 5216 attulit,
2716 5128 2770 5205 et
2812 5148 3106 5205 Historiam
3143 5147 3505 5217 Hexaplorum
3530 5145 3729 5217 partim
3767 5128 3781 5161 θ

2143 5260 2208 5299 ex
2240 5242 2494 5314 Origene,
2524 5253 2587 5298 ut
2619 5243 2854 5307 videtur,
2902 5250 3204 5304 mutuatus,
3242 5239 3379 5295 fuse
3415 5239 3723 5310 descripsit.

2212 5334 2462 5392 BASILIUS
2483 5335 2840 5391 Caesariensis
2882 5334 3204 5403 bexaplares
3255 5333 3730 5402 interpretationes

2144 5442 2338 5497 parum
2371 5426 2644 5482 tractavit.

2214 5519 2522 5574 Gneconms
2549 5521 2675 5573 item
2712 5515 3012 5587 Nyssenus,
3052 5516 3173 5588 ejus
3221 5514 3408 5583 frater,
3472 5514 3731 5586 Hexaplis

2144 5630 2270 5668 raro
2301 5628 2434 5667 USUS
2467 5620 2571 5666 est.

2215 5706 2610 5758 APOLLINARIUS
2635 5701 2978 5759 Laodicenus
3032 5703 3086 5756 in
3123 5700 3550 5756 Commentariis
3614 5697 3733 5753 suis

2144 5794 2509 5863 llcxaplorum
2543 5795 2803 5849 lectiones
2837 5792 3160 5862 parcissime
3190 5792 3391 5847 attulit.

2216 5888 2529 5942 Auanosws
2584 5885 3005 5942 Mediolanensis
3052 5886 3326 5941 modicum
3365 5883 3728 5954 Hexaplorum
