  <div class='ocr_page' id='page_1' title='image "/cluster/home/n/w/nwhite01/storage/ocr_20150623/15:no.5/coo.31924054872936/077.png"; bbox 0 0 4122 6414; ppageno 0'>
   <div class='ocr_carea' id='block_1_1' title="bbox 563 363 3814 424">
    <p class='ocr_par' dir='ltr' id='par_1_1' title="bbox 563 363 3814 424">
     <span class='ocr_line' id='line_1_1' title="bbox 563 363 3814 424; baseline -0 0"><span class='ocrx_word' id='word_1_1' title='bbox 563 374 667 424; x_wconf 70' lang='grc' dir='ltr'>αδ</span> <span class='ocrx_word' id='word_1_2' title='bbox 1919 364 2444 422; x_wconf 69' lang='grc' dir='ltr'><strong>ΡΚᾹΞΙΛΜΙΝΑΒΙΑ</strong></span> <span class='ocrx_word' id='word_1_3' title='bbox 3706 363 3814 424; x_wconf 61' lang='grc' dir='ltr'><strong>στι</strong></span> 
     </span>
    </p>
   </div>
   <div class='ocr_carea' id='block_1_2' title="bbox 933 689 3428 784">
    <p class='ocr_par' dir='ltr' id='par_1_2' title="bbox 933 689 3428 784">
     <span class='ocr_line' id='line_1_2' title="bbox 933 689 3428 784; baseline -0.001 0"><span class='ocrx_word' id='word_1_4' title='bbox 933 689 1685 784; x_wconf 84' lang='lat' dir='ltr'><strong>TESTIMONIA</strong></span> <span class='ocrx_word' id='word_1_5' title='bbox 1741 692 1865 779; x_wconf 73' lang='grc' dir='ltr'><strong>[Ν</strong></span> <span class='ocrx_word' id='word_1_6' title='bbox 1939 691 2480 784; x_wconf 78' lang='lat' dir='ltr'><strong>VETERES</strong></span> <span class='ocrx_word' id='word_1_7' title='bbox 2556 691 3428 782; x_wconf 80' lang='lat' dir='ltr'><strong>INTERPRETES.</strong></span> 
     </span>
    </p>
   </div>
   <div class='ocr_carea' id='block_1_3' title="bbox 2159 910 2230 923">
    <p class='ocr_par' dir='ltr' id='par_1_3' title="bbox 2159 910 2230 923">
     <span class='ocr_line' id='line_1_3' title="bbox 2159 910 2230 923; baseline -0.042 0"><span class='ocrx_word' id='word_1_8' title='bbox 2159 910 2230 923; x_wconf 74' lang='lat'>_</span> 
     </span>
    </p>
   </div>
   <div class='ocr_carea' id='block_1_4' title="bbox 1823 1038 2554 1109">
    <p class='ocr_par' dir='ltr' id='par_1_4' title="bbox 1823 1038 2554 1109">
     <span class='ocr_line' id='line_1_4' title="bbox 1823 1038 2554 1109; baseline 0.003 -16"><span class='ocrx_word' id='word_1_9' title='bbox 1823 1039 2059 1095; x_wconf 67' lang='lat' dir='ltr'><strong>[remus</strong></span> <span class='ocrx_word' id='word_1_10' title='bbox 2079 1039 2178 1094; x_wconf 79' lang='lat' dir='ltr'><strong>lib.</strong></span> <span class='ocrx_word' id='word_1_11' title='bbox 2207 1055 2292 1108; x_wconf 87' lang='grc' dir='ltr'>ιιι,</span> <span class='ocrx_word' id='word_1_12' title='bbox 2314 1056 2432 1109; x_wconf 83' lang='lat' dir='ltr'><strong>cap.</strong></span> <span class='ocrx_word' id='word_1_13' title='bbox 2461 1038 2554 1095; x_wconf 77' lang='grc'><strong>24.</strong></span> 
     </span>
    </p>
   </div>
   <div class='ocr_carea' id='block_1_5' title="bbox 621 1193 3814 1268">
    <p class='ocr_par' dir='ltr' id='par_1_5' title="bbox 621 1193 3814 1268">
     <span class='ocr_line' id='line_1_5' title="bbox 621 1193 3814 1268; baseline -0.002 -11"><span class='ocrx_word' id='word_1_14' title='bbox 621 1197 744 1257; x_wconf 63' lang='lat' dir='ltr'><strong>lion</strong></span> <span class='ocrx_word' id='word_1_15' title='bbox 767 1216 898 1257; x_wconf 82' lang='lat' dir='ltr'><strong>vera</strong></span> <span class='ocrx_word' id='word_1_16' title='bbox 929 1207 1013 1257; x_wconf 88' lang='lat' dir='ltr'><strong>est</strong></span> <span class='ocrx_word' id='word_1_17' title='bbox 1071 1196 1470 1268; x_wconf 72' lang='lat' dir='ltr'><strong>interpretatio,</strong></span> <span class='ocrx_word' id='word_1_18' title='bbox 1528 1196 1660 1251; x_wconf 80' lang='lat' dir='ltr'><strong>Ecce</strong></span> <span class='ocrx_word' id='word_1_19' title='bbox 1709 1195 2127 1260; x_wconf 74' lang='lat' dir='ltr'><strong>adolescentulo,</strong></span> <span class='ocrx_word' id='word_1_20' title='bbox 2161 1195 2596 1266; x_wconf 74' lang='lat' dir='ltr'><strong>Ainterpretati.</strong></span> <span class='ocrx_word' id='word_1_21' title='bbox 2680 1194 2820 1252; x_wconf 82' lang='lat' dir='ltr'><strong>Hinc</strong></span> <span class='ocrx_word' id='word_1_22' title='bbox 2891 1194 3133 1251; x_wconf 74' lang='lat' dir='ltr'><strong>Ebiontei</strong></span> <span class='ocrx_word' id='word_1_23' title='bbox 3213 1211 3287 1252; x_wconf 80' lang='lat' dir='ltr'><strong>ex</strong></span> <span class='ocrx_word' id='word_1_24' title='bbox 3343 1193 3543 1266; x_wconf 77' lang='lat' dir='ltr'><strong>Josepb</strong></span> <span class='ocrx_word' id='word_1_25' title='bbox 3623 1205 3814 1252; x_wconf 72' lang='lat' dir='ltr'><strong>natum</strong></span> 
     </span>
    </p>
   </div>
   <div class='ocr_carea' id='block_1_6' title="bbox 556 1287 2425 1364">
    <p class='ocr_par' dir='ltr' id='par_1_6' title="bbox 556 1287 2425 1364">
     <span class='ocr_line' id='line_1_6' title="bbox 556 1287 2425 1364; baseline -0.006 -13"><span class='ocrx_word' id='word_1_26' title='bbox 556 1304 621 1352; x_wconf 89' lang='lat' dir='ltr'><strong>ut</strong></span> <span class='ocrx_word' id='word_1_27' title='bbox 669 1293 970 1350; x_wconf 88' lang='lat' dir='ltr'><strong>&#39;l‘heodotio</strong></span> <span class='ocrx_word' id='word_1_28' title='bbox 1029 1292 1300 1364; x_wconf 74' lang='lat' dir='ltr'><strong>Ephesius</strong></span> <span class='ocrx_word' id='word_1_29' title='bbox 1345 1299 1400 1347; x_wconf 93' lang='lat' dir='ltr'><strong>et</strong></span> <span class='ocrx_word' id='word_1_30' title='bbox 1449 1291 1644 1360; x_wconf 83' lang='lat' dir='ltr'><strong>Aquila</strong></span> <span class='ocrx_word' id='word_1_31' title='bbox 1696 1287 1957 1344; x_wconf 84' lang='lat' dir='ltr'><strong>Ponticus</strong></span> <span class='ocrx_word' id='word_1_32' title='bbox 2013 1298 2141 1344; x_wconf 91' lang='lat' dir='ltr'><strong>sunt</strong></span> <span class='ocrx_word' id='word_1_33' title='bbox 2249 1289 2425 1342; x_wconf 89' lang='lat' dir='ltr'><strong>aiunt.</strong></span> 
     </span>
    </p>
   </div>
   <div class='ocr_carea' id='block_1_7' title="bbox 1265 1406 2845 1482">
    <p class='ocr_par' dir='ltr' id='par_1_7' title="bbox 1265 1406 2845 1482">
     <span class='ocr_line' id='line_1_7' title="bbox 1265 1406 2845 1482; baseline -0.002 -16"><span class='ocrx_word' id='word_1_34' title='bbox 1265 1411 1414 1482; x_wconf 89' lang='lat' dir='ltr'><strong>Orig.</strong></span> <span class='ocrx_word' id='word_1_35' title='bbox 1445 1410 1736 1464; x_wconf 80' lang='lat' dir='ltr'><strong>Comment.</strong></span> <span class='ocrx_word' id='word_1_36' title='bbox 1767 1411 1819 1464; x_wconf 82' lang='lat' dir='ltr'><strong>in</strong></span> <span class='ocrx_word' id='word_1_37' title='bbox 1850 1409 2184 1475; x_wconf 71' lang='lat' dir='ltr'><strong>Matthctmt,</strong></span> <span class='ocrx_word' id='word_1_38' title='bbox 2219 1407 2382 1462; x_wconf 77' lang='lat' dir='ltr'><strong>ﬂuet.</strong></span> <span class='ocrx_word' id='word_1_39' title='bbox 2407 1424 2460 1476; x_wconf 85' lang='lat' dir='ltr'><strong>p.</strong></span> <span class='ocrx_word' id='word_1_40' title='bbox 2491 1406 2618 1472; x_wconf 77' lang='lat'><strong>58!,</strong></span> <span class='ocrx_word' id='word_1_41' title='bbox 2645 1419 2774 1462; x_wconf 73' lang='lat' dir='ltr'><strong>tom.</strong></span> <span class='ocrx_word' id='word_1_42' title='bbox 2804 1407 2845 1463; x_wconf 85' lang='lat' dir='ltr'><strong>l.</strong></span> 
     </span>
    </p>
   </div>
   <div class='ocr_carea' id='block_1_8' title="bbox 627 1501 2255 1576">
    <p class='ocr_par' dir='ltr' id='par_1_8' title="bbox 627 1505 2126 1576">
     <span class='ocr_line' id='line_1_8' title="bbox 627 1505 2126 1576; baseline -0.001 -16"><span class='ocrx_word' id='word_1_43' title='bbox 627 1505 782 1560; x_wconf 87' lang='lat' dir='ltr'><strong>Nune</strong></span> <span class='ocrx_word' id='word_1_44' title='bbox 811 1516 990 1561; x_wconf 88' lang='lat' dir='ltr'><strong>autem</strong></span> <span class='ocrx_word' id='word_1_45' title='bbox 1037 1522 1232 1576; x_wconf 83' lang='lat' dir='ltr'><strong>magna</strong></span> <span class='ocrx_word' id='word_1_46' title='bbox 1280 1506 1705 1575; x_wconf 79' lang='lat' dir='ltr'><strong>deprehenditur</strong></span> <span class='ocrx_word' id='word_1_47' title='bbox 1731 1506 2126 1574; x_wconf 77' lang='lat' dir='ltr'><strong>exemplarium</strong></span> 
     </span>
    </p>
   </div>
   <div class='ocr_carea' id='block_1_9' title="bbox 2187 1501 3815 1576">
    <p class='ocr_par' dir='ltr' id='par_1_9' title="bbox 2306 1501 3815 1576">
     <span class='ocr_line' id='line_1_9' title="bbox 2306 1501 3815 1576; baseline -0.001 -20"><span class='ocrx_word' id='word_1_48' title='bbox 2306 1503 2444 1557; x_wconf 80' lang='grc' dir='ltr'>Νυνὶ</span> <span class='ocrx_word' id='word_1_49' title='bbox 2475 1503 2534 1556; x_wconf 83' lang='grc' dir='ltr'><strong>δέ</strong></span> <span class='ocrx_word' id='word_1_50' title='bbox 2563 1504 2803 1576; x_wconf 80' lang='grc' dir='ltr'>δηλονότι</span> <span class='ocrx_word' id='word_1_51' title='bbox 2827 1505 2994 1574; x_wconf 84' lang='grc' dir='ltr'>πολλὴ</span> <span class='ocrx_word' id='word_1_52' title='bbox 3023 1507 3244 1574; x_wconf 80' lang='grc' dir='ltr'>γέγονεν</span> <span class='ocrx_word' id='word_1_53' title='bbox 3272 1507 3305 1575; x_wconf 78' lang='grc' dir='ltr'><strong>ἠ</strong></span> <span class='ocrx_word' id='word_1_54' title='bbox 3331 1503 3439 1556; x_wconf 87' lang='grc' dir='ltr'><strong>τῶν</strong></span> <span class='ocrx_word' id='word_1_55' title='bbox 3463 1501 3815 1575; x_wconf 76' lang='grc' dir='ltr'><strong>ἀντιγράφων</strong></span> 
     </span>
    </p>
   </div>
   <div class='ocr_carea' id='block_1_10' title="bbox 557 1595 2185 1668">
    <p class='ocr_par' dir='ltr' id='par_1_10' title="bbox 557 1597 2127 1668">
     <span class='ocr_line' id='line_1_10' title="bbox 557 1597 2127 1668; baseline -0.001 -16"><span class='ocrx_word' id='word_1_56' title='bbox 557 1597 890 1662; x_wconf 81' lang='lat' dir='ltr'><strong>diﬂ‘ereutia,</strong></span> <span class='ocrx_word' id='word_1_57' title='bbox 944 1609 1056 1652; x_wconf 92' lang='lat' dir='ltr'><strong>tum</strong></span> <span class='ocrx_word' id='word_1_58' title='bbox 1099 1608 1321 1668; x_wconf 75' lang='lat' dir='ltr'><strong>propter</strong></span> <span class='ocrx_word' id='word_1_59' title='bbox 1362 1599 1663 1652; x_wconf 83' lang='lat' dir='ltr'><strong>scribarum</strong></span> <span class='ocrx_word' id='word_1_60' title='bbox 1701 1597 2127 1667; x_wconf 67' lang='lat' dir='ltr'><strong>indiligentiam,</strong></span> 
     </span>
    </p>
   </div>
   <div class='ocr_carea' id='block_1_11' title="bbox 2189 1595 3817 1668">
    <p class='ocr_par' dir='ltr' id='par_1_11' title="bbox 2234 1595 3817 1668">
     <span class='ocr_line' id='line_1_11' title="bbox 2234 1595 3817 1668; baseline 0.001 -19"><span class='ocrx_word' id='word_1_61' title='bbox 2234 1596 2483 1667; x_wconf 82' lang='grc' dir='ltr'>διαφορὰ,</span> <span class='ocrx_word' id='word_1_62' title='bbox 2503 1595 2613 1649; x_wconf 75' lang='grc' dir='ltr'>εἴτε</span> <span class='ocrx_word' id='word_1_63' title='bbox 2637 1597 2744 1650; x_wconf 80' lang='grc' dir='ltr'><strong>ἀπὸ</strong></span> <span class='ocrx_word' id='word_1_64' title='bbox 2771 1597 3044 1668; x_wconf 69' lang='grc' dir='ltr'>ῥᾳθυμίας</span> <span class='ocrx_word' id='word_1_65' title='bbox 3071 1597 3233 1650; x_wconf 86' lang='grc' dir='ltr'>τινῶν</span> <span class='ocrx_word' id='word_1_66' title='bbox 3261 1597 3537 1667; x_wconf 84' lang='grc' dir='ltr'>γραφέων,</span> <span class='ocrx_word' id='word_1_67' title='bbox 3561 1596 3672 1650; x_wconf 72' lang='grc' dir='ltr'>εἴτε</span> <span class='ocrx_word' id='word_1_68' title='bbox 3705 1595 3817 1651; x_wconf 73' lang='grc' dir='ltr'><strong>ἀπὺ</strong></span> 
     </span>
    </p>
   </div>
   <div class='ocr_carea' id='block_1_12' title="bbox 556 1685 2184 1760">
    <p class='ocr_par' dir='ltr' id='par_1_12' title="bbox 556 1687 2130 1758">
     <span class='ocr_line' id='line_1_12' title="bbox 556 1687 2130 1758; baseline 0.001 -18"><span class='ocrx_word' id='word_1_69' title='bbox 556 1695 670 1740; x_wconf 93' lang='lat' dir='ltr'><strong>tum</strong></span> <span class='ocrx_word' id='word_1_70' title='bbox 744 1696 962 1756; x_wconf 75' lang='lat' dir='ltr'><strong>propter</strong></span> <span class='ocrx_word' id='word_1_71' title='bbox 1008 1687 1372 1757; x_wconf 87' lang='lat' dir='ltr'><strong>quorumdam</strong></span> <span class='ocrx_word' id='word_1_72' title='bbox 1439 1687 1721 1741; x_wconf 82' lang='lat' dir='ltr'><strong>audaciam</strong></span> <span class='ocrx_word' id='word_1_73' title='bbox 1798 1702 2130 1758; x_wconf 88' lang='lat' dir='ltr'><strong>pravamque</strong></span> 
     </span>
    </p>
   </div>
   <div class='ocr_carea' id='block_1_13' title="bbox 2189 1685 3817 1760">
    <p class='ocr_par' dir='ltr' id='par_1_13' title="bbox 2235 1685 3817 1760">
     <span class='ocr_line' id='line_1_13' title="bbox 2235 1685 3817 1760; baseline -0.001 -19"><span class='ocrx_word' id='word_1_74' title='bbox 2235 1688 2437 1758; x_wconf 82' lang='grc' dir='ltr'><strong>τόλμης</strong></span> <span class='ocrx_word' id='word_1_75' title='bbox 2471 1687 2632 1740; x_wconf 89' lang='grc' dir='ltr'>τινῶν</span> <span class='ocrx_word' id='word_1_76' title='bbox 2678 1688 2955 1760; x_wconf 76' lang='grc' dir='ltr'>μοχθηρᾶς</span> <span class='ocrx_word' id='word_1_77' title='bbox 2999 1704 3057 1740; x_wconf 87' lang='grc' dir='ltr'><strong>τε</strong></span> <span class='ocrx_word' id='word_1_78' title='bbox 3102 1685 3438 1758; x_wconf 79' lang='grc' dir='ltr'><strong>διορθώσεως</strong></span> <span class='ocrx_word' id='word_1_79' title='bbox 3469 1687 3578 1739; x_wconf 87' lang='grc' dir='ltr'><strong>τῶν</strong></span> <span class='ocrx_word' id='word_1_80' title='bbox 3605 1704 3817 1758; x_wconf 82' lang='grc' dir='ltr'>γραφο-</span> 
     </span>
    </p>
   </div>
   <div class='ocr_carea' id='block_1_14' title="bbox 555 1778 2183 1852">
    <p class='ocr_par' dir='ltr' id='par_1_14' title="bbox 555 1778 2130 1848">
     <span class='ocr_line' id='line_1_14' title="bbox 555 1778 2130 1848; baseline 0.001 -16"><span class='ocrx_word' id='word_1_81' title='bbox 555 1778 838 1848; x_wconf 67' lang='lat' dir='ltr'><strong>scripturae</strong></span> <span class='ocrx_word' id='word_1_82' title='bbox 889 1779 1360 1844; x_wconf 78' lang='lat' dir='ltr'><strong>emendationem;</strong></span> <span class='ocrx_word' id='word_1_83' title='bbox 1412 1787 1525 1832; x_wconf 93' lang='lat' dir='ltr'><strong>tum</strong></span> <span class='ocrx_word' id='word_1_84' title='bbox 1571 1780 1734 1833; x_wconf 89' lang='lat' dir='ltr'><strong>etiam</strong></span> <span class='ocrx_word' id='word_1_85' title='bbox 1777 1789 1994 1848; x_wconf 89' lang='lat' dir='ltr'><strong>propter</strong></span> <span class='ocrx_word' id='word_1_86' title='bbox 2033 1794 2130 1834; x_wconf 83' lang='lat' dir='ltr'><strong>eos</strong></span> 
     </span>
    </p>
   </div>
   <div class='ocr_carea' id='block_1_15' title="bbox 2188 1778 3816 1852">
    <p class='ocr_par' dir='ltr' id='par_1_15' title="bbox 2240 1778 3816 1852">
     <span class='ocr_line' id='line_1_15' title="bbox 2240 1778 3816 1852; baseline -0.001 -19"><span class='ocrx_word' id='word_1_87' title='bbox 2240 1781 2442 1852; x_wconf 88' lang='grc' dir='ltr'>μένων,</span> <span class='ocrx_word' id='word_1_88' title='bbox 2470 1779 2581 1832; x_wconf 76' lang='grc' dir='ltr'>εἴτε</span> <span class='ocrx_word' id='word_1_89' title='bbox 2621 1780 2715 1832; x_wconf 75' lang='grc' dir='ltr'>καὶ</span> <span class='ocrx_word' id='word_1_90' title='bbox 2746 1780 2854 1832; x_wconf 82' lang='grc' dir='ltr'>ἀπὸ</span> <span class='ocrx_word' id='word_1_91' title='bbox 2883 1779 2992 1832; x_wconf 84' lang='grc' dir='ltr'><strong>τῶν</strong></span> <span class='ocrx_word' id='word_1_92' title='bbox 3023 1778 3088 1832; x_wconf 73' lang='grc' dir='ltr'><strong>τὰ</strong></span> <span class='ocrx_word' id='word_1_93' title='bbox 3139 1780 3352 1841; x_wconf 80' lang='grc' dir='ltr'><strong>ἑαυτοῖς</strong></span> <span class='ocrx_word' id='word_1_94' title='bbox 3376 1778 3635 1832; x_wconf 74' lang='grc' dir='ltr'>δοκοῦντα</span> <span class='ocrx_word' id='word_1_95' title='bbox 3661 1780 3719 1831; x_wconf 87' lang='grc' dir='ltr'><strong>ἐν</strong></span> <span class='ocrx_word' id='word_1_96' title='bbox 3745 1781 3816 1850; x_wconf 75' lang='grc' dir='ltr'>τῇ</span> 
     </span>
    </p>
   </div>
   <div class='ocr_carea' id='block_1_16' title="bbox 553 1869 2181 1945">
    <p class='ocr_par' dir='ltr' id='par_1_16' title="bbox 553 1869 2133 1941">
     <span class='ocr_line' id='line_1_16' title="bbox 553 1869 2133 1941; baseline 0 -17"><span class='ocrx_word' id='word_1_97' title='bbox 553 1871 679 1940; x_wconf 87' lang='lat' dir='ltr'><strong>qui,</strong></span> <span class='ocrx_word' id='word_1_98' title='bbox 711 1871 840 1925; x_wconf 88' lang='lat' dir='ltr'><strong>dum</strong></span> <span class='ocrx_word' id='word_1_99' title='bbox 875 1871 1250 1941; x_wconf 76' lang='lat' dir='ltr'><strong>eorrigereut,</strong></span> <span class='ocrx_word' id='word_1_100' title='bbox 1285 1871 1532 1940; x_wconf 64' lang='lat' dir='ltr'><strong>quaedam</strong></span> <span class='ocrx_word' id='word_1_101' title='bbox 1573 1886 1670 1940; x_wconf 92' lang='lat' dir='ltr'><strong>pro</strong></span> <span class='ocrx_word' id='word_1_102' title='bbox 1699 1872 1926 1925; x_wconf 87' lang='lat' dir='ltr'><strong>arbitrio</strong></span> <span class='ocrx_word' id='word_1_103' title='bbox 1978 1869 2133 1924; x_wconf 86' lang='lat' dir='ltr'><strong>addi-</strong></span> 
     </span>
    </p>
   </div>
   <div class='ocr_carea' id='block_1_17' title="bbox 2189 1869 3817 1945">
    <p class='ocr_par' dir='ltr' id='par_1_17' title="bbox 2231 1871 3817 1945">
     <span class='ocr_line' id='line_1_17' title="bbox 2231 1871 3817 1945; baseline -0.003 -19"><span class='ocrx_word' id='word_1_104' title='bbox 2231 1872 2515 1945; x_wconf 81' lang='grc' dir='ltr'><strong>διορθώσει</strong></span> <span class='ocrx_word' id='word_1_105' title='bbox 2557 1872 2992 1944; x_wconf 79' lang='grc' dir='ltr'><strong>προστιθέντων,</strong></span> <span class='ocrx_word' id='word_1_106' title='bbox 3035 1872 3068 1944; x_wconf 76' lang='grc' dir='ltr'>ἢ</span> <span class='ocrx_word' id='word_1_107' title='bbox 3123 1871 3521 1942; x_wconf 77' lang='grc' dir='ltr'><strong>ἀφαιρούντων.</strong></span> <span class='ocrx_word' id='word_1_108' title='bbox 3555 1871 3670 1940; x_wconf 78' lang='grc' dir='ltr'><strong>Τὴν</strong></span> <span class='ocrx_word' id='word_1_109' title='bbox 3716 1871 3817 1940; x_wconf 83' lang='grc' dir='ltr'>μὲν</span> 
     </span>
    </p>
   </div>
   <div class='ocr_carea' id='block_1_18' title="bbox 553 1961 2181 2034">
    <p class='ocr_par' dir='ltr' id='par_1_18' title="bbox 553 1961 2134 2032">
     <span class='ocr_line' id='line_1_18' title="bbox 553 1961 2134 2032; baseline 0.001 -16"><span class='ocrx_word' id='word_1_110' title='bbox 553 1961 754 2016; x_wconf 88' lang='lat' dir='ltr'><strong>derunt</strong></span> <span class='ocrx_word' id='word_1_111' title='bbox 783 1963 866 2016; x_wconf 89' lang='lat' dir='ltr'><strong>vel</strong></span> <span class='ocrx_word' id='word_1_112' title='bbox 892 1962 1263 2016; x_wconf 83' lang='lat' dir='ltr'><strong>detraxerunt.</strong></span> <span class='ocrx_word' id='word_1_113' title='bbox 1307 1961 1444 2017; x_wconf 85' lang='lat' dir='ltr'><strong>Huic</strong></span> <span class='ocrx_word' id='word_1_114' title='bbox 1473 1978 1632 2031; x_wconf 88' lang='lat' dir='ltr'><strong>porro</strong></span> <span class='ocrx_word' id='word_1_115' title='bbox 1667 1962 1981 2016; x_wconf 68' lang='lat' dir='ltr'><strong>differentiae</strong></span> <span class='ocrx_word' id='word_1_116' title='bbox 2011 1977 2134 2032; x_wconf 59' lang='lat' dir='ltr'><strong>qua</strong></span> 
     </span>
    </p>
   </div>
   <div class='ocr_carea' id='block_1_19' title="bbox 2189 1961 3817 2034">
    <p class='ocr_par' dir='ltr' id='par_1_19' title="bbox 2231 1961 3817 2034">
     <span class='ocr_line' id='line_1_19' title="bbox 2231 1961 3817 2034; baseline -0.003 -16"><span class='ocrx_word' id='word_1_117' title='bbox 2231 1963 2326 2020; x_wconf 75' lang='grc' dir='ltr'>οὖν</span> <span class='ocrx_word' id='word_1_118' title='bbox 2356 1969 2416 2020; x_wconf 92' lang='grc' dir='ltr'><strong>ἐν</strong></span> <span class='ocrx_word' id='word_1_119' title='bbox 2447 1969 2557 2028; x_wconf 78' lang='grc' dir='ltr'>τοῖς</span> <span class='ocrx_word' id='word_1_120' title='bbox 2587 1965 2938 2034; x_wconf 66' lang='grc' dir='ltr'><strong>ἀντιγράφοις</strong></span> <span class='ocrx_word' id='word_1_121' title='bbox 2971 1964 3068 2033; x_wconf 73' lang='grc' dir='ltr'>τῆς</span> <span class='ocrx_word' id='word_1_122' title='bbox 3103 1964 3338 2026; x_wconf 81' lang='grc' dir='ltr'>παλαιᾶς</span> <span class='ocrx_word' id='word_1_123' title='bbox 3384 1961 3648 2033; x_wconf 78' lang='grc' dir='ltr'><strong>διαθήκης</strong></span> <span class='ocrx_word' id='word_1_124' title='bbox 3695 1961 3817 2015; x_wconf 87' lang='grc' dir='ltr'>δια-</span> 
     </span>
    </p>
   </div>
   <div class='ocr_carea' id='block_1_20' title="bbox 552 2051 2180 2128">
    <p class='ocr_par' dir='ltr' id='par_1_20' title="bbox 552 2052 2132 2123">
     <span class='ocr_line' id='line_1_20' title="bbox 552 2052 2132 2123; baseline 0.002 -16"><span class='ocrx_word' id='word_1_125' title='bbox 552 2052 609 2107; x_wconf 84' lang='grc' dir='ltr'>ἱη</span> <span class='ocrx_word' id='word_1_126' title='bbox 644 2055 1046 2123; x_wconf 81' lang='lat' dir='ltr'><strong>exemplaribus</strong></span> <span class='ocrx_word' id='word_1_127' title='bbox 1081 2053 1286 2108; x_wconf 85' lang='lat' dir='ltr'><strong>Veteris</strong></span> <span class='ocrx_word' id='word_1_128' title='bbox 1315 2053 1650 2108; x_wconf 84' lang='lat' dir='ltr'><strong>Teslameuti</strong></span> <span class='ocrx_word' id='word_1_129' title='bbox 1695 2055 1972 2118; x_wconf 88' lang='lat' dir='ltr'><strong>occurrit,</strong></span> <span class='ocrx_word' id='word_1_130' title='bbox 2021 2053 2132 2110; x_wconf 85' lang='lat' dir='ltr'><strong>Deo</strong></span> 
     </span>
    </p>
   </div>
   <div class='ocr_carea' id='block_1_21' title="bbox 2193 2051 3821 2128">
    <p class='ocr_par' dir='ltr' id='par_1_21' title="bbox 2235 2051 3821 2128">
     <span class='ocr_line' id='line_1_21' title="bbox 2235 2051 3821 2128; baseline -0.003 -17"><span class='ocrx_word' id='word_1_131' title='bbox 2235 2056 2474 2128; x_wconf 85' lang='grc' dir='ltr'>φωνίαν,</span> <span class='ocrx_word' id='word_1_132' title='bbox 2521 2057 2655 2110; x_wconf 76' lang='grc' dir='ltr'>Θεοῦ</span> <span class='ocrx_word' id='word_1_133' title='bbox 2695 2057 2928 2119; x_wconf 83' lang='grc' dir='ltr'>διδόντος</span> <span class='ocrx_word' id='word_1_134' title='bbox 2961 2057 3192 2127; x_wconf 77' lang='grc' dir='ltr'>εὕρομεν</span> <span class='ocrx_word' id='word_1_135' title='bbox 3229 2054 3515 2118; x_wconf 72' lang='grc' dir='ltr'>ἰάσασθαι,</span> <span class='ocrx_word' id='word_1_136' title='bbox 3549 2051 3821 2127; x_wconf 84' lang='grc' dir='ltr'>κριτηρίῳ</span> 
     </span>
    </p>
   </div>
   <div class='ocr_carea' id='block_1_22' title="bbox 549 2145 2177 2221">
    <p class='ocr_par' dir='ltr' id='par_1_22' title="bbox 549 2145 2127 2215">
     <span class='ocr_line' id='line_1_22' title="bbox 549 2145 2127 2215; baseline 0.001 -15"><span class='ocrx_word' id='word_1_137' title='bbox 549 2145 774 2214; x_wconf 79' lang='lat' dir='ltr'><strong>iuvante</strong></span> <span class='ocrx_word' id='word_1_138' title='bbox 821 2146 1121 2199; x_wconf 88' lang='lat' dir='ltr'><strong>remedium</strong></span> <span class='ocrx_word' id='word_1_139' title='bbox 1173 2146 1486 2211; x_wconf 86' lang='lat' dir='ltr'><strong>attulimus,</strong></span> <span class='ocrx_word' id='word_1_140' title='bbox 1527 2147 1751 2215; x_wconf 85' lang='lat' dir='ltr'><strong>reliquis</strong></span> <span class='ocrx_word' id='word_1_141' title='bbox 1798 2145 2127 2202; x_wconf 87' lang='lat' dir='ltr'><strong>editiouibus</strong></span> 
     </span>
    </p>
   </div>
   <div class='ocr_carea' id='block_1_23' title="bbox 2191 2145 3819 2221">
    <p class='ocr_par' dir='ltr' id='par_1_23' title="bbox 2235 2145 3819 2221">
     <span class='ocr_line' id='line_1_23' title="bbox 2235 2145 3819 2221; baseline -0.009 -14"><span class='ocrx_word' id='word_1_142' title='bbox 2235 2151 2569 2221; x_wconf 76' lang='grc' dir='ltr'>χρησάμενοι</span> <span class='ocrx_word' id='word_1_143' title='bbox 2599 2150 2720 2211; x_wconf 86' lang='grc' dir='ltr'>ταῖς</span> <span class='ocrx_word' id='word_1_144' title='bbox 2763 2147 2975 2210; x_wconf 84' lang='grc' dir='ltr'>λοιπαῖς</span> <span class='ocrx_word' id='word_1_145' title='bbox 3009 2147 3303 2200; x_wconf 82' lang='grc' dir='ltr'>ἐκδόσεσιν.</span> <span class='ocrx_word' id='word_1_146' title='bbox 3342 2145 3463 2199; x_wconf 85' lang='grc' dir='ltr'>Τῶν</span> <span class='ocrx_word' id='word_1_147' title='bbox 3503 2149 3612 2218; x_wconf 79' lang='grc' dir='ltr'>γὰρ</span> <span class='ocrx_word' id='word_1_148' title='bbox 3646 2146 3819 2215; x_wconf 75' lang='grc' dir='ltr'>ἀμφι.</span> 
     </span>
    </p>
   </div>
   <div class='ocr_carea' id='block_1_24' title="bbox 552 2233 2180 2309">
    <p class='ocr_par' dir='ltr' id='par_1_24' title="bbox 552 2237 2125 2309">
     <span class='ocr_line' id='line_1_24' title="bbox 552 2237 2125 2309; baseline 0.003 -20"><span class='ocrx_word' id='word_1_149' title='bbox 552 2237 677 2296; x_wconf 90' lang='lat' dir='ltr'><strong>usi.</strong></span> <span class='ocrx_word' id='word_1_150' title='bbox 723 2247 782 2291; x_wconf 90' lang='lat' dir='ltr'><strong>ut</strong></span> <span class='ocrx_word' id='word_1_151' title='bbox 811 2253 878 2291; x_wconf 80' lang='lat' dir='ltr'><strong>ex</strong></span> <span class='ocrx_word' id='word_1_152' title='bbox 911 2238 978 2293; x_wconf 90' lang='lat' dir='ltr'><strong>iis</strong></span> <span class='ocrx_word' id='word_1_153' title='bbox 1015 2238 1282 2307; x_wconf 87' lang='lat' dir='ltr'><strong>judicium</strong></span> <span class='ocrx_word' id='word_1_154' title='bbox 1317 2237 1640 2294; x_wconf 81' lang='lat' dir='ltr'><strong>faceremus.</strong></span> <span class='ocrx_word' id='word_1_155' title='bbox 1675 2237 1806 2292; x_wconf 85' lang='lat' dir='ltr'><strong>Nam</strong></span> <span class='ocrx_word' id='word_1_156' title='bbox 1837 2255 1958 2309; x_wconf 70' lang='lat' dir='ltr'><strong>quae</strong></span> <span class='ocrx_word' id='word_1_157' title='bbox 1983 2239 2125 2309; x_wconf 90' lang='lat' dir='ltr'><strong>apud</strong></span> 
     </span>
    </p>
   </div>
   <div class='ocr_carea' id='block_1_25' title="bbox 2191 2233 3819 2309">
    <p class='ocr_par' dir='ltr' id='par_1_25' title="bbox 2236 2233 3819 2307">
     <span class='ocr_line' id='line_1_25' title="bbox 2236 2233 3819 2307; baseline 0.001 -19"><span class='ocrx_word' id='word_1_158' title='bbox 2236 2236 2580 2306; x_wconf 77' lang='grc' dir='ltr'>ϐαλλομένων</span> <span class='ocrx_word' id='word_1_159' title='bbox 2627 2236 2779 2307; x_wconf 84' lang='grc' dir='ltr'><strong>παρά</strong></span> <span class='ocrx_word' id='word_1_160' title='bbox 2820 2237 2932 2299; x_wconf 87' lang='grc' dir='ltr'>τοῖς</span> <span class='ocrx_word' id='word_1_161' title='bbox 2982 2236 3382 2307; x_wconf 75' lang='grc' dir='ltr'>Ἐθδομήκοντα</span> <span class='ocrx_word' id='word_1_162' title='bbox 3431 2234 3520 2288; x_wconf 74' lang='grc' dir='ltr'><strong>διὰ</strong></span> <span class='ocrx_word' id='word_1_163' title='bbox 3562 2235 3661 2306; x_wconf 80' lang='grc' dir='ltr'>τὴν</span> <span class='ocrx_word' id='word_1_164' title='bbox 3709 2233 3819 2289; x_wconf 78' lang='grc' dir='ltr'><strong>τῶν</strong></span> 
     </span>
    </p>
   </div>
   <div class='ocr_carea' id='block_1_26' title="bbox 550 2325 2178 2400">
    <p class='ocr_par' dir='ltr' id='par_1_26' title="bbox 550 2325 2129 2400">
     <span class='ocr_line' id='line_1_26' title="bbox 550 2325 2129 2400; baseline 0.002 -19"><span class='ocrx_word' id='word_1_165' title='bbox 550 2325 694 2381; x_wconf 75' lang='lat' dir='ltr'><strong>LXX</strong></span> <span class='ocrx_word' id='word_1_166' title='bbox 711 2325 1035 2398; x_wconf 87' lang='lat' dir='ltr'><strong>luterpretes</strong></span> <span class='ocrx_word' id='word_1_167' title='bbox 1055 2339 1271 2399; x_wconf 85' lang='lat' dir='ltr'><strong>propter</strong></span> <span class='ocrx_word' id='word_1_168' title='bbox 1285 2331 1674 2400; x_wconf 85' lang='lat' dir='ltr'><strong>exemplarium</strong></span> <span class='ocrx_word' id='word_1_169' title='bbox 1692 2331 2007 2385; x_wconf 77' lang='lat' dir='ltr'><strong>varietatem</strong></span> <span class='ocrx_word' id='word_1_170' title='bbox 2027 2331 2129 2385; x_wconf 90' lang='lat' dir='ltr'><strong>du-</strong></span> 
     </span>
    </p>
   </div>
   <div class='ocr_carea' id='block_1_27' title="bbox 2193 2325 3821 2400">
    <p class='ocr_par' dir='ltr' id='par_1_27' title="bbox 2233 2326 3821 2400">
     <span class='ocr_line' id='line_1_27' title="bbox 2233 2326 3821 2400; baseline -0.001 -20"><span class='ocrx_word' id='word_1_171' title='bbox 2233 2328 2583 2400; x_wconf 81' lang='grc' dir='ltr'>ἀντιγρὰφων</span> <span class='ocrx_word' id='word_1_172' title='bbox 2625 2327 2940 2397; x_wconf 78' lang='grc' dir='ltr'>διαφωνίαν,</span> <span class='ocrx_word' id='word_1_173' title='bbox 2975 2328 3074 2398; x_wconf 70' lang='grc' dir='ltr'>τὴν</span> <span class='ocrx_word' id='word_1_174' title='bbox 3103 2328 3284 2398; x_wconf 80' lang='grc' dir='ltr'>κρίσιν</span> <span class='ocrx_word' id='word_1_175' title='bbox 3319 2327 3677 2398; x_wconf 78' lang='grc' dir='ltr'>ποιησάμενοι</span> <span class='ocrx_word' id='word_1_176' title='bbox 3710 2326 3821 2380; x_wconf 74' lang='grc' dir='ltr'>ἀπὸ</span> 
     </span>
    </p>
   </div>
   <div class='ocr_carea' id='block_1_28' title="bbox 550 2415 2178 2491">
    <p class='ocr_par' dir='ltr' id='par_1_28' title="bbox 550 2418 2178 2491">
     <span class='ocr_line' id='line_1_28' title="bbox 550 2418 2178 2491; baseline 0.003 -19"><span class='ocrx_word' id='word_1_177' title='bbox 550 2418 640 2472; x_wconf 86' lang='lat' dir='ltr'><strong>bia</strong></span> <span class='ocrx_word' id='word_1_178' title='bbox 674 2429 852 2485; x_wconf 89' lang='lat' dir='ltr'><strong>erant,</strong></span> <span class='ocrx_word' id='word_1_179' title='bbox 888 2435 918 2475; x_wconf 90' lang='lat' dir='ltr'><strong>e</strong></span> <span class='ocrx_word' id='word_1_180' title='bbox 943 2422 1169 2490; x_wconf 89' lang='lat' dir='ltr'><strong>reliquis</strong></span> <span class='ocrx_word' id='word_1_181' title='bbox 1194 2421 1530 2478; x_wconf 91' lang='lat' dir='ltr'><strong>editionibus</strong></span> <span class='ocrx_word' id='word_1_182' title='bbox 1569 2423 1932 2477; x_wconf 72' lang='lat' dir='ltr'><strong>aestimatione</strong></span> <span class='ocrx_word' id='word_1_183' title='bbox 1961 2423 2135 2488; x_wconf 61' lang='lat' dir='ltr'><strong>facta,</strong></span> <span class='ocrx_word' id='word_1_184' title='bbox 2161 2488 2178 2491; x_wconf 96' lang='lat'>_</span> 
     </span>
    </p>
   </div>
   <div class='ocr_carea' id='block_1_29' title="bbox 2192 2415 3820 2491">
    <p class='ocr_par' dir='ltr' id='par_1_29' title="bbox 2192 2415 3820 2491">
     <span class='ocr_line' id='line_1_29' title="bbox 2192 2415 3820 2491; baseline -0.001 -17"><span class='ocrx_word' id='word_1_185' title='bbox 2192 2489 2194 2491; x_wconf 8' lang='grc' dir='ltr'><strong>γ</strong></span> <span class='ocrx_word' id='word_1_186' title='bbox 2234 2421 2342 2475; x_wconf 90' lang='grc' dir='ltr'><strong>τῶν</strong></span> <span class='ocrx_word' id='word_1_187' title='bbox 2373 2421 2572 2476; x_wconf 82' lang='grc' dir='ltr'>λοιπῶν</span> <span class='ocrx_word' id='word_1_188' title='bbox 2599 2421 2863 2474; x_wconf 84' lang='grc' dir='ltr'>ἐκδόσεων</span> <span class='ocrx_word' id='word_1_189' title='bbox 2883 2460 2897 2483; x_wconf 94' lang='grc'><strong>,</strong></span> <span class='ocrx_word' id='word_1_190' title='bbox 2933 2419 2994 2473; x_wconf 81' lang='grc' dir='ltr'>τὸ</span> <span class='ocrx_word' id='word_1_191' title='bbox 3029 2420 3249 2491; x_wconf 77' lang='grc' dir='ltr'>συνᾷδον</span> <span class='ocrx_word' id='word_1_192' title='bbox 3278 2419 3512 2482; x_wconf 76' lang='grc' dir='ltr'>ἐκείναις</span> <span class='ocrx_word' id='word_1_193' title='bbox 3551 2415 3820 2487; x_wconf 78' lang='grc' dir='ltr'>ἐφυλάξα-</span> 
     </span>
    </p>
   </div>
   <div class='ocr_carea' id='block_1_30' title="bbox 549 2488 2177 2585">
    <p class='ocr_par' dir='ltr' id='par_1_30' title="bbox 549 2488 2177 2584">
     <span class='ocr_line' id='line_1_30' title="bbox 549 2488 2177 2584; baseline 0.005 -24"><span class='ocrx_word' id='word_1_194' title='bbox 549 2523 673 2577; x_wconf 68' lang='grc' dir='ltr'>ῳιεε</span> <span class='ocrx_word' id='word_1_195' title='bbox 710 2525 832 2564; x_wconf 90' lang='lat' dir='ltr'><strong>cum</strong></span> <span class='ocrx_word' id='word_1_196' title='bbox 877 2511 985 2566; x_wconf 89' lang='lat' dir='ltr'><strong>illis</strong></span> <span class='ocrx_word' id='word_1_197' title='bbox 1033 2513 1430 2568; x_wconf 88' lang='lat' dir='ltr'><strong>conveniebant</strong></span> <span class='ocrx_word' id='word_1_198' title='bbox 1473 2515 1835 2580; x_wconf 88' lang='lat' dir='ltr'><strong>retinuimus;</strong></span> <span class='ocrx_word' id='word_1_199' title='bbox 1879 2488 2177 2584; x_wconf 69' lang='lat' dir='ltr'><strong>quaedaml</strong></span> 
     </span>
    </p>
   </div>
   <div class='ocr_carea' id='block_1_31' title="bbox 2194 2488 3822 2585">
    <p class='ocr_par' dir='ltr' id='par_1_31' title="bbox 2194 2488 3822 2585">
     <span class='ocr_line' id='line_1_31' title="bbox 2194 2488 3822 2585; baseline -0.002 -19"><span class='ocrx_word' id='word_1_200' title='bbox 2194 2491 2205 2541; x_wconf 56' lang='grc' dir='ltr'><strong>ί</strong></span> <span class='ocrx_word' id='word_1_201' title='bbox 2237 2531 2335 2585; x_wconf 83' lang='grc' dir='ltr'><strong>μεν</strong></span> <span class='ocrx_word' id='word_1_202' title='bbox 2360 2553 2375 2577; x_wconf 88' lang='grc'><strong>,</strong></span> <span class='ocrx_word' id='word_1_203' title='bbox 2409 2515 2504 2567; x_wconf 74' lang='grc' dir='ltr'>καὶ</span> <span class='ocrx_word' id='word_1_204' title='bbox 2532 2513 2653 2566; x_wconf 73' lang='grc' dir='ltr'>τινὰ</span> <span class='ocrx_word' id='word_1_205' title='bbox 2690 2513 2786 2583; x_wconf 80' lang='grc' dir='ltr'>μὲν</span> <span class='ocrx_word' id='word_1_206' title='bbox 2814 2488 3156 2582; x_wconf 76' lang='grc' dir='ltr'>ὼδελίσαμεν</span> <span class='ocrx_word' id='word_1_207' title='bbox 3189 2514 3248 2564; x_wconf 90' lang='grc' dir='ltr'><strong>ἐν</strong></span> <span class='ocrx_word' id='word_1_208' title='bbox 3290 2510 3370 2580; x_wconf 82' lang='grc' dir='ltr'>τῷ</span> <span class='ocrx_word' id='word_1_209' title='bbox 3423 2509 3694 2582; x_wconf 74' lang='grc' dir='ltr'>Ἐϐραῖκῷ</span> <span class='ocrx_word' id='word_1_210' title='bbox 3744 2508 3822 2580; x_wconf 78' lang='grc' dir='ltr'>μὴ</span> 
     </span>
    </p>
   </div>
   <div class='ocr_carea' id='block_1_32' title="bbox 550 2602 2178 2677">
    <p class='ocr_par' dir='ltr' id='par_1_32' title="bbox 550 2606 2130 2675">
     <span class='ocr_line' id='line_1_32' title="bbox 550 2606 2130 2675; baseline 0.006 -22"><span class='ocrx_word' id='word_1_211' title='bbox 550 2614 702 2665; x_wconf 86' lang='lat' dir='ltr'><strong>vero,</strong></span> <span class='ocrx_word' id='word_1_212' title='bbox 735 2613 920 2674; x_wconf 88' lang='lat' dir='ltr'><strong>utpote</strong></span> <span class='ocrx_word' id='word_1_213' title='bbox 953 2621 1075 2675; x_wconf 71' lang='lat' dir='ltr'><strong>qua:</strong></span> <span class='ocrx_word' id='word_1_214' title='bbox 1112 2607 1164 2660; x_wconf 91' lang='lat' dir='ltr'><strong>in</strong></span> <span class='ocrx_word' id='word_1_215' title='bbox 1214 2606 1482 2664; x_wconf 83' lang='lat' dir='ltr'><strong>liebraico</strong></span> <span class='ocrx_word' id='word_1_216' title='bbox 1517 2624 1624 2663; x_wconf 91' lang='lat' dir='ltr'><strong>non</strong></span> <span class='ocrx_word' id='word_1_217' title='bbox 1651 2615 1928 2664; x_wconf 88' lang='lat' dir='ltr'><strong>exstarent</strong></span> <span class='ocrx_word' id='word_1_218' title='bbox 1957 2608 2130 2663; x_wconf 88' lang='lat' dir='ltr'><strong>obelis</strong></span> 
     </span>
    </p>
   </div>
   <div class='ocr_carea' id='block_1_33' title="bbox 2195 2602 3823 2677">
    <p class='ocr_par' dir='ltr' id='par_1_33' title="bbox 2234 2602 3823 2677">
     <span class='ocr_line' id='line_1_33' title="bbox 2234 2602 3823 2677; baseline -0.002 -17"><span class='ocrx_word' id='word_1_219' title='bbox 2234 2607 2481 2677; x_wconf 87' lang='grc' dir='ltr'>κείμενα,</span> <span class='ocrx_word' id='word_1_220' title='bbox 2514 2605 2573 2658; x_wconf 79' lang='grc' dir='ltr'><strong>ού</strong></span> <span class='ocrx_word' id='word_1_221' title='bbox 2605 2605 2973 2676; x_wconf 85' lang='grc' dir='ltr'>τολμήσαντες</span> <span class='ocrx_word' id='word_1_222' title='bbox 2995 2604 3135 2658; x_wconf 83' lang='grc' dir='ltr'><strong>αύτά</strong></span> <span class='ocrx_word' id='word_1_223' title='bbox 3170 2603 3343 2675; x_wconf 79' lang='grc' dir='ltr'>πάντη</span> <span class='ocrx_word' id='word_1_224' title='bbox 3372 2602 3664 2674; x_wconf 82' lang='grc' dir='ltr'>περιελεῖν,</span> <span class='ocrx_word' id='word_1_225' title='bbox 3696 2603 3823 2657; x_wconf 78' lang='grc' dir='ltr'>τινὰ</span> 
     </span>
    </p>
   </div>
   <div class='ocr_carea' id='block_1_34' title="bbox 548 2692 2176 2770">
    <p class='ocr_par' dir='ltr' id='par_1_34' title="bbox 548 2694 2132 2770">
     <span class='ocr_line' id='line_1_34' title="bbox 548 2694 2132 2770; baseline 0.005 -24"><span class='ocrx_word' id='word_1_226' title='bbox 548 2694 860 2749; x_wconf 79' lang='lat' dir='ltr'><strong>notavimus</strong></span> <span class='ocrx_word' id='word_1_227' title='bbox 881 2736 896 2759; x_wconf 91' lang='lat'><strong>,</strong></span> <span class='ocrx_word' id='word_1_228' title='bbox 929 2711 990 2750; x_wconf 89' lang='lat' dir='ltr'><strong>ea</strong></span> <span class='ocrx_word' id='word_1_229' title='bbox 1023 2699 1240 2768; x_wconf 85' lang='lat' dir='ltr'><strong>penitus</strong></span> <span class='ocrx_word' id='word_1_230' title='bbox 1274 2700 1490 2755; x_wconf 83' lang='lat' dir='ltr'><strong>auferre</strong></span> <span class='ocrx_word' id='word_1_231' title='bbox 1545 2717 1653 2754; x_wconf 87' lang='lat' dir='ltr'><strong>non</strong></span> <span class='ocrx_word' id='word_1_232' title='bbox 1697 2702 1851 2763; x_wconf 87' lang='lat' dir='ltr'><strong>ausi,</strong></span> <span class='ocrx_word' id='word_1_233' title='bbox 1881 2702 2132 2770; x_wconf 69' lang='lat' dir='ltr'><strong>quaedam</strong></span> 
     </span>
    </p>
   </div>
   <div class='ocr_carea' id='block_1_35' title="bbox 2191 2692 3819 2770">
    <p class='ocr_par' dir='ltr' id='par_1_35' title="bbox 2231 2692 3819 2770">
     <span class='ocr_line' id='line_1_35' title="bbox 2231 2692 3819 2770; baseline -0.003 -18"><span class='ocrx_word' id='word_1_234' title='bbox 2231 2698 2289 2752; x_wconf 85' lang='grc' dir='ltr'>δὲ</span> <span class='ocrx_word' id='word_1_235' title='bbox 2331 2700 2448 2770; x_wconf 85' lang='grc' dir='ltr'>μετ’</span> <span class='ocrx_word' id='word_1_236' title='bbox 2482 2697 2821 2769; x_wconf 81' lang='grc' dir='ltr'>ἀστερίσκων</span> <span class='ocrx_word' id='word_1_237' title='bbox 2855 2696 3316 2768; x_wconf 79' lang='grc' dir='ltr'>προσεθήκαμεν,</span> <span class='ocrx_word' id='word_1_238' title='bbox 3361 2697 3448 2750; x_wconf 80' lang='grc' dir='ltr'>ἵνα</span> <span class='ocrx_word' id='word_1_239' title='bbox 3480 2692 3700 2770; x_wconf 79' lang='grc' dir='ltr'>δῆλονῇ</span> <span class='ocrx_word' id='word_1_240' title='bbox 3734 2696 3819 2750; x_wconf 81' lang='grc' dir='ltr'>ὅτι</span> 
     </span>
    </p>
   </div>
   <div class='ocr_carea' id='block_1_36' title="bbox 551 2785 2179 2861">
    <p class='ocr_par' dir='ltr' id='par_1_36' title="bbox 551 2785 2133 2860">
     <span class='ocr_line' id='line_1_36' title="bbox 551 2785 2133 2860; baseline 0.005 -22"><span class='ocrx_word' id='word_1_241' title='bbox 551 2793 737 2838; x_wconf 80' lang='lat' dir='ltr'><strong>autem</strong></span> <span class='ocrx_word' id='word_1_242' title='bbox 768 2787 874 2840; x_wconf 82' lang='lat' dir='ltr'><strong>alia</strong></span> <span class='ocrx_word' id='word_1_243' title='bbox 906 2785 1030 2842; x_wconf 83' lang='lat' dir='ltr'><strong>cum</strong></span> <span class='ocrx_word' id='word_1_244' title='bbox 1062 2791 1340 2846; x_wconf 83' lang='lat' dir='ltr'><strong>asteriscis</strong></span> <span class='ocrx_word' id='word_1_245' title='bbox 1369 2793 1671 2860; x_wconf 86' lang='lat' dir='ltr'><strong>adjeeimus</strong></span> <span class='ocrx_word' id='word_1_246' title='bbox 1692 2832 1706 2855; x_wconf 93' lang='lat'><strong>,</strong></span> <span class='ocrx_word' id='word_1_247' title='bbox 1744 2802 1804 2846; x_wconf 88' lang='lat' dir='ltr'><strong>ut</strong></span> <span class='ocrx_word' id='word_1_248' title='bbox 1830 2793 1957 2847; x_wconf 90' lang='lat' dir='ltr'><strong>hinc</strong></span> <span class='ocrx_word' id='word_1_249' title='bbox 1990 2793 2133 2847; x_wconf 84' lang='lat' dir='ltr'><strong>indi-</strong></span> 
     </span>
    </p>
   </div>
   <div class='ocr_carea' id='block_1_37' title="bbox 2194 2785 3822 2861">
    <p class='ocr_par' dir='ltr' id='par_1_37' title="bbox 2238 2786 3822 2861">
     <span class='ocr_line' id='line_1_37' title="bbox 2238 2786 3822 2861; baseline -0.001 -19"><span class='ocrx_word' id='word_1_250' title='bbox 2238 2790 2313 2861; x_wconf 78' lang='grc' dir='ltr'>μὴ</span> <span class='ocrx_word' id='word_1_251' title='bbox 2346 2790 2574 2860; x_wconf 82' lang='grc' dir='ltr'>κείμενα</span> <span class='ocrx_word' id='word_1_252' title='bbox 2605 2788 2755 2860; x_wconf 78' lang='grc' dir='ltr'>παρὰ</span> <span class='ocrx_word' id='word_1_253' title='bbox 2787 2792 2900 2853; x_wconf 87' lang='grc' dir='ltr'>τοῖς</span> <span class='ocrx_word' id='word_1_254' title='bbox 2936 2789 3340 2860; x_wconf 75' lang='grc' dir='ltr'>Ἐδδομήκοντα</span> <span class='ocrx_word' id='word_1_255' title='bbox 3371 2790 3436 2841; x_wconf 90' lang='grc' dir='ltr'><strong>ἐκ</strong></span> <span class='ocrx_word' id='word_1_256' title='bbox 3472 2787 3582 2840; x_wconf 87' lang='grc' dir='ltr'><strong>τῶν</strong></span> <span class='ocrx_word' id='word_1_257' title='bbox 3618 2786 3822 2840; x_wconf 80' lang='grc' dir='ltr'>λοιπῶν</span> 
     </span>
    </p>
   </div>
   <div class='ocr_carea' id='block_1_38' title="bbox 549 2879 2177 2952">
    <p class='ocr_par' dir='ltr' id='par_1_38' title="bbox 549 2881 2136 2952">
     <span class='ocr_line' id='line_1_38' title="bbox 549 2881 2136 2952; baseline 0.006 -25"><span class='ocrx_word' id='word_1_258' title='bbox 549 2885 771 2929; x_wconf 73' lang='lat' dir='ltr'><strong>earetur</strong></span> <span class='ocrx_word' id='word_1_259' title='bbox 820 2893 922 2932; x_wconf 91' lang='lat' dir='ltr'><strong>nos</strong></span> <span class='ocrx_word' id='word_1_260' title='bbox 957 2893 1039 2944; x_wconf 89' lang='lat' dir='ltr'><strong>ea,</strong></span> <span class='ocrx_word' id='word_1_261' title='bbox 1073 2881 1199 2949; x_wconf 87' lang='lat' dir='ltr'><strong>quia</strong></span> <span class='ocrx_word' id='word_1_262' title='bbox 1229 2882 1281 2935; x_wconf 90' lang='lat' dir='ltr'><strong>in</strong></span> <span class='ocrx_word' id='word_1_263' title='bbox 1315 2881 1455 2935; x_wconf 77' lang='lat' dir='ltr'><strong>LXX</strong></span> <span class='ocrx_word' id='word_1_264' title='bbox 1486 2881 1875 2952; x_wconf 80' lang='lat' dir='ltr'><strong>interpretibus</strong></span> <span class='ocrx_word' id='word_1_265' title='bbox 1908 2899 2014 2936; x_wconf 92' lang='lat' dir='ltr'><strong>non</strong></span> <span class='ocrx_word' id='word_1_266' title='bbox 2050 2899 2136 2937; x_wconf 90' lang='lat' dir='ltr'><strong>re-</strong></span> 
     </span>
    </p>
   </div>
   <div class='ocr_carea' id='block_1_39' title="bbox 2099 2879 3727 2952">
    <p class='ocr_par' dir='ltr' id='par_1_39' title="bbox 2099 2879 3727 2952">
     <span class='ocr_line' id='line_1_39' title="bbox 2099 2879 3727 2952; baseline -0.002 -16"><span class='ocrx_word' id='word_1_267' title='bbox 2099 2900 2136 2936; x_wconf 67' lang='lat'><strong>2-</strong></span> <span class='ocrx_word' id='word_1_268' title='bbox 2235 2882 2510 2935; x_wconf 61' lang='grc' dir='ltr'>ἐπιδόσεων</span> <span class='ocrx_word' id='word_1_269' title='bbox 2539 2881 2844 2952; x_wconf 79' lang='grc' dir='ltr'>συμφώνως</span> <span class='ocrx_word' id='word_1_270' title='bbox 2873 2879 2952 2952; x_wconf 84' lang='grc' dir='ltr'>τῷ</span> <span class='ocrx_word' id='word_1_271' title='bbox 2985 2879 3259 2952; x_wconf 82' lang='grc' dir='ltr'>Ἐδραῖκῷ</span> <span class='ocrx_word' id='word_1_272' title='bbox 3287 2880 3727 2952; x_wconf 78' lang='grc' dir='ltr'>προσεθήκαμεν.</span> 
     </span>
    </p>
   </div>
   <div class='ocr_carea' id='block_1_40' title="bbox 551 2966 2158 3042">
    <p class='ocr_par' dir='ltr' id='par_1_40' title="bbox 551 2966 2158 3042">
     <span class='ocr_line' id='line_1_40' title="bbox 551 2966 2158 3042; baseline 0.004 -23"><span class='ocrx_word' id='word_1_273' title='bbox 551 2966 925 3036; x_wconf 72' lang='lat' dir='ltr'><strong>periebantur,</strong></span> <span class='ocrx_word' id='word_1_274' title='bbox 957 2989 1022 3025; x_wconf 87' lang='lat' dir='ltr'><strong>ex</strong></span> <span class='ocrx_word' id='word_1_275' title='bbox 1072 2973 1297 3042; x_wconf 84' lang='lat' dir='ltr'><strong>reliquis</strong></span> <span class='ocrx_word' id='word_1_276' title='bbox 1340 2975 1675 3032; x_wconf 88' lang='lat' dir='ltr'><strong>editionibus</strong></span> <span class='ocrx_word' id='word_1_277' title='bbox 1723 2985 1783 3031; x_wconf 89' lang='lat' dir='ltr'><strong>ut</strong></span> <span class='ocrx_word' id='word_1_278' title='bbox 1825 2977 1878 3030; x_wconf 88' lang='lat' dir='ltr'><strong>in</strong></span> <span class='ocrx_word' id='word_1_279' title='bbox 1911 2975 2158 3032; x_wconf 72' lang='lat' dir='ltr'><strong>llebrzeo.</strong></span> 
     </span>
    </p>
   </div>
   <div class='ocr_carea' id='block_1_41' title="bbox 549 3060 1020 3132">
    <p class='ocr_par' dir='ltr' id='par_1_41' title="bbox 549 3060 1020 3132">
     <span class='ocr_line' id='line_1_41' title="bbox 549 3060 1020 3132; baseline 0.006 -19"><span class='ocrx_word' id='word_1_280' title='bbox 549 3067 708 3114; x_wconf 79' lang='lat' dir='ltr'><strong>erant</strong></span> <span class='ocrx_word' id='word_1_281' title='bbox 734 3060 1020 3132; x_wconf 75' lang='lat' dir='ltr'><strong>adiecisse.</strong></span> 
     </span>
    </p>
   </div>
   <div class='ocr_carea' id='block_1_42' title="bbox 1983 3159 2386 3226">
    <p class='ocr_par' dir='ltr' id='par_1_42' title="bbox 1983 3159 2386 3226">
     <span class='ocr_line' id='line_1_42' title="bbox 1983 3159 2386 3226; baseline -0.002 -13"><span class='ocrx_word' id='word_1_282' title='bbox 1983 3159 2147 3226; x_wconf 88' lang='lat' dir='ltr'><strong>Ibid.,</strong></span> <span class='ocrx_word' id='word_1_283' title='bbox 2172 3176 2224 3226; x_wconf 87' lang='lat' dir='ltr'><strong>p.</strong></span> <span class='ocrx_word' id='word_1_284' title='bbox 2254 3159 2386 3214; x_wconf 54' lang='lat'><strong>‘59:</strong></span> 
     </span>
    </p>
   </div>
   <div class='ocr_carea' id='block_1_43' title="bbox 621 3176 2249 3326">
    <p class='ocr_par' dir='ltr' id='par_1_43' title="bbox 621 3176 2224 3319">
     <span class='ocr_line' id='line_1_43' title="bbox 1983 3176 2224 3230; baseline 0.008 -17"><span class='ocrx_word' id='word_1_285' title='bbox 1983 3176 2224 3230; x_wconf 80' lang='lat' dir='ltr'><strong>1ma.,p.</strong></span> 
     </span>
     <span class='ocr_line' id='line_1_44' title="bbox 621 3242 2123 3319; baseline 0.01 -23"><span class='ocrx_word' id='word_1_286' title='bbox 621 3242 775 3310; x_wconf 86' lang='lat' dir='ltr'><strong>Quod</strong></span> <span class='ocrx_word' id='word_1_287' title='bbox 829 3247 874 3301; x_wconf 88' lang='lat' dir='ltr'><strong>si</strong></span> <span class='ocrx_word' id='word_1_288' title='bbox 927 3249 1056 3303; x_wconf 87' lang='lat' dir='ltr'><strong>dicti</strong></span> <span class='ocrx_word' id='word_1_289' title='bbox 1108 3265 1326 3306; x_wconf 89' lang='lat' dir='ltr'><strong>sensum</strong></span> <span class='ocrx_word' id='word_1_290' title='bbox 1373 3264 1628 3310; x_wconf 85' lang='lat' dir='ltr'><strong>accurate</strong></span> <span class='ocrx_word' id='word_1_291' title='bbox 1667 3254 1911 3310; x_wconf 84' lang='lat' dir='ltr'><strong>ediscere</strong></span> <span class='ocrx_word' id='word_1_292' title='bbox 1955 3256 2123 3319; x_wconf 85' lang='lat' dir='ltr'><strong>velis,</strong></span> 
     </span>
    </p>
   </div>
   <div class='ocr_carea' id='block_1_44' title="bbox 2195 3176 3823 3326">
    <p class='ocr_par' dir='ltr' id='par_1_44' title="bbox 2195 3176 3823 3326">
     <span class='ocr_line' id='line_1_45' title="bbox 2195 3176 2386 3215; baseline 0.01 -5"><span class='ocrx_word' id='word_1_293' title='bbox 2195 3176 2224 3215; x_wconf 71' lang='grc' dir='ltr'>ι.</span> <span class='ocrx_word' id='word_1_294' title='bbox 2254 3176 2386 3214; x_wconf 62' lang='lat' dir='ltr'><strong>eoa:</strong></span> 
     </span>
     <span class='ocr_line' id='line_1_46' title="bbox 2301 3247 3823 3326; baseline -0.003 -19"><span class='ocrx_word' id='word_1_295' title='bbox 2301 3256 2364 3308; x_wconf 82' lang='grc' dir='ltr'><strong>Εἰ</strong></span> <span class='ocrx_word' id='word_1_296' title='bbox 2405 3254 2459 3306; x_wconf 86' lang='grc' dir='ltr'>δὲ</span> <span class='ocrx_word' id='word_1_297' title='bbox 2496 3253 2557 3306; x_wconf 76' lang='grc' dir='ltr'>τὸ</span> <span class='ocrx_word' id='word_1_298' title='bbox 2604 3251 2828 3326; x_wconf 75' lang='grc' dir='ltr'>ἀκριϐὲς</span> <span class='ocrx_word' id='word_1_299' title='bbox 2864 3249 3043 3321; x_wconf 82' lang='grc' dir='ltr'>βούλει</span> <span class='ocrx_word' id='word_1_300' title='bbox 3073 3249 3267 3321; x_wconf 81' lang='grc' dir='ltr'>μαθεῖν</span> <span class='ocrx_word' id='word_1_301' title='bbox 3293 3249 3388 3320; x_wconf 84' lang='grc' dir='ltr'><strong>τῆς</strong></span> <span class='ocrx_word' id='word_1_302' title='bbox 3419 3247 3615 3312; x_wconf 76' lang='grc' dir='ltr'>λέξεως</span> <span class='ocrx_word' id='word_1_303' title='bbox 3658 3247 3823 3302; x_wconf 63' lang='lat' dir='ltr'><strong>heu!</strong></span> 
     </span>
    </p>
   </div>
   <div class='ocr_carea' id='block_1_45' title="bbox 545 3337 2173 3418">
    <p class='ocr_par' dir='ltr' id='par_1_45' title="bbox 545 3337 1573 3415">
     <span class='ocr_line' id='line_1_47' title="bbox 545 3337 1573 3415; baseline 0.011 -26"><span class='ocrx_word' id='word_1_304' title='bbox 545 3337 676 3390; x_wconf 86' lang='lat' dir='ltr'><strong>audi</strong></span> <span class='ocrx_word' id='word_1_305' title='bbox 708 3337 963 3408; x_wconf 83' lang='lat' dir='ltr'><strong>Aquilam</strong></span> <span class='ocrx_word' id='word_1_306' title='bbox 993 3342 1072 3396; x_wconf 91' lang='lat' dir='ltr'><strong>sic</strong></span> <span class='ocrx_word' id='word_1_307' title='bbox 1103 3342 1573 3415; x_wconf 85' lang='lat' dir='ltr'><strong>interpretantem.</strong></span> 
     </span>
    </p>
   </div>
   <div class='ocr_carea' id='block_1_46' title="bbox 1337 3337 2965 3418">
    <p class='ocr_par' dir='ltr' id='par_1_46' title="bbox 1337 3346 2965 3418">
     <span class='ocr_line' id='line_1_48' title="bbox 1337 3346 2965 3418; baseline 0 -20"><span class='ocrx_word' id='word_1_308' title='bbox 1337 3353 1549 3400; x_wconf 70' lang='lat' dir='ltr'><strong>:tantem</strong></span> <span class='ocrx_word' id='word_1_309' title='bbox 1561 3389 1573 3400; x_wconf 94' lang='lat'><strong>.</strong></span> <span class='ocrx_word' id='word_1_310' title='bbox 2251 3347 2475 3401; x_wconf 83' lang='grc' dir='ltr'>Ἀκύλου</span> <span class='ocrx_word' id='word_1_311' title='bbox 2508 3346 2965 3418; x_wconf 84' lang='grc' dir='ltr'>ἐρμηνεύσαντος.</span> 
     </span>
    </p>
   </div>
   <div class='ocr_carea' id='block_1_47' title="bbox 1459 3437 2914 3509">
    <p class='ocr_par' dir='ltr' id='par_1_47' title="bbox 1459 3437 2914 3509">
     <span class='ocr_line' id='line_1_49' title="bbox 1459 3437 2914 3509; baseline -0.001 -15"><span class='ocrx_word' id='word_1_312' title='bbox 1459 3437 1606 3508; x_wconf 84' lang='lat' dir='ltr'><strong>Orig.</strong></span> <span class='ocrx_word' id='word_1_313' title='bbox 1643 3438 1936 3494; x_wconf 84' lang='lat' dir='ltr'><strong>Comment.</strong></span> <span class='ocrx_word' id='word_1_314' title='bbox 1963 3440 2017 3492; x_wconf 86' lang='lat' dir='ltr'><strong>in</strong></span> <span class='ocrx_word' id='word_1_315' title='bbox 2041 3437 2228 3505; x_wconf 82' lang='lat' dir='ltr'><strong>Joan.,</strong></span> <span class='ocrx_word' id='word_1_316' title='bbox 2261 3439 2420 3493; x_wconf 74' lang='lat' dir='ltr'><strong>liuet.</strong></span> <span class='ocrx_word' id='word_1_317' title='bbox 2453 3450 2582 3496; x_wconf 87' lang='lat' dir='ltr'><strong>tom.</strong></span> <span class='ocrx_word' id='word_1_318' title='bbox 2607 3440 2674 3506; x_wconf 90' lang='grc'><strong>11,</strong></span> <span class='ocrx_word' id='word_1_319' title='bbox 2709 3456 2761 3509; x_wconf 90' lang='lat' dir='ltr'><strong>p.</strong></span> <span class='ocrx_word' id='word_1_320' title='bbox 2792 3439 2914 3493; x_wconf 76' lang='grc'><strong>151.</strong></span> 
     </span>
    </p>
   </div>
   <div class='ocr_carea' id='block_1_48' title="bbox 619 3544 2247 3633">
    <p class='ocr_par' dir='ltr' id='par_1_48' title="bbox 619 3544 2247 3633">
     <span class='ocr_line' id='line_1_50' title="bbox 619 3544 2247 3633; baseline 0.01 -34"><span class='ocrx_word' id='word_1_321' title='bbox 619 3544 784 3602; x_wconf 86' lang='lat' dir='ltr'><strong>Notat</strong></span> <span class='ocrx_word' id='word_1_322' title='bbox 808 3549 1054 3622; x_wconf 85' lang='grc' dir='ltr'>Γέργεσα</span> <span class='ocrx_word' id='word_1_323' title='bbox 1086 3553 1242 3624; x_wconf 87' lang='lat' dir='ltr'><strong>lapsu</strong></span> <span class='ocrx_word' id='word_1_324' title='bbox 1272 3557 1531 3626; x_wconf 80' lang='lat' dir='ltr'><strong>graphice</strong></span> <span class='ocrx_word' id='word_1_325' title='bbox 1561 3570 1825 3614; x_wconf 88' lang='lat' dir='ltr'><strong>mutatum</strong></span> <span class='ocrx_word' id='word_1_326' title='bbox 1855 3561 2023 3616; x_wconf 81' lang='lat' dir='ltr'><strong>fuisse</strong></span> <span class='ocrx_word' id='word_1_327' title='bbox 2055 3562 2107 3615; x_wconf 90' lang='lat' dir='ltr'><strong>in</strong></span> <span class='ocrx_word' id='word_1_328' title='bbox 2131 3562 2247 3633; x_wconf 80' lang='grc' dir='ltr'>Γέρι</span> 
     </span>
    </p>
   </div>
   <div class='ocr_carea' id='block_1_49' title="bbox 2199 3544 3827 3633">
    <p class='ocr_par' dir='ltr' id='par_1_49' title="bbox 2207 3549 3827 3633">
     <span class='ocr_line' id='line_1_51' title="bbox 2207 3549 3827 3633; baseline -0.006 -18"><span class='ocrx_word' id='word_1_329' title='bbox 2207 3579 2362 3633; x_wconf 84' lang='grc' dir='ltr'>ρασα.</span> <span class='ocrx_word' id='word_1_330' title='bbox 2394 3561 2591 3632; x_wconf 86' lang='lat' dir='ltr'><strong>Aitque</strong></span> <span class='ocrx_word' id='word_1_331' title='bbox 2615 3561 2860 3630; x_wconf 86' lang='grc' dir='ltr'>Γέργεσα</span> <span class='ocrx_word' id='word_1_332' title='bbox 2892 3556 3159 3612; x_wconf 81' lang='lat' dir='ltr'><strong>Hebraice</strong></span> <span class='ocrx_word' id='word_1_333' title='bbox 3180 3553 3490 3626; x_wconf 72' lang='lat' dir='ltr'><strong>signiﬁcare</strong></span> <span class='ocrx_word' id='word_1_334' title='bbox 3509 3593 3524 3618; x_wconf 90' lang='lat'><strong>,</strong></span> <span class='ocrx_word' id='word_1_335' title='bbox 3559 3549 3827 3626; x_wconf 77' lang='grc' dir='ltr'>παροικία</span> 
     </span>
    </p>
   </div>
   <div class='ocr_carea' id='block_1_50' title="bbox 547 3641 2175 3724">
    <p class='ocr_par' dir='ltr' id='par_1_50' title="bbox 547 3641 2166 3721">
     <span class='ocr_line' id='line_1_52' title="bbox 547 3641 2166 3721; baseline 0.008 -26"><span class='ocrx_word' id='word_1_336' title='bbox 547 3641 978 3714; x_wconf 81' lang='grc' dir='ltr'>ἐκδεδληκότων,</span> <span class='ocrx_word' id='word_1_337' title='bbox 1005 3649 1056 3703; x_wconf 90' lang='lat' dir='ltr'><strong>id</strong></span> <span class='ocrx_word' id='word_1_338' title='bbox 1090 3659 1173 3704; x_wconf 88' lang='lat' dir='ltr'><strong>est</strong></span> <span class='ocrx_word' id='word_1_339' title='bbox 1197 3651 1458 3705; x_wconf 68' lang='lat' dir='ltr'><strong>incolatu:</strong></span> <span class='ocrx_word' id='word_1_340' title='bbox 1483 3654 1826 3721; x_wconf 77' lang='lat' dir='ltr'><strong>ejicientium.</strong></span> <span class='ocrx_word' id='word_1_341' title='bbox 1859 3653 2062 3708; x_wconf 86' lang='lat' dir='ltr'><strong>Deinde</strong></span> <span class='ocrx_word' id='word_1_342' title='bbox 2089 3655 2166 3708; x_wconf 89' lang='lat' dir='ltr'><strong>sic</strong></span> 
     </span>
    </p>
   </div>
   <div class='ocr_carea' id='block_1_51' title="bbox 777 3641 2405 3724">
    <p class='ocr_par' dir='ltr' id='par_1_51' title="bbox 777 3645 2405 3724">
     <span class='ocr_line' id='line_1_53' title="bbox 777 3645 2405 3724; baseline 0.005 -26"><span class='ocrx_word' id='word_1_343' title='bbox 777 3645 978 3714; x_wconf 48' lang='lat' dir='ltr'><strong>,xorwv,</strong></span> <span class='ocrx_word' id='word_1_344' title='bbox 1005 3649 1056 3703; x_wconf 90' lang='lat' dir='ltr'><strong>id</strong></span> <span class='ocrx_word' id='word_1_345' title='bbox 1090 3659 1173 3704; x_wconf 88' lang='lat' dir='ltr'><strong>est</strong></span> <span class='ocrx_word' id='word_1_346' title='bbox 1197 3651 1458 3705; x_wconf 68' lang='lat' dir='ltr'><strong>incolatu:</strong></span> <span class='ocrx_word' id='word_1_347' title='bbox 1483 3654 1826 3721; x_wconf 77' lang='lat' dir='ltr'><strong>ejicientium.</strong></span> <span class='ocrx_word' id='word_1_348' title='bbox 1859 3653 2062 3708; x_wconf 86' lang='lat' dir='ltr'><strong>Deinde</strong></span> <span class='ocrx_word' id='word_1_349' title='bbox 2089 3655 2166 3708; x_wconf 89' lang='lat' dir='ltr'><strong>sic</strong></span> <span class='ocrx_word' id='word_1_350' title='bbox 2191 3655 2364 3724; x_wconf 79' lang='lat' dir='ltr'><strong>pergit</strong></span> <span class='ocrx_word' id='word_1_351' title='bbox 2393 3672 2405 3706; x_wconf 94' lang='lat'>:</span> 
     </span>
    </p>
   </div>
   <div class='ocr_carea' id='block_1_52' title="bbox 621 3733 2249 3815">
    <p class='ocr_par' dir='ltr' id='par_1_52' title="bbox 621 3733 2124 3815">
     <span class='ocr_line' id='line_1_54' title="bbox 621 3733 2124 3815; baseline 0.007 -28"><span class='ocrx_word' id='word_1_352' title='bbox 621 3733 810 3790; x_wconf 89' lang='lat' dir='ltr'><strong>Simile</strong></span> <span class='ocrx_word' id='word_1_353' title='bbox 855 3736 1167 3806; x_wconf 79' lang='lat' dir='ltr'><strong>frequenter</strong></span> <span class='ocrx_word' id='word_1_354' title='bbox 1214 3755 1456 3796; x_wconf 84' lang='lat' dir='ltr'><strong>erratum</strong></span> <span class='ocrx_word' id='word_1_355' title='bbox 1503 3745 1556 3798; x_wconf 92' lang='lat' dir='ltr'><strong>in</strong></span> <span class='ocrx_word' id='word_1_356' title='bbox 1607 3745 1725 3815; x_wconf 81' lang='lat' dir='ltr'><strong>lege</strong></span> <span class='ocrx_word' id='word_1_357' title='bbox 1755 3755 1809 3800; x_wconf 84' lang='lat' dir='ltr'><strong>et</strong></span> <span class='ocrx_word' id='word_1_358' title='bbox 1845 3746 2124 3814; x_wconf 87' lang='lat' dir='ltr'><strong>prophetis</strong></span> 
     </span>
    </p>
   </div>
   <div class='ocr_carea' id='block_1_53' title="bbox 2197 3733 3825 3815">
    <p class='ocr_par' dir='ltr' id='par_1_53' title="bbox 2304 3739 3825 3815">
     <span class='ocr_line' id='line_1_55' title="bbox 2304 3739 3825 3815; baseline -0.001 -17"><span class='ocrx_word' id='word_1_359' title='bbox 2304 3746 2378 3798; x_wconf 82' lang='grc' dir='ltr'><strong>Τὸ</strong></span> <span class='ocrx_word' id='word_1_360' title='bbox 2414 3745 2470 3798; x_wconf 78' lang='grc' dir='ltr'>δὲ</span> <span class='ocrx_word' id='word_1_361' title='bbox 2517 3746 2700 3815; x_wconf 82' lang='grc' dir='ltr'>ὅμοιον</span> <span class='ocrx_word' id='word_1_362' title='bbox 2737 3745 2862 3814; x_wconf 74' lang='grc' dir='ltr'>περὶ</span> <span class='ocrx_word' id='word_1_363' title='bbox 2901 3742 2969 3796; x_wconf 82' lang='grc' dir='ltr'>τὰ</span> <span class='ocrx_word' id='word_1_364' title='bbox 2999 3743 3239 3812; x_wconf 85' lang='grc' dir='ltr'>ὀνόματα</span> <span class='ocrx_word' id='word_1_365' title='bbox 3275 3739 3502 3810; x_wconf 78' lang='grc' dir='ltr'>σφάλμα</span> <span class='ocrx_word' id='word_1_366' title='bbox 3554 3739 3825 3812; x_wconf 81' lang='grc' dir='ltr'>πολλαχοῦ</span> 
     </span>
    </p>
   </div>
   <div class='ocr_carea' id='block_1_54' title="bbox 546 3825 2174 3907">
    <p class='ocr_par' dir='ltr' id='par_1_54' title="bbox 546 3825 2126 3896">
     <span class='ocr_line' id='line_1_56' title="bbox 546 3825 2126 3896; baseline 0.004 -16"><span class='ocrx_word' id='word_1_367' title='bbox 546 3825 693 3880; x_wconf 82' lang='lat' dir='ltr'><strong>circa</strong></span> <span class='ocrx_word' id='word_1_368' title='bbox 727 3828 949 3882; x_wconf 89' lang='lat' dir='ltr'><strong>nomina</strong></span> <span class='ocrx_word' id='word_1_369' title='bbox 984 3829 1164 3885; x_wconf 87' lang='lat' dir='ltr'><strong>videre</strong></span> <span class='ocrx_word' id='word_1_370' title='bbox 1189 3840 1310 3896; x_wconf 91' lang='lat' dir='ltr'><strong>est,</strong></span> <span class='ocrx_word' id='word_1_371' title='bbox 1338 3841 1399 3886; x_wconf 92' lang='lat' dir='ltr'><strong>ut</strong></span> <span class='ocrx_word' id='word_1_372' title='bbox 1426 3845 1680 3888; x_wconf 80' lang='lat' dir='ltr'><strong>accurate</strong></span> <span class='ocrx_word' id='word_1_373' title='bbox 1708 3833 2033 3888; x_wconf 90' lang='lat' dir='ltr'><strong>edidicimus</strong></span> <span class='ocrx_word' id='word_1_374' title='bbox 2056 3832 2126 3886; x_wconf 91' lang='lat' dir='ltr'><strong>ab</strong></span> 
     </span>
    </p>
   </div>
   <div class='ocr_carea' id='block_1_55' title="bbox 2196 3825 3824 3907">
    <p class='ocr_par' dir='ltr' id='par_1_55' title="bbox 2231 3832 3824 3907">
     <span class='ocr_line' id='line_1_57' title="bbox 2231 3832 3824 3907; baseline -0.002 -17"><span class='ocrx_word' id='word_1_375' title='bbox 2231 3835 2326 3890; x_wconf 79' lang='grc' dir='ltr'>τοῦ</span> <span class='ocrx_word' id='word_1_376' title='bbox 2351 3837 2516 3907; x_wconf 87' lang='grc' dir='ltr'>νόμου</span> <span class='ocrx_word' id='word_1_377' title='bbox 2543 3837 2636 3889; x_wconf 76' lang='grc' dir='ltr'>καὶ</span> <span class='ocrx_word' id='word_1_378' title='bbox 2663 3835 2771 3889; x_wconf 85' lang='grc' dir='ltr'><strong>τῶν</strong></span> <span class='ocrx_word' id='word_1_379' title='bbox 2800 3834 3095 3907; x_wconf 78' lang='grc' dir='ltr'>προφητῶν</span> <span class='ocrx_word' id='word_1_380' title='bbox 3123 3834 3271 3887; x_wconf 79' lang='grc' dir='ltr'>ἐστιν</span> <span class='ocrx_word' id='word_1_381' title='bbox 3303 3833 3451 3899; x_wconf 79' lang='grc' dir='ltr'>ἰδεῖν,</span> <span class='ocrx_word' id='word_1_382' title='bbox 3475 3832 3550 3897; x_wconf 85' lang='grc' dir='ltr'>ὡς</span> <span class='ocrx_word' id='word_1_383' title='bbox 3576 3833 3824 3904; x_wconf 68' lang='grc' dir='ltr'>ἠκριδὼ-</span> 
     </span>
    </p>
   </div>
   <div class='ocr_carea' id='block_1_56' title="bbox 548 3917 2176 4016">
    <p class='ocr_par' dir='ltr' id='par_1_56' title="bbox 548 3917 2176 4016">
     <span class='ocr_line' id='line_1_58' title="bbox 548 3917 2176 4016; baseline 0.003 -43"><span class='ocrx_word' id='word_1_384' title='bbox 548 3917 792 3974; x_wconf 67' lang='lat' dir='ltr'><strong>Hebraeis</strong></span> <span class='ocrx_word' id='word_1_385' title='bbox 855 3921 1063 3986; x_wconf 89' lang='lat' dir='ltr'><strong>edocti,</strong></span> <span class='ocrx_word' id='word_1_386' title='bbox 1112 3931 1167 3977; x_wconf 89' lang='lat' dir='ltr'><strong>et</strong></span> <span class='ocrx_word' id='word_1_387' title='bbox 1218 3933 1406 3978; x_wconf 83' lang='lat' dir='ltr'><strong>nostra</strong></span> <span class='ocrx_word' id='word_1_388' title='bbox 1468 3940 1657 3979; x_wconf 86' lang='lat' dir='ltr'><strong>eorum</strong></span> <span class='ocrx_word' id='word_1_389' title='bbox 1725 3925 2128 3994; x_wconf 74' lang='lat' dir='ltr'><strong>exemplaribus</strong></span> <span class='ocrx_word' id='word_1_390' title='bbox 2156 3959 2176 4016; x_wconf 72' lang='grc'><strong>(</strong></span> 
     </span>
    </p>
   </div>
   <div class='ocr_carea' id='block_1_57' title="bbox 2199 3917 3827 4016">
    <p class='ocr_par' dir='ltr' id='par_1_57' title="bbox 2236 3926 3827 4000">
     <span class='ocr_line' id='line_1_59' title="bbox 2236 3926 3827 4000; baseline -0.001 -18"><span class='ocrx_word' id='word_1_391' title='bbox 2236 3945 2410 4000; x_wconf 88' lang='grc' dir='ltr'>σαμεν</span> <span class='ocrx_word' id='word_1_392' title='bbox 2441 3928 2550 3982; x_wconf 81' lang='grc' dir='ltr'>ἀπὸ</span> <span class='ocrx_word' id='word_1_393' title='bbox 2577 3927 2843 3999; x_wconf 81' lang='grc' dir='ltr'>Ἐϐραίων</span> <span class='ocrx_word' id='word_1_394' title='bbox 2881 3927 3141 3998; x_wconf 85' lang='grc' dir='ltr'>μαθόντες</span> <span class='ocrx_word' id='word_1_395' title='bbox 3162 3969 3175 3993; x_wconf 92' lang='grc'><strong>,</strong></span> <span class='ocrx_word' id='word_1_396' title='bbox 3205 3928 3298 3980; x_wconf 73' lang='grc' dir='ltr'>καὶ</span> <span class='ocrx_word' id='word_1_397' title='bbox 3323 3927 3434 3989; x_wconf 79' lang='grc' dir='ltr'>τοῖς</span> <span class='ocrx_word' id='word_1_398' title='bbox 3463 3926 3827 3998; x_wconf 67' lang='grc' dir='ltr'>ἀντιγράφοις</span> 
     </span>
    </p>
   </div>
   <div class='ocr_carea' id='block_1_58' title="bbox 547 4015 2175 4092">
    <p class='ocr_par' dir='ltr' id='par_1_58' title="bbox 547 4015 2130 4083">
     <span class='ocr_line' id='line_1_60' title="bbox 547 4015 2130 4083; baseline 0.005 -21"><span class='ocrx_word' id='word_1_399' title='bbox 547 4021 932 4080; x_wconf 85' lang='lat' dir='ltr'><strong>comparantes</strong></span> <span class='ocrx_word' id='word_1_400' title='bbox 961 4031 974 4066; x_wconf 91' lang='lat'><strong>:</strong></span> <span class='ocrx_word' id='word_1_401' title='bbox 1003 4029 1125 4083; x_wconf 72' lang='lat' dir='ltr'><strong>qua:</strong></span> <span class='ocrx_word' id='word_1_402' title='bbox 1177 4015 1549 4069; x_wconf 90' lang='lat' dir='ltr'><strong>testimonium</strong></span> <span class='ocrx_word' id='word_1_403' title='bbox 1583 4015 1784 4070; x_wconf 82' lang='lat' dir='ltr'><strong>habent</strong></span> <span class='ocrx_word' id='word_1_404' title='bbox 1823 4015 1892 4069; x_wconf 91' lang='lat' dir='ltr'><strong>ab</strong></span> <span class='ocrx_word' id='word_1_405' title='bbox 1937 4015 2130 4070; x_wconf 83' lang='lat' dir='ltr'><strong>editio-</strong></span> 
     </span>
    </p>
   </div>
   <div class='ocr_carea' id='block_1_59' title="bbox 2199 4015 3827 4092">
    <p class='ocr_par' dir='ltr' id='par_1_59' title="bbox 2235 4017 3827 4092">
     <span class='ocr_line' id='line_1_61' title="bbox 2235 4017 3827 4092; baseline -0.002 -18"><span class='ocrx_word' id='word_1_406' title='bbox 2235 4019 2414 4074; x_wconf 76' lang='grc' dir='ltr'>αὐτῶν</span> <span class='ocrx_word' id='word_1_407' title='bbox 2444 4020 2510 4073; x_wconf 77' lang='grc' dir='ltr'>τὰ</span> <span class='ocrx_word' id='word_1_408' title='bbox 2539 4021 2783 4092; x_wconf 76' lang='grc' dir='ltr'>ἡμέτερα</span> <span class='ocrx_word' id='word_1_409' title='bbox 2819 4021 3209 4091; x_wconf 82' lang='grc' dir='ltr'>συγκρίναντες</span> <span class='ocrx_word' id='word_1_410' title='bbox 3262 4017 3686 4090; x_wconf 84' lang='grc' dir='ltr'>μαρτυρηθεῖσιν</span> <span class='ocrx_word' id='word_1_411' title='bbox 3719 4017 3827 4071; x_wconf 75' lang='grc' dir='ltr'>ὕπδ</span> 
     </span>
    </p>
   </div>
   <div class='ocr_carea' id='block_1_60' title="bbox 547 4103 2175 4184">
    <p class='ocr_par' dir='ltr' id='par_1_60' title="bbox 547 4103 2130 4178">
     <span class='ocr_line' id='line_1_62' title="bbox 547 4103 2130 4178; baseline 0.003 -22"><span class='ocrx_word' id='word_1_412' title='bbox 547 4103 738 4168; x_wconf 88' lang='lat' dir='ltr'><strong>nibus,</strong></span> <span class='ocrx_word' id='word_1_413' title='bbox 787 4106 1029 4159; x_wconf 89' lang='lat' dir='ltr'><strong>nondum</strong></span> <span class='ocrx_word' id='word_1_414' title='bbox 1075 4105 1418 4176; x_wconf 88' lang='lat' dir='ltr'><strong>depravatis,</strong></span> <span class='ocrx_word' id='word_1_415' title='bbox 1451 4107 1694 4178; x_wconf 54' lang='lat' dir='ltr'><strong>Aquilus,</strong></span> <span class='ocrx_word' id='word_1_416' title='bbox 1733 4107 2048 4178; x_wconf 83' lang='lat' dir='ltr'><strong>Symmachi</strong></span> <span class='ocrx_word' id='word_1_417' title='bbox 2075 4115 2130 4161; x_wconf 91' lang='lat' dir='ltr'><strong>et</strong></span> 
     </span>
    </p>
   </div>
   <div class='ocr_carea' id='block_1_61' title="bbox 2198 4103 3826 4184">
    <p class='ocr_par' dir='ltr' id='par_1_61' title="bbox 2234 4108 3826 4184">
     <span class='ocr_line' id='line_1_63' title="bbox 2234 4108 3826 4184; baseline -0.003 -18"><span class='ocrx_word' id='word_1_418' title='bbox 2234 4111 2343 4166; x_wconf 89' lang='grc' dir='ltr'><strong>τῶν</strong></span> <span class='ocrx_word' id='word_1_419' title='bbox 2392 4112 2616 4184; x_wconf 77' lang='grc' dir='ltr'>μηδέπω</span> <span class='ocrx_word' id='word_1_420' title='bbox 2647 4110 3084 4183; x_wconf 86' lang='grc' dir='ltr'>διαστραφεισῶν</span> <span class='ocrx_word' id='word_1_421' title='bbox 3117 4110 3385 4164; x_wconf 87' lang='grc' dir='ltr'>ἐκδόσεων</span> <span class='ocrx_word' id='word_1_422' title='bbox 3435 4108 3694 4173; x_wconf 84' lang='grc' dir='ltr'>’Δκύλου,</span> <span class='ocrx_word' id='word_1_423' title='bbox 3729 4109 3826 4164; x_wconf 77' lang='grc' dir='ltr'>καὶ</span> 
     </span>
    </p>
   </div>
   <div class='ocr_carea' id='block_1_62' title="bbox 547 4189 2175 4271">
    <p class='ocr_par' dir='ltr' id='par_1_62' title="bbox 547 4189 962 4250">
     <span class='ocr_line' id='line_1_64' title="bbox 547 4189 962 4250; baseline 0.005 -2"><span class='ocrx_word' id='word_1_424' title='bbox 547 4189 962 4250; x_wconf 84' lang='lat' dir='ltr'><strong>Theodotionis.</strong></span> 
     </span>
    </p>
   </div>
   <div class='ocr_carea' id='block_1_63' title="bbox 1433 4189 3061 4271">
    <p class='ocr_par' dir='ltr' id='par_1_63' title="bbox 2235 4197 3061 4271">
     <span class='ocr_line' id='line_1_65' title="bbox 2235 4197 3061 4271; baseline 0.004 -21"><span class='ocrx_word' id='word_1_425' title='bbox 2235 4197 2593 4262; x_wconf 87' lang='grc' dir='ltr'>Θεοδοτίωνος</span> <span class='ocrx_word' id='word_1_426' title='bbox 2622 4201 2715 4252; x_wconf 73' lang='grc' dir='ltr'>καὶ</span> <span class='ocrx_word' id='word_1_427' title='bbox 2745 4200 2814 4252; x_wconf 85' lang='grc' dir='ltr'>Συ</span> <span class='ocrx_word' id='word_1_428' title='bbox 2823 4199 3061 4271; x_wconf 74' lang='grc' dir='ltr'>μμὰχου.</span> 
     </span>
    </p>
   </div>
   <div class='ocr_carea' id='block_1_64' title="bbox 1625 4291 2736 4362">
    <p class='ocr_par' dir='ltr' id='par_1_64' title="bbox 1625 4291 2736 4362">
     <span class='ocr_line' id='line_1_66' title="bbox 1625 4291 2736 4362; baseline 0.001 -14"><span class='ocrx_word' id='word_1_429' title='bbox 1625 4291 1841 4362; x_wconf 85' lang='lat' dir='ltr'><strong>Origen.</strong></span> <span class='ocrx_word' id='word_1_430' title='bbox 1874 4293 1931 4348; x_wconf 83' lang='lat' dir='ltr'><strong>in</strong></span> <span class='ocrx_word' id='word_1_431' title='bbox 1962 4291 2210 4359; x_wconf 85' lang='lat' dir='ltr'><strong>Cantica,</strong></span> <span class='ocrx_word' id='word_1_432' title='bbox 2236 4293 2364 4346; x_wconf 85' lang='lat' dir='ltr'><strong>edit.</strong></span> <span class='ocrx_word' id='word_1_433' title='bbox 2392 4292 2736 4349; x_wconf 60' lang='grc' dir='ltr'><strong>(ἐρεείνων-αἰ.</strong></span> 
     </span>
    </p>
   </div>
   <div class='ocr_carea' id='block_1_65' title="bbox 614 4377 1844 4453">
    <p class='ocr_par' dir='ltr' id='par_1_65' title="bbox 614 4377 1844 4453">
     <span class='ocr_line' id='line_1_67' title="bbox 614 4377 1844 4453; baseline 0.007 -21"><span class='ocrx_word' id='word_1_434' title='bbox 614 4377 813 4450; x_wconf 76' lang='lat' dir='ltr'><strong>Aquila</strong></span> <span class='ocrx_word' id='word_1_435' title='bbox 835 4377 1162 4438; x_wconf 83' lang='lat' dir='ltr'><strong>Hebraicam</strong></span> <span class='ocrx_word' id='word_1_436' title='bbox 1188 4384 1502 4453; x_wconf 82' lang='lat' dir='ltr'><strong>exprimens</strong></span> <span class='ocrx_word' id='word_1_437' title='bbox 1536 4387 1844 4441; x_wconf 87' lang='lat' dir='ltr'><strong>veritatem.</strong></span> 
     </span>
    </p>
   </div>
   <div class='ocr_carea' id='block_1_66' title="bbox 1397 4476 2962 4549">
    <p class='ocr_par' dir='ltr' id='par_1_66' title="bbox 1397 4476 2962 4549">
     <span class='ocr_line' id='line_1_68' title="bbox 1397 4476 2962 4549; baseline -0.003 -17"><span class='ocrx_word' id='word_1_438' title='bbox 1397 4476 1614 4548; x_wconf 84' lang='lat' dir='ltr'><strong>Origeu.</strong></span> <span class='ocrx_word' id='word_1_439' title='bbox 1637 4479 1791 4548; x_wconf 76' lang='lat' dir='ltr'><strong>epist.</strong></span> <span class='ocrx_word' id='word_1_440' title='bbox 1818 4479 1888 4532; x_wconf 85' lang='lat' dir='ltr'><strong>ad</strong></span> <span class='ocrx_word' id='word_1_441' title='bbox 1911 4479 2228 4549; x_wconf 75' lang='lat' dir='ltr'><strong>Africanum</strong></span> <span class='ocrx_word' id='word_1_442' title='bbox 2255 4478 2386 4533; x_wconf 84' lang='lat' dir='ltr'><strong>edit.</strong></span> <span class='ocrx_word' id='word_1_443' title='bbox 2421 4477 2703 4544; x_wconf 77' lang='lat' dir='ltr'><strong>Wetsten.,</strong></span> <span class='ocrx_word' id='word_1_444' title='bbox 2735 4496 2788 4548; x_wconf 80' lang='grc' dir='ltr'>ρ.</span> <span class='ocrx_word' id='word_1_445' title='bbox 2819 4479 2962 4534; x_wconf 72' lang='grc'><strong>224.-</strong></span> 
     </span>
    </p>
   </div>
   <div class='ocr_carea' id='block_1_67' title="bbox 615 4584 2243 4666">
    <p class='ocr_par' dir='ltr' id='par_1_67' title="bbox 615 4584 2131 4659">
     <span class='ocr_line' id='line_1_69' title="bbox 615 4584 2131 4659; baseline 0 -17"><span class='ocrx_word' id='word_1_446' title='bbox 615 4584 708 4642; x_wconf 87' lang='lat' dir='ltr'><strong>Sic</strong></span> <span class='ocrx_word' id='word_1_447' title='bbox 733 4587 877 4642; x_wconf 88' lang='lat' dir='ltr'><strong>enim</strong></span> <span class='ocrx_word' id='word_1_448' title='bbox 914 4589 1132 4659; x_wconf 80' lang='lat' dir='ltr'><strong>Aquila,</strong></span> <span class='ocrx_word' id='word_1_449' title='bbox 1166 4587 1444 4645; x_wconf 60' lang='lat' dir='ltr'><strong>llebraica</strong></span> <span class='ocrx_word' id='word_1_450' title='bbox 1473 4589 1693 4645; x_wconf 90' lang='lat' dir='ltr'><strong>lectioni</strong></span> <span class='ocrx_word' id='word_1_451' title='bbox 1738 4590 1986 4646; x_wconf 84' lang='lat' dir='ltr'><strong>serviens</strong></span> <span class='ocrx_word' id='word_1_452' title='bbox 2012 4590 2131 4644; x_wconf 85' lang='lat' dir='ltr'><strong>edi-</strong></span> 
     </span>
    </p>
   </div>
   <div class='ocr_carea' id='block_1_68' title="bbox 2194 4584 3822 4666">
    <p class='ocr_par' dir='ltr' id='par_1_68' title="bbox 2304 4590 3822 4666">
     <span class='ocr_line' id='line_1_70' title="bbox 2304 4590 3822 4666; baseline 0 -21"><span class='ocrx_word' id='word_1_453' title='bbox 2304 4590 2460 4645; x_wconf 76' lang='grc' dir='ltr'>Οὕτω</span> <span class='ocrx_word' id='word_1_454' title='bbox 2500 4592 2609 4663; x_wconf 85' lang='grc' dir='ltr'><strong>γὰρ</strong></span> <span class='ocrx_word' id='word_1_455' title='bbox 2651 4591 2880 4656; x_wconf 80' lang='grc' dir='ltr'>Ἀκύλας</span> <span class='ocrx_word' id='word_1_456' title='bbox 2920 4591 3187 4648; x_wconf 81' lang='grc' dir='ltr'>δουλεύων</span> <span class='ocrx_word' id='word_1_457' title='bbox 3239 4594 3303 4663; x_wconf 80' lang='grc' dir='ltr'><strong>τῇ</strong></span> <span class='ocrx_word' id='word_1_458' title='bbox 3357 4592 3620 4666; x_wconf 78' lang='grc' dir='ltr'>Ἐδραῖκῇ</span> <span class='ocrx_word' id='word_1_459' title='bbox 3678 4593 3822 4661; x_wconf 69' lang='grc' dir='ltr'>λέξει</span> 
     </span>
    </p>
   </div>
   <div class='ocr_carea' id='block_1_69' title="bbox 543 4678 2171 4762">
    <p class='ocr_par' dir='ltr' id='par_1_69' title="bbox 543 4678 2134 4750">
     <span class='ocr_line' id='line_1_71' title="bbox 543 4678 2134 4750; baseline 0.001 -17"><span class='ocrx_word' id='word_1_460' title='bbox 543 4678 671 4734; x_wconf 88' lang='lat' dir='ltr'><strong>dit:</strong></span> <span class='ocrx_word' id='word_1_461' title='bbox 709 4695 872 4750; x_wconf 88' lang='lat' dir='ltr'><strong>quem</strong></span> <span class='ocrx_word' id='word_1_462' title='bbox 909 4679 1082 4736; x_wconf 64' lang='lat' dir='ltr'><strong>Judaei</strong></span> <span class='ocrx_word' id='word_1_463' title='bbox 1135 4681 1552 4737; x_wconf 84' lang='lat' dir='ltr'><strong>accuratissime</strong></span> <span class='ocrx_word' id='word_1_464' title='bbox 1603 4681 1850 4736; x_wconf 89' lang='lat' dir='ltr'><strong>omnium</strong></span> <span class='ocrx_word' id='word_1_465' title='bbox 1901 4679 2134 4735; x_wconf 86' lang='lat' dir='ltr'><strong>credunt</strong></span> 
     </span>
    </p>
   </div>
   <div class='ocr_carea' id='block_1_70' title="bbox 2196 4678 3824 4762">
    <p class='ocr_par' dir='ltr' id='par_1_70' title="bbox 2227 4683 3824 4762">
     <span class='ocr_line' id='line_1_72' title="bbox 2227 4683 3824 4762; baseline 0.004 -26"><span class='ocrx_word' id='word_1_466' title='bbox 2227 4683 2524 4739; x_wconf 80' lang='grc' dir='ltr'>ἐκδέδωκεν</span> <span class='ocrx_word' id='word_1_467' title='bbox 2550 4684 2740 4750; x_wconf 76' lang='grc' dir='ltr'>εἰπὼν,</span> <span class='ocrx_word' id='word_1_468' title='bbox 2765 4685 3173 4756; x_wconf 75' lang='grc' dir='ltr'>φιλοτιμότερον</span> <span class='ocrx_word' id='word_1_469' title='bbox 3209 4689 3638 4759; x_wconf 85' lang='grc' dir='ltr'>πεπιστευμένος</span> <span class='ocrx_word' id='word_1_470' title='bbox 3671 4689 3824 4762; x_wconf 73' lang='grc' dir='ltr'>παρὰ</span> 
     </span>
    </p>
   </div>
   <div class='ocr_carea' id='block_1_71' title="bbox 543 4771 2171 4852">
    <p class='ocr_par' dir='ltr' id='par_1_71' title="bbox 543 4771 2128 4845">
     <span class='ocr_line' id='line_1_73' title="bbox 543 4771 2128 4845; baseline 0.001 -21"><span class='ocrx_word' id='word_1_471' title='bbox 543 4771 960 4842; x_wconf 87' lang='lat' dir='ltr'><strong>interpretatum</strong></span> <span class='ocrx_word' id='word_1_472' title='bbox 995 4789 1117 4828; x_wconf 84' lang='lat' dir='ltr'><strong>esse</strong></span> <span class='ocrx_word' id='word_1_473' title='bbox 1163 4773 1503 4844; x_wconf 90' lang='lat' dir='ltr'><strong>Scripturam</strong></span> <span class='ocrx_word' id='word_1_474' title='bbox 1535 4790 1548 4827; x_wconf 87' lang='lat'><strong>:</strong></span> <span class='ocrx_word' id='word_1_475' title='bbox 1583 4790 1694 4845; x_wconf 90' lang='lat' dir='ltr'><strong>quo</strong></span> <span class='ocrx_word' id='word_1_476' title='bbox 1753 4774 1995 4828; x_wconf 83' lang='lat' dir='ltr'><strong>maxime</strong></span> <span class='ocrx_word' id='word_1_477' title='bbox 2049 4773 2128 4825; x_wconf 89' lang='lat' dir='ltr'><strong>uti</strong></span> 
     </span>
    </p>
   </div>
   <div class='ocr_carea' id='block_1_72' title="bbox 2193 4771 3821 4852">
    <p class='ocr_par' dir='ltr' id='par_1_72' title="bbox 2239 4773 3821 4852">
     <span class='ocr_line' id='line_1_74' title="bbox 2239 4773 3821 4852; baseline 0.004 -23"><span class='ocrx_word' id='word_1_478' title='bbox 2239 4776 2514 4840; x_wconf 83' lang='grc' dir='ltr'>Ἰουδαίοις</span> <span class='ocrx_word' id='word_1_479' title='bbox 2560 4778 2967 4849; x_wconf 78' lang='grc' dir='ltr'>ἡρμηνευκέναι</span> <span class='ocrx_word' id='word_1_480' title='bbox 3019 4779 3118 4850; x_wconf 80' lang='grc' dir='ltr'><strong>τὴν</strong></span> <span class='ocrx_word' id='word_1_481' title='bbox 3169 4779 3428 4852; x_wconf 80' lang='grc' dir='ltr'>Γραφὴν,</span> <span class='ocrx_word' id='word_1_482' title='bbox 3582 4781 3821 4852; x_wconf 71' lang='grc' dir='ltr'>μάλιστα</span> 
     </span>
    </p>
   </div>
   <div class='ocr_carea' id='block_1_73' title="bbox 544 4860 2172 4942">
    <p class='ocr_par' dir='ltr' id='par_1_73' title="bbox 544 4864 2127 4938">
     <span class='ocr_line' id='line_1_75' title="bbox 544 4864 2127 4938; baseline -0.002 -18"><span class='ocrx_word' id='word_1_483' title='bbox 544 4866 725 4920; x_wconf 88' lang='lat' dir='ltr'><strong>solent</strong></span> <span class='ocrx_word' id='word_1_484' title='bbox 769 4867 863 4934; x_wconf 86' lang='lat' dir='ltr'><strong>qui</strong></span> <span class='ocrx_word' id='word_1_485' title='bbox 911 4864 1234 4923; x_wconf 83' lang='lat' dir='ltr'><strong>Hebraicam</strong></span> <span class='ocrx_word' id='word_1_486' title='bbox 1284 4869 1578 4923; x_wconf 89' lang='lat' dir='ltr'><strong>dialeetum</strong></span> <span class='ocrx_word' id='word_1_487' title='bbox 1617 4868 1905 4938; x_wconf 75' lang='lat' dir='ltr'><strong>ignorant,</strong></span> <span class='ocrx_word' id='word_1_488' title='bbox 1939 4874 2127 4935; x_wconf 87' lang='lat' dir='ltr'><strong>utpote</strong></span> 
     </span>
    </p>
   </div>
   <div class='ocr_carea' id='block_1_74' title="bbox 2195 4860 3823 4942">
    <p class='ocr_par' dir='ltr' id='par_1_74' title="bbox 2225 4860 3823 4942">
     <span class='ocr_line' id='line_1_76' title="bbox 2225 4860 3823 4942; baseline 0.009 -28"><span class='ocrx_word' id='word_1_489' title='bbox 2225 4860 2480 4916; x_wconf 83' lang='grc' dir='ltr'>εἰώθασιν</span> <span class='ocrx_word' id='word_1_490' title='bbox 2509 4865 2557 4916; x_wconf 88' lang='grc' dir='ltr'>οἱ</span> <span class='ocrx_word' id='word_1_491' title='bbox 2588 4863 2910 4932; x_wconf 80' lang='grc' dir='ltr'>ἀγνοοῦντες</span> <span class='ocrx_word' id='word_1_492' title='bbox 2945 4866 3046 4936; x_wconf 78' lang='grc' dir='ltr'>τὴν</span> <span class='ocrx_word' id='word_1_493' title='bbox 3081 4867 3349 4939; x_wconf 76' lang='grc' dir='ltr'>Ἑϐραίων</span> <span class='ocrx_word' id='word_1_494' title='bbox 3379 4869 3658 4924; x_wconf 78' lang='grc' dir='ltr'>διάλεκτον</span> <span class='ocrx_word' id='word_1_495' title='bbox 3685 4871 3823 4942; x_wconf 84' lang='grc' dir='ltr'><strong>χρῆ-</strong></span> 
     </span>
    </p>
   </div>
   <div class='ocr_carea' id='block_1_75' title="bbox 543 4953 2171 5034">
    <p class='ocr_par' dir='ltr' id='par_1_75' title="bbox 543 4959 2127 5029">
     <span class='ocr_line' id='line_1_77' title="bbox 543 4959 2127 5029; baseline 0.001 -19"><span class='ocrx_word' id='word_1_496' title='bbox 543 4959 636 5029; x_wconf 87' lang='lat' dir='ltr'><strong>qui</strong></span> <span class='ocrx_word' id='word_1_497' title='bbox 681 4961 930 5016; x_wconf 91' lang='lat' dir='ltr'><strong>omnium</strong></span> <span class='ocrx_word' id='word_1_498' title='bbox 973 4961 1212 5016; x_wconf 85' lang='lat' dir='ltr'><strong>maxime</strong></span> <span class='ocrx_word' id='word_1_499' title='bbox 1254 4977 1476 5017; x_wconf 86' lang='lat' dir='ltr'><strong>sensum</strong></span> <span class='ocrx_word' id='word_1_500' title='bbox 1530 4970 1816 5017; x_wconf 88' lang='lat' dir='ltr'><strong>assecutus</strong></span> <span class='ocrx_word' id='word_1_501' title='bbox 1855 4975 1976 5016; x_wconf 89' lang='lat' dir='ltr'><strong>esse</strong></span> <span class='ocrx_word' id='word_1_502' title='bbox 2027 4974 2127 5028; x_wconf 83' lang='lat' dir='ltr'><strong>pu-</strong></span> 
     </span>
    </p>
   </div>
   <div class='ocr_carea' id='block_1_76' title="bbox 1836 4953 3464 5034">
    <p class='ocr_par' dir='ltr' id='par_1_76' title="bbox 1855 4953 3464 5034">
     <span class='ocr_line' id='line_1_78' title="bbox 1855 4953 3464 5034; baseline 0.001 -20"><span class='ocrx_word' id='word_1_503' title='bbox 1855 4975 1976 5016; x_wconf 87' lang='lat' dir='ltr'><strong>esse</strong></span> <span class='ocrx_word' id='word_1_504' title='bbox 2027 4974 2127 5028; x_wconf 83' lang='lat' dir='ltr'><strong>pu-</strong></span> <span class='ocrx_word' id='word_1_505' title='bbox 2235 4953 2378 5017; x_wconf 87' lang='grc' dir='ltr'>σθαι,</span> <span class='ocrx_word' id='word_1_506' title='bbox 2412 4954 2487 5018; x_wconf 85' lang='grc' dir='ltr'>ὼς</span> <span class='ocrx_word' id='word_1_507' title='bbox 2519 4957 2736 5010; x_wconf 86' lang='grc' dir='ltr'>πάντων</span> <span class='ocrx_word' id='word_1_508' title='bbox 2771 4957 2973 5028; x_wconf 76' lang='grc' dir='ltr'>μᾶλλον</span> <span class='ocrx_word' id='word_1_509' title='bbox 3001 4961 3464 5034; x_wconf 82' lang='grc' dir='ltr'>ἐπιτετευγμένῳ.</span> 
     </span>
    </p>
   </div>
   <div class='ocr_carea' id='block_1_77' title="bbox 546 5062 708 5106">
    <p class='ocr_par' dir='ltr' id='par_1_77' title="bbox 546 5062 708 5106">
     <span class='ocr_line' id='line_1_79' title="bbox 546 5062 708 5106; baseline 0.006 -1"><span class='ocrx_word' id='word_1_510' title='bbox 546 5062 708 5106; x_wconf 87' lang='lat' dir='ltr'><strong>tetur.</strong></span> 
     </span>
    </p>
   </div>
   <div class='ocr_carea' id='block_1_78' title="bbox 1761 5138 2612 5218">
    <p class='ocr_par' dir='ltr' id='par_1_78' title="bbox 1761 5138 2612 5218">
     <span class='ocr_line' id='line_1_80' title="bbox 1761 5138 2612 5218; baseline -0.011 -14"><span class='ocrx_word' id='word_1_511' title='bbox 1761 5147 1910 5218; x_wconf 85' lang='lat' dir='ltr'><strong>Orig.</strong></span> <span class='ocrx_word' id='word_1_512' title='bbox 1940 5146 2009 5200; x_wconf 84' lang='lat' dir='ltr'><strong>ad</strong></span> <span class='ocrx_word' id='word_1_513' title='bbox 2033 5143 2371 5215; x_wconf 78' lang='lat' dir='ltr'><strong>Africanum,</strong></span> <span class='ocrx_word' id='word_1_514' title='bbox 2402 5157 2457 5210; x_wconf 87' lang='lat' dir='ltr'><strong>p.</strong></span> <span class='ocrx_word' id='word_1_515' title='bbox 2486 5138 2612 5195; x_wconf 65' lang='lat'><strong>226.</strong></span> 
     </span>
    </p>
   </div>
   <div class='ocr_carea' id='block_1_79' title="bbox 612 5253 2240 5338">
    <p class='ocr_par' dir='ltr' id='par_1_79' title="bbox 612 5260 2200 5338">
     <span class='ocr_line' id='line_1_81' title="bbox 612 5260 2200 5338; baseline 0.001 -22"><span class='ocrx_word' id='word_1_516' title='bbox 612 5260 852 5318; x_wconf 76' lang='lat' dir='ltr'><strong>Rursum</strong></span> <span class='ocrx_word' id='word_1_517' title='bbox 903 5265 1138 5336; x_wconf 90' lang='lat' dir='ltr'><strong>plurima</strong></span> <span class='ocrx_word' id='word_1_518' title='bbox 1189 5281 1289 5338; x_wconf 89' lang='lat' dir='ltr'><strong>per</strong></span> <span class='ocrx_word' id='word_1_519' title='bbox 1335 5267 1574 5323; x_wconf 90' lang='lat' dir='ltr'><strong>medium</strong></span> <span class='ocrx_word' id='word_1_520' title='bbox 1614 5277 1788 5323; x_wconf 86' lang='lat' dir='ltr'><strong>totum</strong></span> <span class='ocrx_word' id='word_1_521' title='bbox 1831 5265 1936 5320; x_wconf 84' lang='lat' dir='ltr'><strong>Job</strong></span> <span class='ocrx_word' id='word_1_522' title='bbox 1981 5265 2122 5334; x_wconf 86' lang='lat' dir='ltr'><strong>apud</strong></span> <span class='ocrx_word' id='word_1_523' title='bbox 2156 5265 2200 5319; x_wconf 85' lang='grc' dir='ltr'><strong>ι)</strong></span> 
     </span>
    </p>
   </div>
   <div class='ocr_carea' id='block_1_80' title="bbox 2193 5253 3821 5338">
    <p class='ocr_par' dir='ltr' id='par_1_80' title="bbox 2193 5253 3821 5332">
     <span class='ocr_line' id='line_1_82' title="bbox 2193 5253 3821 5332; baseline 0.002 -19"><span class='ocrx_word' id='word_1_524' title='bbox 2193 5275 2200 5313; x_wconf 75' lang='grc' dir='ltr'>ι</span> <span class='ocrx_word' id='word_1_525' title='bbox 2301 5258 2469 5312; x_wconf 83' lang='grc' dir='ltr'>Πάλιν</span> <span class='ocrx_word' id='word_1_526' title='bbox 2501 5275 2559 5312; x_wconf 88' lang='grc' dir='ltr'><strong>τε</strong></span> <span class='ocrx_word' id='word_1_527' title='bbox 2593 5253 2660 5312; x_wconf 83' lang='grc' dir='ltr'>αὖ</span> <span class='ocrx_word' id='word_1_528' title='bbox 2695 5259 2920 5312; x_wconf 84' lang='grc' dir='ltr'>πλεῖστα</span> <span class='ocrx_word' id='word_1_529' title='bbox 2962 5261 3064 5313; x_wconf 86' lang='grc' dir='ltr'>ὅσα</span> <span class='ocrx_word' id='word_1_530' title='bbox 3091 5261 3180 5315; x_wconf 83' lang='grc' dir='ltr'>διὰ</span> <span class='ocrx_word' id='word_1_531' title='bbox 3215 5262 3382 5332; x_wconf 86' lang='grc' dir='ltr'>μέσου</span> <span class='ocrx_word' id='word_1_532' title='bbox 3412 5261 3532 5315; x_wconf 84' lang='grc' dir='ltr'>ὅλου</span> <span class='ocrx_word' id='word_1_533' title='bbox 3559 5261 3656 5316; x_wconf 79' lang='grc' dir='ltr'>τοῦ</span> <span class='ocrx_word' id='word_1_534' title='bbox 3701 5260 3821 5316; x_wconf 77' lang='grc' dir='ltr'><strong>Ἰὼϐ</strong></span> 
     </span>
    </p>
   </div>
   <div class='ocr_carea' id='block_1_81' title="bbox 544 5350 2172 5431">
    <p class='ocr_par' dir='ltr' id='par_1_81' title="bbox 544 5353 2127 5431">
     <span class='ocr_line' id='line_1_83' title="bbox 544 5353 2127 5431; baseline 0.005 -25"><span class='ocrx_word' id='word_1_535' title='bbox 544 5353 804 5410; x_wconf 74' lang='lat' dir='ltr'><strong>ilebrzeos</strong></span> <span class='ocrx_word' id='word_1_536' title='bbox 829 5360 1004 5426; x_wconf 90' lang='lat' dir='ltr'><strong>posita</strong></span> <span class='ocrx_word' id='word_1_537' title='bbox 1035 5361 1403 5430; x_wconf 87' lang='lat' dir='ltr'><strong>reperiuntur,</strong></span> <span class='ocrx_word' id='word_1_538' title='bbox 1438 5378 1546 5417; x_wconf 90' lang='lat' dir='ltr'><strong>non</strong></span> <span class='ocrx_word' id='word_1_539' title='bbox 1574 5362 1701 5416; x_wconf 89' lang='lat' dir='ltr'><strong>item</strong></span> <span class='ocrx_word' id='word_1_540' title='bbox 1731 5361 1872 5431; x_wconf 89' lang='lat' dir='ltr'><strong>apud</strong></span> <span class='ocrx_word' id='word_1_541' title='bbox 1899 5376 2020 5425; x_wconf 88' lang='lat' dir='ltr'><strong>uos,</strong></span> <span class='ocrx_word' id='word_1_542' title='bbox 2050 5360 2127 5414; x_wconf 87' lang='lat' dir='ltr'><strong>in-</strong></span> 
     </span>
    </p>
   </div>
   <div class='ocr_carea' id='block_1_82' title="bbox 2195 5350 3823 5431">
    <p class='ocr_par' dir='ltr' id='par_1_82' title="bbox 2229 5350 3823 5424">
     <span class='ocr_line' id='line_1_84' title="bbox 2229 5350 3823 5424; baseline 0.003 -20"><span class='ocrx_word' id='word_1_543' title='bbox 2229 5353 2360 5423; x_wconf 86' lang='grc' dir='ltr'>παρ’</span> <span class='ocrx_word' id='word_1_544' title='bbox 2394 5350 2668 5422; x_wconf 77' lang='grc' dir='ltr'>Ἑϐραίοις</span> <span class='ocrx_word' id='word_1_545' title='bbox 2713 5351 2811 5423; x_wconf 78' lang='grc' dir='ltr'>μὲν</span> <span class='ocrx_word' id='word_1_546' title='bbox 2845 5354 3052 5405; x_wconf 83' lang='grc' dir='ltr'>κεῖται·</span> <span class='ocrx_word' id='word_1_547' title='bbox 3099 5353 3230 5424; x_wconf 86' lang='grc' dir='ltr'>παρ’</span> <span class='ocrx_word' id='word_1_548' title='bbox 3267 5355 3401 5424; x_wconf 73' lang='grc' dir='ltr'>ἡμῖν</span> <span class='ocrx_word' id='word_1_549' title='bbox 3440 5353 3500 5406; x_wconf 86' lang='grc' dir='ltr'><strong>δέ</strong></span> <span class='ocrx_word' id='word_1_550' title='bbox 3538 5353 3696 5423; x_wconf 66' lang='grc' dir='ltr'>οὐχὶ,</span> <span class='ocrx_word' id='word_1_551' title='bbox 3727 5355 3823 5408; x_wconf 79' lang='grc' dir='ltr'>καὶ</span> 
     </span>
    </p>
   </div>
   <div class='ocr_carea' id='block_1_83' title="bbox 544 5440 2172 5523">
    <p class='ocr_par' dir='ltr' id='par_1_83' title="bbox 544 5440 2125 5523">
     <span class='ocr_line' id='line_1_85' title="bbox 544 5440 2125 5523; baseline 0.009 -30"><span class='ocrx_word' id='word_1_552' title='bbox 544 5440 760 5495; x_wconf 85' lang='lat' dir='ltr'><strong>terdum</strong></span> <span class='ocrx_word' id='word_1_553' title='bbox 797 5447 1242 5514; x_wconf 86' lang='lat' dir='ltr'><strong>quatuordecim,</strong></span> <span class='ocrx_word' id='word_1_554' title='bbox 1264 5450 1390 5504; x_wconf 88' lang='lat' dir='ltr'><strong>alibi</strong></span> <span class='ocrx_word' id='word_1_555' title='bbox 1410 5451 1812 5516; x_wconf 83' lang='lat' dir='ltr'><strong>novemdecim,</strong></span> <span class='ocrx_word' id='word_1_556' title='bbox 1829 5451 2125 5523; x_wconf 79' lang='lat' dir='ltr'><strong>aliquando</strong></span> 
     </span>
    </p>
   </div>
   <div class='ocr_carea' id='block_1_84' title="bbox 2193 5440 3821 5523">
    <p class='ocr_par' dir='ltr' id='par_1_84' title="bbox 2228 5444 3821 5518">
     <span class='ocr_line' id='line_1_86' title="bbox 2228 5444 3821 5518; baseline 0.003 -22"><span class='ocrx_word' id='word_1_557' title='bbox 2228 5444 2488 5508; x_wconf 72' lang='grc' dir='ltr'>πολλάκις</span> <span class='ocrx_word' id='word_1_558' title='bbox 2533 5445 2630 5515; x_wconf 83' lang='grc' dir='ltr'>μὲν</span> <span class='ocrx_word' id='word_1_559' title='bbox 2676 5447 2769 5498; x_wconf 77' lang='grc' dir='ltr'>ἐπὶ</span> <span class='ocrx_word' id='word_1_560' title='bbox 2801 5445 3042 5517; x_wconf 85' lang='grc' dir='ltr'>τέσσαρα</span> <span class='ocrx_word' id='word_1_561' title='bbox 3078 5447 3110 5517; x_wconf 83' lang='grc' dir='ltr'>ἦ</span> <span class='ocrx_word' id='word_1_562' title='bbox 3144 5447 3306 5518; x_wconf 86' lang='grc' dir='ltr'>τρία·</span> <span class='ocrx_word' id='word_1_563' title='bbox 3352 5447 3464 5500; x_wconf 79' lang='grc' dir='ltr'>ἐσθ’</span> <span class='ocrx_word' id='word_1_564' title='bbox 3494 5448 3582 5500; x_wconf 80' lang='grc' dir='ltr'>ὅτε</span> <span class='ocrx_word' id='word_1_565' title='bbox 3625 5447 3683 5500; x_wconf 85' lang='grc' dir='ltr'>δὲ</span> <span class='ocrx_word' id='word_1_566' title='bbox 3726 5447 3821 5501; x_wconf 78' lang='grc' dir='ltr'>καὶ</span> 
     </span>
    </p>
   </div>
   <div class='ocr_carea' id='block_1_85' title="bbox 540 5531 2168 5612">
    <p class='ocr_par' dir='ltr' id='par_1_85' title="bbox 540 5531 2124 5612">
     <span class='ocr_line' id='line_1_87' title="bbox 540 5531 2124 5612; baseline 0.01 -28"><span class='ocrx_word' id='word_1_567' title='bbox 540 5531 818 5586; x_wconf 67' lang='lat' dir='ltr'><strong>sexdecim</strong></span> <span class='ocrx_word' id='word_1_568' title='bbox 855 5535 1133 5594; x_wconf 88' lang='lat' dir='ltr'><strong>versiculi.</strong></span> <span class='ocrx_word' id='word_1_569' title='bbox 1179 5539 1246 5594; x_wconf 88' lang='lat' dir='ltr'><strong>Et</strong></span> <span class='ocrx_word' id='word_1_570' title='bbox 1270 5542 1400 5610; x_wconf 88' lang='lat' dir='ltr'><strong>quid</strong></span> <span class='ocrx_word' id='word_1_571' title='bbox 1435 5550 1648 5612; x_wconf 89' lang='lat' dir='ltr'><strong>oportet</strong></span> <span class='ocrx_word' id='word_1_572' title='bbox 1697 5557 1782 5596; x_wconf 90' lang='lat' dir='ltr'><strong>me</strong></span> <span class='ocrx_word' id='word_1_573' title='bbox 1822 5545 1936 5600; x_wconf 70' lang='lat' dir='ltr'><strong>lure</strong></span> <span class='ocrx_word' id='word_1_574' title='bbox 1986 5560 2124 5599; x_wconf 85' lang='lat' dir='ltr'><strong>enu-</strong></span> 
     </span>
    </p>
   </div>
   <div class='ocr_carea' id='block_1_86' title="bbox 2193 5531 3821 5612">
    <p class='ocr_par' dir='ltr' id='par_1_86' title="bbox 2226 5535 3821 5608">
     <span class='ocr_line' id='line_1_88' title="bbox 2226 5535 3821 5608; baseline -0.003 -16"><span class='ocrx_word' id='word_1_575' title='bbox 2226 5535 2636 5606; x_wconf 81' lang='grc' dir='ltr'>δεκατέσσαρα,</span> <span class='ocrx_word' id='word_1_576' title='bbox 2673 5537 2766 5588; x_wconf 75' lang='grc' dir='ltr'>καὶ</span> <span class='ocrx_word' id='word_1_577' title='bbox 2794 5535 3087 5590; x_wconf 84' lang='grc' dir='ltr'>δεκαεννέα</span> <span class='ocrx_word' id='word_1_578' title='bbox 3126 5538 3220 5590; x_wconf 74' lang='grc' dir='ltr'>καὶ</span> <span class='ocrx_word' id='word_1_579' title='bbox 3273 5536 3486 5602; x_wconf 75' lang='grc' dir='ltr'>δεκαέξ.</span> <span class='ocrx_word' id='word_1_580' title='bbox 3523 5536 3632 5590; x_wconf 79' lang='grc' dir='ltr'><strong>Καὶ</strong></span> <span class='ocrx_word' id='word_1_581' title='bbox 3664 5535 3716 5590; x_wconf 87' lang='grc' dir='ltr'><strong>τί</strong></span> <span class='ocrx_word' id='word_1_582' title='bbox 3752 5553 3821 5608; x_wconf 70' lang='grc' dir='ltr'><strong>με</strong></span> 
     </span>
    </p>
   </div>
   <div class='ocr_carea' id='block_1_87' title="bbox 547 5627 2175 5709">
    <p class='ocr_par' dir='ltr' id='par_1_87' title="bbox 547 5633 2121 5709">
     <span class='ocr_line' id='line_1_89' title="bbox 547 5633 2121 5709; baseline 0.01 -30"><span class='ocrx_word' id='word_1_583' title='bbox 547 5641 783 5693; x_wconf 82' lang='lat' dir='ltr'><strong>merare,</strong></span> <span class='ocrx_word' id='word_1_584' title='bbox 813 5645 936 5699; x_wconf 62' lang='lat' dir='ltr'><strong>quae</strong></span> <span class='ocrx_word' id='word_1_585' title='bbox 965 5633 1134 5688; x_wconf 90' lang='lat' dir='ltr'><strong>multo</strong></span> <span class='ocrx_word' id='word_1_586' title='bbox 1164 5635 1351 5693; x_wconf 87' lang='lat' dir='ltr'><strong>labore</strong></span> <span class='ocrx_word' id='word_1_587' title='bbox 1380 5638 1723 5709; x_wconf 80' lang='lat' dir='ltr'><strong>collegimus,</strong></span> <span class='ocrx_word' id='word_1_588' title='bbox 1757 5655 1825 5693; x_wconf 93' lang='lat' dir='ltr'><strong>ne</strong></span> <span class='ocrx_word' id='word_1_589' title='bbox 1858 5639 2121 5708; x_wconf 83' lang='lat' dir='ltr'><strong>nos,late-</strong></span> 
     </span>
    </p>
   </div>
   <div class='ocr_carea' id='block_1_88' title="bbox 2190 5627 3818 5709">
    <p class='ocr_par' dir='ltr' id='par_1_88' title="bbox 2229 5627 3818 5702">
     <span class='ocr_line' id='line_1_90' title="bbox 2229 5627 3818 5702; baseline 0.002 -21"><span class='ocrx_word' id='word_1_590' title='bbox 2229 5628 2310 5681; x_wconf 81' lang='grc' dir='ltr'>δεῖ</span> <span class='ocrx_word' id='word_1_591' title='bbox 2329 5627 2654 5694; x_wconf 68' lang='grc' dir='ltr'>καταλέγειν</span> <span class='ocrx_word' id='word_1_592' title='bbox 2677 5627 2712 5680; x_wconf 75' lang='grc' dir='ltr'>ἃ</span> <span class='ocrx_word' id='word_1_593' title='bbox 2743 5627 2882 5697; x_wconf 86' lang='grc' dir='ltr'><strong>μετά</strong></span> <span class='ocrx_word' id='word_1_594' title='bbox 2914 5627 3108 5682; x_wconf 89' lang='grc' dir='ltr'>πολλοῦ</span> <span class='ocrx_word' id='word_1_595' title='bbox 3143 5629 3394 5702; x_wconf 82' lang='grc' dir='ltr'>καμάτου</span> <span class='ocrx_word' id='word_1_596' title='bbox 3422 5628 3818 5701; x_wconf 73' lang='grc' dir='ltr'>ἀνελεξὰμεθα.</span> 
     </span>
    </p>
   </div>
   <div class='ocr_carea' id='block_1_89' title="bbox 551 5717 2179 5795">
    <p class='ocr_par' dir='ltr' id='par_1_89' title="bbox 551 5717 2124 5795">
     <span class='ocr_line' id='line_1_91' title="bbox 551 5717 2124 5795; baseline 0.014 -26"><span class='ocrx_word' id='word_1_597' title='bbox 551 5726 631 5771; x_wconf 87' lang='lat' dir='ltr'><strong>ret</strong></span> <span class='ocrx_word' id='word_1_598' title='bbox 663 5719 992 5789; x_wconf 85' lang='lat' dir='ltr'><strong>discrimen,</strong></span> <span class='ocrx_word' id='word_1_599' title='bbox 1021 5728 1166 5795; x_wconf 85' lang='lat' dir='ltr'><strong>quod</strong></span> <span class='ocrx_word' id='word_1_600' title='bbox 1202 5729 1343 5786; x_wconf 88' lang='lat' dir='ltr'><strong>inter</strong></span> <span class='ocrx_word' id='word_1_601' title='bbox 1372 5729 1596 5788; x_wconf 79' lang='lat' dir='ltr'><strong>Judaiea</strong></span> <span class='ocrx_word' id='word_1_602' title='bbox 1635 5741 1684 5789; x_wconf 86' lang='lat' dir='ltr'><strong>et</strong></span> <span class='ocrx_word' id='word_1_603' title='bbox 1717 5743 1896 5790; x_wconf 87' lang='lat' dir='ltr'><strong>nostra</strong></span> <span class='ocrx_word' id='word_1_604' title='bbox 1941 5717 2124 5791; x_wconf 60' lang='lat' dir='ltr'><strong>exem-</strong></span> 
     </span>
    </p>
   </div>
   <div class='ocr_carea' id='block_1_90' title="bbox 2193 5717 3821 5795">
    <p class='ocr_par' dir='ltr' id='par_1_90' title="bbox 2233 5719 3821 5795">
     <span class='ocr_line' id='line_1_92' title="bbox 2233 5719 3821 5795; baseline 0.001 -21"><span class='ocrx_word' id='word_1_605' title='bbox 2233 5721 2374 5791; x_wconf 78' lang='grc' dir='ltr'>ὐπὲρ</span> <span class='ocrx_word' id='word_1_606' title='bbox 2405 5719 2498 5773; x_wconf 84' lang='grc' dir='ltr'>τοῦ</span> <span class='ocrx_word' id='word_1_607' title='bbox 2527 5719 2602 5791; x_wconf 77' lang='grc' dir='ltr'>μὴ</span> <span class='ocrx_word' id='word_1_608' title='bbox 2630 5719 2914 5774; x_wconf 81' lang='grc' dir='ltr'>λανθάνειν</span> <span class='ocrx_word' id='word_1_609' title='bbox 2936 5723 3084 5793; x_wconf 76' lang='grc' dir='ltr'>ἡμᾶς</span> <span class='ocrx_word' id='word_1_610' title='bbox 3111 5723 3207 5792; x_wconf 78' lang='grc' dir='ltr'>τὴν</span> <span class='ocrx_word' id='word_1_611' title='bbox 3234 5721 3497 5795; x_wconf 76' lang='grc' dir='ltr'>διαφορὰν</span> <span class='ocrx_word' id='word_1_612' title='bbox 3529 5722 3636 5777; x_wconf 85' lang='grc' dir='ltr'><strong>τῶν</strong></span> <span class='ocrx_word' id='word_1_613' title='bbox 3668 5724 3821 5794; x_wconf 66' lang='grc' dir='ltr'><strong>παρά</strong></span> 
     </span>
    </p>
   </div>
   <div class='ocr_carea' id='block_1_91' title="bbox 551 5809 2179 5887">
    <p class='ocr_par' dir='ltr' id='par_1_91' title="bbox 551 5809 1052 5882">
     <span class='ocr_line' id='line_1_93' title="bbox 551 5809 1052 5882; baseline 0.008 -20"><span class='ocrx_word' id='word_1_614' title='bbox 551 5809 723 5882; x_wconf 85' lang='lat' dir='ltr'><strong>plaria</strong></span> <span class='ocrx_word' id='word_1_615' title='bbox 754 5811 1052 5868; x_wconf 86' lang='lat' dir='ltr'><strong>intercedit.</strong></span> 
     </span>
    </p>
   </div>
   <div class='ocr_carea' id='block_1_92' title="bbox 1571 5809 3199 5887">
    <p class='ocr_par' dir='ltr' id='par_1_92' title="bbox 2250 5813 3199 5887">
     <span class='ocr_line' id='line_1_94' title="bbox 2250 5813 3199 5887; baseline -0.002 -18"><span class='ocrx_word' id='word_1_616' title='bbox 2250 5813 2520 5878; x_wconf 73' lang='grc' dir='ltr'>Ἰουδαίοις</span> <span class='ocrx_word' id='word_1_617' title='bbox 2550 5813 2643 5867; x_wconf 73' lang='grc' dir='ltr'>καὶ</span> <span class='ocrx_word' id='word_1_618' title='bbox 2674 5814 2803 5884; x_wconf 75' lang='grc' dir='ltr'>ἡμῖν</span> <span class='ocrx_word' id='word_1_619' title='bbox 2834 5814 3199 5887; x_wconf 79' lang='grc' dir='ltr'>ἀντιγράφων.</span> 
     </span>
    </p>
   </div>
  </div>
