4122 6434
284 394 381 447 ίῖὅ

1515 392 1582 447 lN
1624 393 1945 449 HEXAPLA
1982 394 2141 450 OBIG
2152 394 2326 453 ENlS.

3423 401 3524 457 126

1122 505 1310 561 Euseb.
1344 506 1489 562 Hist.
1518 506 1663 564 Eccl.
1692 509 1730 565 ι.
1758 525 1831 572 vr,
1863 526 1981 578 cap.
2008 510 2097 577 16,
2124 528 2177 579 ρ.
2211 510 2317 564 217
2344 510 2473 565 edit.
2512 509 2683 567 Vales.

349 595 585 667 Τοιαύτη
612 597 671 651 δὲ
695 600 943 670 εἰσήγετο
963 599 1040 670 τῷ
1056 601 1315 671 Ὠριγένει
1339 601 1444 655 τῶν
1477 601 1635 655 θείων
1667 603 1852 671 Λόγων

2030 602 2259 657 Tantam
2314 619 2476 674 porro
2517 620 2705 658 curam
2744 603 2797 657 in
2838 603 3035 658 divinis
3069 602 3366 673 Scriptnris
3397 620 3525 673 per-

277 687 722 759 ἁπηκριὸωμένη
750 687 1012 754 ἐξέτασις,
1043 689 1118 754 ὼς
1148 691 1240 743 καὶ
1271 691 1368 761 τὴν
1404 692 1656 764 Ἐὁραῖδα
1686 691 1856 761 γλῶτ-

273 795 382 835 ταν
430 780 694 851 ἐκμαθεῖν
714 821 729 845 ,
765 781 864 845 τάς
893 799 953 835 τε
984 782 1135 854 παρὰ
1166 787 1274 846 τοῖς
1314 785 1584 848 Ἰουδαίοις
1614 787 1854 856 ἐμφερο-

278 871 457 943 μένας
483 871 875 943 πρωτοτύπους
893 873 1073 936 αὐτοῖς
1109 873 1371 945 Ἐὁραίων
1406 875 1683 944 στοιχείοις
1715 893 1852 946 γρα-

277 963 419 1031 φὰς,
449 962 635 1032 κτῆμα
670 962 798 1015 ἴδιον
822 964 1178 1034 ποιήσασθαιο
1204 964 1514 1036 ἀνιχνεῦσαι
1544 966 1600 1018 δὲ
1624 966 1720 1029 τὰς
1744 966 1853 1020 τῶν

276 1051 485 1124 ἑτέρων
515 1051 665 1121 παρὰ
696 1053 821 1116 τοὺς
863 1053 917 1106 0'
956 1053 1054 1117 τὰς
1087 1055 1238 1124 ἱερὰς
1265 1055 1485 1126 Γραφὰς
1514 1057 1856 1127 ἡρμηνευκό-

275 1160 388 1196 των
426 1142 696 1206 ἐκδόσεις·
739 1144 834 1197 καί
879 1162 1027 1207 τινας
1070 1146 1260 1217 ἑτέρας
1292 1146 1441 1219 παρὰ
1471 1147 1568 1211 τὰς
1600 1164 1850 1220 κατημα-

276 1235 545 1306 ξευμένας
570 1237 867 1308 ἑρμηνείας
899 1236 1345 1302 ἐναλλαττούσας,
1369 1239 1466 1307 τὴν
1494 1237 1737 1301 Ἀκύλου,
1755 1240 1851 1291 καί

273 1328 600 1400 Συμμάχου,
625 1330 716 1382 καὶ
732 1329 1098 1393 Θεοδοτίωνος,
1118 1332 1387 1402 ὲφευρεῖν,
1405 1330 1471 1393 ἃς
1487 1331 1587 1383 ούκ
1610 1328 1705 1384 οἷδ’
1728 1330 1849 1384 ὅθεν

269 1419 345 1471 ὲκ
402 1418 562 1473 τίνων
626 1421 811 1491 μυχῶν
858 1420 949 1475 τὸν
1008 1421 1175 1475 πάλαι
1239 1422 1605 1487 λανθανούσας
1660 1424 1849 1495 χρόνον

269 1510 630 1579 ἀνιχνεύσας,
681 1514 777 1575 εἰς
808 1510 923 1581 φῶς
973 1517 1303 1585 προήγαγεν.
1353 1515 1465 1583 Ἐφ’
1499 1510 1573 1568 ὧν
1618 1515 1706 1568 διὰ
1748 1517 1848 1587 τὴν

267 1600 585 1673 ἀδηλότητα
606 1643 621 1667 ,
654 1603 799 1666 τίνος
829 1599 917 1676 ἆρ’
948 1600 1057 1659 εἷεν
1085 1606 1184 1659 οὐκ
1209 1605 1384 1668 εἰδὼς,
1414 1606 1546 1658 αὐτὸ
1566 1606 1724 1659 τοῦτο
1751 1607 1847 1677 μό-

266 1709 367 1744 νον
400 1693 805 1764 ὲπεσημάνατο,
834 1697 909 1759 ὼς
939 1697 1046 1767 ἄρα
1079 1696 1175 1767 τὴν
1207 1697 1305 1767 μὲν
1335 1696 1482 1767 εὖροι
1515 1699 1576 1752 ὲν
1611 1700 1678 1768 τῇ
1713 1698 1849 1768 πρὸς

270 1782 502 1836 Ἀκτιον
532 1784 841 1849 Νικοπόλει,
862 1786 960 1857 τὴν
990 1785 1053 1838 δὲι
1071 1788 1127 1839 ὲν
1159 1788 1328 1857 ἑτέρῳ
1353 1787 1503 1857 τόπῳ
1536 1787 1846 1857 τοιῷδε.Ἔν

262 1890 336 1941 γε
380 1875 487 1945 μὴν
515 1879 625 1939 τοῖς
659 1875 938 1941 Ἑξαπλοῖς
962 1876 1069 1929 τῶν
1094 1876 1324 1946 ψαλμῶν
1358 1877 1495 1948 μετὰ
1526 1878 1623 1942 τὰς
1654 1880 1846 1950 ἐπισή-

1956 688 2264 748 εόιειιιαηίίἰε
2293 694 2584 748 adhibebat
2610 692 2892 765 Origenes,
2922 704 2982 748 ut
3008 693 3326 749 Hebraicam
3359 696 3523 748 etiam

1954 784 2193 855 linguam
2226 784 2514 849 didicerit,
2568 794 2621 840 et
2667 787 3009 841 authenticos
3041 786 3212 842 libros
3241 786 3525 842 Hebraicis

1953 876 2182 944 scriptos
2208 874 2403 929 litteris
2426 915 2441 940 ,
2489 876 2582 943 qui
2617 876 2759 943 apud
2800 873 3019 929 Judaeos
3053 876 3391 929 habebantur
3420 874 3522 929 sibi

1952 966 2347 1035 comparaverit
2375 984 2387 1019 :
2418 966 2650 1019 aliorum
2682 980 2900 1034 quoque
2927 966 3019 1033 qui
3051 974 3246 1035 praeter
3276 963 3418 1018 LXX
3442 979 3522 1020 sa-

1950 1070 2074 1110 cras
2124 1054 2438 1125 Scripturas
2486 1055 2822 1122 interpretati
2876 1065 3036 1119 sunt,
3086 1055 3351 1110 editiones
3395 1069 3521 1124 per-

1949 1145 2320 1213 vestigaverit,
2360 1145 2604 1212 aliasque
2631 1144 2895 1212 quasdam
2929 1159 2958 1196 a
2985 1144 3126 1198 tritis
3155 1145 3261 1198 illis
3291 1143 3519 1212 Aquilae.

1951 1234 2263 1306 Symmachi
2328 1244 2381 1289 et
2440 1234 2831 1290 Theodotionis
2891 1236 3135 1291 diversas
3194 1234 3454 1303 repererit
3501 1251 3516 1286 :

1947 1340 2086 1394 quas
2111 1326 2331 1394 quidem
2363 1325 2451 1380 ille
2477 1341 2544 1379 ex
2581 1325 2766 1380 nescio
2789 1324 2991 1394 quibus
3017 1338 3202 1379 erutas
3225 1325 3440 1395 angulis
3466 1325 3521 1378 in

1946 1418 2147 1486 quibus
2185 1417 2507 1487 jamdudum
2560 1417 2921 1480 delituerant,
2985 1418 3195 1486 primus
3240 1418 3295 1470 in
3346 1418 3521 1470 lucem

1945 1509 2219 1577 produxit.
2252 1506 2317 1560 Et
2353 1523 2473 1562 cum
2508 1507 2783 1577 ignoraret
2810 1508 3093 1576 cujusnam
3126 1516 3307 1562 essent
3334 1516 3523 1561 aucto-

1946 1598 2052 1662 ris,
2086 1599 2138 1652 id
2172 1600 2350 1653 solum
2382 1598 2708 1666 signiﬁcavit
2730 1638 2743 1660 ,
2773 1600 2999 1653 alteram
3030 1599 3246 1668 quidem
3286 1615 3314 1651 a
3346 1615 3403 1653 se
3432 1613 3520 1652 re-

1945 1697 2153 1757 pertam
2191 1687 2359 1743 fuisse
2387 1686 2631 1757 Nicopoli
2669 1688 2734 1742 ad
2765 1688 3011 1755 Actium;
3047 1690 3272 1744 alteram
3303 1704 3431 1743 vero
3461 1689 3520 1744 in

1947 1779 2054 1832 alio
2088 1778 2374 1849 designato
2398 1780 2537 1834 loco.
2565 1779 2763 1850 Utique
2791 1781 2843 1833 in
2873 1778 3130 1850 Hexaplis
3159 1781 3518 1851 psalmorum,

1945 1879 2070 1940 post
2091 1871 2334 1942 insignes
2368 1872 2489 1926 illas
2512 1881 2747 1941 quatuor
2773 1872 3062 1937 editiones,
3082 1874 3173 1927 ubi
3205 1888 3312 1927 non
3340 1874 3516 1928 solum

267 1967 968 2038 μουςτέσσαραςέκδόσεις,
991 1969 1051 2021 ού
1079 1970 1238 2039 μόνον
1269 1969 1555 2040 Πέμπτην,
1580 1970 1716 2024 ἀλλὰ
1747 1974 1841 2025 καὶ
1876 1959 1883 2011 Ῑ

1943 1961 2198 2028 Quintam
2227 2003 2241 2025 ,
2277 1964 2370 2018 scd
2399 1963 2561 2019 etiam
2594 1962 2812 2019 Sextam
2840 2007 2856 2032 ,
2890 1974 2945 2019 et
2989 1964 3282 2035 Srptimam
3314 1967 3516 2022 editio-

265 2056 482 2128 Ἐκτην
512 2060 606 2112 καὶ
646 2060 911 2130 Ἐϐδόμην
943 2059 1204 2130 παραθεὶς
1231 2061 1552 2132 ἑρμηνείαν,
1587 2063 1678 2116 ἐπὶ
1715 2065 1841 2132 μιᾶς

259 2147 426 2215 αὖθις
458 2150 843 2220 σεσημείωται,
866 2152 941 2215 ὡς
966 2154 1022 2205 ὲν
1055 2153 1269 2224 Ἱεριχοῖ
1288 2154 1596 2225 εὑρημένης
1619 2156 1674 2206 ὲν
1700 2154 1840 2226 πίθῳ

261 2244 410 2297 κατὰ
454 2245 581 2307 τοὺς
630 2243 855 2315 χρόνους
914 2244 1227 2299 ’Λντωνίνου
1270 2245 1362 2298 τοῦ
1415 2246 1528 2299 υἰοῦ
1577 2247 1837 2319 Σεϐήρου.

263 2334 486 2397 Ταύτας
516 2334 572 2387 δὲ
601 2334 817 2398 ἁπάσας
844 2334 937 2388 ἐπὶ
954 2335 1151 2389 ταυτὸν
1186 2335 1526 2404 συναγαγὼν,
1564 2336 1755 2390 διελών
1779 2355 1839 2390 τε

260 2422 407 2495 πρὸς
436 2422 641 2485 κῶλον,
690 2423 785 2476 καὶ
826 2422 1213 2494 ἀντιπαραθεὶς
1258 2422 1518 2492 ἀλλήλαις
1567 2422 1704 2492 μετὰ
1745 2423 1839 2475 καὶ

258 2514 439 2585 αὐτῆς
470 2515 570 2584 τῆς
609 2514 873 2584 Ἐϐραίων
904 2513 1274 2585 σημειώσεως,
1296 2514 1364 2568 τὰ
1392 2516 1500 2568 τῶν
1532 2514 1837 2586 λεγομένων

272 2601 557 2671 Ἑξαπλῶν
592 2608 721 2676 ἡμῖν
750 2605 1058 2675 ἀντίγραφα
1098 2606 1486 2659 καταλέλοιπεν
1507 2645 1521 2667 ,
1558 2607 1702 2670 ἰδίως
1729 2606 1828 2676 τὴν

274 2696 508 2749 Ἀκύλου
533 2736 548 2761 ,
586 2696 679 2749 καὶ
722 2696 1017 2767 Συμμάχου
1037 2737 1052 2759 ,
1098 2697 1191 2750 καὶ
1232 2697 1586 2761 Θεοδοτίωνος
1630 2698 1838 2751 ἔκδοσιν

254 2790 480 2861 ἅμαιτῇ
510 2788 617 2843 τῶν
652 2792 706 2842 0'
732 2792 842 2851 τοῖς
873 2789 1205 2860 Τετραπλοῖς
1234 2789 1766 2853 ὲπικατασκευάσας.

1949 2067 2073 2106 nem
2111 2054 2379 2122 apposuit,
2399 2054 2464 2108 ad
2501 2070 2664 2108 unam
2694 2071 2885 2110 rursus
2916 2056 3514 2116 adnotavit.vinventam

1947 2143 2094 2198 illam
2131 2144 2300 2198 fuisse
2332 2142 2681 2199 Hierichunte
2710 2146 2765 2199 in
2789 2147 2952 2209 dolio,
2985 2148 3319 2215 temporibus
3348 2147 3517 2202 Anto-

1946 2236 2063 2289 nini
2125 2235 2221 2289 ﬁlii
2267 2234 2474 2290 Severi.
2523 2234 2633 2291 Has
2676 2237 2840 2307 igitur
2879 2253 3071 2293 omnes
3102 2254 3226 2294 cum
3260 2242 3312 2293 in
3347 2254 3516 2293 unum

1947 2327 2277 2398 collegisset,
2305 2343 2370 2382 ac
2401 2343 2496 2397 per
2520 2329 2639 2382 cola
2671 2328 3042 2394 distinxisset,
3072 2339 3124 2384 et
3150 2331 3250 2385 sihi
3285 2330 3518 2385 invicem

1946 2434 1976 2472 e
1999 2419 2221 2489 regione
2249 2419 2592 2488 opposuisset
2617 2434 2723 2473 una
2755 2434 2880 2474 cum
2907 2421 3025 2489 ipso
3047 2419 3313 2475 iichraico
3342 2429 3514 2486 textu,

1944 2509 2334 2581 Hexaplorum,
2374 2520 2432 2565 ut
2455 2518 2671 2574 vocant,
2700 2511 2860 2566 nobis
2891 2514 3221 2582 exemplaria
3256 2513 3516 2581 reliquit;

1947 2620 2072 2658 cum
2138 2604 2366 2659 scorsim
2433 2603 2723 2657 editionem
2774 2604 3018 2673 Aquilae,
3090 2604 3400 2676 Symmachi
3461 2617 3516 2660 ct

1946 2695 2338 2750 'l’hcodotionis
2371 2709 2493 2749 cum
2525 2693 2664 2747 LXX
2695 2694 3082 2766 lnterpretibus
3102 2738 3118 2763 ,
3161 2697 3214 2749 in
3247 2697 3515 2767 Tetraplis

1943 2787 2264 2856 digessisset

1466 2901 1555 2958 Id.
1584 2902 1757 2968 ibid.,.
1776 2918 1892 2971 cap.
1917 2898 2006 2966 l7,
2036 2916 2093 2970 ρ.
2127 2900 2255 2954 218.

330 2996 459 3050 Τῶν
482 3012 545 3064 γε
579 2996 687 3067 μὴν
717 2996 1062 3067 ἐρμηνευτῶν
1091 2997 1269 3051 αὐτῶν
1299 2997 1363 3069 δὴ
1393 2997 1596 3050 τούτων
1637 2997 1834 3060 ἰστέον,

271 3088 586 3141 Ἐὃιωναίον
608 3087 701 3139 τὸν
716 3086 1010 3157 Σύμμαχον
1037 3087 1339 3155 γεγονέναι.
1358 3088 1580 3161 Αἵρεσις
1601 3086 1656 3140 δέ
1686 3090 1833 3140 ἐστιν

254 3182 289 3250 η
312 3178 428 3233 τῶν
453 3178 801 3242 Ἐϐιωναίων,
824 3178 966 3233 οὕτω
986 3180 1321 3251 καλουμένη,
1344 3179 1451 3232 τῶν
1478 3179 1569 3233 τὸν
1596 3180 1831 3250 Χριστὸν

256 3270 317 3336 ἐξ
352 3268 550 3340 Ἰωσὴφ
571 3270 664 3323 καὶ
688 3270 906 3341 Μαρίας
929 3271 1210 3339 γεγονέναι
1242 3269 1577 3338 φασκόντων,
1594 3269 1746 3338 ψιλόν
1771 3288 1827 3323 τε

250 3356 543 3430 ἄνθρωπον
574 3360 948 3430 ὑπειληφότων
979 3361 1160 3425 αὐτὸν,
1207 3362 1301 3415 καὶ⁴
1328 3361 1421 3414 τὸν
1450 3362 1611 3432 νόμον
1633 3363 1828 3433 χρῆναι

266 3448 701 3521 Ἰουδαῖκώτερον
732 3450 1020 3519 φυλάττειν
1063 3448 1588 3522 ἀπισχυριζομένων,
1618 3449 1693 3514 ὥς
1725 3467 1827 3504 που

251 3541 353 3596 καὶ
379 3544 443 3595 ὲκ
472 3541 572 3611 τῆς
603 3524 835 3612 πρόσθεν
865 3541 1106 3613 ἱστορίας
1136 3542 1400 3613 ἔγνωμεν.
1440 3544 1549 3597 Καὶ
1583 3544 1829 3613 ὑπομνή-

252 3648 409 3705 ματα
434 3634 491 3687 δὲ
525 3633 620 3687 τοῦ
654 3634 948 3704 Συμμάχου
996 3634 1164 3688 εἰσέτι
1216 3634 1311 3688 νῦν
1350 3636 1609 3707 φέρεται·
1645 3637 1703 3688 ὲν
1747 3630 1828 3699 οἷς

245 3724 403 3778 δοκεῖ
431 3725 567 3795 πρὸς
594 3725 653 3778 τὸ
680 3724 823 3778 κατὰ
848 3725 1124 3779 Ματθαῖον
1146 3727 1562 3797 ἀποτεινόμενος
1588 3727 1833 3796 Εὐαγγέ-

248 3817 371 3871 λιδν
395 3856 410 3880 ,
442 3817 540 3887 τὴν
565 3816 939 3888 δεδηλωμένην
977 3818 1185 3886 αἵρεσιν
1212 3818 1519 3890 κρατύνειν.
1554 3816 1740 3871 Ταῦτα
1771 3817 1829 3870 δὲ

243 3910 285 3962 ἁ
324 3908 606 3979 Ὠριγένης
644 3907 784 3979 μετὰ
816 3909 912 3962 καὶ
941 3908 1116 3963 ἄλλων
1148 3910 1226 3972 εἰς
1262 3909 1360 3971 τὰς
1393 3910 1616 3981 Γραφὰς
1650 3911 1828 3981 ἑρμητ·

244 3997 410 4052 νειῶν
437 3999 534 4052 τοῦ
557 4000 854 4071 Συμμάχου
880 4001 1136 4071 σημαίνει
1171 4001 1321 4073 παρὰ
1362 4002 1651 4072 Ἰουλιανῆς
1680 4018 1826 4065 τινος

243 4089 564 4162 εἰληφέναι·
599 4091 666 4161 ἣν
714 4090 806 4144 καί
848 4108 981 4162 φησι
1014 4093 1143 4162 παρ’
1175 4091 1337 4146 αὐτοῦ
1386 4092 1679 4164 Συμμάχου
1728 4092 1825 4156 τὰς

247 4180 471 4245 Βίὄλους
500 4181 863 4249 διαδέξασθαι.

2016 2995 2309 3050 Sciendum
2358 3012 2523 3066 porro
2571 3005 2655 3051 est
2698 2996 3120 3068 Symmachum,
3158 2997 3250 3065 qui
3279 3012 3419 3053 unus
3444 3011 3510 3054 ex

1941 3087 2047 3142 illis
2078 3088 2467 3157 interpretibus
2490 3089 2611 3152 fuit,
2643 3088 2956 3145 Ebiomeum
2986 3089 3175 3144 fuisse.
3212 3088 3307 3144 Est
3332 3100 3509 3143 autem

1938 3177 2317 3233 Ebionreorum
2354 3181 2576 3235 haeresis
2599 3183 2672 3235 ita
2697 3182 2862 3245 dicta,
2890 3196 3082 3235 eorum
3113 3181 3203 3250 qui
3233 3179 3511 3234 Christum

1934 3284 2000 3323 ex
2027 3268 2266 3338 Josepho
2298 3279 2351 3324 et
2381 3270 2551 3326 Maria
2585 3272 2850 3341 genitum,
2884 3286 3207 3340 merumque
3236 3271 3509 3323 hominem

1933 3376 2053 3416 esse
2080 3370 2291 3430 putant,
2324 3372 2379 3416 et
2408 3364 2577 3433 legem
2605 3361 2835 3417 Judaico
2861 3380 3010 3417 more
3039 3363 3360 3418 servandam
3388 3377 3511 3416 esse

1934 3452 2299 3517 contendunt,
2333 3451 2796 3520 quemadmodum
2847 3453 2899 3505 itt
2938 3451 3314 3520 superioribus
3352 3451 3510 3506 libris

1934 3543 2241 3597 retulimus.
2296 3543 2526 3598 Exstant
2568 3552 2714 3597 certe
2765 3544 3066 3598 etiamnum
3115 3541 3507 3596 Commentarii

1936 3633 2282 3704 Symmachi,
2346 3636 2398 3691 in
2432 3635 2632 3705 quibus
2664 3635 2958 3705 Evangelio
2997 3633 3230 3688 Matthaei
3264 3634 3506 3699 innixus,

1933 3724 2301 3792 supradictam
2344 3726 2591 3779 haresim
2626 3735 2875 3779 astruere
2904 3725 3132 3779 videtur.
3186 3724 3361 3793 Atque
3407 3724 3510 3779 hos

1934 3812 2245 3885 Symmachi
2295 3815 2767 3882 Commentarios,
2815 3831 2941 3871 cum
2990 3817 3110 3871 aliis
3159 3832 3327 3871 sacrae
3362 3814 3511 3869 Scri—

1928 3917 2102 3975 pturas
2132 3906 2674 3977 interpretationibus
2701 3906 2769 3961 ab
2790 3907 2980 3961 eodem
3014 3906 3308 3961 elaboratis
3338 3915 3507 3961 testa-

1928 4007 2019 4052 tnr
2060 3997 2322 4071 Origenes
2350 4015 2408 4055 se
2433 4015 2463 4054 a
2492 3998 2707 4054 Iuliana
2738 4000 2977 4069 quadam
3008 3984 3305 4069 accepisse,
3340 4015 3506 4069 quam

1930 4091 2005 4144 ait
2032 4090 2099 4145 ab
2123 4091 2242 4160 ipso
2273 4090 2599 4162 Symmacho
2632 4090 2733 4145 bos
2778 4090 2949 4147 libros
2988 4091 3353 4147 successionis
3383 4091 3507 4158 jure

1930 4182 2227 4253 accepisse.

1280 4299 1477 4354 Euseb.
1525 4299 1823 4355 Demanstr.
1851 4297 2057 4368 Evang.
2097 4296 2137 4351 ι.
2171 4314 2246 4366 tv,
2269 4316 2321 4367 p.
2353 4299 2475 4356 181.

317 4390 654 4461 Λευκότερον
680 4390 737 4444 δὲ
760 4408 964 4445 τουτων
988 4393 1021 4463 ἡ
1062 4391 1326 4463 Ἐϐραίων
1354 4392 1652 4464 παρίστησι
1680 4393 1826 4463 Γρας

2000 4388 2127 4445 Rrec
2155 4390 2358 4446 clarius
2382 4391 2601 4447 exhibet
2627 4388 2978 4447 Hebraeorum
3012 4389 3315 4462 Scriptura,
3337 4406 3502 4460 quam

244 4478 345 4549 φὴ,
388 4478 459 4547 ἣν
497 4478 633 4553 πρὸς
677 4479 959 4553 ἀκρίϐειαν
1002 4477 1319 4550 ἑρμηνεύων
1357 4480 1387 4531 6
1431 4478 1681 4541 Ἀκύλας,
1723 4473 1825 4547 ᾦδέ
1858 4553 1875 4555 _

1941 4491 2187 4539 accurate
2216 4483 2601 4553 interpretatus
2629 4483 2828 4555 Aquila
2858 4484 2940 4539 sic
2969 4483 3159 4539 edidit.

245 4588 367 4635 πως
395 4569 680 4635 ἐξέδωκεν.

1530 4659 1619 4715 Id.
1646 4661 1776 4716 ibid.
1810 4663 1850 4717 Ι.
1880 4681 1953 4733 Vl,
1976 4683 2029 4735 ρ.
2061 4666 2188 4723 316.

315 4753 664 4823 Προσηλυτος
696 4752 753 4807 δὲ
779 4754 808 4807 6
853 4752 1081 4818 Ἀκύλας
1107 4749 1208 4827 ἦν,
1234 4753 1297 4809 ού
1328 4755 1487 4825 φύσει
1541 4756 1813 4821 Ἰουδαῖος.

1992 4758 2307 4831 Proselytus
2340 4766 2458 4814 erat
2488 4758 2713 4830 Aquila,
2747 4772 2855 4812 non
2891 4766 3087 4812 natura
3117 4755 3357 4812 Iudaeus.

1652 4852 1721 4906 Et
1747 4854 1906 4923 paulo
1932 4865 2048 4924 post
2075 4871 2094 4907 :

317 4940 550 5008 Λέγεται
576 4940 632 4994 δὲ
664 4942 692 4994 6
728 4942 1024 5015 Σύμμαχος
1059 4943 1370 5009 Ἐϐιωναῖος
1398 4942 1537 5001 εἶναι
1562 4966 1574 4978 ·
1613 4949 1825 5021 αἵρεσις

229 5028 298 5084 δὲ
329 5025 397 5101 ἦν
426 5028 569 5083 οὕτω
599 5030 946 5103 καλουμένων
979 5033 1138 5087 τινῶν
1178 5035 1445 5089 Ἰουδαίων
1474 5041 1554 5102 εἰς
1592 5039 1826 5109 Χριστὸν

228 5120 523 5174 πιστεύειν
546 5121 871 5193 λεγομένων.
896 5122 955 5190 ἐξ
981 5119 1055 5179 ὧν
1088 5127 1116 5179 ό
1152 5126 1444 5199 Σύμμαχος
1474 5125 1561 5200 ἧν.

2004 4948 2169 5006 Porro
2199 4949 2561 5010 Symmachus
2589 4949 2791 5007 dicitur
2818 4948 3108 5005 Ebiomens
3146 4948 3314 5003 fuisse
3340 4965 3352 4999 :
3382 4964 3504 5016 quae

1931 5041 2158 5095 haeresis
2201 5051 2318 5096 erat
2357 5042 2719 5111 quorumdam
2748 5039 3084 5108 Judaeornm,
3122 5039 3214 5110 qui
3259 5039 3313 5092 in
3345 5038 3502 5093 Chri-

1926 5138 2068 5183 stum
2115 5130 2335 5184 credere
2361 5130 2703 5200 dicebantur,
2747 5148 2816 5188 ει
2843 5146 3079 5203 quorum
3114 5144 3346 5186 numero
3383 5139 3501 5185 erat

1929 5218 2312 5290 Symmachus.

1042 5334 1234 5392 Euseb.
1262 5334 1553 5391 Comment.
1579 5337 1634 5392 in
1659 5336 1924 5407 Psalmos,
1949 5359 2002 5410 p.
2039 5342 2140 5397 159
2161 5350 2209 5395 et
2250 5343 2375 5409 171,
2410 5343 2533 5411 190,
2567 5342 2692 5398 468.

321 5449 554 5515 Ἀκύλας
576 5452 840 5508 δουλεύων
871 5460 935 5527 τῇ
974 5456 1235 5528 Ἐὃραῖκῇ
1266 5456 1431 5525 λέξει.

1988 5464 2181 5534 Aquila
2207 5463 2485 5520 Hebraica‘.
2517 5465 2710 5518 littera:
2742 5463 3010 5521 serviens.

1299 5573 1446 5630 Ibid.
1471 5592 1524 5644 p.
1547 5576 1673 5643 596,
1698 5580 1763 5633 de
1785 5578 1989 5647 psalmo
2011 5596 2097 5643 xc,
2130 5598 2178 5635 υ.
2202 5582 2255 5644 9,
2283 5597 2460 5650 agens.

318 5686 753 5759 Ἰουδαῖκὼτερον
806 5692 835 5743 6
880 5692 1107 5758 Ἀκύλας
1160 5694 1255 5749 καὶ
1302 5698 1333 5748 6
1375 5696 1667 5769 Σύμμαχος
1716 5700 1815 5770 τὴν

228 5780 535 5846 ιρμηνείαν
586 5782 958 5848 ἐκτεθείκασι,
1016 5786 1365 5853 ὑφορώμενοι
1402 5791 1463 5843 τὸ
1529 5793 1656 5846 ττεοί
1716 5791 1821 5845 τού

959 5870 1017 5929 ο

1994 5701 2189 5771 Aquila
2241 5711 2295 5756 et
2340 5698 2703 5771 Symmachus
2743 5701 2907 5756 modo
2938 5700 3001 5755 ad
3047 5698 3327 5756 Iudaicam
3373 5714 3501 5754 seno

1920 5796 2142 5849 tentiam
2175 5795 2397 5856 propius
2415 5791 2730 5847 accedentes
2758 5792 3096 5856 interpretati
3128 5803 3273 5856 sunt.
3294 5795 3501 5849 doctri-
