4122 6412
621 379 726 434 1⁸37

1986 389 2509 449 ΡΒᾹΞΜΜΙΝΔΒΙΑ

618 513 746 556 nam
779 517 810 556 a
859 501 1014 557 nobis
1045 504 1110 559 de
1142 506 1424 563 Altissimo
1464 523 1528 564 ac
1572 509 1639 564 de
1670 509 1904 566 Domino
1949 509 2204 566 traditam
2235 535 2248 576 Α

2319 509 2578 579 Ὑψίστου
2614 511 2706 564 καί
2755 511 2883 582 περὶ
2924 510 3018 565 τοῦ
3067 514 3273 586 Κυρίου
3321 516 3714 588 ἀποδεδομένον
3750 520 3892 593 ius.”

617 605 928 664 suspectam
954 595 1239 653 habentes.

2308 602 2505 674 δόγμα.

2069 697 2213 752 Ibid.
2242 714 2297 766 p.
2328 697 2417 753 86.

689 781 1002 840 Admodum
1040 787 1364 844 mirabiliter
1393 789 1776 862 Symmachus.

2382 795 2596 868 Σφόδρα
2629 795 2960 868 θαυμαστῶς
2988 799 3016 851 6
3051 797 3365 870 Σύμμαχος.

2069 884 2213 940 Ibid.
2235 903 2288 957 ρ.
2315 887 2438 944 199.

688 969 1008 1031 Mirabiliter
1035 977 1423 1049 interpretatus
1448 990 1531 1036 est
1563 979 1948 1051 Symmachus.

2142 1076 2284 1132 Ibid.

688 1157 994 1220 Theodoti.)
1050 1169 1146 1238 qui
1190 1184 1422 1226 numero
1478 1169 1882 1228 accuratiorum
1930 1173 2204 1243 interpre-

615 1257 733 1306 tum
763 1264 848 1310 est

2391 986 2764 1057 Ἦρμήνευσεν
2794 985 3124 1058 Θαυμαστῶς
3150 986 3181 1039 ὁ
3211 984 3535 1057 Σύμμαχος.

2377 1175 2488 1229 Καὶ
2517 1177 2545 1229 ό
2579 1175 2872 1230 Θεοδοτῑων
2901 1175 2982 1240 δὲ,
3019 1169 3102 1239 εἷς
3133 1175 3229 1230 καὶ
3271 1173 3434 1241 αὐτὸς
3463 1173 3572 1230 τῶν
3615 1174 3894 1248 ἐπιμελῶς

2307 1269 2760 1342 ὲρμηνευσάντων
2787 1269 3094 1340 τυγχάνων.

1471 1376 1826 1450 Hieronymus
1866 1379 2095 1452 Prologo
2118 1383 2174 1435 in
2202 1381 2466 1452 Genesim,
2500 1384 2654 1438 initio
2687 1384 2846 1454 primi
2869 1393 3021 1439 tanta.

684 1457 840 1524 Quod
873 1470 932 1515 ut
962 1465 1240 1532 auderem,
1273 1466 1526 1539 Origenis
1558 1484 1645 1524 me
1667 1473 1909 1526 studium
1933 1487 2200 1543 provoca-

616 1553 714 1617 vit,
741 1554 834 1622 qui
871 1556 1097 1612 editioni
1135 1561 1375 1630 antiqua
1415 1563 1828 1618 translationem
1862 1563 2196 1627 Theodotio-

614 1644 700 1698 nis
734 1646 975 1712 miscuit,
1015 1650 1275 1705 asterisco
1321 1654 1384 1720 Χ
1415 1663 1469 1707 et
1510 1655 1668 1710 obelo
1693 1669 1782 1721 με»,
1828 1656 1878 1711 id
1909 1666 1994 1712 est
2026 1657 2194 1712 stella

612 1744 666 1790 et
710 1752 866 1801 veru.
916 1755 1054 1810 opus
1087 1757 1250 1798 omne
1277 1745 1660 1817 distinguens:
1705 1749 1836 1804 dum
1886 1758 1982 1805 aut
2010 1751 2200 1806 illucce

2305 1491 2362 1531 ιη
2411 1476 2618 1532 nostris
2661 1476 2942 1532 codicibus
2987 1489 3100 1531 non
3132 1474 3427 1542 habentur,
3465 1482 3526 1529 ut
3571 1483 3658 1530 est
3704 1473 3882 1529 illud:

2306 1567 2394 1621 Ea:
2419 1567 2654 1638 Egypto
2679 1568 2860 1622 vocari
2879 1565 3082 1622 Filium
3111 1583 3304 1633 meum,
3322 1576 3406 1621 et:
3425 1567 3676 1637 quoniam
3699 1563 3890 1622 Nau-

2307 1676 2445 1714 rwus
2470 1659 2764 1725 vocabitur,
2787 1667 2877 1714 et:
2916 1645 3172 1712 Videbunt
3196 1658 3250 1712 iu
3271 1674 3425 1728 quem
3445 1666 3885 1728 compluscula,

2307 1761 2394 1806 et:
2432 1749 2688 1804 Flumina
2720 1751 2785 1805 de
2815 1763 2987 1805 ventre
3026 1749 3141 1819 ejus
3190 1749 3357 1819 ﬂuent
3407 1766 3559 1821 aqua
3601 1751 3750 1817 vivo,
3787 1759 3882 1804 et:

613 1843 771 1885 scere
821 1829 951 1886 facit
977 1850 1100 1904 quae
1131 1836 1316 1893 minus
1353 1850 1479 1893 ante
1512 1840 1762 1907 fuerant;
1802 1850 1897 1896 aut
1927 1843 2199 1913 superﬂua
2233 1909 2268 1915 _
2305 1860 2423 1915 qua
2450 1861 2541 1898 nec
2571 1843 2754 1897 oculus
2797 1843 2951 1908 vidit,
2999 1858 3090 1896 nec
3135 1843 3282 1896 auris
3312 1841 3538 1908 audiuit,
3574 1860 3665 1897 nec
3708 1843 3761 1896 iu
3793 1858 3889 1897 sor

611 1934 844 1990 quaeque
862 1924 1080 1995 jugulat
1113 1937 1166 1983 et
1211 1929 1477 1994 confodit,
1509 1933 1745 1988 maxime
1769 1949 1889 2003 qua:
1929 1909 2202 2006 evangeli-
2233 1909 2275 1964 Β
2305 1909 2534 1991 hominis
2561 1935 2930 2004 ascenderunt,
2957 1951 3075 2006 qum
3098 1935 3418 2006 preparavit
3447 1934 3586 1990 Deus
3613 1935 3888 2006 diligenti-

614 2021 823 2068 starum
863 2025 918 2070 et
959 2021 1328 2088 apostolorum
1363 2024 1661 2079 auctoritas
1702 2027 2108 2098 promulgavit;
2143 2028 2198 2083 in

613 2106 816 2174 quibus
861 2111 1033 2165 multa
1073 2111 1140 2167 de
1183 2111 1364 2169 Veteri
1402 2113 1756 2172 Testamento
1792 2117 2046 2188 legimus,
2077 2135 2201 2190 qua:

2307 2033 2403 2087 bus
2435 2048 2511 2098 se,
2539 2041 2647 2087 etc.

2113 2235 2182 2290 Et
2217 2235 2360 2306 infra
2382 2251 2401 2288 :

685 2337 751 2394 Et
777 2342 964 2398 nescio
997 2344 1122 2414 quis
1157 2347 1370 2416 primus
1417 2358 1613 2406 auctor
1645 2348 2002 2422 Septuaginta
2031 2352 2202 2408 cellu-

609 2431 692 2487 las
744 2431 1086 2492 Alexandria
1139 2442 1425 2497 mendacio
1470 2457 1574 2497 suo
1611 2445 1963 2508 exstruxerit,
2001 2445 2214 2514 quitus.

609 2524 768 2581 divisi
813 2528 1002 2583 eadem
1037 2533 1438 2603 scriptitarent,
1471 2551 1597 2592 cum
1639 2536 1908 2592 Aristaeus
1956 2537 2204 2607 ejusdem

607 2613 884 2674 Ptolemaei
912 2623 1352 2698 ὑπερασπιστὴς.
1378 2638 1428 2682 et
1464 2629 1640 2684 multo
1669 2638 1792 2700 post
1826 2639 2069 2700 tempore
2106 2629 2204 2685 Jo-

609 2710 836 2779 scphus,
868 2713 1005 2767 nihil
1048 2717 1154 2770 tale
1195 2719 1522 2774 retulerint:
1574 2723 1667 2776 sed
1719 2721 1773 2776 in
1819 2738 1927 2776 una
1976 2722 2209 2777 basilica

611 2812 997 2873 congregatos,
1025 2809 1324 2864 contulisse
1367 2812 1627 2878 scribant,
1661 2829 1769 2868 non
1818 2815 2198 2885 prOphetasse.

610 2890 773 2948 Aliud
807 2904 890 2948 est
935 2896 1080 2951 enim
1117 2908 1316 2966 vatem,
1351 2901 1497 2956 aliud
1547 2918 1668 2958 esse
1702 2904 2075 2974 interpretem.
2123 2903 2198 2958 lbi

611 2985 838 3054 spiritus
870 2997 1098 3044 ventura
1129 2993 1408 3061 praedicit;
1445 2995 1534 3051 hic
1558 2996 1796 3052 eruditio
1822 3005 1876 3051 et
1907 2998 2200 3052 verborum

2302 2353 2482 2424 copia,
2512 2367 2577 2408 ea
2602 2366 2727 2423 quae
2751 2349 3022 2422 intelligit,
3059 2350 3334 2408 transfert.
3363 2350 3477 2410 Nisi
3509 2351 3654 2411 forte
3676 2363 3880 2428 putan-

2305 2445 2411 2500 dus
2435 2453 2521 2500 est
2549 2444 2762 2499 Tullius
2792 2441 3203 2498 (Economicum
3237 2441 3637 2515 Xenophontis,
3673 2456 3728 2502 et
3759 2446 3889 2504 Pla-

2305 2536 2450 2591 tonis
2493 2533 2872 2605 Protagoram,
2897 2545 2952 2589 et
2987 2532 3368 2590 Demosthenis
3400 2552 3495 2605 pro
3525 2536 3884 2609 Ctesiphonte.

2306 2627 2519 2683 afﬂatus
2570 2625 2846 2682 rhetorico
2893 2625 3089 2696 spiritu
3150 2627 3516 2684 transtulisse.
3553 2615 3683 2685 'Aut
3727 2631 3888 2687 aliter

2305 2721 2372 2777 de
2398 2719 2602 2775 eisdem
2637 2719 2790 2774 libris
2814 2734 2910 2788 per
2943 2717 3317 2792 Septuaginta,
3350 2723 3506 2778 aliter
3529 2737 3625 2792 per
3663 2733 3887 2793 aposto-

2307 2811 2390 2866 los
2421 2809 2658 2880 Spiritus
2687 2818 2911 2865 sanctus
2939 2808 3248 2864 testimonia
3280 2810 3482 2877 texuit;
3513 2821 3572 2864 ut
3613 2809 3756 2882 quod
3805 2809 3886 2864 Elii

2305 2909 2618 2968 tacuerunt,
2656 2901 2711 2957 hi
2740 2901 3001 2971 scriptum
3033 2915 3154 2957 esse
3197 2901 3406 2958 mentiti
3434 2904 3561 2958 sint.

1372 3117 1731 3190 Hieronymus
1774 3119 2105 3190 Prwfatione
2130 3121 2185 3174 in
2211 3118 2403 3174 librum
2424 3115 2608 3180 Josue,
2631 3113 2733 3168 col.
2762 3112 2892 3175 247,
2917 3121 3044 3166 tom.
3079 3109 3120 3165 I.

681 3203 742 3259 Et
775 3213 834 3260 ut
864 3206 920 3262 in
963 3208 1174 3277 primis,
1205 3211 1350 3280 quod
1401 3229 1544 3284 smpe
1590 3223 1822 3272 testatus
1861 3229 2010 3282 sum,
2057 3215 2195 3271 sciat
2222 3221 2264 3278 C
2297 3208 2628 3280 delectant),
2669 3219 2730 3262 ut
2764 3223 2864 3279 pro
2917 3207 3232 3263 Graecorum
3276 3204 3579 3270 Ἐξαπλοίς,

607 3310 698 3353 me
743 3314 849 3353 non
888 3300 943 3354 in
986 3301 1466 3370 reprehensionem
1501 3315 1743 3360 veterum
1795 3321 1934 3360 nova
1967 3304 2194 3371 cudere,

606 3385 749 3440 sicut
781 3387 940 3443 amici
979 3392 1086 3444 mei
1137 3391 1541 3447 criminantur:
1587 3395 1682 3450 scd
1729 3411 1828 3465 pro
1865 3395 2007 3449 virili
2047 3403 2199 3465 parte

605 3479 802 3535 offerre
834 3481 1030 3552 lingtm
1060 3500 1194 3541 mea:
1229 3485 1546 3541 hominibus
1581 3487 1742 3558 (quos
1789 3500 1972 3543 tamen
2005 3497 2193 3544 nostra

2153 3583 2286 3639 Ibid‘

3686 3211 3884 3262 uacet

2303 3221 2628 3280 delectant),
2669 3221 2730 3262 ut
2764 3223 2864 3279 pro
2917 3221 3232 3263 uraacorum
3278 3221 3579 3270 ‘Lzamotg,
3645 3221 3767 3276 quae
3823 3221 3884 3262 cl

2303 3314 2524 3374 sumptu
2556 3311 2611 3357 et
2657 3301 2847 3356 labore
2887 3299 3130 3356 maximo
3161 3298 3424 3370 indigent,
3453 3297 3746 3353 editionem
3780 3311 3888 3355 uo-

2307 3404 2477 3452 stram
2517 3393 2775 3449 habeant.

679 3669 861 3735 Quare
894 3671 1134 3731 Danielis
1165 3677 1320 3746 juxta
1349 3636 1748 3736 Theodotionis
1773 3682 2188 3738 translationem
2225 3678 2486 3735 Ecclesia:
2514 3680 2900 3746 susceperunt.

1109 3796 1258 3852 Idem
1293 3802 1346 3852 in
1383 3799 1710 3871 Praefatione
1734 3803 1798 3858 de
1821 3806 2065 3858 omnibus
2089 3804 2243 3858 libris
2279 3801 2482 3856 Veteris
2529 3795 2873 3860 Testamenti,
2895 3810 2950 3864 p.
2975 3792 3104 3857 517,
3141 3802 3280 3846 toruo
3315 3789 3366 3846 I.

683 3913 1013 3971 Samaritani
1061 3921 1223 3974 etiam
1265 3919 1696 3977 Pentateuchum
1733 3923 1906 3996 Moysi
1959 3926 2190 3982 totidem

609 4001 807 4058 litteris
855 4007 1184 4075 scriptitant,
1218 4008 1406 4081 figuris
1437 4021 1648 4068 tantum
1681 4023 1736 4069 et
1773 4015 2024 4085 apicibus
2073 4015 2198 4070 dis-

611 4105 917 4164 crepantes.
977 4097 1309 4170 Certumque
1340 4113 1425 4158 est
1456 4103 1682 4159 Esdram
1729 4106 1989 4170 scribam,
2031 4106 2196 4178 legis-

608 4202 716 4255 que
741 4184 1045 4253 doctorem,
1079 4199 1199 4258 post
1224 4201 1438 4260 captam
1463 4191 1884 4267 Jerosolymam,
1911 4206 1966 4252 et
1992 4197 2199 4252 instau-

607 4277 874 4333 rationem
904 4281 1086 4350 templi
1117 4282 1220 4336 sub
1259 4281 1585 4351 Zorobabcl,
1617 4287 1754 4343 alias
1798 4289 2009 4344 litteras
2043 4303 2194 4359 repe-

607 4371 746 4424 risse
769 4371 970 4439 quibus
999 4388 1144 4429 nunc
1171 4375 1397 4441 utimur,
1423 4392 1548 4431 cum
1577 4378 1645 4433 ad
1680 4378 1812 4434 illud
1846 4395 2022 4451 usque
2051 4390 2192 4436 tem-

606 4475 710 4530 pus
745 4460 908 4515 iidem
941 4460 1415 4520 Samaritanorum
1439 4475 1494 4520 et
1523 4465 1879 4522 Hebraeorum
1912 4469 2192 4524 characte-

2294 3938 2382 3978 res
2410 3920 2632 3976 fuerint.
2666 3921 2726 3972 ln
2773 3917 2916 3972 libro
2957 3929 3180 3987 quoque
3223 3910 3590 3967 Numerorum
3620 3909 3736 3963 hac
3781 3921 3876 3962 ea-

2295 4015 2417 4070 dem
2477 4011 2812 4082 supputatio,
2869 4009 2972 4065 sub
3032 4007 3345 4062 Levitarum
3407 4013 3463 4059 et
3529 4001 3875 4058 sacerdotum

2297 4120 2484 4170 sensu,
2513 4104 2743 4175 mystice
2772 4100 3098 4157 ostenditur.
3137 4097 3204 4154 Et
3235 4113 3433 4153 nomen
3461 4093 3678 4150 Domini
3711 4099 3881 4148 tum

2297 4206 2642 4268 grammaton
2698 4196 2752 4250 in
2813 4192 3144 4264 quibusdam
3211 4188 3418 4245 Graecis
3477 4183 3874 4248 voluminibus,

2297 4305 2475 4362 usque
2529 4288 2693 4346 hodie
2751 4286 2996 4357 antiquis
3045 4297 3362 4355 expressum
3414 4281 3612 4336 litteris
3668 4277 3880 4334 iuveni-

1441 4561 1594 4619 Idem
1619 4562 1946 4635 Praefatione
1976 4568 2033 4621 in
2059 4566 2253 4620 librum
2285 4564 2474 4631 Isaia,
2503 4565 2606 4620 col.
2638 4563 2776 4630 474,
2809 4574 2937 4616 tom.
2971 4559 3012 4616 I.

680 4649 749 4706 Ut
775 4655 1049 4722 quomodo
1076 4653 1249 4710 Graeci
1285 4665 1406 4726 post
1437 4655 1578 4710 LXX
1603 4656 2007 4725 Translatores,
2035 4658 2195 4730 Aqui-
2226 4662 2271 4717 D
2297 4657 2580 4714 collatione
2642 4671 2836 4712 eorum
2887 4653 3234 4723 intelligant:
3289 4649 3369 4705 sic
3423 4657 3475 4703 et
3534 4646 3622 4700 isti
3680 4644 3876 4699 saltem

607 4746 714 4800 lam
759 4757 812 4800 et
863 4745 1252 4816 Symmachum
1288 4759 1344 4803 et
1375 4747 1806 4806 Theodotionem
1850 4751 2056 4822 legunt,
2107 4750 2191 4806 vel

608 4839 679 4896 ob
711 4839 954 4894 studium
1009 4840 1270 4896 doctrina:
1317 4857 1449 4910 suat,
1485 4843 1568 4897 vel
1611 4855 1670 4898 ut
1715 4842 1858 4897 LXX
1909 4844 2085 4912 magis
2124 4857 2192 4899 ex

2298 4763 2468 4803 unum
2535 4758 2661 4814 post
2719 4745 2929 4817 priores
2989 4744 3189 4798 habere
3254 4740 3543 4811 dignentur
3605 4737 3877 4806 interpre-

2300 4850 2429 4895 tem.

1497 4955 1850 5029 Hieronymus
1890 4955 2220 5026 Prwfatioue
2242 4956 2298 5009 in
2331 4953 2456 5020 Job,
2481 4952 2582 5008 col.
2617 4951 2744 5018 595,
2777 4959 2904 5004 tant.
2943 4947 2983 5005 l.

672 5070 854 5144 ϐοεον
895 5087 990 5142 per
1020 5072 1266 5142 singulos
1312 5071 1612 5142 Scriptura:
1652 5073 1849 5129 divinae
1873 5073 2044 5128 libros
2091 5071 2188 5126 ad-

603 5168 972 5220 versariorum
1020 5167 1355 5236 respondere
1385 5167 1710 5234 maledictis,
1741 5171 1833 5237 qui
1865 5167 2189 5234 interpreta—

606 5256 806 5310 tionem
856 5272 1058 5324 meam,
1095 5257 1578 5327 reprehensionem
1625 5256 1978 5328 Septuaginta
2012 5255 2186 5310 luter-

605 5359 814 5418 pretum
851 5349 1214 5403 criminantur
1247 5350 1322 5421 (α)
1350 5368 1361 5403 :
1389 5349 1546 5429 quasi
1579 5365 1685 5404 non
1714 5358 1770 5403 et
1794 5347 1936 5416 apud
1965 5346 2186 5402 Graecos

605 5439 822 5511 Aquila,
859 5441 1246 5512 Symmachus,
1294 5452 1350 5496 et
1381 5439 1706 5506 Theolotio,
1747 5441 1831 5494 vel
1882 5439 2108 5493 verbum
2157 5454 2187 5492 e

604 5532 770 5586 verbo
815 5534 896 5586 vel
943 5548 1166 5588 sensum
1193 5549 1224 5588 e
1255 5549 1443 5599 sensu,
1477 5535 1558 5588 vel
1595 5549 1662 5588 ex
1700 5541 1932 5602 utroque
1959 5529 2187 5586 commi-

609 5633 774 5681 stum.
828 5634 880 5676 et
933 5625 1108 5679 medie
1163 5633 1520 5692 temperatum
1579 5641 1753 5694 genus
1810 5621 2186 5679 translationis

681 5789 758 5857 (α)
799 5789 855 5844 Id
891 5791 1104 5857 repetit,
1155 5792 1308 5847 Λυσι.
1359 5792 1607 5884 adversus
1644 5793 1796 5862 Ruﬁ,
1842 5795 1933 5850 lib.
1974 5809 2035 5863 II,
2079 5793 2183 5850 col.

2294 5067 2683 5138 expresserim,
2731 5073 2788 5120 et
2832 5063 3018 5119 omnia
3062 5059 3274 5116 Veteris
3312 5057 3668 5114 lnstrumenti
3714 5055 3874 5111 voln-

2295 5161 2442 5215 mina
2465 5158 2728 5229 Origenes
2752 5155 2926 5211 obelis
2952 5151 3344 5222 asteriscisque
3376 5147 3708 5212 distinxerit,
3734 5161 3880 5217 quos

2295 5251 2379 5306 vel
2411 5250 2626 5306 additos
2671 5248 2758 5302 vel
2797 5247 2866 5302 de
2909 5243 3287 5299 Theodotione
3337 5249 3609 5310 sumptos,
3643 5237 3878 5293 transla-

2295 5347 2430 5404 tioni
2461 5347 2698 5415 antiquae
2721 5341 2974 5406 inseruit,
3006 5338 3245 5409 probans
3273 5334 3512 5391 defuisse
3536 5331 3681 5403 quod
3726 5328 3879 5383 addi-

2294 5453 2408 5497 tum
2453 5447 2556 5494 est.
2601 5438 2823 5492 Discant
2867 5434 3033 5504 igitur
3069 5431 3470 5486 obtrectatores
3497 5425 3606 5480 mei
3631 5423 3878 5492 recipere

2293 5533 2349 5587 in
2381 5541 2514 5598 toto,
2541 5531 2686 5602 quod
2714 5531 2766 5584 in
2795 5527 3044 5600 partibus
3071 5530 3450 5594 susceperunt,
3490 5528 3586 5574 aut
3615 5519 3858 5587 interpre

2295 5623 2554 5678 tationem
2588 5637 2764 5676 meam
2813 5634 2935 5675 cum
2969 5617 3245 5673 asteriscis
3276 5615 3394 5672 suis
3438 5613 3644 5668 radere.
3690 5607 3882 5684 Neque

2228 5791 2350 5847 429.
