4122 6420
251 329 350 386 139
1487 328 1557 383 1N
1597 326 1879 382 HEXAPL.

1886 328 1916 381 Α
1952 327 2296 384 ORIGENlS.
3414 338 3514 389 138

243 447 388 503 enim
420 444 540 501 ﬁeri
570 452 766 516 potest,
807 453 863 501 ut
888 460 1027 517 quos
1064 446 1218 517 plura
1252 446 1612 503 intermisisse
1646 463 1825 503 susce-
1854 455 1901 513 Α
1929 464 2044 504 cos.
2088 447 2358 504 Cmterum
2394 450 2537 520 apud
2587 450 2829 517 Latinos,
2865 461 2990 508 ante
3032 468 3151 509 eam
3196 454 3513 509 translatio-

239 542 441 614 perint,
488 554 598 594 non
648 538 868 595 eosdem
916 539 1082 595 etiam
1129 540 1184 593 in
1235 540 1561 609 quihusdam
1615 555 1831 595 errasse
1934 556 2082 606 nem,
2109 557 2273 607 quam
2302 543 2404 597 sub
2435 544 2714 599 asteriscis
2738 553 2791 598 et
2822 546 2992 600 obelis
3017 562 3189 616 nuper
3219 548 3510 611 edidimus,

239 632 542 695 fateantur,
596 628 870 697 praecipue
904 627 961 681 in
999 624 1146 682 Job:
1197 627 1285 681 cui
1340 626 1388 681 si
1441 642 1507 681 ea
1550 640 1673 695 qua:
1724 624 1829 681 sub
1932 633 2255 703 septingenti
2297 632 2467 688 l‘crmc
2516 643 2610 689 aut
2642 635 2937 705 octingenti
2968 653 3157 693 versus
3188 639 3419 701 desunt;
3454 649 3512 693 ut

238 722 523 779 asteriscis
548 719 732 777 addita
763 729 892 775 sunt
919 720 1276 786 subtraxeris,
1307 734 1434 789 pars
1458 719 1697 773 maxima
1726 732 1830 772 νο·
1930 723 2248 781 decurtatus
2290 735 2344 781 et
2373 727 2644 783 laceratus
2687 744 3062 799 corrosusque
3104 732 3260 796 liber,
3294 732 3512 787 {cndita-

235 814 468 871 Iuminis
496 812 935 878 detruncabitur,
966 820 1022 867 et
1056 811 1161 868 hoc
1204 811 1472 867 duntaxat
1498 811 1643 882 apud
1677 809 1827 867 Grze-
1930 824 2037 870 tem
2077 817 2163 872 sui
2187 818 2403 887 publice
2429 820 2733 889 legentibus
2768 825 3023 891 praebeat.

1726 906 1797 960 Et
1822 909 1965 979 infra
1995 929 2015 965 :

310 1006 535 1061 Memini
574 1021 664 1062 me
707 1005 779 1062 ob
824 1004 1236 1076 intelligentiam
1290 1003 1453 1073 hujus
1502 1003 1822 1069 voluminis,
1931 1007 2098 1063 misse
2122 1010 2364 1066 nummis
2392 1029 2405 1065 :
2437 1010 2595 1081 cujus
2637 1010 2886 1075 doctrina
2917 1024 2984 1064 an
3014 1010 3224 1080 aliquid
3265 1008 3510 1080 profece-

236 1100 536 1172 Lyddaeum
578 1099 872 1171 quemdam
927 1106 1337 1168 praeceptorem,
1384 1096 1479 1168 qui
1535 1098 1678 1166 apud
1721 1096 1827 1153 ile-
1934 1100 2064 1163 rim,
2107 1101 2312 1157 nescio.

234 1193 420 1249 brzeos
447 1192 662 1263 primus
708 1190 900 1247 haberi
941 1191 1254 1261 putabatur,
1291 1204 1401 1245 non
1448 1189 1631 1260 parvis
1673 1190 1830 1244 rede-

1734 1309 1801 1365 Et
1833 1310 1979 1380 infra
2002 1325 2021 1362 :

310 1430 469 1499 Quod
500 1430 548 1486 si
577 1429 722 1501 apud
752 1428 991 1496 Gnaeos,
1026 1437 1149 1499 post
1179 1427 1320 1484 LXX
1365 1428 1684 1496 editionem,
1707 1430 1821 1499 jam
1929 1428 2129 1483 bentur
2158 1412 2301 1501 apud
2335 1428 2626 1492 Ecclesias,
2660 1438 2710 1483 et
2756 1431 3116 1497 explanantur
3146 1428 3214 1482 ab
3254 1427 3509 1483 ecclesia-

227 1523 446 1580 Christi
487 1521 783 1592 Evangelia
806 1531 1151 1587 coruscante,
1182 1520 1402 1577 Iudaeus
1425 1521 1641 1591 Aquila,
1671 1521 1825 1594 Sym-
1931 1522 2084 1577 sticis
2114 1522 2287 1576 viris:
2328 1532 2535 1592 quanto
2569 1522 2744 1593 magis
2783 1537 2884 1592 ego
2931 1520 3299 1582 Christianus,
3349 1527 3405 1573 et
3443 1520 3510 1574 de

229 1616 472 1671 machus
510 1624 565 1670 et
610 1613 939 1682 Theodotio,
972 1612 1324 1669 Judaizantes
1378 1614 1642 1676 haeretici,
1697 1622 1825 1670 sunt
1930 1614 2245 1684 parentibus
2270 1612 2599 1670 Christianis
2632 1624 2813 1679 natus,
2851 1622 2907 1669 et
2937 1613 3191 1668 vexillum
3226 1612 3406 1668 crucis
3452 1612 3506 1665 in

226 1708 465 1778 recepti,
497 1708 592 1779 qui
624 1707 799 1761 multa
841 1705 1100 1778 mysteria
1135 1704 1436 1762 Salvatoris
1480 1707 1705 1762 subdola
1740 1707 1825 1761 in-
1931 1721 2052 1761 mea
2089 1705 2269 1762 fronte
2301 1714 2550 1777 portans,
2588 1706 2747 1777 cujus
2776 1707 3017 1762 studium
3049 1704 3155 1760 fuit
3189 1704 3395 1761 omissa
3432 1719 3510 1759 re-

222 1801 626 1872 terpretatione
670 1800 937 1867 celarunt,
970 1807 1024 1855 et
1073 1809 1255 1855 tamen
1304 1799 1360 1854 in
1402 1799 1692 1867 Ἐξαπλοῖς
1724 1800 1823 1854 ha-
1929 1806 2132 1869 petere,
2165 1807 2268 1854 etc.

487 1915 845 1987 Hieronymus
880 1916 1209 1988 Praefatione
1236 1919 1289 1972 in
1318 1916 1514 1971 librum
1550 1917 1887 1973 Psalmorum
1904 1916 2071 1986 juxta
2106 1916 2423 1973 IIebraicam
2450 1888 2722 1973 veritatem
2758 1929 2886 1974 tom.
2921 1920 2967 1985 Ι,
2999 1919 3103 1974 col.
3145 1918 3273 1973 835.

307 2038 451 2107 Quia
486 2038 651 2110 igitur
688 2054 863 2110 nuper
895 2054 1022 2094 cum
1060 2036 1289 2094 Hebraeo
1336 2038 1646 2109 disputans,
1679 2054 1825 2110 quae-
1859 2048 1901 2103 Β
1932 2046 1991 2093 ut
2024 2048 2081 2093 tu
2121 2038 2189 2094 de
2237 2038 2379 2093 LXX
2412 2036 2800 2109 interpretibus
2846 2039 3183 2109 opponehas,
3216 2037 3509 2094 studiosis-

225 2132 367 2186 dam
398 2146 501 2201 pro
543 2130 779 2186 Domino
821 2130 1108 2186 Salvatore
1150 2131 1218 2186 de
1253 2128 1487 2186 Psalmis
1516 2132 1832 2187 testimonia
1929 2134 2069 2188 sime
2097 2130 2408 2202 pestulasti,
2453 2142 2513 2186 ut
2557 2144 2681 2202 post
2713 2132 2966 2200 Aquilam
3014 2141 3068 2187 et
3116 2130 3510 2201 Symmachum

225 2222 540 2292 protulisti,
587 2222 887 2293 volensque
928 2222 1021 2278 ille
1050 2230 1104 2279 te
1136 2221 1384 2289 illudere,
1414 2238 1510 2292 per
1547 2238 1833 2280 sermones
1930 2234 1984 2281 et
2010 2225 2434 2281 Theodotionem
2477 2241 2672 2280 novam
2701 2225 2995 2280 editionem
3028 2223 3224 2279 Latino
3258 2238 3509 2280 sermone

226 2329 381 2385 pene
413 2314 661 2386 singulos
694 2314 974 2371 asserebat
1005 2329 1114 2371 non
1154 2314 1228 2370 ita
1258 2314 1448 2369 haberi
1482 2314 1535 2369 in
1582 2316 1829 2385 Hebraeo,
1932 2318 2314 2383 transferrem,
2343 2329 2450 2374 etc.
2532 2306 2537 2315 ’

1219 2410 1371 2466 Idem
1400 2410 1626 2481 .Prtefat.
1661 2413 1718 2466 in
1744 2412 2040 2481 Danielem,
2071 2426 2199 2489 tom.
2230 2414 2270 2479 Ι,
2296 2414 2400 2468 col.
2432 2414 2557 2469 987.

309 2500 590 2559 Danielem
633 2503 954 2574 prophetam
976 2503 1133 2575 juxta
1169 2503 1311 2559 LXX
1352 2503 1698 2575 lnterpretes,
1727 2505 1828 2561 Do-
1934 2517 2016 2565 tes
2054 2507 2449 2564 Theodotionis
2482 2506 2749 2573 editione;
2776 2514 2831 2562 et
2858 2509 2961 2561 hoc
2991 2520 3089 2561 cur
3118 2502 3375 2559 acciderit
3415 2520 3508 2557 ae-

224 2596 375 2652 mini
410 2596 711 2653 Salvatoris
743 2597 919 2653 nostri
966 2597 1226 2653 Ecclesiae
1271 2612 1383 2653 non
1414 2597 1622 2667 legunt,
1666 2605 1827 2653 uten-
1934 2601 2069 2656 scio.

1164 2708 1316 2764 Idem
1345 2708 1569 2780 Praefat.
1602 2713 1657 2765 in
1688 2708 2044 2781 Paralipom,
2076 2719 2202 2764 tom.
2238 2709 2280 2776 1,
2309 2709 2411 2764 col.
2450 2708 2609 2765 1002.

308 2804 371 2861 Si
404 2803 545 2859 LXX
580 2804 960 2876 lnterpretum,
991 2821 1126 2877 pura
1156 2815 1209 2862 et
1238 2815 1298 2862 ut
1341 2806 1412 2861 ab
1458 2808 1537 2861 eis
1586 2807 1639 2861 in
1674 2804 1824 2861 Crte-
1928 2784 2068 2869 rem,
2105 2805 2611 2875 Constantinopolis
2662 2820 2837 2875 usque
2887 2804 3232 2861 Antiochiam
3283 2802 3509 2859 Luciani

226 2911 364 2951 cum
392 2911 550 2951 versa
574 2903 679 2962 est,
706 2896 874 2953 editio
907 2906 1267 2968 permaneret,
1301 2896 1575 2968 superﬂue
1602 2913 1708 2963 me,
1744 2901 1819 2952 mi
1929 2897 2192 2968 martyris
2225 2898 2557 2968 exemplaria
2590 2898 2816 2967 probat;
2855 2897 3047 2953 mediae
3086 2896 3229 2951 inter
3263 2896 3362 2952 has
3384 2910 3510 2966 pro-

228 2990 520 3045 Chromati
541 2991 922 3061 episcoporum
940 2990 1283 3047 sanctissime
1299 3000 1459 3061 atque
1480 2990 1817 3056 doctissime,
1924 2992 2118 3047 vincia:
2147 2990 2464 3048 Palaestinos
2490 2993 2707 3047 codices
2745 2991 2932 3061 legunt
2959 3010 2972 3045 :
3012 3006 3153 3062 quos
3179 2991 3248 3046 ab
3279 2989 3510 3062 Origene

234 3081 570 3153 impelleres,
614 3090 675 3136 ut
716 3080 945 3137 Hebrzea
995 3080 1275 3136 volumina
1320 3080 1513 3136 Latino
1562 3094 1817 3135 sermone
1923 3085 2229 3139 elaboratus
2261 3084 2529 3140 Eusebius
2561 3094 2615 3139 et
2644 3083 2962 3153 Pamphilus
2989 3084 3385 3154 vulgaveruut:
3424 3093 3508 3138 to-

234 3173 616 3231 transferrem.
656 3172 815 3241 Quod
837 3174 983 3229 enim
1007 3174 1177 3230 semel
1203 3187 1365 3228 aures
1397 3171 1682 3227 hominum
1722 3187 1818 3227 oc-
1923 3186 2122 3248 tusque
2151 3177 2300 3233 orbis
2327 3176 2429 3231 hac
2468 3175 2610 3231 inter
2649 3191 2709 3230 se
2741 3174 3017 3231 contraria
3044 3174 3307 3230 varietate
3351 3189 3473 3229 com

231 3276 556 3339 cupaverat,
583 3274 637 3321 et
666 3266 939 3322 nascentis
964 3265 1221 3322 Ecclesia;
1246 3265 1601 3321 roboraverat
1629 3264 1814 3331 ﬁdem,
1921 3277 2144 3341 pugnat.
2170 3266 2237 3322 Et
2263 3276 2409 3322 certe
2438 3266 2699 3336 Origenes
2734 3267 2810 3335 (α)
2854 3281 2958 3320 11011
2999 3264 3176 3320 solum
3223 3264 3503 3333 exempla-

226 3361 446 3432 justum
471 3368 589 3415 erat
615 3360 779 3414 etiam
806 3367 995 3415 nostro
1022 3357 1242 3415 silentio
1268 3356 1637 3427 comprobari.
1661 3353 1819 3411 Nunc
1922 3362 2002 3416 ria
2029 3359 2341 3430 composuit
2363 3366 2601 3429 quatuor
2633 3357 2955 3424 editionum,
2984 3371 3014 3411 e
3040 3358 3261 3427 regione
3288 3355 3504 3426 singula

230 3469 370 3511 vero
398 3469 523 3509 cum
559 3467 818 3525 germana
870 3452 961 3507 illa
1004 3451 1337 3523 antiquaque
1378 3449 1664 3506 translatio
1695 3463 1817 3505 cor—
1920 3452 2085 3508 verba
2119 3452 2458 3517 describens,
2492 3457 2552 3505 ut
2577 3465 2723 3504 unus
2755 3448 3106 3512 dissentiens,
3135 3447 3319 3503 statim
3347 3458 3509 3502 (1111111-

230 3555 399 3618 rupta
428 3545 521 3611 sit,
563 3554 728 3615 atque
752 3544 977 3610 violata,
1008 3545 1179 3599 nostri
1213 3542 1421 3597 arbitrii
1450 3550 1631 3612 putas,
1662 3549 1757 3595 aut
1784 3554 1816 3595 e
1920 3537 1999 3593 ris
2028 3539 2168 3592 inter
2199 3553 2258 3594 se
2281 3536 3071 3608 consentientibusarguatur;
3101 3536 3195 3592 sed
3225 3537 3372 3606 quod
3398 3553 3510 3592 ma-

228 3641 487 3712 pluribus
510 3639 760 3710 judicare
785 3636 915 3708 quid
944 3652 1135 3693 verum
1168 3636 1260 3699 sit,
1299 3644 1396 3691 aut
1429 3649 1632 3690 novum
1681 3647 1821 3703 opus
1846 3628 1891 3690 Ω
1918 3631 2060 3702 joris
2109 3630 2350 3685 audaciae
2391 3638 2495 3695 est,
2528 3629 2585 3684 in
2636 3629 2873 3685 editione
2925 3627 3068 3682 LXX
3115 3628 3507 3687 Theodotionis

232 3734 294 3789 in
322 3731 497 3786 veteri
522 3743 689 3801 opere
715 3728 945 3794 cudere;
968 3727 1428 3798 illudentibusque
1456 3724 1678 3791 Iudaeis,
1705 3738 1824 3779 cor-
1923 3723 2217 3779 editionem
2251 3722 2494 3787 miscuit,
2524 3721 2806 3778 asteriscis
2836 3721 3131 3793 designans
3165 3737 3287 3792 quae
3320 3724 3507 3779 minus

231 3827 446 3889 nicum,
486 3833 548 3879 ut
574 3822 796 3889 dicitur,
827 3822 1018 3877 oculos
1062 3821 1350 3890 conligere.
1396 3817 1726 3875 Alexandria
1757 3828 1813 3873 et
1923 3825 2050 3871 ante
2088 3814 2325 3882 fuerant,
2354 3822 2409 3871 et
2438 3815 2664 3885 virgulis
2695 3828 2818 3885 quae
2845 3829 2911 3869 ex
2940 3813 3217 3886 superﬂuo
3246 3815 3505 3872 videban-

233 3918 511 3991 Egyptus
555 3917 613 3972 in
657 3914 801 3971 LXX
851 3916 969 3972 suis
1020 3915 1353 3988 ﬂesychium
1390 3913 1596 3978 laudat,
1629 3920 1820 3967 aucto—
1924 3916 2015 3964 tur
2047 3908 2320 3979 apposita.

1121 4032 1434 4103 Hieronymi
1465 4030 1695 4100 Prtefat.
1726 4028 1782 4082 in
1821 4026 2042 4092 Ezram,
2074 4036 2203 4082 tam.
2238 4026 2281 4093 Ι,
2309 4025 2412 4083 col.
2447 4024 2603 4079 1107.

302 4133 479 4189 Porro
524 4131 673 4188 aliud
710 4139 795 4187 est
846 4130 896 4189 si
942 4129 1165 4195 clausis.
1210 4128 1356 4200 quod
1397 4126 1608 4192 dicunt,
1643 4123 1819 4182 oculis
1920 4121 2138 4178 Iudaeos
2170 4134 2225 4177 et
2251 4121 2534 4176 Ebionitas
2573 4120 2708 4191 legis
2734 4119 2932 4175 veteris
2964 4119 3305 4190 interpretes,
3335 4122 3506 4193 Aqui-

232 4227 373 4284 mihi
412 4227 607 4283 volunt
652 4225 997 4289 maledicere,
1027 4232 1225 4278 et‘non
1268 4220 1554 4275 imitantur
1599 4218 1818 4275 (31³111110-
1922 4213 2031 4268 lam
2069 4213 2337 4278 videlicet,
2367 4221 2422 4266 et
2443 4210 2857 4282 Symmachum,
2890 4218 2944 4265 et
2972 4209 3423 4276 Theodotionem,
3451 4223 3506 4268 et

233 4339 360 4378 rum
421 4322 663 4377 studium
718 4335 783 4376 ac
838 4317 1291 4380 benevolentiam,
1346 4313 1441 4385 qui
1496 4319 1623 4384 post
1670 4311 1813 4366 LXX
1917 4304 2137 4360 curiose
2173 4303 2383 4373 legunt,
2413 4310 2467 4357 et
2512 4316 2608 4370 per
2642 4300 2896 4372 Origenis
2933 4301 3180 4358 laborem
3231 4302 3287 4356 in
3343 4301 3502 4366 Ἐξα-

237 4413 643 4477 Translatores,
695 4412 810 4482 jam
864 4409 1069 4467 Christi
1114 4405 1407 4477 Evangelio
1465 4411 1813 4471 coruscante,

1114 4405 1407 4477 Evangelio
1465 4411 1813 4471 coruscante,
1919 4396 2073 4460 πλοῖς
2097 4395 2357 4452 Ecclesiis
2389 4394 2735 4449 dedicarunt.

1014 4521 1165 4579 Idem
1200 4519 1427 4592 Prwfat.
1458 4520 1515 4573 in
1559 4519 1755 4573 librum
1788 4515 2147 4579 Paulinorum,
2181 4524 2308 4567 tom.
2340 4511 2384 4575 l,
2409 4511 2509 4564 col.
2548 4509 2708 4563 1222.

306 4621 469 4678 Notet
493 4621 598 4678 sibi
641 4617 1023 4690 unusquisque
1061 4617 1145 4672 vel
1170 4616 1439 4686 jacentem
1476 4612 1698 4677 lineam,
1728 4610 1812 4665 vel
1920 4608 1987 4662 lae
2021 4608 2088 4675 >κ
2137 4603 2549 4660 similitudinem
2603 4599 2960 4671 perspexerit,
3005 4599 3073 4654 de
3119 4598 3360 4656 Hebraeis
3406 4616 3498 4657 vo.

236 4716 394 4786 signa
422 4713 716 4775 radiantia,
750 4711 805 4766 id
832 4718 916 4766 est
943 4708 1130 4763 obelos
1168 4720 1231 4762 +
1259 4706 1343 4761 vel
1382 4703 1679 4760 asteriscos
1710 4705 1809 4770 )κ;
1920 4696 2219 4753 luminibus
2262 4694 2533 4786 additumg
2557 4691 2803 4786 noverit,
2842 4700 3008 4760 atque
3062 4705 3236 4786 usque
3281 4693 3347 4744 ad
3393 4693 3503 4747 duo

231 4782 313 4864 et-
327 4806 640 4874 ubicunque
689 4800 887 4856 viderit
914 4797 1179 4874 virgulam
1209 4794 1601 4866 praecedentem
1636 4806 1700 4848 σι·
1744 4791 1815 4847 ab
1918 4798 2141 4860 puncta,
2164 4789 2319 4857 juxta
2351 4784 2742 4842 Theodotionis
2773 4784 3036 4838 duntaxat
3063 4782 3377 4849 editionem,
3407 4786 3499 4854 qu"

226 4918 298 4958 ea
338 4873 612 4970 usquead
656 4897 767 4951 duo
799 4873 1003 4967 puncta
1033 4892 1056 4961 ζ
1087 4904 1211 4961 qua:
1242 4885 1647 4957 impressimus,
1680 4884 1814 4939 sciat
1923 4880 2278 4951 simplicitate
2328 4876 2601 4934 sermonis
2660 4892 2692 4930 a
2750 4874 2893 4929 LXX
2945 4874 3336 4945 interpretibus
3390 4892 3500 4930 non

228 4997 291 5051 in
314 4990 462 5049 LXX
488 4988 935 5046 Translatoribus
959 4984 1083 5057 plus
1108 4981 1317 5038 haberi.
1345 4978 1450 5036 Ubi
1479 4988 1661 5035 autem
1693 4977 1817 5035 stel-
1921 4972 2219 5031 discordat.

628 5105 776 5161 Idem
803 5104 1030 5174 Prwfat.
1066 5102 1122 5156 in
1152 5099 1347 5155 librum
1382 5097 1831 5167 Paralipomenon
1852 5094 2014 5165 juxta
2041 5088 2184 5145 LXX
2213 5087 2554 5159 Interpretes,
2591 5094 2718 5139 tom.
2750 5085 2792 5151 l,
2824 5083 2927 5138 col.
2961 5081 3121 5137 1418.

306 5206 555 5278 Denique
583 5219 710 5260 cum
739 5201 935 5258 litteris
969 5215 1001 5255 a
1034 5213 1122 5254 me
1151 5211 1327 5268 nuper
1354 5193 1723 5265 ﬂagitassetis,
1749 5200 1812 5247 ut
1842 5194 1886 5249 D
1916 5189 2059 5259 apud
2089 5186 2345 5242 Hebraeos
2370 5183 2720 5239 admirationi
2757 5181 3083 5245 habebatur,
3118 5176 3413 5278 assumpsi,
3448 5188 3503 5234 et

233 5303 395 5358 vobis
453 5272 906 5367 l’aralipomenon
963 5291 1161 5347 Latino
1211 5301 1476 5363 sermone
1538 5283 1809 5340 transfer-
1916 5285 2121 5342 contuli
2147 5299 2271 5340 cum
2293 5298 2359 5339 eo
2397 5297 2428 5336 a
2474 5280 2697 5340 vertice.
2730 5286 2790 5333 ut
2819 5278 2993 5342 aiunt,
3026 5288 3198 5343 usque
3230 5272 3297 5327 ad
3321 5285 3503 5327 extre-

234 5410 379 5460 rem,
426 5393 494 5449 de
536 5388 827 5447 Tiberiade
874 5385 1010 5458 legis
1047 5381 1339 5456 quemdam
1384 5379 1682 5443 doctorem,
1714 5375 1810 5447 qui
1917 5393 2068 5434 mum
2106 5390 2364 5447 unguem.

1632 5492 1776 5548 Ibid.
1804 5493 1907 5549 col.
1941 5494 2098 5550 1419.

306 5601 640 5674 ubicunque
666 5613 799 5671 ergo
840 5597 1154 5661 asteriscos,
1183 5592 1238 5649 id
1269 5601 1353 5648 est
1396 5589 1581 5646 stellas
1607 5591 1697 5656 Χ,
1726 5602 1815 5641 ra—
1922 5589 2083 5645 bracis
2118 5587 2387 5652 additum,
2423 5581 2571 5674 quod
2603 5581 2657 5634 in
2701 5575 2912 5632 Latinis
2942 5570 3225 5674 codicibus
3254 5585 3362 5674 non
3394 5568 3500 5674 ba:

233 5700 392 5756 diare
423 5698 480 5754 in
512 5663 621 5753 hoc
650 5663 928 5751 volumine
958 5689 1225 5753 videritis,
1269 5686 1345 5742 ibi
1397 5682 1585 5740 sciatis
1621 5680 1689 5736 de
1714 5677 1808 5736 He-
1923 5680 2099 5737 betur.
2139 5678 2239 5735 Ubi
2268 5692 2399 5734 vero
2432 5673 2644 5741 obelus,
2672 5682 2981 5726 transversa
3014 5663 3222 5723 scilicet
3252 5663 3407 5731 virga
3430 5670 3502 5717 oe-

306 5825 386 5894 (a)
423 5823 541 5883 Hoc
570 5822 751 5892 ipsum
779 5816 973 5889 repetit
1003 5814 1042 5871 l.
1074 5829 1110 5871 11
1151 5820 1335 5868 contra
1362 5807 1515 5879 Ruﬁ,
1547 5805 1655 5863 col.
1683 5801 1809 5859 £25.
