4122 6452
640 392 737 447 151

1998 383 2517 441 ΡΒᾸΞῙᾸΜΙΝΑΒῙΑ

3802 387 3898 441 ηε

637 504 927 578 praeposita
958 514 1061 571 est,
1100 506 1209 560 illic
1238 505 1487 576 signatur
1547 504 1676 574 quid
1718 501 1857 557 LXX
1900 502 2225 573 lnterpretes
2256 512 2300 564 Α
2329 502 2505 558 sancti
2541 502 2943 566 auctoritatem,
2988 501 3113 557 licet
3154 501 3208 556 in
3260 501 3501 558 Hebraeis
3537 502 3898 561 voluminibus

640 598 949 653 addiderint
984 599 1065 653 vel
1101 599 1173 653 ob
1216 599 1432 652 decoris
1460 598 1711 666 gratiam,
1742 596 1825 649 vel
1868 596 1940 649 ob
1984 594 2223 659 Spiritus

2330 612 2439 651 non
2470 597 2703 667 legatur.

1431 716 1656 771 Hieron.
1688 715 1915 786 Prtefat.
1945 718 1996 769 in
2032 717 2197 771 libros
2231 716 2553 784 Salomonis,
2587 728 2715 773 tam.
2746 718 2787 785 Ι,
2822 720 2922 774 col.
2957 719 3115 775 1419.

709 837 843 894 Tres
877 840 1045 894 libros
1087 838 1419 903 Salomonis,
1477 838 1526 891 id
1572 848 1653 892 est
1691 836 2005 903 Proverbia,
2041 836 2221 893 Eccle-

636 932 863 999 siasten,
907 931 1193 986 Canticum
1248 934 1610 994 canticorum,
1645 933 1810 986 veteri
1856 931 1997 985 LXX
2051 931 2224 987 lnter-

636 1035 847 1093 pretum
895 1025 1203 1079 auctoritati
1253 1025 1498 1089 reddidi;
1556 1025 1639 1078 vel
1689 1026 2012 1094 antepositis
2063 1026 2222 1080 lineis

638 1133 697 1172 -ε-
749 1119 1021 1187 superflua
1056 1135 1287 1190 quaeque
1330 1120 1657 1187 designans;
1707 1119 1791 1172 vel
1840 1120 2012 1174 stellis
2045 1124 2111 1187 }a(
2156 1120 2225 1173 ti-

2327 842 2442 896 tulo
2489 842 2823 911 praenotatis,
2854 858 2917 896 ea
2962 857 3082 912 qua:
3125 843 3307 896 minus
3359 841 3702 896 habebantur
3746 842 3904 898 intets

2331 951 2558 989 serens:
2591 951 2700 1005 quo
2739 936 2973 1005 plenius,
3022 950 3056 989 o
3096 932 3266 989 Paula
3307 944 3361 990 et
3408 934 3785 999 Eustochium,
3807 948 3901 991 co-

2332 1029 2608 1097 gnoscatis
2634 1028 2765 1098 quid
2807 1030 2861 1082 in
2894 1027 3053 1101 libris
3089 1028 3295 1082 nostris
3323 1028 3506 1082 minus
3534 1030 3628 1093 sit,
3660 1027 3788 1098 quid
3813 1041 3899 1082 re-

2330 1120 2554 1174 dundet.

1406 1212 1557 1267 Idem
1592 1213 1819 1283 Prwfat.
1850 1215 1904 1266 in
1937 1226 2166 1284 quatuor
2194 1213 2505 1286 Evangelia,
2541 1226 2668 1269 tom.
2703 1215 2760 1279 Ι,
2793 1217 2894 1270 col.
2925 1216 3083 1271 M26.

711 1305 829 1363 Non
873 1325 1061 1379 quaero
1099 1310 1231 1379 quid
1279 1310 1496 1381 Aquila,
1539 1311 1670 1381 quid
1717 1308 2080 1381 Symmachus
2124 1327 2217 1366 sa-

638 1399 811 1469 piant,
844 1418 1015 1472 quare
1041 1401 1382 1459 Theodotion
1412 1404 1552 1458 inter
1581 1418 1750 1459 novos
1774 1412 1826 1457 et
1867 1414 2083 1459 veteres
2110 1419 2224 1459 me-

2325 1313 2450 1368 dius
2475 1313 2709 1367 incedat.
2743 1311 2828 1366 Sit
2855 1313 2945 1366 illa
2973 1297 3100 1367 vera
3127 1311 3526 1383 interpretatio,
3554 1327 3720 1382 quam
3747 1312 3897 1383 ".apo-

2330 1404 2452 1459 stoli
2493 1404 2877 1474 probaverunt.

1307 1497 1458 1554 Idem
1489 1499 1718 1570 Praefat.
1750 1502 1807 1553 in
1836 1499 2032 1554 librum
2067 1499 2319 1555 Hebraic.
2350 1500 2579 1567 ﬂuant,
2612 1513 2737 1556 tom.
2778 1499 2842 1568 ll,
2870 1503 2971 1557 col.
3016 1501 3141 1558 505.

704 1585 891 1658 Neque
934 1605 1062 1645 vero
1092 1589 1231 1645 LXX
1267 1589 1647 1659 lnterpretum,
1679 1600 1739 1646 ut
1778 1592 1945 1646 invidi
1988 1593 2212 1658 latrant,
2248 1601 2289 1655 Β
2320 1594 2373 1647 in
2409 1595 2615 1649 nostris
2663 1592 2946 1649 codicibus
3000 1610 3111 1648 non
3153 1594 3442 1650 habentur.
3481 1593 3657 1666 Super
3702 1596 3899 1665 quibus

635 1700 854 1741 errores
904 1688 1192 1756 arguimus
1228 1708 1240 1740 :
1288 1703 1388 1741 nec
1430 1697 1681 1743 nostrum
1723 1687 1965 1742 laborem
1998 1686 2215 1740 illorum

634 1779 1121 1846 reprehensionem
1168 1789 1446 1848 putamus,
1477 1796 1601 1835 cum
1642 1780 1718 1833 illi
1767 1779 2063 1834 Ptolemzeo
2102 1779 2215 1848 regi

635 1868 996 1935 Alexandriae,
1031 1873 1260 1943 mystica
1300 1888 1530 1942 quaeque
1576 1874 1628 1925 in
1671 1870 1968 1940 Scripturis
2015 1870 2218 1926 sanctis

634 1961 867 2028 prodere
916 1963 1196 2015 noluerint
1224 1981 1235 2016 :
1269 1973 1323 2017 et
1367 1964 1604 2017 maxime
1632 1978 1693 2017 ea
1726 1979 1847 2032 qua:
1881 1960 2087 2017 Christi
2121 1962 2217 2016 ad-

634 2061 855 2105 Vcntum
884 2053 1298 2121 pollicebantur,
1334 2069 1401 2108 ne
1445 2054 1761 2108 viderentur
1788 2052 1961 2108 Judaei
1996 2062 2051 2107 ct
2082 2053 2218 2107 alte-

632 2155 758 2199 rum
789 2143 956 2198 Deum
991 2146 1167 2200 colere
1196 2162 1210 2197 ε
1242 2162 1379 2215 quos
1405 2146 1494 2201 ille
1535 2144 1778 2201 Platonis
1806 2155 2063 2210 sectator,
2096 2160 2216 2199 ma-

636 2238 728 2306 gni
764 2238 970 2292 idcirco
1014 2238 1264 2303 faciebat,
1306 2240 1433 2309 quia
1484 2254 1655 2293 unum
1706 2238 1875 2292 Deum
1927 2239 2104 2293 colere
2137 2236 2223 2290 di-

632 2341 907 2385 cerentur.
941 2332 1045 2386 Sed
1098 2342 1152 2386 et
1184 2333 1554 2401 evangelistm,
1599 2340 1652 2386 et
1692 2330 1957 2386 Dominus
2003 2345 2221 2399 quoque

634 2429 822 2475 noster
851 2430 1015 2491 atque
1049 2420 1320 2487 Salvator,
1362 2437 1572 2477 necnon
1606 2430 1659 2475 et
1688 2420 1887 2474 Paulus
1914 2421 2218 2489 apostolus,

632 2511 801 2566 multa
831 2512 987 2582 quasi
1033 2512 1100 2566 de
1138 2511 1316 2567 Veteri
1365 2510 1717 2568 Tastamento
1748 2508 2047 2580 proferunt,
2100 2524 2221 2578 quas

2322 1686 2377 1740 in
2424 1687 2539 1741 suis
2580 1687 2715 1743 locis
2758 1687 2970 1756 plenius
3015 1687 3370 1742 disseremus.
3405 1684 3485 1741 Ex
3535 1702 3646 1757 quo
3688 1687 3895 1758 perspi-

2320 1793 2484 1832 cuum
2533 1788 2637 1844 est,
2676 1778 2766 1833 illa
2818 1778 2991 1848 magis
3036 1795 3161 1834 vera
3207 1794 3331 1834 esse
3376 1778 3728 1849 exemplaria,
3778 1794 3899 1849 qua

2320 1887 2445 1926 cum
2483 1871 2619 1926 Novi
2665 1871 2996 1928 Testamenti
3031 1874 3355 1927 auctoritate
3400 1874 3755 1928 concordant.
3789 1872 3897 1926 Ac-

2322 1964 2464 2018 cedit
2509 1963 2577 2016 ad
2617 1963 2721 2017 hoc
2751 1978 2971 2032 quoque
3004 1963 3148 2033 quod
3177 1961 3471 2032 Iosephus,
3516 1963 3611 2032 qui
3644 1960 3781 2015 LXX
3812 1962 3901 2017 In-

2324 2063 2621 2123 terpretum
2657 2056 2809 2124 ponit
2858 2055 3169 2119 historiam,
3197 2056 3443 2125 quinque
3477 2064 3686 2109 tantum
3722 2054 3788 2108 ab
3815 2053 3899 2108 eis

2321 2140 2491 2196 libros
2535 2140 2705 2213 Moysi
2749 2145 3043 2198 translatos
3088 2142 3298 2199 refert:
3343 2161 3484 2215 quos
3538 2160 3639 2199 nos
3682 2160 3901 2214 quoque

2322 2232 2645 2286 confitemur
2678 2232 2800 2297 plus
2827 2248 2992 2303 quam
3026 2243 3253 2289 cazteros
3291 2249 3418 2289 cum
3448 2232 3730 2290 Hebraicis
3768 2249 3901 2289 con-

2324 2336 2543 2377 sonare.
2597 2322 2699 2377 Sed
2744 2335 2797 2378 et
2842 2324 2879 2378 ii
2923 2324 3018 2393 qui
3064 2335 3251 2394 postea
3300 2325 3623 2395 interpretes
3673 2326 3894 2379 exstite-

2323 2423 2472 2479 runt,
2507 2414 2757 2484 Aquilam
2785 2415 3002 2487 loquor,
3030 2426 3084 2472 et
3127 2416 3537 2489 Symmachum,
3569 2426 3622 2470 et
3648 2415 3903 2473 Theodo-

2323 2510 2551 2575 tionem,
2584 2511 2741 2582 longe
2770 2511 2927 2566 aliter
2956 2510 3155 2567 habent
3180 2526 3345 2581 quam
3376 2513 3483 2567 nos
3506 2511 3757 2582 legimus.

1768 2624 1912 2680 Ibid.
1943 2626 2044 2681 col.
2074 2625 2201 2693 542,
2230 2627 2299 2680 ad
2325 2626 2452 2681 Cen.
2489 2646 2576 2694 xc,
2611 2647 2659 2684 υ.
2695 2630 2781 2685 16.

704 2720 1069 2793 Symmachus
1094 2734 1245 2773 more
1271 2733 1373 2775 suo
1401 2719 1639 2789 apertius
1669 2718 1968 2773 transtulit.

1626 2809 1694 2864 In
1726 2809 1898 2880 Epist.
1925 2813 1995 2863 ad
2027 2810 2343 2877 Damasum,
2381 2823 2507 2866 tom.
2539 2811 2583 2866 ll
2605 2855 2618 2876 ,
2649 2812 2751 2866 col.
2781 2813 2902 2867 567.

710 2906 907 2978 Aquila
942 2921 1176 2976 namque
1198 2905 1292 2977 qui
1324 2919 1432 2961 non
1459 2907 1874 2971 contentiosius,
1905 2916 1964 2960 ut
1997 2908 2216 2976 quidam
2258 2916 2467 2977 putant,
2498 2910 2591 2963 sed
2618 2909 2917 2966 studiosius
2943 2909 3170 2965 verbum
3202 2910 3589 2981 interpretatur
3614 2911 3683 2965 ad
3706 2924 3827 2966 ver-

636 3006 790 3061 bum.

2137 3091 2202 3147 Et
2231 3095 2372 3148 infra
2397 3108 2415 3145 :

2137 3095 2202 3147 Et
2231 3095 2372 3163 infra
2397 3108 2415 3145 :

704 3191 957 3264 Aquilam
1004 3204 1134 3245 vero
1183 3198 1244 3245 ut
1289 3189 1344 3243 in
1382 3190 1613 3256 caeteris,
1646 3198 1701 3245 et
1733 3190 1785 3244 in
1830 3190 1936 3245 hoc
1978 3190 2213 3244 maxime
2252 3190 2370 3245 loco
2395 3190 2612 3259 proprie
2644 3187 2991 3242 transtulisse
3018 3187 3199 3242 omnis
3222 3184 3409 3243 Iudaea
3435 3187 3758 3243 conclamat.

1650 3283 1821 3355 Epist.
1855 3286 1924 3339 ad
1952 3284 2295 3355 Evangelum,
2333 3288 2432 3340 col.
2460 3286 2587 3349 574,
2622 3294 2750 3339 tom.
2783 3283 2845 3337 Il.

704 3377 815 3434 Nec
848 3378 1035 3443 refert,
1084 3386 1267 3433 utrum
1316 3377 1496 3433 Salem
1541 3393 1609 3433 an
1662 3376 1831 3433 Salim
1884 3379 2219 3444 nominetur,
2248 3387 2291 3443 ο
2326 3396 2478 3445 num,
2508 3381 2697 3435 eadem
2731 3377 2896 3434 verba
2921 3377 3153 3433 diversis
3193 3376 3344 3433 sonis
3388 3385 3551 3448 atque
3582 3376 3912 3433 accentibus

631 3457 758 3528 cum
786 3473 1069 3527 vocalibus
1091 3472 1146 3525 in
1179 3472 1361 3526 medio
1392 3472 1585 3527 litteris
1613 3487 1837 3543 perraro
1863 3479 2086 3526 utantur
2111 3469 2216 3525 He-

631 3566 785 3628 braei,
807 3574 861 3620 et
886 3581 984 3636 pro
1018 3566 1300 3620 voluntate
1327 3565 1618 3632 lectorum,
1648 3580 1714 3620 ac
1745 3566 2011 3621 varietate
2036 3564 2214 3634 regio-

2322 3473 2689 3544 proferantur.

1508 3660 1756 3730 Epistola
1790 3661 1859 3714 ad
1901 3660 2127 3715 Suniam
2162 3671 2210 3713 et
2245 3658 2534 3722 Fretelam,
2571 3666 2700 3709 tant.
2730 3652 2792 3718 ll,
2820 3670 2873 3722 p.
2910 3652 3036 3708 627.

702 3761 762 3814 In
794 3775 904 3829 quo
948 3759 1079 3814 illud
1113 3758 1350 3814 breviter
1393 3758 1699 3822 admoneo,
1731 3768 1793 3813 ut
1829 3758 2014 3813 sciatis
2049 3756 2212 3811 aliam

631 3867 755 3906 esse
803 3851 1094 3905 editionem
1152 3866 1315 3921 quam
1380 3851 1684 3921 Origenes,
1753 3857 1807 3904 et
1859 3848 2214 3904 Caesariensis

632 3941 903 3998 Eusebius
923 3983 937 4005 ,
970 3957 1276 4011 omnesque
1306 3942 1529 3997 Graecia:
1559 3951 1883 3997 tractatores
1919 3941 2127 4010 κοινήν,
2162 3940 2216 3994 id

630 4047 718 4091 est
742 4050 1068 4088 communem
1087 4076 1102 4101 ,
1135 4036 1409 4105 appellant
1435 4044 1599 4104 atque
1626 4034 1893 4104 vulgatam
1915 4076 1930 4098 ,
1957 4043 2012 4087 et
2043 4049 2071 4086 a
2100 4032 2216 4102 ple-

631 4128 998 4197 risquemunc
1026 4128 1332 4191 Λουκιανός
1382 4127 1621 4189 dicitur;
1656 4127 1820 4181 aliam
1871 4123 2014 4178 LXX
2039 4125 2213 4181 lnter-

628 4233 877 4291 prelum,
911 4236 1032 4290 qua:
1064 4232 1119 4276 et
1154 4220 1209 4274 in
1269 4220 1555 4287 Ἐξαπλοῖς
1598 4218 1881 4275 codicibus
1926 4218 2214 4288 reperitur,

629 4323 680 4368 et
713 4329 743 4367 a
782 4314 942 4369 nobis
974 4314 1027 4367 in
1052 4313 1307 4368 Latinum
1338 4328 1648 4368 sermonem
1671 4311 1905 4366 fideliter
1926 4325 2084 4364 versa
2110 4317 2212 4373 est,

631 4415 687 4462 et
706 4404 1060 4478 Jerosolyma:
1102 4416 1267 4477 atque
1293 4406 1346 4460 in
1374 4404 1616 4461 Orientis
1652 4403 1911 4459 Ecclesiis
1954 4403 2214 4458 decanta-

627 4508 832 4555 tur.....
865 4500 1036 4570 Κοινή
1065 4508 1245 4555 autem
1279 4499 1406 4564 ista,
1441 4498 1545 4554 hoc
1576 4507 1661 4553 est
1686 4495 1993 4552 communis
2018 4493 2208 4560 editio,

2322 3755 2439 3823 ipsa
2466 3761 2550 3807 est
2581 3766 2704 3821 quae
2729 3760 2783 3805 et
2814 3748 2978 3806 LXX.
3023 3747 3128 3804 Sed
3154 3749 3257 3803 hoc
3286 3748 3510 3805 interest
3538 3750 3679 3804 inter
3698 3757 3913 3803 utram—

2322 3861 2449 3916 que,
2483 3845 2631 3915 quod
2661 3843 2814 3914 κοινή
2842 3858 2943 3913 pro
2970 3843 3106 3898 locis
3140 3850 3196 3897 et
3214 3842 3570 3912 temporibus,
3594 3851 3648 3896 et
3670 3855 3768 3912 pro
3797 3856 3909 3894 vo-

2322 3936 2530 3989 luntate
2584 3935 2949 4003 scriptorum,
2983 3943 3141 3988 vetus
3185 3940 3443 4002 corrupta
3485 3932 3651 3987 editio
3682 3941 3800 3998 est;
3832 3946 3911 3987 ea

2323 4035 2504 4081 autem
2532 4041 2655 4096 quae
2684 4025 2915 4081 habetur
2941 4026 2995 4079 in
3032 4024 3336 4090 Ἐξαπλοῖς,
3366 4034 3421 4079 et
3448 4040 3611 4094 quam
3642 4038 3744 4079 nos
3775 4040 3914 4078 ver-

2323 4120 2511 4183 timus,
2536 4118 2653 4189 ipsa
2678 4126 2762 4173 est
2791 4133 2913 4189 quae
2942 4118 2997 4172 in
3019 4118 3362 4173 eruditorum
3394 4118 3549 4173 libris
3579 4117 3913 4188 incorrupta

2321 4222 2376 4268 et
2399 4212 2749 4267 immaculata
2778 4209 2919 4265 LXX
2946 4209 3307 4281 lnterpretum
3339 4210 3624 4265 translatio
3655 4223 3916 4264 reserva-

2321 4314 2430 4360 tur.
2483 4303 2759 4374 Quidquid
2810 4318 2943 4376 ergo
2989 4304 3057 4358 ab
3099 4306 3204 4359 hac
3249 4303 3561 4372 discrepat,
3610 4301 3745 4355 nulli
3796 4301 3917 4355 du-

2319 4398 2467 4453 bium
2499 4407 2585 4453 est
2615 4398 2747 4469 quin
2774 4397 2844 4452 ita
2876 4408 2930 4453 et
2954 4397 3023 4452 ab
3050 4395 3399 4452 Hebraeorum
3434 4394 3760 4450 auctoritate
3782 4393 3915 4450 dis-

2317 4490 2525 4545 cordet.

1530 4608 1751 4665 Hieron.
1783 4611 1943 4680 epist.
1973 4611 2043 4665 ad
2068 4607 2429 4671 Marcellam,
2465 4616 2596 4659 tom.
2625 4604 2694 4671 ll,
2725 4604 2826 4659 col.
2862 4603 2986 4660 707.

698 4705 918 4775 Aquila,
954 4705 1047 4775 qui
1097 4704 1389 4760 verborum
1439 4700 1794 4758 Hebraeorum
1843 4699 2299 4770 diligentissimus
2332 4698 2631 4767 explicator
2662 4706 2763 4751 est.

1544 4796 1767 4853 Hieron.
1801 4800 1957 4867 epist.
1988 4800 2058 4851 ad
2090 4796 2403 4852 Marcellam
2432 4806 2560 4851 tom.
2591 4794 2656 4859 ll,
2690 4795 2791 4850 col.
2827 4795 2949 4850 711.

698 4893 1081 4959 Theodotion,
1138 4894 1234 4964 qui
1288 4894 1341 4948 in
1392 4894 1603 4950 caeteris
1667 4909 1792 4948 cum
1831 4894 2186 4963 Septuaginta
2227 4890 2677 4946 Translatoribus
2711 4889 2861 4947 facit.

1438 4989 1660 5045 Hieron.
1695 4993 1984 5044 Comment.
2011 4990 2067 5042 in
2104 4987 2481 5052 Ecclesiasten,
2517 4995 2646 5039 tam.
2677 4984 2742 5049 ll,
2780 4986 2881 5039 cal.
2916 4985 3037 5041 740.

700 5087 961 5143 Hebrteus
997 5101 1150 5141 meus
1172 5087 1332 5157 cujus
1356 5102 1499 5157 saepe
1528 5086 1671 5142 facio
1707 5087 2209 5151 mentionem,-cum
2245 5079 2610 5138 Ecclesiasten
2645 5098 2859 5138 mecum
2887 5083 3108 5153 legeret,
3147 5084 3260 5139 haec
3281 5080 3627 5147 Baracibam,
3654 5095 3826 5152 quem

623 5200 797 5239 unum
824 5184 907 5239 vel
930 5184 1170 5238 maxime
1204 5183 1547 5238 admirantur
1574 5181 1673 5252 (a).

1148 5272 1376 5327 Hieron.
1414 5271 1742 5340 Prasfatione
1775 5273 1828 5325 in
1860 5270 2128 5324 Homilies
2168 5267 2411 5339 Origenis
2439 5266 2497 5322 in
2532 5263 2839 5327 Canticum,
2872 5273 3000 5316 tam.
3028 5259 3094 5327 ll,
3126 5260 3231 5315 col.
3267 5258 3357 5314 87.

694 5369 961 5442 Origenes
994 5385 1119 5425 cum
1150 5370 1205 5423 in
1244 5369 1458 5425 caeteris
1484 5368 1640 5422 libris
1667 5383 1861 5422 omnes
1893 5367 2123 5432 vicerit,
2152 5365 2208 5419 in

623 5463 848 5518 Cantica
892 5464 1230 5517 canticorum
1267 5463 1383 5531 ipse
1414 5477 1473 5517 se
1513 5461 1664 5516 vicit.
1721 5459 1858 5513 Nam
1893 5458 2078 5514 decem
2112 5474 2210 5513 vo-

2313 5364 2507 5418 deinde
2536 5360 2786 5431 Aquilam
2835 5367 2888 5413 et
2932 5356 3320 5426 Symmachum
3358 5362 3411 5410 et
3436 5352 3924 5423 Theodotionem,

2313 5465 2367 5510 et
2397 5456 2464 5509 ad
2494 5462 2799 5508 extremum
2828 5450 3087 5516 Quintam
3116 5449 3433 5516 editionem,
3460 5462 3625 5518 quam
3657 5447 3711 5500 in
3733 5447 3926 5503 Actio

624 5556 926 5611 luminibus
954 5556 1248 5624 explicitis,
1280 5570 1403 5623 quae
1439 5554 1506 5607 ad
1531 5553 1721 5624 viginti
1752 5567 1927 5620 usque
1952 5567 2209 5605 versuum
2312 5551 2498 5605 littore
2530 5547 2806 5604 invenisse
2835 5561 2894 5599 se
2922 5544 3131 5611 scribit,
3160 5553 3266 5598 etc.

626 5647 799 5704 millia
829 5663 963 5716 pene
989 5648 1316 5717 perveniunt
1341 5664 1355 5711 ;
1393 5647 1630 5716 primum
1669 5643 1813 5699 LXX
1842 5642 2209 5713 lnterpretes;

698 5813 769 5881 (³)
813 5810 885 5868 De
911 5810 1243 5884 Symmacho
1271 5814 1474 5883 passim
1514 5813 1646 5870 dicit
1691 5813 2051 5883 Hieronymus
2086 5814 2268 5884 ipsum
2298 5811 2541 5883 apertius
2572 5817 2627 5867 et
2650 5806 2996 5867 manifestius
3021 5808 3436 5877 interpretatum
3461 5816 3606 5859 esse.
