4122 6490
322 401 431 459 135

1568 403 1635 456 ΙΝ
1676 403 1999 459 HEXAPLA
2034 406 2376 464 ORIGENIS.

3490 416 3593 473 134

1288 520 1506 576 Hieron.
1535 524 1741 578 Comm.
1773 527 1826 578 in
1852 524 2081 589 Isaiam,
2116 538 2241 581 tom.
2274 527 2363 595 III,
2398 531 2500 583 col.
2533 531 2623 585 24.

394 612 443 667 Ρ
472 614 708 669 litteram
755 630 935 670 sermo
966 614 1264 673 llebraicus
1306 633 1414 672 non
1446 619 1637 682 habet;
1674 622 1768 674 sed
1805 636 1902 689 pro
1942 638 2003 676 ea
2036 639 2118 676 Plll
2147 622 2337 679 Graeco
2368 626 2559 681 utitur.

1184 710 1404 766 Hieron.
1442 711 1642 766 Comm.
1680 714 1732 766 in
1777 711 1937 779 Isai.,
1962 731 2079 783 cap.
2108 732 2223 780 vm,
2256 726 2380 771 tom.
2413 718 2496 783 Ill,
2527 719 2628 774 col.
2663 720 2749 776 79.

394 802 541 858 Duas
587 804 786 858 domus
826 802 1069 858 Nazaraei
1093 845 1106 867 ,
1156 802 1269 873 (qui
1312 805 1384 857 ita
1432 802 1711 859 Christum
1766 806 1906 859 reci-
1935 817 1977 873 Α
2008 823 2106 877 per
2130 801 2376 863 ordinem
2405 809 2650 880 Delphon
2680 832 2693 866 :
2728 823 2781 867 et
2807 829 3025 869 rursum
3050 815 3250 885 Joseph
3279 814 3544 875 Galilaaus
3578 838 3593 874 :

315 902 502 972 piunt,
538 907 598 952 ut
625 900 1039 954 observationes
1069 900 1209 969 legis
1241 902 1441 954 veteris
1472 917 1581 954 non
1632 904 1911 975 amittant)

315 990 455 1044 duas
489 987 724 1043 familias
767 988 1224 1057 interpretantur,
1258 987 1498 1043 Sammai
1524 998 1577 1043 et
1604 988 1759 1045 Hillel
1787 1010 1813 1045 τ
1847 1008 1915 1045 ex

314 1079 527 1147 quibus
563 1080 670 1133 orti
705 1090 834 1134 sunt
861 1079 1065 1135 Scriba:
1089 1089 1141 1135 et
1185 1080 1480 1149 Pharisaei;
1511 1098 1745 1151 quorum
1779 1099 1911 1139 sus-

317 1169 460 1238 cepit
507 1170 751 1226 scholam
796 1172 1041 1236 Akibas,
1089 1188 1252 1241 quem
1329 1175 1653 1243 magistrum
1704 1176 1914 1245 Aquila:

319 1262 581 1333 proselyti
611 1270 901 1317 autumant
940 1282 953 1316 :
990 1271 1043 1317 et
1072 1273 1193 1332 post
1222 1279 1347 1317 eum
1370 1264 1523 1329 Meir,
1559 1265 1648 1318 cui
1683 1279 1906 1320 succes-

321 1355 396 1409 sit
422 1352 676 1409 Johanan
707 1354 853 1410 tilius
880 1353 1079 1409 Zachai
1118 1374 1133 1387 -
1167 1365 1221 1410 et
1253 1364 1378 1427 post
1405 1371 1530 1411 eum
1563 1355 1807 1421 Eliezer,
1854 1364 1909 1411 et

2012 909 2064 951 et
2089 914 2261 967 usque
2294 901 2359 954 ad
2390 904 2756 970 captivitatem
2784 902 3088 959 Jerusalem
3115 904 3300 961 Josue.
3346 906 3593 964 Sammsi

2012 988 2179 1059 igitur
2205 999 2261 1044 et
2290 990 2448 1045 Hillel
2475 1008 2581 1046 non
2612 994 2785 1048 multo
2818 994 2969 1063 prius
3001 1011 3167 1066 quam
3196 996 3462 1055 Dominus
3492 1016 3593 1055 na-

2012 1089 2278 1146 seeretur,
2305 1083 2409 1136 orti
2437 1095 2565 1139 sunt
2593 1086 2645 1138 in
2675 1085 2883 1153 Judzea,
2920 1103 3156 1158 quorum
3180 1092 3332 1160 prior
3365 1092 3592 1162 dissipa-

2014 1183 2096 1227 tor
2130 1175 2550 1245 interpretatur,
2590 1193 2828 1248 sequens
2858 1183 3148 1251 profanus,
3204 1199 3270 1238 eo
3314 1187 3459 1254 quod
3499 1201 3592 1253 per

2013 1266 2380 1323 tradititiones
2406 1278 2459 1323 et
2484 1269 2842 1342 δευτερώσεις
2871 1290 3000 1329 suas
3022 1276 3157 1345 legis
3180 1285 3448 1348 prtecepta
3480 1277 3593 1333 dis-

2014 1356 2278 1426 sipaverit
2312 1367 2477 1430 atque
2505 1361 2879 1418 maculaverit.

1352 1472 1575 1528 Hieron.
1620 1472 1908 1528 Comment.
1942 1475 1998 1527 in
2026 1474 2251 1540 Isaiam,
2286 1477 2386 1533 col.
2417 1479 2541 1533 552.

393 1567 471 1622 De
497 1569 691 1637 Aquila
725 1578 905 1623 autem
932 1585 1041 1623 non
1071 1569 1264 1635 miror,
1287 1571 1432 1639 quod
1464 1571 1629 1623 homo
1657 1570 1913 1624 eruditis-

316 1662 498 1716 simus
530 1662 727 1731 linguae
758 1660 1055 1724 Hebraicae,
1092 1670 1145 1716 et
1185 1662 1409 1716 verbum
1444 1663 1509 1717 de
1535 1662 1702 1716 verbo
1729 1661 1911 1731 expri-

315 1767 514 1819 mens,
551 1755 605 1807 in
641 1754 747 1808 hoc
790 1753 914 1807 loco
958 1761 1054 1807 aut
1094 1754 1368 1808 simularit
1404 1756 1768 1825 imperitiam,
1814 1762 1910 1808 aut

2007 1569 2413 1627 Pharismorum
2473 1589 2731 1644 perversa
2786 1578 3127 1646 expositione
3190 1580 3449 1651 deceptus
3494 1583 3589 1649 sit,

2009 1664 2104 1733 qui
2145 1665 2491 1736 interpretari
2526 1669 2691 1723 voluit
2721 1711 2737 1737 ,
2791 1679 2840 1723 et
2881 1669 3054 1725 Israel
3085 1674 3133 1730 ei
3165 1674 3588 1745 congregabitur.

1254 1846 1473 1901 Hieron.
1503 1847 1708 1903 Comm.
1742 1850 1797 1900 in
1831 1845 2046 1911 Ezech.,
2078 1855 2204 1901 tom.
2257 1845 2346 1911 ΙΙΙ,
2381 1848 2482 1905 col.
2518 1848 2640 1905 7l6.

390 1943 603 2013 Aquilae
634 1957 764 1997 vero
793 1942 1031 1998 secunda
1072 1944 1239 1998 editio
1259 1983 1273 2009 ,
1301 1959 1465 2014 quam
1504 1942 1717 1999 Hebraei
1759 1943 1910 1997 κατὰ

2003 1942 2252 2009 τρίϐειαν
2327 1944 2646 2009 nominant,
2693 1947 2969 2000 transtulit
3008 1947 3339 2019 ἠρεμάζων,
3409 1949 3461 2003 id
3505 1954 3589 2005 est

312 2037 614 2101 quiescens,
639 2045 691 2090 et
715 2035 936 2089 seorsim
963 2035 1187 2105 positus.

1063 2131 1286 2188 Hieron.
1319 2131 1548 2202 Praefut.
1573 2133 1629 2186 in
1659 2130 1953 2186 Comment.
1991 2128 2252 2193 Danielis,
2289 2136 2413 2181 tam.
2445 2126 2532 2193 lll,
2566 2130 2667 2183 col.
2695 2130 2851 2184 l075.

392 2227 526 2283 Illud
559 2242 778 2298 quoque
822 2228 1079 2283 lectorem
1128 2228 1430 2294 admoneo,
1480 2227 1757 2282 Danielem
1793 2240 1901 2281 non
1932 2234 1975 2289 Β
2003 2225 2266 2295 quosdam
2317 2240 2508 2279 versus
2557 2225 2732 2280 obelis
2765 2231 3108 2295 praenotavit,
3135 2232 3408 2300 superﬂua
3442 2248 3591 2301 quae-

313 2321 473 2392 juxta
506 2318 647 2373 LXX
674 2318 1015 2390 Interpretes,
1052 2320 1145 2375 sed
1168 2320 1324 2390 juxta
1353 2319 1784 2376 Theodotionem
1810 2319 1907 2375 Ec-

314 2412 518 2468 clesias
543 2413 742 2482 legere,
774 2414 868 2482 qui
895 2413 1084 2483 utique
1106 2420 1230 2483 post
1263 2412 1555 2467 adventum
1582 2411 1784 2467 Christi
1816 2412 1902 2466 in-

312 2504 578 2560 credulus
604 2504 709 2558 fuit
743 2524 755 2559 :
794 2504 922 2560 licet
948 2520 1072 2560 eum
1103 2505 1324 2574 quidam
1350 2503 1537 2559 dicant
1568 2503 1896 2569 Ebionitam,

311 2595 419 2664 qui
451 2596 625 2649 altero
654 2610 854 2667 genere
901 2594 1125 2651 Judaeus
1170 2603 1273 2650 est.
1327 2593 1433 2650 Sed
1460 2603 1514 2649 et
1541 2592 1801 2662 Origenes
1834 2594 1901 2648 de

312 2685 715 2741 Theodoﬁonis
760 2701 925 2756 opere
958 2687 1012 2740 in
1046 2686 1286 2741 editione
1334 2684 1561 2755 Vulgata
1607 2684 1897 2739 asteriscos

309 2778 527 2848 posuit,
572 2778 776 2832 docens
800 2774 1042 2832 defuisse
1063 2791 1185 2847 qua:
1213 2774 1397 2829 addita
1424 2780 1575 2839 sunt,
1617 2781 1673 2828 et
1705 2787 1898 2827 rursus

2012 2329 2120 2384 que
2169 2314 2484 2381 designans.
2550 2312 2799 2383 Cumque
2849 2330 3039 2372 omnes
3079 2318 3281 2375 Christi
3335 2320 3591 2379 Ecclesia:

2009 2415 2118 2462 tam
2168 2405 2483 2460 Grmcorum
2534 2420 2700 2474 quam
2745 2404 3099 2475 Latinorum,
3136 2408 3507 2482 Syrorumque
3534 2422 3592 2468 et

2008 2499 2394 2570 Egyptiorum
2430 2499 2572 2553 hanc
2617 2499 2720 2554 sub
2771 2501 3047 2556 asteriscis
3080 2511 3133 2556 et
3173 2504 3344 2559 obelis
3387 2507 3588 2562 editio-

2006 2607 2131 2646 nem
2170 2593 2385 2661 legant,
2412 2592 2697 2660 ignoscant
2723 2591 2889 2647 invidi
2922 2592 3095 2647 labori
3123 2610 3278 2660 meo,
3313 2596 3406 2666 qui
3440 2599 3587 2654 volui

2004 2684 2206 2740 habere
2235 2694 2456 2740 nostros
2490 2685 2637 2756 quod
2667 2684 2840 2741 (ἓνωοὶ
2873 2687 2927 2741 in
2954 2688 3165 2757 Aquilae
3188 2699 3242 2744 et
3267 2688 3587 2747 Theodotio—

2006 2776 2091 2832 nis
2113 2792 2177 2831 ac
2203 2774 2460 2847 Symachi
2486 2777 2818 2833 editionihus
2854 2778 3119 2835 lectitant.

1236 2889 1461 2945 Hieron.
1490 2890 1781 2945 Comment.
1811 2891 1867 2944 in
1895 2889 2104 2946 Daniel.
2137 2907 2254 2961 cap.
2287 2909 2324 2958 ι,
2358 2891 2458 2946 col.
2492 2892 2653 2949 1075.

383 2987 545 3055 Quod
577 3002 677 3043 nos
700 2985 854 3057 juxta
881 2987 1174 3043 editionem
1213 2985 1561 3042 Hebraeorum
1590 3002 1713 3056 quae
1751 2987 2211 3055 κατ’ἀκρίϐειαν
2245 2989 2441 3059 legitur
2469 2990 2524 3042 in
2556 3000 2810 3059 tyrannos
2840 2992 3121 3047 vertimus.

1125 3083 1296 3139 Idem.
1328 3083 1621 3139 Comment.
1663 3084 1720 3136 in
1748 3082 1899 3148 Osee,
1929 3099 2046 3155 cap.
2081 3100 2143 3150 ιι,
2177 3093 2305 3142 tom.
2337 3083 2421 3150 ΙΙΙ,
2451 3088 2554 3138 col.
2602 3085 2762 3140 1‘252.

384 3179 588 3250 Aquila
618 3179 851 3251 diligens
877 3188 930 3234 et
958 3179 1214 3235 curiosus
1244 3180 1530 3250 interpres.

1127 3270 1349 3328 Hieron.
1381 3270 1671 3327 Comment.
1704 3275 1757 3327 in
1790 3272 2063 3340 Habacuc,
2096 3279 2225 3325 tom.
2258 3268 2348 3335 lll,
2376 3269 2478 3323 col.
2512 3270 2670 3325 1655.

384 3366 685 3423 Sciendum
712 3375 917 3435 autem,
944 3375 1005 3422 ut
1032 3383 1199 3438 supra
1229 3368 1487 3434 diximus,
1509 3369 1654 3438 quod
1680 3370 1770 3424 ubi
1799 3385 1894 3439 po-
1920 3376 1965 3434 ς.
1997 3368 2242 3438 ejusdem
2285 3366 2557 3436 dogmatis
2577 3404 2593 3428 ,
2643 3380 2938 3435 pauperem
2975 3381 3196 3420 sensum
3231 3368 3440 3437 secuti,
3481 3367 3583 3424 Ju-

306 3469 547 3517 suerunt
593 3458 737 3513 LXX
764 3460 961 3530 plurali
992 3477 1245 3527 numero,
1291 3471 1348 3514 ut
1398 3463 1628 3516 salvares
1673 3462 1895 3516 christos

306 3564 470 3618 suos,
508 3551 583 3606 ibi
631 3566 753 3606 esse
795 3552 851 3606 in
887 3550 1155 3607 llebraico
1191 3552 1424 3607 LAIESUA
1467 3570 1572 3608 e'ru
1617 3568 1893 3617 usssucu,

306 3645 461 3713 quod
497 3643 693 3712 Aquila
725 3644 1023 3710 transtulit,
1048 3644 1104 3696 in
1130 3643 1355 3706 salutem
1381 3660 1498 3696 cum
1526 3642 1739 3697 Christo
1765 3652 1853 3696 tuo
1876 3659 1895 3696 :

306 3752 426 3792 non
463 3737 609 3806 quod
646 3735 790 3792 Deus
833 3752 1087 3807 egressus
1127 3738 1230 3805 sit,
1260 3747 1321 3791 ut
1350 3738 1586 3792 salvaret
1616 3737 1893 3808 populum,

305 3840 367 3884 et
398 3831 633 3884 salvaret
677 3829 954 3885 Christum
1007 3844 1197 3896 suum;
1255 3831 1347 3885 sed
1379 3832 1524 3899 quod
1571 3830 1625 3884 in
1663 3831 1892 3885 salutem

306 3922 503 3993 populi
550 3922 757 3977 venerit
796 3937 923 3977 cum
969 3920 1189 3977 Christo
1214 3938 1335 3984 suo,
1365 3924 1521 3994 juxta
1552 3922 1683 3976 illud
1716 3922 1894 3976 Evan-

307 4015 436 4085 gelii
468 4032 484 4068 :
519 4012 684 4068 Pater
715 4015 769 4067 in
798 4029 899 4077 me,
930 4024 977 4068 et
1010 4030 1102 4085 ego
1127 4015 1183 4067 in
1213 4013 1413 4078 Patre;
1449 4025 1496 4068 et
1525 4014 1691 4069 Pater
1719 4016 1774 4068 in
1810 4030 1892 4068 me

306 4121 534 4161 manens
582 4106 691 4176 ipse
743 4104 875 4174 facit
910 4121 1066 4175 opera
1116 4122 1236 4160 sua.
1294 4105 1397 4161 Sed
1422 4116 1477 4161 et
1499 4104 1698 4172 Quinta
1724 4106 1891 4160 editio

308 4194 571 4251 similiter
618 4195 896 4250 transtulit
926 4214 939 4250 :
974 4193 1232 4265 Egressus
1263 4214 1315 4251 es
1360 4198 1418 4250 in
1444 4197 1667 4252 salutem
1713 4199 1892 4269 populi

310 4289 427 4352 tui,
463 4288 521 4341 in
549 4287 778 4343 salutem
822 4303 941 4341 cum
986 4286 1195 4342 Christo
1228 4301 1338 4343 tuo.
1380 4288 1684 4345 Theodotio
1711 4299 1889 4345 autem

310 4392 440 4433 vere
468 4376 628 4447 quasi
668 4391 873 4447 pauper
913 4384 969 4432 et
988 4375 1243 4432 Ebionita
1274 4398 1287 4433 :
1327 4379 1421 4434 sed
1453 4387 1506 4434 et
1534 4378 1891 4451 Symmachus

2003 3462 2159 3516 daice
2208 3459 2601 3514 transtulerunt
2628 3476 2644 3513 :
2675 3458 2930 3529 Egressus
2971 3476 3023 3512 es
3054 3461 3107 3512 in
3153 3459 3377 3513 salutem
3404 3463 3584 3531 populi

2006 3555 2105 3619 tui,
2136 3562 2192 3605 ut
2223 3551 2454 3605 salvares
2487 3549 2759 3604 Christum
2800 3559 2985 3612 tuum;
3016 3558 3090 3614 et,
3125 3567 3360 3621 egressus
3390 3570 3443 3607 es
3472 3554 3585 3609 sal-

2002 3663 2125 3700 uare
2167 3645 2415 3716 populum
2448 3653 2629 3709 tuum,
2667 3642 2871 3697 salvare
2919 3643 3192 3699 Christum
3236 3654 3404 3701 tuum.
3446 3645 3579 3702 Rem

2004 3737 2380 3793 incredibilem
2411 3736 2660 3790 dicturus
2683 3750 2803 3789 sum
2826 3774 2840 3797 ,
2890 3735 2981 3789 sed
3011 3744 3189 3789 tamen
3224 3751 3430 3791 veram.
3489 3737 3584 3797 Isti

2004 3829 2440 3886 Semiehristiani
2488 3826 2713 3881 Judaice
2764 3828 3182 3893 transtulerunt,
3243 3836 3297 3882 et
3363 3827 3584 3886 Iudaeus

1999 3924 2196 3995 Aquila
2224 3923 2615 3991 interpretatus
2643 3928 2729 3974 est
2757 3928 2814 3974 ut
2837 3919 3207 3975 Christianus.
3264 3919 3426 3976 Sexta
3460 3923 3581 3977 edi-

2001 4015 2077 4069 tio
2104 4014 2339 4083 prodens
2370 4010 2820 4066 manifestissime
2845 4025 3246 4065 sacramentum
3269 4053 3284 4078 ,
3316 4015 3390 4067 ita
3421 4014 3582 4067 vertit

1998 4120 2062 4162 ex
2098 4104 2326 4160 Hebraao
2363 4126 2373 4160 :
2415 4104 2671 4174 Egressus
2699 4121 2752 4157 es
2795 4112 2852 4157 ut
2891 4104 3124 4158 salvat-es
3155 4105 3403 4175 populum
3430 4115 3581 4161 (sunt

1995 4212 2089 4267 per
2132 4195 2317 4250 Iesum
2367 4193 2638 4250 Christum
2696 4204 2880 4258 tuum,
2936 4194 3082 4264 quod
3122 4194 3309 4250 Graece
3354 4196 3577 4260 dicitur,

1997 4289 2223 4361 ἐξῆλθες
2249 4288 2342 4343 τοῦ
2384 4289 2557 4344 σῶσαι
2580 4290 2670 4343 τὸν
2695 4289 2821 4342 λαόν
2857 4305 2947 4340 σου
2974 4287 3063 4342 διὰ
3106 4288 3310 4360 Ἰησοῦν
3345 4288 3578 4361 Χριστόν

2001 4399 2118 4437 σου.

1021 4492 1245 4550 Hieron.
1274 4494 1567 4551 Comment.
1602 4498 1657 4550 in
1691 4496 1867 4566 Epist.
1894 4497 1965 4551 ad
1999 4497 2200 4564 Titum,
2235 4508 2365 4555 tom.
2398 4498 2489 4567 IV,
2519 4500 2620 4554 col.
2656 4500 2787 4554 63⁵1.

387 4585 543 4641 Unde
579 4594 634 4640 et
674 4585 833 4641 nobis
859 4600 1006 4640 curae
1043 4584 1148 4641 fuit
1185 4603 1376 4642 omnes
1422 4588 1622 4643 veteris
1653 4588 1788 4658 legis
1821 4586 1889 4641 li—
1922 4592 1967 4647 D
1994 4598 2050 4645 et
2073 4590 2312 4646 maxime
2361 4590 2417 4644 hi
2462 4591 2556 4661 qui
2598 4592 2741 4661 apud
2785 4589 3039 4646 Hebraeos
3080 4605 3238 4646 versu
3283 4591 3580 4662 compositi

309 4686 479 4750 bros,
526 4700 669 4755 quos
709 4685 796 4738 vir
830 4684 1025 4739 doctus
1066 4681 1425 4736 Adamantius
1455 4679 1509 4733 in
1536 4677 1774 4749 Hexapla
1806 4678 1891 4734 di-

308 4786 557 4848 gesserat
579 4815 594 4840 ,
626 4777 692 4832 de
721 4775 1043 4832 Caesariensi
1078 4772 1405 4829 bibliotheca
1449 4772 1788 4841 descriptos,
1824 4786 1889 4826 ex

308 4870 447 4940 ipsis
499 4869 830 4924 authentieis
864 4867 1178 4932 emendare,
1226 4865 1281 4919 in
1325 4865 1525 4932 quibus
1557 4873 1611 4919 et
1642 4864 1758 4933 ipsa
1786 4860 1893 4917 He-

304 4965 457 5019 braea
505 4964 744 5034 propriis
791 4970 922 5020 sunt
964 4958 1374 5016 characteribus
1401 4957 1567 5012 verba
1595 4956 1887 5025 descripta,

304 5067 365 5113 et
394 5056 602 5112 Graecis
633 5055 829 5110 litteris
873 5053 1088 5108 tramite
1132 5065 1390 5121 expressa
1439 5049 1642 5105 vicino.
1693 5047 1892 5118 Aquila

306 5150 476 5206 etiam
507 5158 561 5205 et
592 5147 979 5221 Symmachus,
1005 5145 1356 5215 Septuaginta
1383 5157 1602 5213 quoque
1630 5150 1683 5196 et
1710 5140 1891 5195 Theo—

305 5242 459 5298 dotio
508 5256 672 5296 suum
716 5239 964 5293 ordinem
1028 5244 1230 5291 tenent.
1269 5232 1527 5288 Nonnulli
1570 5248 1699 5287 vero
1741 5230 1888 5297 libri,

1998 4692 2157 4747 sunt,
2214 4691 2327 4738 tres
2373 4683 2509 4737 alias
2558 4682 2824 4738 editiones
2862 4683 3075 4737 additas
3118 4682 3355 4750 habent;
3409 4700 3576 4754 quam

1997 4770 2252 4839 Quintam
2279 4813 2295 4838 ,
2346 4781 2400 4828 et
2445 4771 2699 4841 Sextam,
2739 4783 2794 4827 et
2833 4771 3132 4842 Septimam
3164 4775 3576 4831 translationem

1994 4874 2226 4929 vocant,
2271 4867 2650 4920 auctoritatem
2702 4866 2821 4921 sine
2855 4867 3171 4923 nominibus
3220 4868 3574 4938 interpretum

1994 4966 2339 5013 consecutus.
2377 4957 2503 5013 Haec
2534 4959 2842 5014 immortale
2870 4958 3002 5013 illud
3033 4959 3310 5031 ingenium
3344 4975 3446 5015 suo
3474 4975 3576 5015 no-

1996 5048 2082 5104 bis
2116 5049 2305 5104 labore
2330 5050 2576 5115 donavit,
2612 5059 2671 5106 ut
2716 5066 2824 5106 non
2855 5066 3186 5121 magnopere
3218 5053 3577 5121 pertimesca-

1997 5155 2124 5194 mus
2148 5141 2503 5210 supereilium
2540 5140 2853 5197 Judaeorum
2876 5182 2891 5207 ,
2925 5141 3119 5196 solutis
3158 5141 3336 5205 labiis,
3366 5152 3421 5194 et
3446 5142 3576 5196 stri-

1999 5231 2158 5286 dente
2185 5232 2377 5298 saliva,
2404 5242 2457 5287 et
2479 5248 2603 5288 rasa
2627 5232 2783 5288 fauce
2808 5232 3180 5305 gaudentium.

1183 5353 1333 5409 Idem
1361 5354 1516 5423 epist.
1540 5352 1611 5407 24
1638 5352 1707 5406 ad
1744 5349 2081 5416 Marcellam,
2117 5358 2243 5406 tam.
2273 5349 2335 5417 ll,
2367 5350 2469 5406 col.
2504 5351 2593 5407 61.

374 5450 498 5507 Jam
526 5451 735 5521 pridem
771 5467 897 5507 cum
920 5449 1290 5506 voluminibus
1312 5446 1667 5503 Hebreorum
1689 5444 1887 5500 editio-

304 5560 431 5601 nem
487 5543 701 5614 Aquilae
769 5542 1036 5610 confero;
1069 5548 1162 5597 'ne
1215 5540 1347 5612 quid
1393 5539 1623 5595 forsitan
1672 5548 1891 5607 propter

302 5636 497 5693 odium
537 5634 741 5690 Christi
778 5634 1063 5706 Synagoga
1108 5632 1435 5699 mutaverit;
1487 5641 1540 5685 et
1592 5638 1651 5682 ut
1705 5629 1893 5682 amicas

1997 5445 2166 5501 menti
2191 5444 2395 5513 fatear,
2425 5464 2547 5518 qua:
2576 5447 2640 5502 ad
2678 5457 2921 5503 nostram
2951 5445 3109 5501 [idem
3139 5443 3446 5515 pertineant
3483 5458 3576 5501 ro-

1996 5539 2295 5594 borandam
2323 5541 2479 5610 plura
2510 5540 2740 5610 reperio.

1198 5729 1349 5783 Idem
1372 5730 1526 5798 epist.
1559 5725 1652 5793 29,
1687 5726 1759 5780 ad
1794 5724 2045 5789 Paulam,
2075 5735 2201 5778 tom.
2238 5720 2327 5789 Ν,
2360 5722 2462 5776 col.
2500 5719 2589 5775 68.

377 5825 657 5894 Quorsum
706 5824 970 5883 Varronis
1015 5832 1069 5881 et
1116 5824 1457 5881 Chalcenteri
1500 5822 1705 5880 mentio
1771 5820 1914 5894 facta
1981 5821 2082 5889 sit,
2146 5820 2435 5890 quaeritis?
2485 5815 2747 5873 Videlicet
2801 5825 2861 5872 ut
2910 5814 2977 5871 ad
3027 5810 3411 5873 Adamantium
3473 5827 3576 5868 no-
