4122 6420
373 381 473 433 137

1463 380 1886 438 TESTIMONIA
1925 379 1994 434 IN
2034 379 2190 432 VET.
2231 379 2550 434 INTERPR.

3531 382 3634 438 158

1421 500 1505 555 Ea:
1542 502 1734 572 Rufino
1773 501 2064 555 Ilist.eccl.
2107 501 2200 553 lib.
2236 517 2311 567 γι,
2346 517 2462 569 cap.
2492 500 2576 555 l3.

446 613 868 672 Famosissimos
921 616 1045 673 illos
1101 617 1318 673 codices
1371 619 1582 688 primus
1640 620 1950 690 composuit
1979 624 2022 679 A
2051 618 2305 688 scripsit,
2343 619 2414 673 ita
2451 628 2509 672 ut
2539 617 2716 688 primo
2761 618 3006 673 omnium
3045 619 3160 688 ipsa
3208 615 3433 673 Hebraea
3464 616 3631 671 verba

371 704 660 776 Origenes,
695 707 750 760 in
781 705 982 776 quibus
1012 721 1109 776 per
1139 707 1382 778 singulas
1432 709 1776 763 columnulas
1807 723 1838 762 e
1868 723 1956 762 re-

371 802 536 870 gione
563 803 858 870 separatim
893 818 1031 874 opus
1063 802 1376 873 interpretis
1407 803 1840 874 uniuscujusque
1865 804 1960 860 de-

2059 709 2342 766 Hebraicis
2383 710 2577 765 litteris
2607 718 2863 780 poneret,
2899 711 3138 765 secundo
3166 710 3220 762 in
3266 710 3383 764 loco
3415 724 3514 778 per
3543 723 3634 760 or-

2049 805 2239 860 dinem
2267 806 2468 862 Graecis
2496 805 2710 860 litteris.

1291 918 1616 977 Philastrius
1642 923 1938 978 Brixieusis
1973 924 2046 979 De
2077 926 2381 993 hceresibus,
2424 943 2566 980 num.
2594 925 2682 980 90.

445 1037 588 1095 Sunt
617 1041 856 1097 haeretici
908 1042 1043 1113 qui,
1104 1044 1265 1099 sicuti
1319 1043 1674 1115 Septuaginta
1724 1045 1955 1100 duorum

367 1140 688 1188 sanctorum
731 1134 1368 1205 sapientissimorumque
1402 1135 1647 1190 virorum
1692 1135 1959 1206 interpre-

369 1226 638 1281 tationem
691 1237 1050 1297 respuentes,
1102 1227 1312 1298 Aquila:
1365 1229 1651 1298 cujusdam
1709 1229 1953 1284 hominis

368 1317 540 1371 unius
567 1316 800 1381 Pontici,
833 1317 928 1386 qui
961 1328 1086 1387 post
1117 1334 1292 1373 annos
1333 1320 1537 1373 multos
1569 1319 1954 1388 interpretatus

365 1418 496 1475 est,
546 1408 958 1464 aediﬁcationem
1001 1409 1330 1480 suscipiunt.
1380 1409 1483 1476 Qui
1531 1425 1656 1465 cum
1705 1409 1954 1479 quaedam

366 1501 820 1571 praetermittere,
867 1501 1190 1561 necessitate
1221 1510 1446 1572 urgente
1467 1543 1482 1566 ,
1513 1511 1646 1556 tunc
1694 1501 1954 1570 temporis

366 1602 721 1662 cogerentur,
752 1591 1091 1647 dissonantia
1130 1601 1393 1662 putantur
1424 1591 1678 1646 dictasse.
1709 1588 1760 1646 ls
1791 1591 1956 1646 veluti

363 1685 496 1754 plus
523 1699 555 1738 a
594 1683 922 1754 quibusdam
959 1682 1160 1739 Iudaeis
1195 1685 1432 1738 maxime
1464 1684 1796 1738 intellexisse
1831 1685 1954 1737 lau-

365 1778 558 1843 datur,
584 1792 709 1831 cum
739 1777 808 1832 de
835 1777 995 1832 Patre
1023 1787 1076 1832 et
1097 1777 1258 1843 Filio,
1289 1793 1397 1832 non
1432 1777 1592 1832 sicuti
1624 1777 1704 1830 illi
1741 1775 1956 1846 priores

2062 1048 2184 1101 cuia
2214 1049 2491 1117 concipiet,
2517 1056 2566 1101 et
2596 1047 2767 1117 pariet
2795 1046 2967 1115 ﬁlium
2992 1062 3010 1109 ;
3038 1053 3087 1098 et
3111 1061 3296 1098 nomen
3325 1043 3460 1112 ejus,
3491 1063 3509 1094 ‹
3539 1060 3632 1111 po-

2061 1149 2172 1192 tens
2221 1156 2341 1194 cum
2385 1138 2705 1194 hominibus.
2739 1157 2757 1190 »
2813 1137 2945 1204 Quae
2991 1135 3211 1206 quidem
3258 1135 3303 1191 si
3331 1136 3421 1205 pio
3466 1150 3629 1189 sensu

2061 1230 2311 1285 lectionis
2337 1239 2558 1300 accepta
2582 1228 2805 1295 fuerint,
2829 1227 2974 1299 quod
3003 1226 3159 1282 fortis
3179 1234 3233 1281 et
3256 1237 3444 1296 potens
3472 1241 3631 1279 nemo

2059 1320 2164 1375 nisi
2200 1320 2452 1376 Christus
2485 1320 2627 1375 Deus
2653 1319 2747 1374 Dei
2783 1321 2852 1375 sit
2874 1318 3065 1384 Filius,
3100 1326 3246 1372 recte
3273 1316 3554 1386 intelligit;
3585 1316 3631 1371 si

2059 1421 2240 1467 autem
2270 1413 2336 1467 de
2386 1428 2451 1468 eo
2499 1413 2750 1479 dubitat,
2784 1411 3083 1483 abjicienda
3131 1417 3185 1465 et
3217 1409 3516 1478 spernenda
3551 1419 3634 1463 est

2055 1508 2180 1562 talis
2209 1507 2394 1562 editio.
2431 1505 2586 1564 Unde
2623 1505 2794 1561 Judmi
2839 1521 2948 1560 non
2993 1502 3347 1573 Septuaginta
3396 1501 3631 1554 duorum

2056 1598 2534 1669 interpretationes
2587 1599 2820 1661 habent,
2857 1596 2951 1666 qui
3002 1596 3068 1651 de
3116 1595 3276 1648 Patre
3319 1601 3372 1646 et
3409 1591 3546 1645 Filio
3578 1595 3633 1643 ct

2058 1699 2248 1744 sancto
2281 1688 2486 1758 Spiritu
2516 1688 2652 1743 bene
2686 1688 3002 1750 sentientes,
3040 1700 3206 1740 unam
3236 1683 3630 1747 substantiam,

2061 1781 2438 1843 divinitatem,
2486 1779 2827 1849 majestatem
2881 1779 3280 1838 enuntiarunt;
3338 1777 3431 1830 sed
3485 1775 3633 1830 illius

365 1870 442 1925 de
469 1870 608 1940 lege,
632 1869 955 1935 dictaverit;
987 1867 1338 1939 Septuaginta
1359 1869 1502 1922 enim
1528 1868 1637 1922 duo
1663 1867 1953 1922 dixerunt:
1991 1855 2032 1910 Β
2060 1873 2303 1942 Aquilae,
2335 1872 2428 1942 qui
2461 1887 2568 1926 non
2604 1871 2682 1926 ita
2719 1878 2868 1926 recte
2901 1869 3066 1924 sentit
3093 1870 3159 1923 de
3189 1867 3328 1922 Filio
3358 1867 3452 1920 Dei
3478 1903 3493 1929 ν
3535 1865 3631 1920 sed

370 1963 640 2017 Adversus
675 1961 1001 2024 Dominum,
1065 1969 1115 2014 et
1169 1962 1417 2016 adversus
1474 1958 1742 2014 Christum
1802 1958 1958 2026 ejus;

369 2055 572 2125 Aquila
613 2063 793 2110 autem
819 2055 1112 2109 :Aduersus
1137 2054 1442 2118 Dominum,
1483 2062 1534 2106 et
1578 2053 1826 2107 adversus
1860 2068 1959 2105 un-

370 2157 522 2200 ctum
559 2147 695 2216 ejus.
740 2145 804 2200 Et
849 2147 1049 2201 iterum
1102 2145 1457 2216 Septuaginta
1502 2143 1612 2199 duo
1659 2144 1954 2198 dixerunt:

373 2241 514 2296 Ecce
543 2241 688 2311 virgo
717 2240 996 2310 concipiet,
1025 2248 1073 2294 et
1096 2239 1264 2306 pariet
1295 2237 1468 2307 ﬁlium
1492 2251 1512 2300 ,°
1533 2244 1584 2290 et
1610 2251 1798 2290 nomen
1819 2233 1954 2304 ejus,

378 2355 399 2387 ι
438 2334 578 2390 Deus
607 2333 904 2387 nobiscum.
941 2352 960 2385 ι
987 2331 1185 2402 Aquila
1212 2339 1393 2386 autem
1424 2329 1564 2385 dixit
1589 2346 1602 2382 :
1631 2327 1767 2382 Ecce
1783 2328 1976 2396 juven-

2061 1965 2216 2034 quasi
2255 1965 2321 2019 de
2367 1964 2630 2034 propheta
2660 1963 3009 2018 nuntiaverit.
3044 1960 3198 2015 Unde
3237 1957 3634 2028 interpretatio-

2064 2073 2162 2113 nes
2207 2058 2327 2127 ejus
2355 2057 2410 2111 in
2457 2057 2640 2112 medio
2669 2056 2933 2111 librorum
2981 2068 3259 2124 nunquam
3313 2060 3630 2121 ponuntur,
3671 2075 3673 2082 ·

2062 2149 2156 2203 sed
2187 2148 2392 2202 dextrae
2439 2147 2693 2216 lameque
2727 2146 3118 2215 assignantur:
3156 2151 3210 2198 et
3253 2152 3313 2197 ut
3345 2139 3633 2197 contrariae

2066 2249 2121 2296 et
2149 2256 2256 2296 non
2286 2241 2458 2311 plena:
2487 2239 2755 2304 veritatis,
2788 2240 2863 2293 ita
2892 2239 3142 2309 leguntur
3167 2251 3197 2290 a
3225 2235 3496 2306 plurimis,
3524 2242 3628 2288 etc.

1788 2417 1915 2472 Mox
1942 2435 2084 2472 num.
2120 2417 2210 2472 9!.

454 2532 550 2588 Est
581 2530 845 2596 haeresis,
879 2543 1000 2598 qua:
1043 2527 1238 2582 iterum
1267 2535 1392 2598 post
1427 2525 1681 2597 Aquilam
1732 2524 1954 2596 triginta

376 2628 669 2683 hominum
726 2622 1226 2693 interpretationem
1273 2621 1510 2691 accipit,
1568 2635 1678 2676 non
1737 2621 1955 2676 illorum

373 2715 822 2772 beatissimorum
851 2710 1192 2782 septuaginta
1219 2709 1475 2774 duorum,
1510 2709 1606 2780 qui
1633 2708 1841 2781 integre
1872 2709 1959 2762 in-

374 2807 689 2875 violateque
718 2804 784 2858 de
811 2802 1074 2857 Trinitate
1107 2800 1404 2855 sentientes
1425 2839 1441 2866 ,
1489 2796 1748 2854 Ecclesia:
1772 2799 1962 2856 catho-

376 2899 504 2954 licae
561 2899 900 2951 ﬁrmamenta
955 2890 1260 2947 certissima
1302 2889 1646 2946 tradiderunt
1695 2889 1962 2959 interpre-

2063 2534 2239 2582 tantes
2290 2526 2619 2597 Scripturas.
2653 2525 2746 2580 lsti
2797 2523 3020 2593 triginta
3049 2522 3104 2578 in
3147 2520 3337 2575 multis
3378 2519 3630 2589 Aquilam

2064 2627 2194 2674 sunt
2231 2617 2438 2682 secuti,
2476 2617 2619 2672 unde
2658 2617 2726 2672 ab
2754 2615 2995 2671 Ecclesia
3029 2612 3294 2669 catholica
3322 2620 3375 2667 et
3402 2611 3630 2666 istorum

2063 2723 2173 2764 non
2223 2709 2521 2778 suscipitur
2574 2708 2949 2779 interpretatio
2978 2748 2993 2774 ,
3043 2720 3164 2777 qua:
3217 2704 3525 2759 continetur
3573 2703 3630 2757 in

2059 2801 2216 2856 libris
2243 2800 2587 2856 authenticis.

1804 3001 1946 3056 Ibid.
1975 3019 2120 3060 num.
2153 3003 2241 3059 92.

456 3126 555 3183 Est
582 3123 808 3180 haeresis
837 3136 958 3192 quae
990 3120 1185 3175 iterum
1231 3133 1324 3173 sex
1356 3118 1599 3173 virorum
1625 3116 1948 3187 interpreta-

381 3221 592 3275 tionem
622 3224 810 3287 postea
837 3213 1034 3269 editam
1060 3211 1177 3265 vult
1210 3209 1382 3279 sequi,
1413 3223 1525 3264 non
1563 3209 1780 3264 illorum
1807 3208 1957 3279 prio-

381 3327 512 3367 rum
539 3318 874 3372 sanctorum,
902 3307 995 3376 qui
1035 3303 1382 3374 Septuaginta
1414 3300 1645 3356 duorum
1677 3299 1797 3356 aliis
1839 3314 1958 3354 mo-

2063 3118 2149 3174 dis
2182 3114 2526 3186 interpretari
2549 3113 2890 3177 desiderant;
2922 3119 2974 3165 et
3005 3123 3113 3164 non
3141 3121 3368 3178 parvum
3391 3117 3629 3160 errorem

2063 3209 2316 3273 incurrit,
2347 3207 2560 3262 diversa
2593 3203 2777 3259 itidem
2818 3200 3058 3256 sentiens
3098 3203 3166 3252 de
3209 3197 3312 3252 ﬁde
3339 3193 3627 3250 catholica.

1797 3390 1938 3444 Ibid.
1982 3404 2126 3444 num.
2160 3386 2249 3442 95.

463 3517 606 3572 Sunt
633 3512 871 3570 haeretici
905 3511 995 3565 alii
1026 3509 1121 3580 qui
1145 3503 1534 3560 Theodotionis
1557 3511 1611 3558 et
1645 3499 1956 3572 Symmachi
1985 3504 2028 3561 c
2062 3505 2384 3568 sequuntur,
2415 3509 2526 3548 non
2555 3492 2702 3546 illam
2728 3487 3168 3546 beatissimorum
3193 3486 3442 3556 priorum
3465 3497 3630 3555 quam

387 3609 580 3665 itidem
629 3603 1130 3675 interpretationem
1180 3598 1396 3653 diverso
1436 3593 1600 3649 modo
1647 3592 1947 3662 expositam

2059 3587 2302 3645 Ecclesia
2331 3586 2598 3644 catholica
2623 3585 2754 3642 colit
2778 3593 2831 3640 et
2863 3582 3136 3654 praedicat.

1095 3713 1421 3782 Augustinus
1461 3707 1538 3762 De
1563 3707 1773 3760 civitate
1803 3704 1918 3771 Dei,
1938 3704 1977 3758 ι.
2007 3718 2098 3767 xv,
2121 3717 2237 3770 cap.
2266 3699 2362 3764 25,
2395 3708 2525 3754 tom.
2554 3697 2668 3761 Vll,
2697 3715 2750 3767 p.
2779 3696 2904 3750 408.

461 3816 657 3886 Aquila
709 3820 926 3877 autem,
961 3825 1118 3880 quem
1162 3809 1511 3875 interpretem
1553 3801 1723 3857 Judaei
1757 3800 1966 3856 caeteris
2005 3806 2360 3869 anteponunt,
2408 3811 2516 3851 non
2569 3795 2790 3865 angelos
2838 3792 2963 3858 Dei,
3006 3805 3106 3846 nec
3145 3789 3286 3845 ﬁlios
3321 3789 3437 3852 Dei,
3467 3791 3560 3846 sed

391 3914 534 3981 ﬁlios
557 3912 773 3965 deorum
799 3900 1182 3977 interpretatus
1207 3912 1307 3959 est.

461 4125 599 4181 Nam
636 4138 760 4179 cum
811 4120 1012 4176 fuerint
1054 4129 1107 4172 et
1137 4115 1228 4171 alii
1272 4116 1592 4184 interpretes
1623 4113 1715 4183 qui
1760 4126 1826 4165 ex
1859 4107 1962 4162 He-

388 4223 539 4278 braea
571 4220 754 4286 lingua
795 4216 852 4270 in
901 4213 1143 4269 Graecam
1167 4224 1322 4265 sacra
1346 4208 1438 4262 illa
1476 4206 1692 4275 eloquia
1721 4212 1962 4258 transtu-

388 4313 595 4374 lerunt,
650 4309 792 4362 sicut
845 4302 1068 4373 Aquila,
1125 4298 1483 4370 Symmachus
1517 4340 1532 4363 ,
1603 4290 1963 4356 Theodotio;

393 4404 538 4459 sicut
563 4399 724 4454 etiam
760 4397 850 4451 illa
882 4402 966 4449 est
1001 4389 1396 4461 interpretatio,
1429 4386 1586 4456 cujus
1619 4393 1811 4438 auctor
1857 4395 1966 4433 non

394 4500 642 4566 apparet,
669 4499 724 4546 et
749 4489 818 4543 ob
847 4487 952 4541 hoc
995 4485 1114 4540 sine
1161 4482 1383 4538 nomine
1425 4477 1732 4546 interpretis
1765 4473 1967 4538 Quinta

1271 3995 1408 4063 Aug.
1443 3992 1519 4046 De
1543 3992 1751 4047 civitate
1785 3988 1902 4054 Dei,
1927 3987 1964 4040 ι.
2002 4003 2157 4052 xvut,
2185 4001 2301 4054 cap.
2334 3983 2426 4046 48,
2459 3998 2510 4050 p.
2546 3980 2670 4035 526.

2059 4105 2228 4163 editio
2257 4109 2604 4171 nuncupatur
2636 4115 2648 4150 :
2685 4098 2824 4152 hanc
2850 4105 3029 4150 tatnen
3059 4107 3180 4162 qua:
3203 4091 3348 4144 LXX
3376 4102 3477 4157 est,
3512 4101 3632 4146 tan-

2061 4211 2223 4268 quam
2257 4195 2371 4250 sola
2401 4199 2564 4252 esset,
2605 4189 2685 4243 sic
2731 4185 2934 4254 recepit
2966 4182 3228 4246 Ecclesia,
3266 4197 3437 4251 eaque
3466 4191 3631 4238 utun-

2061 4293 2150 4340 tur
2170 4279 2342 4337 Graeci
2367 4276 2549 4347 populi
2580 4273 2896 4339 Christiani,
2927 4285 3158 4340 quorum
3185 4269 3426 4340 plerique
3449 4282 3630 4326 utrum

2064 4374 2169 4428 alia
2198 4371 2267 4426 sit
2297 4370 2478 4438 aliqua
2502 4367 2771 4436 ignorant.

1371 4589 1454 4644 ἐκ
1483 4589 1741 4645 Chronico
1775 4581 2026 4640 Paschali
2050 4578 2179 4634 edit.
2212 4570 2422 4639 Cangii,
2451 4582 2503 4634 p.
2530 4563 2656 4617 255.

469 4699 585 4763 ις’.
643 4693 764 4748 Ἰνδ.
809 4691 888 4745 ιδ’.
941 4689 1067 4742 Ὑτε.
1117 4683 1445 4754 Αὑγουρίνου
1509 4682 1602 4734 καὶ
1649 4675 1962 4748 Σεργιανοῦ.

407 4789 637 4850 Ἀκύλας
667 4783 1008 4856 ὲγνωρίζετο,
1056 4779 1114 4842 ὃς
1145 4775 1212 4850 ἦν
1248 4773 1506 4844 πενθερὸς
1563 4767 1841 4842 ’Λδριανοῦ
1868 4767 1962 4821 τοῦ

397 4879 685 4952 βασιλέως.
717 4873 826 4929 Ἦν
867 4876 924 4928 δὲ
959 4872 1154 4942 Ἕλλην
1211 4870 1286 4932 ὡς
1337 4864 1632 4937 Ἀδριανὸς,
1653 4864 1759 4916 ἀπὸ
1795 4860 1961 4952 Σινῴ-

401 4951 509 5040 im;
538 4969 630 5021 τοῦ
662 4967 865 5020 Πόντου
903 4961 1243 5034 ὁρμώμενος.
1270 4958 1529 5026 Ὕστερον
1557 4955 1614 5008 δὲ
1643 4951 1962 5022 ἐϐαπτίσθη,

403 5061 641 5123 πεισθεὶς
665 5058 770 5112 ὑπὸ
792 5057 899 5111 τῶν
931 5053 1260 5108 ἀποστόλων.
1282 5045 1390 5102 Ἦν
1417 5047 1473 5100 δὲ
1501 5047 1594 5098 καὶ
1615 5043 1962 5116 ἀστρονόμος,

401 5146 912 5215 καὶ“ὲγκαλούμενος
945 5141 1072 5212 περὶ
1099 5139 1287 5192 τούτου
1319 5136 1426 5190 ἀπὸ
1457 5134 1564 5188 τῶν
1596 5134 1695 5204 τῆς
1740 5131 1968 5206 Ἐκκλη-

401 5239 552 5301 σίας,
590 5235 683 5290 καὶ
729 5234 802 5306 μὴ
833 5231 1102 5297 πεισθεὶς,
1143 5227 1432 5300 μετέπειτα
1470 5224 1539 5278 τὰ
1570 5223 1678 5276 τῶν
1704 5222 1965 5293 Χριστια-

402 5327 508 5382 νῶν
533 5326 820 5396 ἀθετήσας,
854 5320 1190 5393 προσήλυτός
1221 5335 1282 5370 τε
1324 5314 1615 5378 Ἰουδαίοις,
1648 5313 1968 5383 περιτέμνε-

406 5437 492 5475 ται
544 5419 811 5480 Ἰουδαῖος,
855 5415 950 5469 καὶ
993 5411 1242 5483 ὲμπόνως
1285 5407 1468 5479 μαθὼν
1502 5407 1598 5474 τὴν
1641 5403 1816 5458 αὐτῶν
1855 5403 1968 5456 διὰ-

405 5511 612 5570 λεκτον.
645 5509 785 5563 κατὰ
819 5508 1054 5576 στοιχεῖα
1088 5501 1379 5574 ἑρμηνείαν
1421 5496 1596 5567 ἑαυτῷ
1629 5497 1964 5566 ἡρμήνευσεν

405 5604 504 5658 οὐκ
541 5599 686 5672 ὀρθῷ
715 5596 978 5668 λογισμῷ,
1023 5595 1136 5647 ἁλλ’
1175 5595 1322 5654 ὅπως
1365 5586 1662 5657 διαστρέφῃ
1705 5584 1826 5636 τινὰ
1857 5582 1965 5635 τῶν

407 5695 605 5771 ῥητῶν.
651 5691 832 5744 Ταῦτα
878 5690 1077 5756 ἱστορεῖ
1120 5685 1431 5753 Ἐπιφάνιος
1474 5678 1718 5747 Κύπριος
1757 5678 1834 5739 εἰς
1877 5674 1966 5726 τὸν

587 5781 748 5836 αὑτοῦ
771 5781 864 5832 τὸν
892 5776 1030 5845 Περὶ
1055 5773 1335 5843 σταθμῶν
1367 5770 1464 5824 καὶ
1491 5767 1740 5837 μέτρων.

725 5897 991 5956 Pa'rttut.
1039 5890 1155 5950 Gn.
1193 5886 1330 5947 XV.

2146 4666 2302 4717 Anno
2343 4657 2565 4715 Adriani
2598 4669 2728 4718 xiv,
2758 4649 3052 4708 indictione
3104 4664 3212 4715 xw,
3269 4668 3412 4710 coss.
3444 4646 3630 4713 Augu-

2074 4755 2196 4809 rino
2213 4761 2266 4805 et
2281 4747 2562 4816 Sergiano,
2581 4739 2774 4810 Aquila
2787 4735 3030 4798 ﬂorebat,
3055 4749 3209 4789 socer
3222 4734 3443 4788 Adriani
3459 4734 3632 4803 impc-

1996 4837 2039 4892 D
2071 4843 2285 4898 ratoris.
2306 4838 2436 4892 Erat
2459 4842 2636 4889 autem
2665 4827 2878 4902 gentilis
2896 4825 3259 4890 utAdrianus,
3280 4823 3480 4892 SinOpe
3495 4824 3630 4877 urbe

2070 4933 2227 4988 Ponti
2259 4925 2544 4986 oriundus.
2579 4922 2775 4976 Postea
2804 4932 2935 4972 vero
2965 4918 3034 4971 ab
3069 4915 3327 4986 apostolis
3364 4913 3632 4978 eruditus,

2073 5025 2375 5094 baptizatus
2415 5027 2516 5074 est.
2555 5017 2684 5070 Erat
2725 5021 2905 5068 autem
2955 5000 3320 5072 astronomus,
3348 5016 3401 5060 et
3435 5006 3537 5059 hac
3568 5006 3635 5057 de

2072 5138 2131 5175 re
2154 5123 2439 5172 accusatus
2461 5127 2491 5166 a
2517 5107 2863 5171 Christianis,
2889 5119 2987 5158 nec
3016 5103 3416 5167 obtemperans.
3445 5095 3634 5165 Spreta

2074 5207 2415 5281 postmodum
2447 5201 2756 5256 Christiana
2789 5195 3066 5266 religione,
3102 5188 3404 5281 proselytus
3441 5187 3507 5240 ad
3538 5184 3639 5238 Ju-

2070 5279 2214 5357 daeos
2244 5295 2507 5360 accessit,
2539 5301 2591 5346 et
2637 5287 2993 5345 circumcisus
3025 5281 3245 5335 Judzeus
3275 5279 3498 5333 eﬁ‘cctus
3530 5286 3634 5341 est,

2069 5405 2124 5450 et
2151 5404 2346 5462 magno
2375 5387 2559 5441 labore
2582 5397 2769 5438 eorum
2798 5381 3036 5445 linguam
3062 5375 3306 5434 edoctus,
3335 5367 3636 5424 secundum

2071 5459 2356 5544 elementa,
2384 5480 2436 5533 id
2456 5485 2559 5542 est,
2581 5475 2645 5528 ad
2668 5473 2898 5526 litteram
2928 5464 3421 5535 interpretationem
3444 5459 3633 5519 edidit,

2073 5593 2180 5630 non
2209 5582 2354 5628 recto
2385 5569 2600 5638 quidem
2629 5565 2833 5625 animo,
2862 5561 2953 5614 sed
2985 5568 3043 5612 ut
3064 5558 3311 5627 quzedam
3345 5555 3638 5622 Scriptura!

2072 5670 2213 5723 dicta
2258 5662 2606 5735 perverteret.
2642 5655 2767 5709 Haec
2806 5661 2991 5707 narrat
3029 5649 3360 5720 Epiphanius
3403 5644 3636 5718 Cyprius

2076 5763 2128 5814 in
2156 5760 2295 5814 libro
2325 5755 2400 5810 De
2431 5748 2745 5823 ponderibus
2771 5756 2817 5799 et
2847 5744 3126 5799 mensuris.

3287 5857 3326 5917 5
