4122 6418
521 392 627 458 ’139

1572 392 1993 450 TESTIMONIA
2031 392 2097 447 ΙΝ
2140 391 2296 446 VET.
2343 389 2674 445 INTERPR.

3637 391 3739 446 NO

1701 521 1785 572 Ex
1811 519 1990 572 eodem
2017 516 2296 579 Chronico,
2323 534 2376 585 p.
2412 516 2542 570 265.

588 606 748 664 Anno
779 624 828 664 γι
867 607 1171 676 Commodi,
1203 603 1497 662 indictione
1526 624 1622 673 vn,
1651 624 1796 664 coss.
1821 609 2069 663 Marcello

2244 609 2332 673 (ζ’.
2377 606 2590 670 ’1νδ.ζ’.
2641 606 2766 659 Ὑπ.
2808 604 3128 676 Μαρκέλλου
3178 607 3270 659 καὶ
3302 604 3571 659 Διλιανοῦ.
3616 606 3738 658 Ἐπὶ

513 713 565 760 et
587 701 822 759 Eliano.
851 699 948 754 His
977 715 1122 756 coss.
1153 698 1455 756 Theodotio
1479 699 1700 769 quidam
1730 698 1987 754 Ponticus
2003 714 2070 753 ex

513 793 855 851 successione
905 790 1192 848 Marcionis
1241 791 1649 856 haeresiarchaa,
1702 791 1795 861 qui
1843 800 1896 844 et
1957 790 2072 860 ipse

513 884 714 952 Sinope
757 883 1020 937 oriundus
1059 889 1196 945 erat,
1244 881 1454 950 ejurata
1495 881 1740 950 ejusdem
1771 880 1985 946 hzeresi,
2016 881 2070 933 in

509 975 849 1030 Judaismum
877 973 1167 1029 declinavit
1197 990 1212 1038 ;
1249 987 1483 1042 cumque
1513 987 1703 1027 eorum
1725 971 1987 1026 elementa
2019 981 2071 1026 et

511 1069 754 1138 linguam
785 1065 1083 1130 didicisset,
1108 1065 1383 1134 propriam
1423 1073 1476 1118 et
1507 1063 1621 1133 ipse
1663 1064 2070 1132 interpretatio-

509 1173 635 1213 nem
664 1156 850 1223 edidit,
879 1156 934 1209 in
958 1156 1142 1210 multis
1172 1171 1297 1209 cum
1340 1153 1480 1208 LXX
1513 1153 1900 1223 lnterprelibus
1940 1168 2070 1208 con-

510 1247 769 1315 sentiens,
807 1255 868 1303 ut
898 1247 966 1304 de
997 1247 1092 1302 illo
1125 1246 1290 1302 refert
1312 1244 1647 1316 Epiphanius
1671 1244 1924 1315 Cyprius.

2174 697 2281 751 τῶν
2327 699 2700 768 προκειμένων
2745 696 2986 763 ὑπάτων,
3018 696 3309 750 Θεοδοτίων
3353 714 3435 760 τις
3470 695 3565 749 τοῦ
3597 696 3739 749 Πόνε

2174 807 2288 856 του,
2317 790 2426 843 ἀπὸ
2467 790 2567 859 τῆς
2601 790 2852 861 διαδοχῆς
2881 790 3205 861 Μαρκίωνος
3237 788 3330 842 τοῦ
3365 789 3739 860 αίρεσιάρχου,

2176 881 2269 933 τοῦ
2305 881 2397 934 ἀπ’
2441 881 2609 952 αὐτῆς
2641 880 2889 952 Σινώπης
2930 880 3271 953 ὁρμωμένου,
3313 880 3405 932 καὶ
3443 881 3601 943 αὐτὸς
3637 896 3738 950 μη-

2176 972 2306 1026 νιῶν
2337 974 2404 1043 τῇ
2440 973 2576 1042 αὐτῇ
2607 973 2834 1043 αἱρέσει,
2866 973 2956 1026 καὶ
2996 973 3075 1035 είς
3113 971 3440 1042 ἰουδαῖσμὺν
3464 971 3737 1034 ἐκκλίνας,

2178 1064 2268 1116 καί
2305 1062 2373 1115 τὰ
2415 1064 2593 1116 αὐτῶν
2642 1066 2876 1133 στοιχεῖα
2912 1063 3006 1117 καὶ
3038 1063 3289 1132 γλῶσσαν
3335 1062 3542 1133 μαθὼν,
3593 1062 3738 1127 ἰδίως

2176 1154 2270 1206 καὶ
2296 1154 2455 1218 αὐτὸς
2488 1155 2745 1220 ἐξέδωκεν
2770 1154 2839 1207 τὰ
2862 1155 3086 1207 πλεῖστα
3110 1157 3223 1217 τοῖς
3256 1154 3354 1207 OB'
3381 1154 3741 1225 ἑρμηνευταῖς

2178 1244 2487 1314 συνᾴδοντα,
2517 1245 2591 1307 ὠς
2614 1245 2705 1297 καὶ
2742 1245 2942 1315 ἱστορεῖ
2978 1245 3105 1317 περὶ
3131 1244 3322 1296 τούτου
3358 1243 3670 1313 Ἐπιφάνιος
3707 1241 3738 1291 ὁ

2176 1333 2439 1404 Κύπριος.

1720 1443 1803 1497 E1:
1829 1445 2006 1498 eodem
2040 1443 2319 1513 Chronico,
2351 1465 2402 1518 p.
2432 1449 2555 1503 266.

585 1566 743 1620 Anno
777 1561 964 1620 Severi
994 1577 1071 1627 ix,
1122 1561 1307 1619 indict.
1344 1575 1458 1627 un,
1501 1576 1644 1618 coss.
1715 1561 1914 1620 Severo
1959 1562 2074 1618 Au-

513 1666 674 1728 gusto
689 1652 758 1709 Ill
787 1662 840 1709 et
865 1652 1159 1708 Antonino.
1186 1650 1283 1707 His
1308 1651 1663 1722 temporibus,
1703 1650 2065 1724 Symmachus

508 1749 726 1819 quidam
759 1745 1152 1812 Samaritanus,
1169 1739 1264 1814 qui
1288 1744 1428 1799 inter
1455 1751 1614 1800 sectae
1642 1759 1754 1800 suae
1771 1745 2068 1815 sapientio—

508 1855 595 1896 res
634 1837 1042 1904 numerabatur,
1066 1852 1188 1892 cum
1212 1835 1354 1906 apud
1372 1841 1584 1906 gentem
1613 1851 1767 1890 suam
1797 1835 1852 1890 in
1866 1836 2070 1891 honore

508 1943 616 1983 non
651 1927 961 1992 haberetur,
1001 1923 1314 1980 ambitionis
1359 1933 1415 1979 et
1469 1922 1702 1979 aﬂ‘ectati
1738 1925 2072 1996 principatus

508 2019 701 2074 morbo
716 2019 1000 2083 laborans,
1027 2016 1424 2073 contribulibus
1459 2016 1574 2071 suis
1599 2016 1866 2084 infensus,
1897 2017 2073 2072 adJu-

503 2111 654 2166 (ἱκοῦ
673 2109 945 2182 migravit,
972 2117 1027 2164 et
1053 2108 1358 2180 proselytus
1382 2107 1558 2164 factus
1574 2108 1812 2164 secundo
1839 2109 2072 2162 circum-

501 2204 656 2260 cisus
673 2213 774 2260 est.
805 2202 904 2259 Hic
927 2203 1092 2274 igitur
1115 2209 1175 2257 ut
1191 2201 1655 2256 Samaritanorum
1681 2200 2076 2271 interpretatio-

508 2310 604 2351 nes
633 2304 914 2361 everteret,
949 2295 1164 2349 tertiam
1185 2292 1354 2348 edidit
1379 2292 1898 2362 interpretationem.
1939 2289 2065 2346 Haec

507 2385 838 2457 Epiphanius
866 2385 1098 2457 Cyprius
1125 2383 1193 2440 de
1220 2384 1394 2440 tribus
1444 2382 1827 2453 interpretibus
1849 2380 2062 2452 Aquila,

502 2477 833 2551 Symmacho
854 2486 909 2533 et
933 2475 1308 2532 Theodotione
1330 2473 1595 2530 narravit.

2246 1566 2320 1618 8’.
2371 1568 2488 1620 Ἰνδ.
2533 1576 2601 1639 η’.
2642 1570 2764 1625 ’Υπ.
2807 1571 3044 1642 Σεϐήρου
3093 1569 3401 1638 Αὐγούστου
3450 1569 3511 1621 τὸ
3543 1569 3596 1622 Γ
3641 1569 3737 1622 καὶ

2187 1658 2522 1714 Ἀντωνίνου.
2591 1662 2678 1714 Ἐν
2741 1661 2948 1725 τούτοις
3002 1663 3247 1734 χρόνοις,
3300 1661 3592 1733 Σύμμαχός
3652 1679 3733 1723 τις

2174 1748 2516 1820 Σαμαρείτης
2564 1750 2671 1803 τῶν
2721 1752 2850 1823 παρ’
2885 1754 3068 1815 αὐτοῖς
3122 1751 3319 1821 σοφῶν,
3362 1751 3436 1821 μὴ
3484 1749 3733 1822 τιμηθεὶς

2175 1835 2279 1888 ὑπὸ
2309 1836 2402 1890 τοῦ
2442 1838 2568 1892 ἰδίου
2611 1839 2817 1904 ἔθνους,
2851 1842 3082 1913 νοσήσας
3124 1841 3433 1912 φιλαρχίαν,
3468 1843 3562 1894 καὶ
3601 1843 3733 1909 ἁγα-

2172 1928 2446 1998 νακτήσας
2480 1929 2619 1983 κατὰ
2655 1930 2753 2000 τῆς
2787 1931 2925 1994 ιδίας
2953 1931 3159 2000 φυλῆς,
3197 1931 3557 2004 προσέρχεται
3600 1932 3730 1985 Ἰου-

2170 2014 2359 2080 δαίοις,
2390 2018 2482 2069 καὶ
2509 2019 2914 2091 προσηλυτεύει,
2945 2023 3037 2075 καὶ
3066 2021 3447 2093 περιτέμνεται
3477 2019 3733 2092 δευτέραν

2174 2112 2489 2183 περιτομήν.
2534 2107 2700 2178 Οὗτος
2740 2110 2833 2168 οὖν
2877 2116 3012 2188 πρὸς
3055 2117 3382 2188 διαστροφὴν
3427 2115 3535 2169 τῶν
3581 2111 3732 2184 παρὰ

2171 2200 2533 2272 Σαμαρείταις
2586 2205 2889 2276 έρμηνειῶν
2949 2207 3323 2279 ἑρμηνεύσας,
3386 2207 3483 2278 τὴν
3542 2205 3730 2277 τρίτην

2169 2291 2428 2355 ἐξέδωκεν
2473 2295 2786 2365 ἑρμηνείαν.
2829 2297 3014 2352 Ταῦτα
3066 2298 3378 2367 Ἐπιφάνιος
3419 2298 3449 2348 ὀ
3489 2295 3730 2366 Κύπριος

2172 2383 2437 2455 περὶτῶν
2479 2387 2642 2457 τριῶν
2679 2389 3060 2459 ἐρμηνευτῶν,
3101 2389 3320 2458 Ἀκύλα,
3365 2388 3460 2443 καὶ
3505 2387 3729 2457 Συμμάο

2169 2492 2286 2545 χου,
2321 2476 2413 2528 καὶ
2442 2475 2791 2543 Θεοδοτίωνος
2820 2479 3034 2550 έθηκεν.

857 2621 940 2677 Ea:
971 2620 1195 2691 εμπορδὶ
1223 2617 1513 2688 Scriptura
1533 2633 1724 2682 sacrae,
1753 2632 1868 2686 qua
1899 2616 2426 2682 interfAthanasiana
2459 2635 2617 2689 Opera
2645 2621 2884 2688 habetur,
2915 2631 3039 2676 tam.
3067 2620 3132 2686 ll,
3156 2639 3209 2692 p.
3233 2621 3355 2677 105.

573 2747 728 2798 Ποῖαι
775 2743 871 2798 καὶ
909 2743 1070 2797 πόσαι
1103 2739 1427 2813 παραδόσεις
1467 2737 1574 2791 εἰσὶ
1606 2737 1703 2807 τῆς
1739 2735 1888 2799 θείας
1921 2733 2162 2806 Γραφῆς·
2210 2735 2319 2790 εἴτε
2361 2732 2453 2790 οὖν
2494 2738 2601 2792 ἀπὸ
2647 2738 2934 2812 Ἑϐραῖκοῦ
2983 2741 3063 2804 εἰς
3104 2739 3164 2794 τὸ
3211 2737 3518 2811 Ἑλληνικὸν
3562 2738 3738 2809 ἑρμη-

508 2839 660 2900 νεῖαι,
694 2834 788 2889 καὶ
813 2833 956 2893 τίνες
984 2834 1033 2886 οἱ
1061 2831 1261 2904 ταύτην
1294 2827 1751 2902 ὲρμηνεύσαντες,
1786 2827 1882 2880 καὶ
1915 2824 2064 2879 πότε.

576 2977 702 3032 Hac
751 2985 934 3047 utpote
970 2989 1038 3030 ex
1084 2972 1389 3046 Epiphanio
1413 2973 1698 3042 desumpta
1737 2979 1791 3025 et
1817 2968 2066 3040 longius-

505 3072 625 3127 cula
651 3069 1152 3141 praetermittuntur.

2243 2970 2439 3043 Πρώτη
2465 2970 2632 3036 ἐστὶν,
2662 2988 2717 3026 κ.
2741 2985 2796 3025 τι
2814 2969 2867 3026 λ.

1563 3197 1676 3253 Αάο
1711 3198 1767 3251 in
1802 3193 2064 3252 Chronico
2090 3193 2154 3250 de
2186 3201 2412 3262 tempore
2434 3190 2681 3245 Adriani.

574 3339 844 3399 Paridem
892 3347 1107 3409 tempus
1155 3335 1347 3408 Aquiia
1391 3333 1650 3391 Ponticus
1680 3333 1946 3400 interpres
1984 3326 2253 3387 secundus
2282 3334 2403 3395 post
2434 3323 2573 3379 LXX
2599 3326 2792 3379 oritur.

1632 3445 1783 3502 Idem
1804 3446 1860 3499 in
1885 3442 2166 3508 Chronico,
2188 3442 2282 3497 sub
2307 3441 2615 3498 Commodo.

575 3565 879 3622 Theodotio
954 3561 1222 3635 Ephesius
1259 3563 1528 3634 interpres
1564 3561 1757 3616 tertius
1795 3557 2062 3630 apparuit.

1487 3677 1638 3735 Idem
1674 3679 1730 3732 in
1753 3677 2035 3742 Chronico,
2068 3675 2136 3729 ad
2163 3672 2408 3729 Severum
2437 3673 2591 3741 imp.,
2624 3685 2678 3739 ρ.
2715 3667 2838 3725 τοο.

569 3799 936 3872 Symmachus
961 3799 1228 3872 interpres
1253 3808 1482 3874 quartus
1512 3797 1848 3870 agnoscitur.
