4122 6426
391 324 503 380 “5

373 857 408 874 ⁵
719 854 1119 908 ΣΥΜΜΑΧΟΣ.

471 1018 521 1071 l.
553 1018 640 1071 Ἐν
668 1019 810 1089 ἀρχῇ
828 1018 1038 1071 ἔκτισεν
1058 1021 1086 1072 6
1100 1018 1228 1081 Θεὸς
1245 1017 1335 1072 τὸν
1350 1019 1442 1071 οὑ-

391 1089 562 1160 ρανὸν
588 1091 683 1142 καὶ
705 1089 803 1159 τὴν
828 1090 950 1160 γῆν.

465 1185 521 1238 2.
566 1185 630 1238 Ἢ
671 1185 728 1238 δὲ
764 1185 836 1255 γῆ
876 1185 1091 1254 ἐγένετο
1137 1187 1303 1256 ἀργὸν
1348 1187 1443 1239 καὶ

1759 328 2048 383 GENESIS
2085 328 2237 384 CAP.
2290 330 2332 385 1-

1729 589 1971 654 CAPUT
2015 600 2042 658 Ι
2080 602 2417 667 GENESIS.

1997 855 2073 906 0’.

1589 1021 1636 1072 1.
1689 1019 1774 1070 Ἐν
1803 1020 1946 1088 ἀρχῇ
1979 1018 2231 1087 ἐποίησεν
2263 1019 2290 1070 6
2313 1017 2444 1081 Θεὸς
2468 1015 2560 1071 τὸν

1516 1090 1574 1141 οὑ
1584 1067 1742 1159 ea»;
1758 1067 1867 1141 'in
1879 1067 2001 1160 ’ἦν’
2015 1067 2138 1158 ἧνῖ

1582 1186 1634 1238 2.
1679 1186 1744 1256 Ἡ
1774 1185 1828 1238 δὲ
1859 1186 1927 1256 γῆ
1956 1180 2024 1256 ἦν
2050 1185 2276 1256 ἀόρατος
2304 1186 2396 1238 καὶ
2422 1185 2556 1240 ἀκα-

3495 289 3519 397 },
3589 331 3696 382 546

2954 852 3349 906 ΘΕΟΔΟΤΙΩΝ.

2711 1018 2760 1070 1.
2803 1018 2892 1089 Ἑν
2933 1018 3072 1089 ἀρχῇ
3114 1018 3324 1071 ἔκτισεν
3367 1019 3395 1070 6
3423 1015 3554 1082 Θεὸς
3576 1016 3673 1072 τὸν

2632 1088 2858 1160 οὑρανὸν
2880 1088 2980 1141 καὶ
2998 1090 3096 1160 τὴν
3121 1089 3244 1158 γῆν.

2698 1186 2753 1242 2.
2803 1187 2865 1238 Ἡ
2899 1185 2956 1239 δὲ
2987 1186 3058 1254 γῆ
3086 1181 3152 1256 ἦν
3185 1186 3337 1239 κενὸν
3378 1186 3470 1256 καὶ
3512 1186 3668 1240 οὐθὲν
3713 1221 3718 1228 ι

388 1255 709 1344 άδιάκριτον
729 1296 742 1318 ,
799 1259 889 1309 καὶ
917 1257 1138 1344 ,σκότος
1181 1255 1444 1344 ἐπέκειτρ
1513 1255 1898 1344 ταΰσκεύαστος,
1919 1255 2016 1309 καὶ
2041 1255 2231 1344 σκότοὲ
2252 1257 2436 1344 ἐπάγω
2458 1259 2555 1344 τῆς
2629 1256 2862 1344 [ἅτῖλος
2878 1297 2891 1319 ,
2917 1327 2930 1344 ἱ
2959 1255 3136 1342 οὐθὲνΙ
3174 1257 3268 1310 καὶ
3300 1255 3524 1344 οὐθὲνμ
3574 1257 3668 1344 κα).

387 1327 831 1398 ἐπὶμπρόσωπον
881 1328 980 1398 τῆς
1041 1327 1300 1392 ἀϐύσσου,
1353 1329 1442 1380 καὶ

386 1396 615 1470 πνεῦμα
680 1396 814 1470 Θεοὺ
896 1396 1284 1470 ἐπιφερόμενον
1353 1399 1444 1450 ἐπὶ

385 1468 687 1538 πρόσωπον
718 1467 945 1521 ὑδάτων.

465 1561 517 1613 5.
575 1560 684 1612 Kal
733 1556 885 1612 εἶπεν
939 1561 968 1612 6
1031 1559 1193 1623 Θεός’

383 1629 530 1698 φῶς,
565 1631 657 1682 καὶ
690 1631 906 1698 ἐγένετο
937 1629 1070 1699 φῶς.

463 1725 516 1777 4.
562 1724 670 1777 Kal
696 1720 832 1778 εἶδεν
872 1727 900 1777 6
939 1725 1068 1789 Θεὸς
1103 1724 1163 1777 τὸ
1199 1725 1314 1794 φῶς
1354 1727 1435 1779 ὅτι

384 1795 578 1866 καλὸν,
630 1795 724 1866 καὶ
769 1795 1060 1849 διέστειλεν
1107 1797 1136 1848 6
1176 1795 1308 1859 Θεὸς
1340 1814 1437 1866 με-

382 1863 524 1937 ταξὺ
580 1863 676 1917 τοῦ
719 1866 894 1936 φωτὸς
945 1866 1039 1919 καὶ
1091 1865 1292 1937 μεταξὺ
1341 1863 1432 1920 τοῦ

385 1936 637 1998 σκότους.

465 2029 515 2103 5.
554 2032 664 2084 Kal
690 2031 947 2086 ἐκάλεσεν
974 2033 1002 2086 6
1025 2033 1158 2096 Θεὸς
1191 2032 1268 2103 τῷ
1298 2033 1437 2101 φωτὶ

383 2101 623 2182 ἡμέραν,
639 2103 756 2182 ’καὶ
802 2103 900 2182 τὴν
951 2101 1436 2182 ποτίανΩέκάλεσε

383 2173 582 2246 νύκτα.
639 2173 759 2246 Kal
801 2173 1014 2246 ἐγένετο
1066 2173 1291 2246 ἐσπέρα,
1343 2175 1437 2228 καὶ

385 2243 608 2309 ἐγένετο
623 2242 787 2314 πρωῒ,
817 2245 1002 2314 ήμέρα
1036 2244 1150 2315 μία.

463 2336 515 2390 6.
537 2337 662 2409 Kal
695 2335 848 2391 εἶπεν
881 2339 916 2409 6
948 2337 1110 2401 Θεός·
1146 2339 1435 2409 Γενηθήτω

385 2407 680 2478 στερέωμα
737 2410 794 2460 ἐν
855 2408 1005 2478 μέσῳ
1067 2407 1296 2471 ὑδάτων,
1342 2407 1434 2462 καὶ

382 2477 896 2551 εστωῄδιαχωριξον
940 2481 998 2533 ἐν
1051 2481 1199 2551 μέσῳ
1245 2479 1434 2543 ὓδατος

381 2548 484 2600 καὶ
514 2549 594 2612 εἰς
622 2548 782 2620 ὕδωρ.

1258 1561 1438 1614 Ἔστω

457 3085 510 3139 8.
541 3085 649 3136 Kal
677 3085 934 3140 ἐκάλεσεν
961 3087 990 3138 6
1037 3084 1168 3148 Θεὸς
1204 3083 1426 3155 τῷγστε-

422 3155 633 3226 εώματι
697 3155 946 3226 οὑρανόν.
1024 3155 1138 3209 Kal
1173 3154 1426 3226 ἐγένετο

378 3175 633 3280 factum
697 3175 946 3226 ουρανον.
1027 3175 1138 3209 παι
1211 3175 1426 3224 εγενετο

375 3227 732 3352 εέῗὲἶὲαααὶ
776 3226 993 3294 ἐγένετο
1048 3224 1212 3297 πρωῒ.
1245 3225 1428 3297 ἡμέρα

415 3313 632 3367 ευτερα.

681 3469 1132 3529 SYMMACHUS.

459 3631 511 3682 L
538 3627 595 3681 In
617 3624 888 3696 principio
913 3623 1117 3677 creavit
1141 3620 1284 3678 Deus
1310 3637 1420 3677 cae»

382 3698 503 3754 lum
533 3706 586 3753 et
608 3709 831 3753 terram.

455 3800 512 3850 ‘2.
558 3795 727 3851 Terra
775 3802 954 3850 autem
1003 3801 1121 3848 erat
1167 3791 1342 3847 otiosa
1373 3797 1426 3844 et

381 3868 725 3932 indistincta,
762 3875 815 3920 et
863 3864 1100 3920 tenebrae
1147 3861 1427 3932 incumbe-

380 3941 520 3994 bant
559 3954 723 4006 super
755 3935 948 3991 faciem
991 3933 1196 4004 abyssi,
1232 3942 1285 3987 et
1316 3931 1428 4006 spi-

381 4012 528 4063 ritus
555 4001 649 4063 Dei
681 4001 1122 4076 super-ferebatur
1155 4019 1320 4074 snpcr
1346 4001 1427 4056 fa-

379 4081 524 4134 ciem
554 4094 838 4148 aquarum.

451 4177 507 4230 5.
544 4175 612 4230 Et
659 4175 799 4230 dixit
839 4173 982 4227 Deus
1036 4191 1049 4226 :

380 4247 526 4302 facta
563 4259 646 4302 est
676 4247 789 4300 lux.

455 4342 512 4395 4.
570 4341 636 4394 Et
684 4341 818 4394 vidit
869 4340 1014 4396 Deus
1069 4338 1242 4391 lucem
1294 4334 1419 4404 quia

379 4411 547 4467 bona.
583 4410 648 4465 Et
675 4410 920 4465 distinxit
967 4411 1111 4464 Deus
1157 4407 1296 4460 inter
1340 4406 1422 4459 lu-

380 4497 502 4538 cem
528 4490 583 4537 et
622 4481 764 4535 inter
794 4482 1067 4536 tenebras.

452 4575 508 4630 5.
543 4575 610 4629 Et
650 4575 864 4629 vocavit
911 4574 1054 4628 Deus
1104 4573 1212 4630 luci
1253 4572 1416 4635 diem,

380 4656 434 4700 et
487 4646 740 4700 tenebras
787 4645 1002 4701 vocavit
1062 4653 1297 4698 noctem.
1354 4641 1420 4696 Et

380 4715 587 4771 factum
621 4725 703 4770 est
750 4731 992 4785 vespere,
1024 4724 1078 4770 et
1105 4713 1308 4770 factum
1336 4723 1420 4766 est

378 4787 692 4854 .‘nane,dics
727 4802 890 4841 unus.

450 4879 503 4931 6.
537 4877 603 4932 Et
647 4878 784 4932 dixit
820 4878 963 4933 Dens
1013 4895 1025 4932 :
1070 4877 1192 4932 Fiat
1232 4876 1414 4930 ﬁrma-

1106 4170 1188 4225 Sit
1217 4171 1331 4234 lux,
1368 4176 1421 4223 et

379 4957 625 5004 mentum
653 4949 706 5001 in
739 4949 917 5003 medio
949 4963 1239 5019 aquarum,
1267 4954 1322 5000 et
1349 4946 1420 5019 sit

378 5019 628 5074 dividens
681 5019 735 5073 in
793 5016 1190 5089 medio'aquae
1254 5025 1310 5071 et
1363 5016 1418 5068 in

377 5105 602 5160 aquam.

453 5183 506 5239 7.

449 5559 502 5612 8.
536 5558 605 5613 Et
631 5558 846 5613 vocavit
875 5557 1019 5616 Deus
1077 5559 1418 5613 ﬁrmamento

376 5631 600 5685 malum.
637 5627 705 5682 Et
747 5628 949 5683 factum
989 5640 1072 5684 est
1102 5644 1327 5698 vespere
1366 5638 1419 5685 et

377 5703 586 5757 factum
618 5707 705 5756 est
731 5714 911 5768 mane,
940 5700 1056 5757 dies
1087 5699 1378 5756 secundus.

1515 1326 1775 1396 ἀϐύσσου,
1802 1327 1894 1378 καὶ
1937 1326 2154 1394 πνεῦμα
2189 1327 2324 1380 Θεοῦ
2355 1326 2556 1396 ἐπεφέ-

1520 1415 1640 1468 ρετο
1681 1395 1863 1450 ἐπάνω
1894 1396 1989 1449 τοῦ
2025 1396 2232 1459 ὓδατος.

1590 1561 1641 1613 5.
1673 1560 1782 1611 Kal
1817 1554 1965 1630 εἶπεν
2004 1559 2032 1611 6
2072 1559 2204 1630 Θεός
2227 1575 2239 1586 ’
2270 1558 2556 1630 Γενηθήτω

1509 1630 1644 1699 φῶς,
1673 1631 1766 1682 xal
1792 1629 2007 1697 ἐγένετο
2035 1629 2168 1696 φῶς.

1580 1725 1633 1778 4.
1668 1725 1777 1778 Kal
1811 1721 1948 1778 εἶδεν
1978 1725 2006 1776 6
2049 1723 2178 1787 Θεὸς
2209 1725 2270 1776 τὸ
2298 1725 2431 1793 φῶς,
2467 1725 2548 1778 δτι

1508 1796 1688 1848 καλόν.
1723 1795 1830 1848 Καὶ
1873 1793 2188 1864 διεχώρισεν
2219 1796 2246 1846 ὁ
2282 1795 2414 1858 Θεὸς
2447 1795 2549 1848 ἀνὰ

1509 1867 1670 1937 μέσον
1719 1865 1823 1937 τοῦ
1874 1864 2051 1934 φωτὸς
2096 1865 2188 1918 καὶ
2227 1865 2331 1918 ἀνὰ
2385 1865 2547 1935 μέσον

1503 1935 1596 1989 τοῦ
1634 1935 1875 1999 σκότους.

1581 2033 1632 2086 5.
1669 2034 1781 2087 Kal
1825 2033 2079 2086 ἐκάλεσεν
2107 2035 2135 2086 6
2163 2032 2295 2096 Θεὸς
2321 2032 2382 2085 τὸ
2411 2033 2545 2102 φῶς,

1509 2104 1754 2175 ἡμέραν,
1811 2105 1906 2157 καὶ
1957 2103 2018 2175 τὸ
2077 2104 2268 2166 σκότος
2311 2103 2548 2175 ἐκάλεσε

1508 2173 1696 2246 νύκτα.
1754 2177 1892 2246 Kal_
1920 2174 2133 2246 ἐγένετο
2188 2173 2415 2246 ἑσπέρα,
2457 2176 2551 2228 καὶ

1509 2245 1722 2313 ἐγένετο
1756 2243 1920 2316 πρωῒ,
1950 2244 2131 2316 ἡμέρα
2165 2244 2282 2314 μία.

1579 2338 1632 2392 6.
1654 2337 1772 2409 Kal
1801 2334 1955 2389 εἶπεν
1977 2339 2018 2409 Αὸ
2059 2337 2191 2409 Θεὸς
2259 2337 2548 2409 Γενηθήτω

1508 2407 1793 2479 στερέωμα
1826 2407 2070 2479 ἐνμέσῳ
2100 2407 2194 2479 τοὺ
2219 2406 2426 2471 ὓδατος,
2453 2406 2548 2462 καὶ

1506 2477 1648 2548 ἔστων
1674 2477 1993 2548 διαχωρίςον
2022 2477 2294 2548 ὰναμέσον
2333 2479 2546 2545 ὑδατος,

1507 2548 1598 2604 καὶ
1628 2547 1819 2612 ὓδατος
1838 2547 1857 2578 ’ί
1886 2549 1980 2600 καὶ
2006 2547 2221 2617 ἐγένετο
2247 2548 2440 2612 οὑτως.

1578 2641 1628 2695 7.
1668 2639 1787 2711 Kal,
1824 2640 2077 2711 ἐποίησεν
2113 2643 2142 2694 6
2173 2640 2306 2704 Θεὸς
2338 2640 2402 2696 τὸ
2429 2657 2546 2694 στε-

1511 2711 1718 2784 ρέωμα.
1750 2710 2243 2784 Καὶέδιεχώρισενῌὸ
2265 2711 2396 2784 Θεὸς
2421 2713 2546 2784 ava-

1511 2777 1674 2851 μέσον
1705 2782 1798 2835 τοῦ
1825 2851 1828 2852 ν
1855 2777 2064 2845 ὓδατος,
2191 2777 2260 2852 ἦν
2287 2782 2544 2852 ὑποκάτω

1511 2851 1600 2924 τοῦ
1643 2851 2036 2924 στεμιὺματος,
2055 2851 2433 2924 καὶγάναμέσον
2454 2851 2544 2906 τοῦ

1507 2920 1698 2987 ὓδατος
1739 2920 2060 2976 scaenam
2087 2922 2180 2975 τοῦ
2229 2920 2546 2994 στερεώμα-

1569 3086 1620 3140 8.
1653 3087 1762 3139 Kal
1786 3086 2042 3139 ἐκάλεσεν
2089 3086 2120 3139 6
2167 3086 2299 3149 Θεὸς
2327 3086 2386 3138 τὸ
2419 3101 2540 3137 στε-

1502 3155 1687 3227 ρέωμα
1707 3159 1766 3209 οὑ
1776 3156 1955 3227 ρανόν.
1977 3156 2086 3227 Kal
2101 3155 2318 3224 ἐγένετο
2337 3155 2543 3227 ἑσπέρα

1507 3226 1622 3312 και
1670 3226 1884 3295 ἐγένετο
1941 3226 2122 3297 πρωῒ,
2177 3226 2366 3297 ἡμέρα
2427 3226 2548 3278 δευ-

1507 3313 1660 3365 τερα.

1681 3471 1824 3525 LXX
1862 3470 2363 3526 INTERPBETES.

1567 3621 1617 3675 l.
1658 3622 1714 3674 In
1761 3621 2028 3690 principio
2076 3618 2202 3675 fecit
2251 3619 2394 3674 Deus
2427 3633 2538 3674 cm-

1494 3693 1604 3745 lum
1630 3701 1685 3746 et
1719 3701 1940 3746 terram.

1567 3789 1621 3841 2.
1655 3787 1822 3841 Terra
1869 3797 2048 3841 autem
2083 3795 2200 3840 erat
2246 3784 2538 3840 invisibilis

1497 3867 1551 3914 et
1603 3859 1986 3928 incomposita,
2013 3866 2067 3910 et
2102 3857 2337 3928 tenebrae
2378 3870 2540 3928 super

1499 3925 1864 4000 abyssum,'ct
1903 3928 2128 3998 spiritus
2165 3926 2259 3980 Dei
2290 3925 2537 3995 superfe-

1498 4003 1719 4057 rebatur
1752 4014 1914 4069 super
1942 4013 2160 4070 aquam.

1563 4167 1615 4220 5.
1669 4166 1734 4220 Et
1768 4164 1904 4218 dixit
1942 4161 2127 4236 Deus}:
2180 4159 2303 4215 Fiat
2337 4160 2451 4227 lux,
2483 4168 2537 4215 et

1495 4236 1636 4292 facta
1667 4244 1751 4291 cst
1782 4237 1898 4290 lux.

1565 4332 1617 4386 4.
1670 4330 1736 4384 Et
1785 4329 1921 4383 vidit
1972 4327 2116 4383 Deus
2165 4327 2363 4392 lucem,
2412 4325 2540 4396 quia

1495 4403 1659 4458 bona.
1691 4401 1758 4456 Et
1781 4401 1964 4455 divisit
2010 4399 2148 4454 Deus
2181 4399 2323 4454 inter
2357 4397 2534 4452 lucem

1495 4484 1549 4527 et
1589 4474 1729 4526 inter
1760 4471 2032 4526 tenebras.

1566 4569 1618 4623 5.
1648 4565 1714 4620 Et
1745 4566 1958 4620 vocavit
1982 4565 2121 4619 Deus
2140 4566 2338 4627 lucem,
2362 4563 2529 4627 diem;

1490 4649 1543 4694 et
1604 4637 1855 4693 tenebras
1905 4636 2119 4690 vocavit
2176 4643 2414 4689 noctem.
2465 4635 2534 4688 Et

1492 4712 1692 4764 factum
1723 4718 1806 4762 est
1830 4721 2075 4776 vespere,
2108 4715 2161 4761 et
2204 4705 2410 4760 factum
2451 4714 2534 4760 est

1490 4796 1676 4840 mane,
1697 4779 1813 4833 dies
1843 4792 2008 4831 unus.

1557 4873 1611 4928 6.
1651 4871 1718 4925 Et
1753 4871 1889 4925 dixit
1933 4869 2076 4924 Deus
2114 4887 2126 4923 :
2174 4866 2298 4921 Fiat
2354 4866 2535 4922 ﬁrma-

1490 4952 1733 4998 mentum
1765 4943 1822 4996 in
1855 4939 2036 4994 medio
2069 4953 2246 5007 aquae,
2277 4947 2330 4991 et
2362 4939 2436 4992 sit
2458 4938 2537 4992 di-

1493 5013 1684 5068 videns
1714 5013 1855 5067 inter
1880 5025 2101 5080 aquam,
2133 5016 2188 5062 et
2214 5023 2435 5078 aquam.
2471 5007 2538 5063 Et

1496 5084 1701 5139 factum
1741 5090 1824 5137 est
1847 5083 1941 5135 ita.

1570 5179 1620 5234 7.
1656 5179 1718 5233 Et
1768 5177 1896 5232 fecit
1931 5176 2074 5232 Deus
2107 5174 2533 5229 ﬁrmamentum.

1496 5250 1562 5303 Et
1590 5249 1776 5303 divisit
1803 5247 1945 5302 Deus
1976 5248 2116 5300 inter
2147 5259 2378 5315 aquam,
2414 5260 2538 5314 quae

1495 5330 1612 5375 erat
1667 5321 1770 5374 sub
1831 5319 2217 5381 ﬁrmamento,
2279 5323 2334 5369 et
2395 5319 2537 5370 inter

1495 5405 1693 5459 aquam
1726 5429 1742 5452 ,
1802 5404 1924 5457 qua:
1968 5397 2080 5449 erat
2139 5400 2303 5457 super
2347 5386 2534 5440 ﬁrma-

1495 5470 1757 5515 mentum.

1565 5559 1616 5611 8.
1666 5554 1732 5608 Et
1775 5555 1988 5610 vocavit
2037 5552 2181 5607 Deus
2224 5555 2536 5606 ﬁrmamen-

1493 5639 1604 5682 tum
1634 5667 1648 5692 ,
1683 5625 1922 5679 coelum:
1975 5631 2028 5677 et
2077 5623 2279 5676 factum
2331 5631 2415 5677 est
2442 5637 2535 5675 ve-

1493 5711 1648 5768 spere
1674 5738 1690 5768 ,
1735 5703 1789 5748 et
1823 5693 2022 5750 factum
2057 5704 2140 5749 est
2179 5709 2339 5749 mane
2363 5732 2380 5758 ,
2415 5693 2529 5746 dies

1493 5765 1781 5824 secundus.

2629 1325 2817 1407 σκότος
2847 1327 2950 1407 ἐπὶ
2965 1325 3254 1407 προσῴπου
3288 1325 3547 1407 ἀβύσσου,

2628 1398 2842 1468 πνεῦμα
2911 1396 3044 1468 Θεοὺ
3069 1466 3086 1468 α
3106 1396 3508 1468 ἐπιφερόμενον
3575 1398 3668 1449 ἐπὶ

2627 1466 2916 1539 προσώπου
2939 1466 3032 1520 τοῦ
3064 1466 3276 1530 ὓδατος.

2699 1560 2751 1614 3.
2785 1560 2895 1612 Kal
2922 1552 3074 1630 εἶπεν
3105 1560 3133 1610 6
3181 1558 3311 1630 Θεός
3331 1574 3344 1588 ·
3377 1557 3668 1630 Γενηθήτω

2629 1631 2762 1698 φῶς,
2792 1631 2885 1684 καὶ
2915 1629 3128 1698 ἐγένετο
3159 1629 3292 1699 φῶς.

2696 1726 2748 1778 4.
2783 1725 2893 1778 Kal
2941 1720 3080 1777 εἶδεν
3122 1726 3150 1776 6
3178 1724 3307 1787 Θεὸς
3332 1724 3392 1776 τὸ
3416 1723 3552 1793 φῶς,
3582 1725 3665 1776 ὅτι

2623 1797 2806 1850 καλόν.
2852 1797 2962 1849 Kal
3000 1794 3312 1864 διεχώρισεν
3339 1795 3368 1846 6
3401 1795 3532 1858 Θεὸς
3561 1796 3663 1846 άνά

2624 1866 2786 1936 μέσον
2813 1866 2905 1918 τοὺ
2936 1863 3113 1934 φωτὸς
3137 1863 3227 1918 καὶ
3251 1864 3353 1918 άνά
3379 1865 3540 1935 μέσον
3569 1863 3662 1917 τοῦ

2622 1937 2861 2000 σκότους.

2692 2034 2744 2088 5.
2779 2035 2888 2086 Kal
2920 2033 3177 2088 ἐκάλεσεν
3205 2035 3232 2086 ὁ
3259 2032 3391 2096 Θεὸς
3419 2031 3497 2103 τῷ
3522 2027 3662 2100 φωτὶ

2620 2103 2833 2176 ἡμέραν
2859 2145 2898 2176 ,γ
2929 2105 3024 2159 καὶ
3081 2105 3141 2158 τὸ
3199 2103 3664 2176 σκότοςὲκάλεσε

2621 2173 2809 2246 νύκτα.
2865 2175 2976 2227 Kal
3005 2175 3241 2246 ἐγένετο
3288 2175 3515 2246 ἑσπέρα,
3567 2173 3662 2225 καὶ

2623 2245 2836 2313 ἐγένετο
2879 2245 3043 2317 πρωῒ,
3079 2246 3261 2316 ἡμέρα
3295 2245 3410 2314 μία.

2692 2338 2742 2392 6.
2766 2339 2890 2419 ,Καὶ
2924 2333 3130 2419 εἶπενΙὸ
3169 2339 3348 2419 8665'-
3363 2333 3660 2419 Γενηθήτω

2623 2409 2910 2481 στερέωμα
2937 2411 2995 2463 ἐν
3022 2410 3170 2533 μέσῳ
3199 2409 3292 2462 τοῦ
3325 2409 3532 2472 ὓδατος,
3565 2409 3660 2461 καὶ

2621 2479 2773 2533 ἔσται
2813 2479 3015 2550 διαχωρ
3041 2493 3130 2544 ςον
3168 2480 3437 2550 άναμέσον
3472 2479 3658 2542 ὓδατος

2622 2552 2700 2613 εἰς
2733 2550 2918 2606 ὕδατα.

2692 2641 2742 2694 7.

2691 3082 2743 3138 8.
2779 3085 2889 3137 Kal
2930 3082 3186 3137 ἐκάλεσεν
3216 3083 3244 3136 6
3270 3082 3402 3146 Θεὸς
3428 3081 3505 3152 τῷ
3539 3099 3658 3135 στε-

2621 3152 2864 3277 ρειὲἑιατι
2944 3153 3188 3224 οὐρανόν.
3264 3153 3369 3206 Καὶ
3445 3152 3658 3221 ἐγένετο

2618 3224 2958 3347 ἒέςυτὶἰαικαὶ
3010 3223 3228 3292 ἐγένετο
3255 3222 3418 3294 πρωῒ,
3477 3222 3657 3294 ήμέρα

2652 3312 2865 3367 ευτερα.

2933 3469 3346 3526 THEODOTIO.

2691 3619 2742 3673 l.
2799 3617 2858 3673 In
2921 3617 3192 3689 principio
3249 3617 3458 3674 creavit
3515 3616 3656 3676 Deus

2610 3689 2808 3744 caelum
2838 3696 2892 3744 et
2908 3698 3126 3744 terram.

2680 3783 2736 3837 2.
2772 3782 2941 3839 Terra
2978 3792 3158 3838 autem
3188 3790 3306 3837 erat
3331 3798 3565 3838 vacuum
3598 3792 3657 3839 et

2614 3855 2749 3926 nihil
2797 3853 2893 3925 [aL
2930 3855 3068 3926 nihil
3095 3863 3149 3908 et
3178 3852 3360 3926 nihil].
3393 3853 3460 3908 Et
3501 3863 3654 3910 tene-

2612 3925 2724 3978 brae
2752 3924 2914 3993 super
2945 3925 3140 3979 faciem
3171 3924 3375 3993 abyssi,
3405 3926 3654 3995 etspiri-

2613 4003 2702 4050 tus
2762 3995 2857 4050 Dei
2903 3995 3176 4052 ferebatur
3234 4009 3397 4066 super
3458 3994 3651 4050 faciem

2614 4081 2788 4135 aquae.

2681 4161 2734 4214 5.
2769 4160 2834 4214 Et
2863 4161 3001 4216 dixit
3038 4160 3183 4216 Deus
3225 4180 3237 4215 :
3282 4160 3403 4215 Fiat
3434 4160 3526 4214 lux
3549 4204 3563 4227 ,
3593 4169 3649 4215 et

2606 4229 2754 4286 facta
2784 4240 2870 4286 est
2905 4232 3018 4286 lux.

2685 4326 2739 4380 4.
2773 4324 2848 4396 Et
2887 4325 3025 4396 vidit
3076 4325 3218 4382 Deus
3273 4327 3472 4388 lucem,
3521 4325 3649 4396 quia

2610 4395 2774 4451 bona.
2811 4395 2878 4451 Et
2906 4395 3090 4451 divisit
3126 4397 3270 4452 Deus
3303 4398 3442 4451 inter
3472 4395 3648 4450 lueem

2606 4475 2660 4521 et
2691 4467 2831 4522 inter
2867 4467 3138 4522 tenebras.

2675 4563 2728 4617 5.
2759 4561 2825 4616 Et
2873 4562 3090 4617 vocavit
3138 4559 3283 4617 Deus
3323 4560 3433 4616 luci
3476 4561 3645 4627 diem,

2604 4642 2658 4688 et
2716 4634 2967 4688 tenebras
3013 4634 3229 4687 vocavit
3284 4641 3519 4687 noctem.
3580 4630 3650 4685 Et

2606 4704 2809 4758 factum
2859 4712 2943 4758 est
2967 4717 3209 4771 vespere,
3242 4711 3296 4758 et
3325 4703 3527 4758 factum
3561 4710 3647 4756 est

2605 4789 2787 4839 mane,
2821 4773 2943 4828 dies
2971 4788 3139 4828 unus.

2677 4866 2732 4920 6.
2780 4865 2848 4920 Et
2887 4864 3026 4920 dixit
3062 4863 3205 4921 Deus
3253 4885 3266 4918 :
3315 4863 3433 4918 Fiat
3469 4865 3649 4918 ﬁrma-

2608 4948 2852 4992 mentum
2897 4936 2951 4990 in
3009 4936 3190 4990 medio
3231 4950 3406 5005 aquae,
3449 4943 3503 4989 et
3544 4934 3648 4987 erit

2608 5008 2856 5064 dividens
2884 5007 3025 5061 inter
3057 5022 3229 5078 aquas
3261 5007 3316 5060 in
3345 5019 3534 5074 aquas.

2681 5174 2730 5227 7.

2679 5549 2732 5603 8.
2762 5549 2828 5603 Et
2865 5549 3081 5602 vocavit
3119 5549 3259 5604 Deus
3302 5551 3644 5603 ﬁrmamento

2610 5620 2831 5674 celum.
2862 5618 2928 5672 Et
2968 5618 3170 5673 factum
3211 5628 3298 5676 est
3335 5631 3558 5687 vespere
3588 5623 3646 5672 et

2603 5689 2805 5745 factum
2836 5698 2918 5747 est
2955 5704 3116 5746 mane
3139 5731 3154 5760 ,
3190 5690 3307 5749 dies
3343 5687 3652 5746 secunduk
