4108 6436
459 377 563 436 507

532 498 586 551 6.
629 495 697 551 Et
723 494 1325 568 fecitpropitiatorium
1359 508 1422 549 -ι-
1467 507 1633 563 super
1683 503 1869 546 arcam
1918 487 2042 556 1e:

1537 367 2009 429 HEXAPLOBUH
2049 366 2214 436 QUAS
2249 361 2680 422 SUPERSL'NT.

3625 343 3730 401 508

2210 483 2264 539 6.
2299 485 2410 537 Kal
2439 479 2712 553 ἑποίησεν’
2735 475 3047 548 ἱλαστήριον
3083 484 3146 526 -ι-
3178 464 3385 523 άνωθεν
3417 461 3516 534 τῆς
3541 459 3728 553 atwa

457 548 596 643 auro
621 548 1521 657 cubitorum
1537 548 1594 640 et
1621 583 1833 640 dimidii
1868 548 2044 650 longi-

2139 571 2234 628 τοῦ
2269 575 2292 642 1
2336 575 2400 626 ὲκ
2444 548 2666 642 χρυσίου
2703 564 2949 638 καθαροῦ
2979 565 3046 631 Χ
3087 557 3180 613 δύο
3213 553 3433 657 πηχέων
3471 549 3566 657 καὶ
3597 548 3729 657 imi:

461 679 676 748 )(tudo
693 680 831 750 eius,
857 689 912 736 et
943 681 1116 736 cubiti
1148 690 1202 734 et
1231 678 1440 734 dimidii
1478 677 1706 733 latitudo
1747 675 1868 745 ejus
1911 671 1936 740 1
1997 670 2039 726 1.

2145 667 2212 733 Χ
2246 639 2371 726 σους
2417 639 2587 734 μῆκος
2626 656 2822 720 αὑτοῦ,
2866 656 2962 708 καὶ
3010 653 3212 724 πήχεος
3249 649 3346 702 καῖ
3394 643 3624 734 ἡμίσους
3660 639 3724 694 τὺ

457 732 528 824 Ei
566 767 694 826 fecit
719 732 852 825 (duo
891 771 1172 826 cherubim
1216 773 1283 837 Χ
1316 784 1481 824 aurea
1527 769 1551 838 1
1593 732 1871 823 tornatilia
1912 732 2043 816 fecit

2145 732 2214 824 Χ
2247 732 2444 818 πλάτος
2489 751 2654 806 αὑτοῦ
2693 752 2719 822 1
2759 749 2812 803 7.
2854 746 2963 800 Kal
3000 743 3256 815 ἐποίησεν
3290 738 3385 793 ῢόο
3426 732 3725 809 χερουὸεὶμ

455 880 520 919 ea
549 879 615 919 ex
651 875 882 934 utraque
903 877 1057 935 parte
1078 865 1438 936 propitiatorii
1461 864 1514 918 8.
1533 862 1754 917 Cherub
1782 875 1949 915 unum
1979 859 2036 913 in

455 956 771 1012 summitate
811 957 1172 1027 pr0pitiatorii
1231 971 1374 1022 una,
1417 963 1474 1011 et
1515 955 1720 1010 cherub
1756 967 1925 1007 unum
1981 951 2037 1005 in

455 1049 771 1103 summitate
793 1049 1156 1119 propitiatorii
1188 1048 1444 1104 secunda.
1471 1051 1538 1115 Χ
1567 1061 1634 1101 ex
1664 1042 2038 1116 propitiatorio

455 1140 524 1207 Χ
547 1137 673 1193 fecit
699 1138 997 1194 Cberubim
1025 1156 1092 1194 ex
1129 1149 1360 1210 utraque
1382 1147 1534 1209 parte
1556 1137 1648 1206 (ad
1693 1151 1862 1206 marg.
1886 1149 2038 1189 sum-

451 1231 660 1302 mitate)
681 1232 804 1302 ejus
835 1231 858 1300 1
891 1232 946 1287 9.
967 1230 1033 1286 Et
1055 1231 1184 1286 facti
1215 1242 1344 1288 sunt
1380 1230 1662 1286 cherubim
1681 1227 2034 1283 extendentes

450 1323 590 1390 alas,
606 1324 838 1394 desuper
868 1324 1260 1380 obumbrantes
1299 1323 1402 1379 alis
1427 1323 1542 1377 suis
1581 1336 1744 1390 super
1773 1321 2035 1391 propitia-

452 1413 654 1468 torium
683 1413 984 1469 secundum
1011 1413 1203 1469 faciem
1229 1429 1408 1478 suam,
1428 1413 1510 1466 vir
1533 1413 1600 1467 ad
1625 1412 1846 1466 fratrem
1863 1425 2026 1465 suum

432 1518 616 1574 supra
652 1505 1088 1575 propitiatorium
1115 1515 1273 1561 erant
1307 1503 1473 1558 facies
1499 1502 1806 1557 cherubim.

2149 855 2216 920 Χ
2246 853 2423 924 χρυσᾶ
2449 849 2472 918 1
2501 847 2734 919 τορευτὰ
2761 843 3017 916 ἐποίησεν
3033 839 3171 894 αὐτὰ
3190 837 3247 903 ἐξ
3279 829 3726 924 άμφπέρωντῶν

2149 922 2332 1016 μερῶν
2361 941 2455 994 τοῦ
2491 937 2822 1009 ἱλαστηρίου.
2861 934 2912 988 8.
2950 929 3166 1003 Χεροὺϐ
3206 929 3304 1016 ἕνα
3461 925 3523 1016 το
3553 922 3723 1016 ξκρον

2141 1035 2236 1088 τοῦ
2280 1030 2592 1102 ἱλαστηρὶου
2631 1027 2690 1080 τὸ
2715 1025 2801 1078 ἓν·
2834 1021 2928 1076 καὶ
2957 1017 3168 1093 Χεροῦὄ
3207 1015 3305 1068 ἕνα
3333 1012 3426 1065 ἐπὶ
3461 1010 3526 1064 τδ
3553 1009 3721 1078 ἀκρον

2140 1126 2236 1179 τοῦ
2286 1122 2597 1193 ίλαστηρίου
2641 1118 2702 1171 τὸ
2749 1115 2999 1183 δεύτερον
3047 1113 3117 1177 Χ
3154 1108 3218 1160 ὲκ
3263 1103 3356 1158 τοῦ
3403 1097 3720 1169 ίλαστηρίου

2142 1221 2211 1287 Χ
2240 1191 2492 1286 ἐποίησεν
2522 1214 2647 1275 τοὺς
2682 1207 2976 1281 χερουϐεὶμ
3017 1201 3078 1266 ἐξ
3117 1196 3440 1270 ἀμφοτέρων
3482 1191 3590 1287 τῷν
3623 1206 3722 1260 με·

2140 1285 2209 1382 Χ
2243 1310 2353 1384 ρῶν
2387 1285 2478 1378 (ατί
2521 1322 2690 1374 marg.
2725 1299 2928 1370 ἄκρων)
2965 1293 3128 1350 αὑτοῦ
3166 1293 3190 1360 1
3229 1293 3282 1346 9.
3321 1289 3430 1342 Kal
3472 1285 3719 1384 ὲγένοχτυ

2135 1407 2185 1458 oi
2219 1374 2514 1476 χερουϐεὶμ
2566 1395 2894 1454 ἐκτείνοντες
2947 1389 3044 1450 τὰς
3087 1384 3384 1456 πτέρυγας,
3439 1374 3716 1430 ὲπάνωθεν

2135 1465 2519 1559 συσκίάζοντες
2588 1491 2707 1550 ταῖς
2764 1480 3018 1554 πτέρυξιν
3076 1475 3240 1530 αὐτοῦ
3307 1471 3398 1526 ἐπὶ
3463 1469 3526 1522 es
3595 1465 3706 1519 ila-

450 1597 666 1667 στήριον
714 1597 856 1650 κατὰ
909 1598 1199 1669 πρόσωπον
1249 1595 1450 1660 αὐτῶν,
1490 1593 1629 1666 ἀνὴρ
1670 1595 1807 1666 πρὸς
1849 1595 1942 1649 τὸν
1978 1596 2204 1668 ἀδελφὸν
2245 1586 2410 1646 αὐτοῦ
2452 1584 2545 1637 ἐπὶ
2590 1580 2651 1634 τὸ
2697 1578 3004 1648 ἱλαστήριον
3035 1567 3174 1643 ἦσαν
3206 1566 3275 1620 τὰ
3311 1563 3576 1634 πρόσωπα
3605 1558 3716 1612 τῶν

447 1685 760 1759 χερουϐείμ.

519 1776 698 1832 10.⁹Ει
719 1775 845 1830 fecit
859 1789 1103 1830 mensam
1131 1787 1190 1830 αε-
1221 1772 1555 1844 propositam
1585 1785 1652 1827 ex
1681 1786 1816 1826 auro
1841 1772 2024 1842 puro1

447 1881 514 1925 σθ-
547 1875 603 1922 et
631 1866 887 1923 conflavit
913 1865 1018 1936 ipsi
1059 1874 1294 1935 quatuor
1319 1863 1554 1920 annulos
1595 1878 1794 1919 aureos
1831 1881 1846 1918 :
1893 1865 2032 1920 duos

448 1973 511 2016 -t-
534 1958 604 2015 ad
639 1959 784 2014 latus
807 1973 1003 2022 unum,
1030 1968 1084 2012 et
1109 1957 1248 2012 duos
1275 1955 1345 2010 ad
1375 1955 1522 2012 latus
1545 1957 1868 2021 secundum,
1890 1955 2032 2013 latos

448 2066 511 2109 σι-
538 2051 608 2107 ad
633 2050 960 2121 portandum
985 2048 1218 2119 cingulis
1252 2047 1409 2118 ipsis.
1427 2047 1496 2103 Et
1525 2046 1748 2119 cingula
1806 2063 1948 2104 arca
1975 2055 2032 2104 et

447 2160 726 2201 +mensa3
753 2142 904 2210 fecit,
935 2150 992 2198 et
1011 2141 1286 2197 inauravit
1309 2156 1375 2196 ea
1408 2155 1546 2196 auro
1578 2140 1646 2196 de
1669 2139 1829 2210 lignis
1851 2141 2032 2212 impu-

445 2234 721 2291 tribilibus
753 2232 776 2301 1
807 2235 874 2301 Χ
895 2231 1128 2288 duorum
1156 2229 1466 2286 cubitorum
1503 2229 1783 2300 longitudo
1805 2231 1944 2301 ejus,
1976 2239 2031 2286 et

447 2329 517 2395 Χ
546 2325 716 2381 cubiti
744 2321 978 2378 latitudo
1013 2320 1155 2392 ejus,
1191 2329 1248 2375 et
1273 2319 1445 2376 cubiti
1469 2333 1534 2375 ac
1568 2319 1778 2375 dimidii
1801 2320 2030 2375 altitudo

445 2420 515 2488 Χ
541 2417 680 2486 ejus.
701 2416 788 2471 11.
810 2413 877 2470 Ει
899 2413 1174 2470 inauravit
1198 2428 1318 2468 eam
1344 2426 1483 2468 auro
1512 2427 1672 2482 puro,
1697 2420 1750 2467 et
1778 2409 1901 2466 fecit
1923 2412 2027 2482 ipsi

445 2512 515 2578 Χ
539 2508 834 2580 cymatium
860 2521 1089 2562 aureum
1114 2505 1169 2560 in
1194 2503 1447 2561 circuitu.
1473 2504 1562 2558 12.
1588 2503 1651 2558 Ει
1674 2503 1800 2559 fecit
1819 2505 1919 2574 ipsi
1942 2520 2028 2560 co-

443 2605 514 2670 Χ
541 2617 729 2658 ronam
765 2599 933 2672 palmi
962 2600 1015 2654 in
1047 2598 1278 2653 circuitu
1311 2612 1325 2650 :
1357 2608 1412 2653 et
1452 2596 1582 2652 fecit
1607 2597 1902 2670 cymatium
1929 2612 2028 2652 au-

445 2697 514 2763 Χ
543 2708 695 2747 reum
741 2705 959 2747 coronat
995 2689 1118 2759 ejus
1149 2689 1204 2744 in
1239 2688 1493 2745 circuitu.
1529 2688 1617 2743 15.
1655 2687 1720 2743 Et
1763 2687 1891 2742 fecit
1923 2687 2024 2757 ipsi

443 2786 514 2853 Χ
563 2793 796 2854 quatuor
820 2780 1054 2837 annulos
1096 2793 1329 2845 aureos,
1380 2787 1436 2834 et
1483 2777 1744 2848 imposuit
1791 2777 2026 2832 annulus

443 2879 512 2944 ὶι(
541 2889 705 2946 super
726 2882 963 2945 quatuor
999 2881 1203 2944 partes,
1235 2885 1358 2942 quae.
1383 2878 1513 2926 sunt
1550 2879 1788 2940 quatuor
1827 2869 2024 2939 pedum

443 2969 514 3035 Χ
541 2967 660 3036 ejus
687 2967 792 3021 sub
810 2979 1017 3020 corona
1044 2963 1068 3033 1
1095 2965 1184 3018 14.
1208 2962 1272 3017 Ει
1302 2961 1431 3016 facti
1461 2969 1593 3016 sunt
1612 2959 1804 3014 annuli
1829 2960 1886 3012 iu
1907 2959 2026 3013 the-

442 3072 538 3112 cas
562 3056 810 3112 vectibus
848 3053 917 3110 ad
963 3054 1290 3125 portandum
1337 3064 1608 3105 mensam.
1654 3046 1741 3102 15.
1786 3046 1852 3102 Et
1896 3046 2024 3101 fecit

441 3157 625 3203 vectes
649 3163 716 3203 ex
741 3147 902 3218 lignis
928 3143 1375 3216 imputribilihus,
1396 3149 1451 3197 et
1482 3141 1752 3195 inauravit
1772 3154 1869 3195 eos
1891 3153 2025 3193 auro

441 3238 509 3294 ad
533 3238 856 3310 portandum
889 3251 1158 3293 mensam.
1183 3235 1271 3290 16.
1299 3232 1368 3288 Ει
1388 3231 1516 3289 fecit
1539 3246 1665 3288 vasa
1692 3244 1914 3295 mensas,
1940 3244 2026 3285 ca-

723 3371 811 3426 TO
839 3371 1207 3427 EBPAIKON.

1844 3369 1931 3421 ΤΟ
1970 3368 2212 3421 EBPAIK
2222 3367 2313 3420 ΟΝ

2208 1771 2293 1824 10.
2343 1768 2454 1822 Kal
2487 1763 2707 1836 ἐποίησε
2739 1762 2839 1831 τὴν
2867 1753 3144 1828 τράπεζαν
3177 1765 3238 1805 σε·
3275 1749 3376 1819 τὴν
3417 1743 3716 1816 προκειμέ-

2136 1875 2201 1918 -ι-
2231 1878 2328 1932 νην
2355 1862 2419 1913 ἐκ
2451 1835 2675 1929 χρυσίου
2706 1848 2970 1921 καθαροῦ,
3000 1846 3094 1898 καὶ
3119 1839 3417 1912 ὲχώνευσεν
3438 1836 3574 1906 αὐτῇ
3597 1835 3717 1888 τέσ·

2135 1967 2200 2010 -ι-
2239 1928 2410 2023 caput;
2437 1928 2755 2008 δακτυλίους
2801 1937 3034 2013 χρυσοῦς
3059 1955 3072 1967 ·
3109 1937 3202 1990 δύο
3241 1933 3340 1987 ἐπὶ·
3371 1929 3466 1985 τοῦ
3497 1928 3715 1990 κλίτους

2135 2061 2199 2101 σιν
2233 2020 2328 2098 τοῦ
2368 2043 2507 2108 ἑνὸς,
2537 2039 2631 2094 καὶ
2659 2037 2753 2090 δύο
2783 2035 2876 2088 ἐπὶ
2919 2030 3014 2086 τοῦ
3054 2028 3326 2099 δευτέρου,
3359 2025 3539 2096 εὔρετς
3568 2020 3712 2074 ὥστε

2135 2151 2197 2193 σι-
2235 2137 2407 2206 αἴρειν
2443 2133 2556 2194 τοῖς
2588 2129 2897 2199 ζωστῆρσιν
2944 2123 3175 2185 ἑαυτοῖς,
3219 2117 3312 2172 καὶ
3340 2116 3469 2178 τοὺς
3496 2111 3711 2182 ζωστῆ-

2135 2243 2199 2284 -t—
2237 2203 2335 2299 ρας
2374 2223 2474 2296 τῆς
2508 2218 2744 2276 κιϐωτοῦ
2775 2217 2870 2272 καὶ
2898 2215 3000 2285 τῆς
3037 2208 3316 2299 τραπέζης
3336 2205 3591 2299 ἐποίησεν
3617 2203 3714 2299 καί

2135 2331 2199 2372 -t—
2233 2291 2646 2384 ita-texpvziawasv
2673 2308 2870 2369 αὐτοὺς
2895 2301 3101 2375 χρυσίῳ
3127 2301 3191 2353 ὲκ
3211 2297 3382 2363 ξύλων
3402 2291 3709 2384 ἀσήπτιυνζ

2131 2411 2199 2477 Χ
2226 2406 2318 2460 ἂῦο
2341 2379 2560 2474 κξχέων
2587 2400 2648 2454 τὸ
2681 2399 2854 2471 μῆκος
2893 2394 3084 2463 αὐτῆς,
3115 2391 3208 2445 καὶ
3235 2390 3439 2459 πήχεος
3467 2385 3531 2439 τὸ
3553 2379 3714 2477 εὖρος

2129 2475 2199 2569 Χ
2226 2497 2419 2568 αὐτῆς,
2468 2495 2560 2550 καὶ
2597 2493 2800 2562 πήχεος
2839 2489 2933 2542 καὶ
2963 2485 3197 2556 ἡμίσους
3241 2481 3300 2535 τὸ
3337 2479 3472 2549 ὕψος
3515 2475 3707 2569 αὐτῆς.

2130 2565 2199 2658 Χ
2242 2589 2327 2642 11.
2354 2565 2485 2640 ⁷Καὶ
2524 2580 2944 2654 κατεχρῦσωσεν
2984 2576 3154 2647 αὐτὴν
3202 2571 3412 2646 χρυσίῳ
3459 2565 3707 2637 καθαρῷ,

2130 2685 2196 2749 Χ
2225 2679 2318 2734 καὶ
2354 2677 2612 2748 ἐποίησεν
2651 2673 2787 2742 αὐτῇ
2818 2669 3084 2740 κυμάτων
3114 2662 3348 2739 χρυσοῦν
3379 2659 3584 2731 κύκλῳ.
3613 2658 3709 2749 12.

2130 2748 2197 2840 Χ
2235 2771 2342 2823 Kal
2384 2768 2638 2837 ἐποίησεν
2673 2764 2810 2834 αὐτῇ
2843 2760 3117 2830 στεφάνην
3159 2752 3459 2809 παλαιστοῦ
3503 2748 3712 2820 κύκλῳ,

2129 2867 2196 2931 Χ
2226 2862 2319 2916 καὶ
2348 2861 2605 2930 ἐποίησεν
2628 2855 2893 2927 κυμάτιον
2919 2849 3151 2923 χρυσοῦν
3174 2851 3242 2920 τῇ
3273 2845 3510 2916 στεφάνῃ
3539 2841 3712 2913 αὐτῆς

2130 2958 2196 3022 Χ
2225 2953 2429 3023 κύκλῳ.
2469 2950 2555 3005 15.
2600 2949 2710 3003 Kal
2749 2945 3006 3017 ἐποίησεν
3039 2942 3177 3013 αὐτῇ
3209 2940 3486 3008 τέσσαρας
3515 2936 3714 2990 δακτυ·

2132 3049 2200 3114 Χ
2224 3045 2370 3108 λίους
2401 3042 2655 3114 χρυσοῦς,
2690 3039 2786 3093 καὶ
2817 3036 3085 3107 ἐπέθηκεν
3108 3033 3236 3095 τοὺς
3264 3028 3586 3089 δακτυλίους
3619 3025 3714 3077 ἐπὶ

2133 3141 2200 3205 Χ
2229 3136 2298 3188 τὰ
2339 3135 2580 3203 τέσσαρα
2623 3130 2786 3202 μέρη,
2828 3129 2864 3182 ἃ.
2895 3129 3043 3180 ἐστιν
3079 3123 3189 3177 τῶν
3227 3120 3510 3192 τεσσάρων
3538 3115 3715 3170 ποδῶν

2133 3232 2201 3298 Χ
2231 3229 2400 3297 αὐτῆς
2441 3224 2546 3278 ὑπὸ
2584 3223 2682 3294 τὴν
2723 3217 3042 3290 στεφάνηνζ
3091 3215 3178 3269 14.
3217 3215 3330 3268 Kal
3371 3211 3616 3282 ἐγένοντο
3661 3207 3715 3260 oi

3047 3354 3235 3409 ΔΚΥΛ
3243 3355 3348 3409 ΑΣ.

1749 3439 2076 3508 Ἑλληνικοῖς
2107 3437 2418 3509 γράμμασι.

1078 3543 1342 3621 Γιιττυι
1380 3535 1402 3588 1

2737 3527 2788 3582 1.
2819 3523 3228 3592 Γλωσσόκομον.

1078 3543 1342 3621 run-rut
1380 3542 1402 3588 Ι
1621 3542 1682 3590 ίι.
2737 3542 2788 3582 1.

491 3637 581 3699 ’ξπ
612 3626 650 3681 2
706 3625 955 3695 Σαμαρ.,
991 3625 1274 3694 στέφανον.
1626 3626 1678 3680 2.
2743 3620 2798 3675 2.

1184 3725 1339 3775 mn:
1376 3715 1410 3770 6
1625 3719 1685 3772 6.
2743 3714 2798 3768 6.

1146 3884 1309 3935 mm
1349 3873 1415 3928 18
1630 3879 1722 3933 18.
2751 3872 2837 3928 18.
2887 3873 2982 3927 Ἐκ
3009 3869 3103 3926 τοῦ
3133 3870 3332 3942 μέρους
3363 3866 3548 3922 αὐτοῦ.

547 3990 801 4051 VERSIO
830 3989 1153 4047 HEBBAICI
1187 3989 1397 4045 ΤΕΧΤ.
1766 3994 2096 4052 VULGATA
2132 3993 2413 4050 LATINA.
3051 3987 3326 4056 AQUILA.

512 4113 571 4169 1.
605 4111 824 4167 Arcam.
1632 4112 1684 4168 1.
1709 4113 1928 4168 Arcam.
2745 4110 2799 4165 1.
2836 4109 3112 4166 Arculam.

515 4205 576 4260 2.
605 4203 896 4260 Coronam.
930 4198 1144 4256 Samar.
1171 4196 1261 4252 Id.
1629 4201 1684 4254 2.
1709 4200 2007 4257 Coronam.
2740 4201 2797 4258 2.

514 4299 571 4355 ϐ.
605 4295 1070 4368 Propitiatorium.
1629 4292 1682 4346 6.
1711 4291 2178 4362 Propitiatorium.
2745 4292 2780 4348 6

517 4388 606 4446 18.
646 4387 727 4444 Ex
753 4389 920 4442 latere
950 4387 1141 4456 ipsius.

1630 4383 1718 4441 18.
1752 4383 1832 4440 Ex
1863 4392 2038 4454 parte.

2858 4382 2937 4440 Ex
2984 4392 3138 4455 parte
3177 4383 3370 4454 ipsius.

1234 4505 1410 4566 Nota;
1439 4509 1500 4564 et
1525 4501 1715 4564 varias
1735 4499 2045 4562 lectiones
2071 4498 2149 4562 ad
2181 4515 2318 4578 cap.
2354 4501 2656 4563 XXXVII
2684 4501 2910 4565 Exodi.

511 4629 708 4687 Totum
741 4643 880 4699 pene
903 4637 1066 4698 caput
1101 4643 1282 4682 xaxvu
1313 4637 1374 4683 ut
1415 4627 1470 4683 in
1500 4625 1759 4699 Hexaplis
1789 4634 1906 4699 erat
1948 4639 2016 4680 ex
2118 4625 2445 4699 qumobclis
2493 4635 2775 4693 notantur,
2805 4626 2990 4683 Graeca
3033 4627 3314 4683 Hebraicis
3351 4645 3564 4699 semper
3586 4645 3710 4687 res-

439 4703 629 4757 codice
661 4695 984 4756 Colbertino'
1001 4713 1165 4767 supra
1195 4707 1500 4754 memorato
1527 4695 1682 4752 nunt.
1715 4695 1856 4752 5084
1895 4710 2018 4767 mu-

2121 4695 2445 4765 pouderent,
2480 4711 2641 4752 secus
2669 4713 2832 4765 quam
2863 4699 2916 4751 in
2945 4699 3034 4752 illa
3073 4698 3177 4752 alia
3207 4699 3316 4752 τῶν
3358 4706 3414 4750 0'
3447 4695 3707 4766 editione,

439 4781 684 4835 tuamur,
733 4784 859 4840 cum
887 4766 1082 4840 Aobelis’
1124 4776 1179 4820 et
1225 4769 1680 4840 as‘tericis,_qttos
1732 4767 1796 4820 ad
1855 4766 2016 4820 Iidem
2121 4781 2246 4835 qum
2293 4767 2590 4840 vocabatur
2619 4766 2797 4839 κοινὴ,
2843 4769 2935 4822 ubi
2973 4771 3157 4822 omnia
3195 4769 3425 4826 confusa
3471 4781 3527 4826 et
3567 4786 3709 4840 pra-

438 4841 764 4912 exemplaris
807 4837 971 4912 hujus
1012 4839 1416 4912 adnotavimus.
1467 4838 1559 4894 Sic
1605 4847 1790 4892 autem
1843 4845 2018 4912 totum

439 4904 828 4968 concinnatum
882 4904 1068 4963 fuerat
1109 4906 1180 4962 ab
1229 4904 1480 4980 Origene,
1541 4916 1620 4973 ut,
1667 4907 1913 4977 exceptis
1953 4905 2022 4959 iis

2123 4845 2340 4927 pestere
2375 4838 2550 4927 posita
2581 4847 2731 4899 sunt,
2767 4838 2827 4891 ut
2857 4853 3019 4908 supra
3046 4840 3249 4893 dietum
3281 4849 3386 4893 est.

2291 4906 2310 4927 Ι
2410 4908 2428 4927 Δ
2517 4906 2898 4927 --⁵.----1-----Αμ
2958 4905 3044 4927 Ω.-
3101 4924 3117 4927 _
3145 4909 3242 4927 n.2,
3286 4907 3354 4927 ἢ.

2196 4903 2262 4958 ν.
2288 4906 2340 4960 1.
2375 4903 2487 4969 Ἆ.,
2516 4903 2939 4978 γλωσσόκομον(
2957 4905 3048 4964 διο
3093 4909 3258 4966 editio
3286 4907 3554 4965 Romana.
3581 4907 3714 4965 Ilaec

1591 5025 1846 5087 CAPUT
1883 5023 2224 5085 XXXVIII
2270 5023 2554 5085 EXODI.

1355 5153 1806 5232 Fragmentum
1833 5169 1913 5211 ea:
1940 5148 2077 5212 cod.
2112 5149 2383 5213 Colbert.
2435 5149 2614 5212 3081s.

509 5279 600 5334 24.
637 5274 810 5333 Omne
835 5292 1056 5344 aurum,
1095 5275 1241 5348 quod
1270 5275 1608 5331 elaboratum
1641 5275 1812 5330 estad
1849 5289 2013 5346 opera

438 5370 739 5426 secundum
793 5385 1012 5425 omnem
1090 5369 1464 5441 Operationem
1531 5377 1868 5433 sanctorum,
1915 5366 2020 5422 fuit

439 5461 561 5515 auri
587 5461 971 5531 primitiarum,
1017 5476 1210 5516 novem
1236 5469 1291 5516 et
1335 5460 1528 5532 viginti
1570 5461 1795 5524 talenta,
1823 5467 1879 5513 et
1920 5458 2019 5513 tri-

441 5553 589 5622 ginta
621 5560 675 5606 et
708 5551 1031 5623 septingenti
1053 5552 1170 5608 sicli
1207 5553 1364 5624 juxta
1399 5551 1592 5608 siclum
1639 5560 1889 5605 sanctum
1925 5559 2022 5607 :et

443 5643 654 5714 argenti
679 5657 736 5698 -ι-
770 5644 1008 5714 demptio
1035 5644 1061 5713 1
1091 5645 1186 5702 25.
1211 5646 1257 5700 Δ
1303 5645 1535 5701 visitatis
1563 5658 1628 5700 σι-
1669 5643 1804 5699 viris
1852 5646 1874 5713 1
1924 5644 2025 5716 Sy-

442 5751 686 5808 nagogae,
718 5743 936 5791 centum
967 5737 1192 5802 talenta,
1221 5746 1277 5792 et
1303 5737 1546 5809 quinque
1573 5745 1629 5791 et
1661 5737 2020 5809 septuaginta,

441 5843 495 5885 et
527 5827 672 5884 mille
703 5836 756 5884 et
783 5828 1105 5897 septingenti
1147 5829 1262 5886 sicli
1284 5833 1350 5898 Χ
1385 5829 1438 5886 in
1469 5830 1602 5887 siclo
1622 5838 1808 5886 sancto
1848 5828 1868 5896 1
1901 5828 2024 5883 dra-

2192 5273 2282 5328 24.
2329 5273 2446 5328 Πᾶν
2484 5273 2546 5327 τδ
2591 5273 2810 5345 χρύσιον
2852 5271 2882 5327 ὃ
2917 5273 3290 5344 κατειργάσθη
3335 5275 3414 5337 εἰς
3451 5271 3522 5326 τὰ
3569 5273 3706 5344 ἔργα

2123 5365 2269 5421 κατὰ
2300 5367 2479 5420 πᾶσαν
2519 5364 2619 5437 τὴν
2663 5363 2926 5437 ἐργασίαν
2961 5363 3071 5418 τῶν
3112 5363 3284 5432 ἁγίων
3323 5363 3540 5436 ἐγένετο
3574 5381 3708 5435 χρυ-

2129 5459 2242 5514 σίου
2272 5457 2364 5511 τοῦ
2398 5457 2499 5528 τῆς
2533 5457 2784 5528 ἀπαρχῆς
2813 5455 2970 5510 ἐννέα
3011 5455 3105 5510 καὶ
3125 5454 3297 5509 εἴκοσι
3327 5453 3585 5518 τάλαντα,
3615 5454 3711 5508 καὶ

2126 5553 2418 5625 τριάκοντα
2455 5551 2549 5604 καὶ
2576 5547 2891 5602 ἑπτακόσιοι
2921 5547 3093 5600 σίκλοι
3125 5546 3268 5600 κατὰ
3290 5545 3384 5598 τὸν
3411 5545 3592 5599 σίκλον
3618 5544 3712 5598 τὸν

2131 5648 2316 5714 διγιον·
2347 5645 2440 5697 καὶ
2475 5641 2742 5714 ἀργυρίου
2785 5654 2847 5696 -ι-
2895 5639 3175 5710 ἁφαίρεμα
3207 5637 3230 5706 1
3277 5636 3369 5692 25.
3414 5635 3574 5707 Παρὰ
3600 5635 3710 5688 τῶν

2129 5733 2556 5804 ὲπεσκεμμένων
2587 5747 2648 5784 -ε-
2679 5730 2886 5801 ὰνδρῶν
2925 5731 2947 5797 1
2989 5728 3089 5798 τῆς
3135 5727 3475 5797 συναγωγῆς,
3518 5725 3712 5780 ἑκατὸν

2131 5826 2382 5889 τάλαντα,
2422 5825 2515 5877 καὶ
2547 5824 2704 5877 πέντε
2740 5825 2833 5876 καί
2872 5821 3259 5892 ἑϐδομήκοντα,
3297 5821 3389 5872 καὶ
3414 5818 3572 5889 χίλιοι
3615 5818 3743 5874 καὶ.
