4108 6420
387 394 493 450 509

1664 388 1875 447 EXODI
1911 388 2066 446 CAP.
2106 386 2398 445 XXXVIII.

3562 378 3669 434 5l0

387 515 662 570 δακτύλιοι
702 515 784 579 είς
824 513 999 586 Θήκας
1030 517 1145 579 τοῖς
1192 511 1577 586 ἁναφορεῦσιν,
1625 511 1769 567 ὥστε
1807 512 1974 584 αἴρειν

2091 513 2240 567 tinos
2266 511 2409 581 ejus,
2443 516 2500 564 et
2531 505 2810 563 thuribula
2837 504 2988 575 ejus,
3015 513 3070 560 et
3102 504 3326 574 cyathos
3351 502 3491 574 ejus,
3532 510 3588 557 et
3608 500 3672 554 li-

386 613 487 679 τὴν
519 608 817 681 τράπεζαν.
851 609 939 663 15.
971 607 1083 662 Καὶ
1116 600 1373 679 ἐποίησεν
1416 606 1543 670 τοὺς
1590 606 1886 677 ἁναφορεϊς
1920 606 1974 657 ἐκ

2091 601 2303 658 batoria
2335 601 2477 671 ejus,
2506 600 2561 653 in
2582 599 2783 670 quibus
2810 596 3020 661 libabit,
3047 596 3166 650 auri
3191 595 3334 665 puri.

388 702 563 768 ξύλων
608 701 886 773 ασήπτων,
928 700 1024 754 καὶ
1061 699 1479 771 κατεχρύσωσεν
1519 699 1719 762 αὐτοὺς
1759 697 1967 769 χρυσίῳ
2002 696 2144 750 ὥστε
2184 695 2363 768 αἴρειν
2405 694 2505 764 τὴν
2552 692 2852 764 τράπεζαν.
2896 690 2980 744 16.
3021 692 3128 744 Καὶ
3155 690 3378 761 ἐποίησε
3406 688 3475 743 τὰ
3504 687 3672 759 σκεύη

387 798 489 868 τῆς
514 796 812 870 τραπέζης,
844 796 912 850 τὰ
935 795 1165 868 τρύϐλια
1193 795 1386 866 αὐτῆς,
1414 794 1509 848 καὶ
1540 794 1638 858 τὰς
1667 793 1897 857 θυίσκας
1930 792 2123 864 αὐτῆς,
2165 792 2261 846 καὶ
2291 792 2417 854 τοὺς
2455 789 2691 853 κυάθους
2732 786 2921 857 αὐτῆς,
2952 786 3049 839 καὶ
3088 785 3157 839 τὰ
3190 784 3443 839 σπονδεῖα
3479 782 3670 853 αὐτῆς,

386 891 447 942 ὲν
478 885 560 954 οἷς
594 890 803 943 σπείσει
828 892 885 944 ὲν
906 890 1110 953 αὐτοῖς,
1158 889 1382 960 χρυσίου
1418 888 1680 960 καθαροῦ.

461 985 549 1038 17.
589 985 701 1037 Καὶ
732 985 956 1056 ἐποίησε
1000 985 1099 1056 τὴν
1128 984 1378 1055 λυχνείαν
1406 998 1467 1039 σε·
1506 983 1540 1055 ἢ
1575 982 1820 1054 φωτίζει,
1843 1002 1976 1056 χρυ-

390 1093 453 1132 -ι-
489 1078 609 1149 σῆν,
653 1077 902 1149 στερεὰν,
932 1076 1023 1130 τὸν
1061 1075 1263 1130 καῦλον
1307 1076 1403 1130 καὶ
1440 1078 1565 1139 τοὺς
1601 1076 1976 1148 καλαμίσκους

390 1184 457 1225 σε·
487 1168 548 1234 ἐξ
578 1168 902 1241 ἀμφοτέρων
943 1168 1053 1223 τῶν
1093 1168 1274 1240 μερῶν
1322 1169 1511 1239 αὐτῆς,
1548 1171 1613 1222 ἐκ
1652 1168 1763 1223 τῶν
1803 1170 1975 1223 καλα-

389 1276 457 1316 -ι-
488 1260 698 1332 μίσκων
724 1260 893 1331 αὐτῆς
920 1262 969 1314 οἱ
998 1259 1215 1330 βλαστοὶ
1244 1259 1539 1330 ὲξέχοντες,
1566 1264 1716 1331 τρεῖς
1752 1263 1815 1315 ἐκ
1850 1259 1975 1315 τού-

390 1367 456 1410 ·-ι-
485 1369 600 1420 του,
644 1352 740 1406 καὶ
771 1353 921 1424 τρεῖς
963 1352 1029 1406 ὲκ
1068 1351 1280 1415 τούτου,
1324 1350 1660 1423 ἐξισούμενοι
1704 1352 1973 1425 ἀλλήλοις,

389 1460 448 1499 -ι-
484 1444 582 1499 καὶ
607 1443 676 1498 τὰ
712 1443 1020 1515 λαμπάδεια
1047 1442 1227 1497 αὐτῶν
1256 1442 1292 1496 ἆ
1320 1445 1468 1496 ἐστιν
1494 1444 1589 1497 ἐπὶ
1616 1443 1727 1497 τῶν
1753 1444 1938 1517 ἄκρων
1956 1463 1970 1475 °

389 1550 453 1592 οι-
489 1535 746 1609 καρυωτὰ
774 1534 834 1600 ἐξ
859 1535 1039 1589 αὐτῶν
1069 1536 1164 1589 καὶ
1195 1534 1265 1587 τὰ
1297 1534 1530 1605 ἀνθέμια
1558 1536 1615 1588 ὲν
1646 1535 1853 1600 αὑτοῖς,
1887 1537 1977 1590 ἴνα

388 1642 455 1684 +
484 1621 617 1681 ὦσιν
666 1627 753 1680 ἐπ’
798 1628 980 1681 αὐτῶν
1024 1628 1073 1680 οἱ
1106 1626 1323 1697 λύχνοι·
1375 1627 1472 1680 καὶ
1514 1627 1577 1680 τὸ
1624 1626 1880 1699 ἁνθέμιον
1914 1631 1976 1683 τὸ

389 1734 454 1775 -ε-
496 1717 743 1790 ἕϐδομον,
782 1717 843 1771 τὸ
886 1720 973 1772 ἐπ’
1008 1719 1178 1792 ἄκρου
1221 1718 1317 1772 τοῦ
1363 1719 1700 1791 λαμπαδείου
1742 1722 1836 1775 ἐπὶ
1877 1722 1976 1793 τῆς

389 1824 455 1868 -ι-
487 1813 735 1882 κορυφῆς
761 1809 972 1865 ἄνωθεν
996 1811 1237 1885 στερεὸν,
1262 1810 1385 1864 ὅλον
1413 1811 1649 1883 χρυσοῦν
1670 1829 1685 1843 ·
1712 1814 1809 1867 καὶ
1836 1813 1979 1868 ἑπτὰ

388 1918 451 1958 -ι-
492 1902 720 1973 λύχνους
759 1902 932 1974 αὐτῆς
968 1905 1055 1957 ἐπ’
1085 1902 1278 1973 αὐτῆς,
1314 1903 1571 1974 χρυσοῦς,
1613 1904 1708 1959 καὶ
1748 1905 1847 1970 τὰς
1880 1906 1976 1960 λα-

388 2009 452 2049 -ε-
485 1994 640 2058 δίδας
677 1994 848 2064 αὐτῆς
872 1994 1105 2066 χρυσᾶς,
1139 1994 1351 2058 καὶτὰς
1378 1995 1781 2067 ὲπαρυστρίδας
1806 1997 1976 2069 αὐτῆς

387 2100 454 2141 -1-
483 2087 691 2158 χρυσᾶς
716 2088 783 2140 ὲκ
808 2084 1033 2158 χρυσίου
1056 2084 1298 2154 καθαροῦ
1326 2087 1349 2154 ζ
1379 2088 1447 2153 χ(
1467 2088 1731 2159 τορευτὴν
1752 2088 1976 2159 ἐποίησε

384 2181 456 2248 χ(
486 2179 585 2250 τὴν
614 2179 888 2249 λυχνείαν,
915 2178 1009 2232 τὸν
1034 2177 1234 2231 καῦλον
1268 2177 1439 2248 αὐτῆς
1467 2180 1565 2232 καὶ
1589 2181 1717 2244 τοὺς
1743 2180 1977 2251 καλαμί-

384 2271 455 2339 Χ
486 2285 649 2333 σκους
681 2270 870 2341 αὐτῆς,
909 2268 1004 2323 καὶ
1031 2269 1159 2332 τοὺς
1186 2269 1469 2341 κρατῆρας
1496 2269 1686 2341 αὐτῆς,
1722 2270 1817 2323 καὶ
1840 2272 1965 2334 τοὺς

383 2363 454 2430 χ(
482 2360 876 2432 σφαιρωτῆρας
905 2359 1096 2431 αὐτῆς,
1127 2359 1222 2413 καὶ
1246 2359 1315 2413 τὰ
1337 2358 1499 2431 κρίνα
1526 2360 1698 2430 αὐτῆς
1724 2358 1783 2427 ὲξ
1806 2361 1976 2432 αὐτῆς

384 2445 638 2522 Ἀεῆσαν.
685 2449 772 2505 18.
817 2448 916 2516 Ἓξ
951 2448 1008 2503 δὲ
1054 2449 1384 2520 καλαμίσκοι
1436 2449 1867 2521 ἐκπορευόμενοι
1910 2453 1975 2505 ὲκ

385 2547 453 2612 ἒ(
490 2543 734 2613 πλαγίων
768 2542 940 2614 αὐτῆς
963 2560 976 2573 ·
1018 2545 1172 2614 τρεῖς
1212 2541 1545 2613 καλαμίσκοι
1583 2542 1685 2612 τῆς
1724 2543 1975 2615 λυχνείας

388 2639 453 2704 ξς(
481 2636 546 2689 ὲκ
576 2634 670 2689 τοῦ
701 2634 917 2699 κλίτους
944 2634 1114 2706 αὐτῆς
1156 2633 1251 2688 τοῦ
1298 2633 1438 2698 ἐνὸς,
1484 2634 1581 2687 καὶ
1623 2638 1772 2708 τρεῖς
1805 2636 1975 2690 καλα-

390 2733 453 2798 5a:
483 2729 668 2801 μίσκοι
710 2730 809 2801 τῆς
847 2729 1101 2800 λυχνείας
1147 2731 1212 2783 ὲκ
1249 2727 1343 2782 τοῦ
1393 2727 1611 2793 κλίτους
1658 2728 1828 2799 αὐτῆς
1877 2730 1972 2783 τοῦ

384 2822 453 2885 ξῆ
475 2818 752 2891 δευτέρου.
781 2818 867 2874 19.
901 2819 1063 2889 Τρεῖς
1084 2818 1358 2890 κρατῆρες
1382 2820 1821 2890 ἐκτετυπωμένοι
1846 2837 1975 2892 καρ-

384 2911 452 2977 ὶε(
479 2907 702 2973 υἲσκους
722 2911 783 2963 ὲν
806 2908 1134 2980 καλαμίσκῳ
1161 2908 1239 2980 τῷ
1270 2911 1351 2963 ἐνὶ
1384 2909 1706 2982 σφαιρωτὴρ
1733 2912 1825 2965 καὶ
1855 2913 1975 2983 κρί-

384 3002 453 3066 >ς<
482 3016 604 3065 νον,
649 3001 744 3055 καὶ
784 3003 936 3073 τρεῖς
971 3000 1251 3074 κρατῆρες
1299 3000 1741 3071 ὲκτετυπωμένοι
1786 3003 1976 3074 καρυῖ-

2154 989 2243 1044 17.
2279 987 2345 1043 Et
2370 986 2498 1043 fecit
2526 988 2917 1043 candelabrum
2947 1000 3010 1041 ᾧ
3046 986 3195 1055 quod
3230 982 3523 1049 illuminat,
3569 1000 3672 1040 au-

2081 1096 2141 1137 οι-
2163 1097 2343 1142 reum.
2368 1082 2603 1138 solidum
2624 1121 2640 1145 ,
2675 1080 2876 1135 hastile
2900 1088 2955 1133 et
2983 1079 3317 1134 calamiscos
3335 1093 3402 1132 ex
3438 1086 3674 1147 utraque

2082 1189 2143 1229 οι-
2162 1184 2316 1244 parte
2339 1173 2459 1244 ejus
2488 1193 2501 1228 :
2531 1189 2600 1228 ex
2622 1171 2938 1228 calamiscis
2955 1172 3074 1240 ejus
3095 1172 3230 1225 rami
3245 1179 3534 1235 exeuntes;
3562 1178 3674 1225 tres

2080 1278 2144 1319 σι-
2170 1279 2235 1318 ex
2266 1263 2388 1329 hoc,
2411 1272 2465 1317 et
2488 1272 2596 1319 tres
2617 1278 2682 1317 ex
2708 1262 2834 1328 hoc,
2856 1261 3094 1331 aequales
3121 1259 3376 1322 invicem,
3396 1268 3450 1313 et
3475 1258 3675 1326 lampa-

2080 1369 2143 1409 οι-
2168 1354 2265 1410 des
2284 1370 2350 1409 ex
2383 1354 2539 1424 ipsis,
2563 1368 2688 1422 quae
2720 1361 2849 1408 sunt
2887 1366 3051 1421 supra
3089 1351 3432 1405 summitates
3464 1367 3478 1404 :
3506 1360 3675 1403 nuces

2079 1463 2134 1503 σε»
2166 1462 2233 1502 ex
2264 1447 2419 1517 ipsis,
2440 1454 2494 1501 et
2518 1445 2734 1501 rosazin
2777 1444 2931 1513 ipsis,
2961 1452 3023 1498 ut
3066 1444 3177 1498 sint
3225 1457 3389 1510 super
3418 1441 3539 1495 illas
3585 1439 3674 1494 lu-

2079 1554 2144 1595 +
2167 1554 2345 1594 cernae
2377 1547 2470 1594 :et
2503 1554 2631 1593 rosa
2660 1538 2891 1607 septima
2911 1575 2926 1600 ,
2962 1550 3086 1606 quae
3126 1541 3213 1590 est
3247 1548 3414 1603 supra
3444 1533 3677 1586 summis

2079 1646 2145 1687 -ι-
2172 1639 2337 1687 tatem
2372 1630 2661 1701 lampadis,
2695 1645 2860 1701 supra
2894 1641 3158 1683 cacumen
3205 1639 3452 1691 sursum,
3478 1624 3674 1691 solida,

2080 1737 2144 1778 οξ·
2170 1731 2282 1777 tota
2305 1737 2468 1777 aurea
2498 1740 2511 1776 :
2546 1729 2602 1777 et
2623 1730 2831 1790 septem
2875 1719 3132 1775 lucernas
3155 1717 3277 1786 ejus
3308 1730 3475 1785 supra
3516 1714 3672 1778 illud,

2081 1829 2146 1870 οι-
2169 1829 2395 1879 aureas;
2423 1821 2479 1869 et
2507 1812 2742 1883 forcipes
2772 1811 2895 1881 ejus
2919 1825 3142 1874 aureos,
3187 1816 3242 1863 et
3289 1806 3499 1862 fusoria
3548 1805 3671 1875 ejus

2080 1921 2146 1963 σι-
2176 1922 2345 1962 aurea
2384 1921 2453 1961 ex
2493 1921 2629 1960 auro
2672 1920 2810 1976 puro
2846 1906 2869 1973 ζ
2902 1908 2969 1973 Χ
3010 1901 3263 1957 tornatile
3304 1899 3432 1955 fecit
3473 1899 3677 1953 cande-

2077 2003 2147 2069 >ε<
2179 2000 2432 2066 labrum,
2479 1999 2675 2064 hastile
2721 1997 2879 2067 ejus,
2933 2003 2990 2050 et
3030 1993 3355 2049 calamiscos
3394 1990 3516 2059 ejus
3545 2029 3561 2055 ,
3620 1996 3677 2043 et

2078 2093 2147 2158 Χ
2178 2098 2421 2155 crateras
2446 2089 2589 2159 ejus,
2620 2097 2675 2145 et
2706 2086 3010 2158 sphmrulas
3035 2085 3187 2155 ejus;
3224 2094 3281 2138 et
3315 2082 3433 2136 lilia
3448 2080 3571 2151 ejus
3606 2095 3676 2135 ex

2080 2183 2150 2249 Χ
2185 2181 2304 2251 ipso
2329 2189 2506 2236 erant.
2539 2180 2627 2235 18.
2658 2179 2768 2235 Sex
2801 2187 2981 2234 autem
3028 2175 3309 2232 calamisci
3346 2184 3613 2229 exeuntes
3644 2186 3678 2226 e

2086 2272 2437 2342 )(lateribus
2457 2272 2578 2342 ejus
2603 2291 2616 2327 :
2649 2279 2761 2327 tres
2791 2269 3072 2327 calamisci
3103 2267 3416 2324 candelabri
3439 2281 3505 2321 ex
3536 2265 3675 2320 late-

2085 2368 2155 2435 Χ
2183 2381 2240 2422 re
2261 2367 2380 2437 ejus
2410 2382 2543 2433 uno,
2567 2374 2618 2421 et
2647 2374 2755 2419 tres
2778 2363 3058 2420 calamisci
3082 2359 3394 2416 candelabri
3420 2374 3485 2413 ex
3509 2360 3678 2412 latere

2082 2458 2157 2530 ᾖε(
2178 2458 2295 2530 ejus
2311 2458 2572 2514 secundo.
2595 2456 2681 2511 I9.
2707 2457 2844 2512 Tres
2860 2464 3100 2511 crateres
3124 2452 3417 2508 reddentes
3441 2450 3674 2506 formam

2086 2554 2157 2621 Χ
2186 2566 2414 2616 nucum,
2443 2550 2501 2605 in
2528 2550 2826 2605 calamisco
2843 2564 2956 2604 uno
2991 2547 3265 2618 sphazrula
3295 2553 3351 2599 et
3384 2544 3557 2598 lilium
3583 2560 3599 2609 ;
3622 2552 3679 2598 et

2084 2641 2153 2708 Χ
2179 2647 2289 2693 tres
2319 2648 2560 2693 crateres
2593 2638 2884 2693 reddentes
2916 2636 3151 2691 formam
3188 2649 3424 2699 nucum,
3454 2634 3513 2688 in
3531 2632 3680 2687 cala-

2084 2730 2152 2797 Β(
2177 2728 2351 2782 misco
2377 2744 2487 2783 uno
2511 2729 2784 2798 spluerula
2822 2739 2877 2785 et
2909 2729 3085 2782 lilium
3119 2746 3134 2784 :
3182 2728 3261 2782 sic
3307 2742 3407 2802 sex
3449 2725 3676 2779 calami-

2083 2822 2153 2887 >ε<
2174 2820 2281 2875 scis
2303 2821 2629 2876 exeuntibus
2660 2837 2726 2875 ex
2754 2821 3101 2876 candelabro.
3137 2818 3230 2876 20.
3258 2814 3324 2873 Et
3346 2820 3398 2871 in
3419 2816 3676 2873 caiulcla-

2082 2913 2152 2981 Β(
2189 2912 2287 2966 bro
2314 2920 2550 2983 quatuor
2585 2921 2825 2969 crateres
2856 2913 3146 2969 reddentes
3170 2912 3401 2965 formam
3428 2922 3672 2964 nucum:

2085 3008 2155 3074 Χ
2195 3006 2481 3077 sphaarulze
2504 3006 2644 3076 ejus,
2684 3015 2740 3061 et
2763 3005 2875 3061 lilia
2908 3005 3047 3075 ejus.
3108 3002 3394 3073 Sphaerula
3430 3000 3564 3057 sub.
3585 3039 3635 3054 ..
3656 3038 3672 3054 .

380 3096 453 3163 Β(
481 3111 642 3160 σκους
662 3113 678 3127 ο
715 3098 774 3150 ὲν
806 3095 886 3168 τῷ
915 3096 1243 3167 καλαμίσκῳ
1273 3095 1351 3167 τῷ
1388 3095 1469 3149 ἑνὶ
1514 3096 1832 3169 σφαιρωτὴρ
1874 3101 1969 3152 καὶ
1994 3102 2179 3172 κρίνον
2202 3119 2216 3132 ·
2243 3100 2418 3167 οὕτως
2449 3104 2562 3165 τοῖς
2590 3101 2649 3170 ἓξ
2675 3102 3039 3174 καλαμίσκοις
3078 3102 3192 3164 τοῖς
3224 3096 3677 3169 ἐκπορευομένοις

383 3189 453 3254 ι(
478 3189 544 3241 ὲκ
576 3189 676 3261 τῆς
715 3189 985 3260 λυχνείας.
1024 3188 1117 3244 20.
1163 3187 1278 3243 Καὶ
1316 3189 1375 3241 ὲν
1414 3189 1483 3259 τῇ
1528 3186 1753 3261 λυχνεία
1797 3190 2065 3265 τέσσαρες
2106 3195 2383 3268 κρατῆρες
2431 3196 2876 3268 ὲκτετυπωμένοι
2927 3192 3259 3265 καρυῖσκους
3284 3209 3297 3222 ·
3331 3194 3381 3246 οἱ
3426 3207 3672 3263 σιραιρω·

384 3286 454 3352 χ
482 3282 648 3355 τῆρες
683 3283 853 3355 αὐτῆς
904 3283 1000 3337 καὶ
1038 3282 1106 3337 τὰ
1156 3282 1318 3354 κρίνα
1371 3282 1541 3353 αὐτῆς
1564 3300 1580 3315 ο
1622 3285 1659 3336 ’ὁ
1691 3287 2011 3359 σφαιρωτὴρ
2044 3290 2150 3343 ὑπὸ
2190 3292 2433 3354 τοὺς.....

701 3422 1110 3478 ΣΥΜΜΔΧΟΣ.
2007 3427 2089 3482 0'.
2949 3426 3350 3482 ΘΕΟΔΟΤΙΩΝ.

456 3589 511 3649 1.
1247 3622 1253 3628 —
1304 3616 1309 3623 ν
1573 3592 1625 3646 1.
1664 3592 1935 3649 Κιὸωτόν.
2707 3599 2763 3652 1.

448 3686 504 3741 2,
1574 3683 1631 3739 2.
1657 3684 1961 3756 Κυμάτιον.
2011 3687 2259 3755 Ἄλλος,
2285 3689 2555 3761 χείλωμα.
2700 3689 2757 3744 2.

450 3776 508 3835 6.
1573 3774 1628 3847 6.
1682 3773 2030 3847 Ἱλαστήριον.
2077 3778 2320 3845 Ἄλλος,
2369 3777 2559 3833 θυσια-
2705 3781 2759 3834 6.

1504 3846 1744 3918 ατήριον.

457 3937 544 3994 18.
1574 3933 1658 3991 18.
1706 3936 1801 3989 Ἐκ
1828 3934 1923 3990 τοῦ
1949 3936 2164 4003 κλίτους
2194 3938 2383 3996 αὑτοῦ.
2704 3940 2795 3996 18.

494 4126 501 4131 _
701 4049 1148 4110 SYMMACHUS.
1685 4051 1833 4106 LXX
1862 4051 2367 4110 INTERPRETES.
2937 4049 3351 4110 THEODOTIO.

457 4169 506 4223 I.
1582 4168 1635 4223 1.
1656 4168 1879 4224 Arcam.
2711 4170 2761 4225 I.

454 4255 514 4313 2.
1580 4258 1637 4314 2.
1702 4259 2039 4330 Cymatium.
2090 4262 2268 4323 Alius,
2314 4263 2552 4318 labrum.
2702 4260 2759 4316 2.

454 4351 508 4406 6.
1580 4349 1637 4405 6.
1664 4349 2138 4421 Propitiatorium.
2164 4353 2341 4423 Alius,
2360 4354 2549 4410 altare.
2698 4352 2752 4406 6.

457 4443 546 4499 18.
1581 4439 1670 4494 18.
1694 4437 1774 4494 Ex
1806 4439 1974 4496 latere

2084 4441 2191 4497 ius.
2697 4445 2788 4502 18.

1180 4568 1360 4630 Nota)
1387 4572 1453 4628 et
1477 4562 1671 4627 varice
1697 4560 2018 4625 lectiones
2046 4563 2126 4625 ad
2157 4580 2296 4643 cap.
2326 4565 2638 4627 XXXVII
2669 4565 2902 4627 Exodi.

383 4699 567 4747 autem
595 4689 804 4760 Aquilae
831 4691 1017 4745 versio
1048 4706 1215 4761 supra
1239 4691 1405 4747 etiam
1429 4690 1777 4754 observatur,
1802 4703 1854 4743 c.
1880 4664 1972 4756 25,

383 4778 435 4817 ν.
472 4761 560 4816 10.
606 4762 888 4832 Signiﬁcat
915 4770 1098 4816 autem
1122 4760 1543 4832 γλωσσόκομον,
1573 4760 1852 4827 scrinium,
1885 4777 1977 4813 ar-

360 4832 576 4893 culam.
597 4831 893 4900 capsulam,
918 4834 1001 4886 vel
1029 4834 1192 4887 etiam
1225 4831 1580 4899 marsupium.

2156 4686 2222 4744 ν.
2259 4690 2314 4744 6.
2361 4689 2607 4754 Ἄλλος,
2648 4686 3052 4759 Θυσιαστήριον.
3103 4680 3195 4736 Sic
3235 4680 3582 4737 Colbertinus
3623 4688 3680 4736 et

2084 4768 2201 4814 tres
2225 4759 2401 4828 Regii.

2156 4828 2222 4884 γ.
2275 4814 2364 4886 lii.
2425 4830 2531 4897 Ἀ.,
2571 4829 2796 4902 μέρους.
2843 4827 2922 4881 Ita
2966 4820 3319 4879 Colhertinus
3368 4827 3421 4874 et
3472 4814 3678 4888 Regius

453 4900 521 4956 ν.
555 4902 612 4957 2.
646 4898 739 4973 Sic
767 4903 1116 4973 Colbertinus
1157 4913 1212 4955 et
1242 4911 1351 4957 tres
1380 4902 1553 4973 Regii.
1590 4898 1976 4959 Samaritanus
2082 4912 2251 4956 tinus.

382 4971 879 5044 hodiernuslliabet
915 4980 1049 5039 3’73,
1084 4973 1229 5043 quod
1260 4983 1348 5027 est
1386 4971 1613 5029 corona.

1552 5085 1801 5151 CAPUT
1839 5083 2181 5147 XXXVIII
2227 5081 2509 5143 EXODI.

1405 5209 1853 5287 Fragmentum
1906 5222 1986 5264 ex
2032 5202 2168 5263 cod.
2198 5198 2472 5263 Colbert.
2518 5198 2698 5263 308’s.

387 5330 701 5385 ἑπτακόσιοι
731 5330 903 5386 σίκλοι
929 5335 996 5402 >ε<
1020 5335 1080 5387 ὲν
1110 5330 1191 5404 τῷ
1223 5332 1391 5405 σίκλῳ
1417 5332 1500 5403 τῷ
1529 5331 1669 5402 ἁγίῳ
1698 5332 1720 5399 ζ
1752 5329 1970 5402 ὃράχμη

390 5422 490 5492 μία
513 5426 581 5495 τῇ
614 5425 849 5496 κεφαλῇ,
878 5426 940 5479 τὸ
963 5426 1135 5497 ἥμισυ
1161 5424 1257 5479 τοῦ
1287 5424 1473 5478 σίκλου
1502 5422 1646 5477 κατὰ
1669 5423 1763 5475 τὸν
1792 5420 1974 5474 σίκλον

2074 5327 2235 5382 clima
2284 5340 2392 5381 una
2438 5326 2624 5397 capiti,
2652 5322 2941 5380 dimidium
2972 5318 3091 5376 sicli
3137 5319 3440 5376 secundum
3478 5317 3674 5374 siclum

2078 5432 2351 5477 sanctum.
2390 5417 2584 5475 Omnis
2607 5417 2881 5473 transiens
2924 5413 3293 5470 visitationem
3336 5427 3368 5467 a
3411 5410 3676 5467 vicesimo

383 5510 478 5566 τὸν
500 5514 675 5583 ἅγιον.
701 5515 818 5579 Πᾶς
838 5516 868 5567 ὁ
890 5516 1412 5587 παραπορευόμενος
1431 5514 1531 5585 τὴν
1554 5511 1843 5583 ἐπίσκεψιν
1867 5513 1974 5565 ἀπὸ

2081 5529 2225 5568 anno
2249 5523 2511 5582 etsupra,
2549 5513 2615 5566 ad
2650 5510 2936 5579 sexaginta
2969 5506 3268 5575 myriadas,
3308 5514 3364 5560 et
3387 5512 3471 5559 ter
3523 5502 3674 5558 mille

384 5603 733 5669 εἰκοσαέτους
773 5606 868 5658 καὶ
905 5605 1093 5660 ἐπάνω
1131 5607 1212 5669 είς
1244 5607 1341 5670 τὰς
1386 5605 1649 5678 ἐξήκοντα
1685 5603 1973 5675 μυριάδας,

386 5698 481 5750 καὶ
512 5697 843 5768 τρισχιλίους
874 5699 969 5752 καὶ
1009 5698 1420 5763 πεντακοσίους,
1468 5698 1566 5754 καὶ
1614 5697 1971 5767 πεντήκοντα.

2078 5605 2360 5677 quingenti
2380 5603 2865 5674 etquinquaginta.
2885 5599 2976 5656 26.
2998 5598 3063 5653 Et
3106 5598 3253 5655 facta
3301 5605 3667 5653 suntcentum

2085 5700 2286 5755 talenta
2308 5696 2519 5770 argenti
2549 5697 2603 5749 in
2644 5694 3024 5750 conﬂatiouem
3070 5692 3448 5764 capitellorum
3484 5688 3671 5744 taber-

386 5788 474 5841 26.
511 5790 623 5842 Καὶ
644 5789 875 5860 ἐγενήθη
902 5790 971 5844 τὰ
997 5790 1191 5843 ἑκατὸν
1216 5789 1455 5845 τάλαντα
1480 5790 1576 5843 τοῦ
1604 5789 1865 5863 ἀργυρίου
1894 5790 1974 5851 είς

2085 5788 2265 5844 naculi
2292 5829 2310 5857 ,
2347 5797 2403 5843 et
2445 5788 2499 5841 in
2540 5786 2790 5856 capitella
2838 5784 3145 5845 velaminis.
3175 5783 3266 5838 27.
3302 5784 3531 5840 Centum
3575 5795 3670 5833 ca-

384 5882 483 5935 τὶκν
536 5882 797 5947 γώνευσιν
837 5884 946 5939 τῶν
996 5883 1299 5941 κευαλίδων
1349 5885 1449 5948 τῆς
1501 5883 1723 5952 σκηνῆς,
1764 5883 1854 5937 καὶ
1894 5884 1973 5944 εἰς

2085 5880 2268 5949 puella
2345 5880 2411 5936 ad
2468 5886 2685 5936 centum
2753 5877 2987 5944 talenta,
3060 5877 3326 5933 talentum
3385 5870 3661 5943 capitolia.
