4108 6472
429 382 531 440 ΒΗ

1456 381 1933 441 HEXAPLORUII
1976 382 2144 450 ΟΠΞ
2186 378 2618 438 SUPERSUNT.

3599 379 3706 436 5i!

426 500 519 557 28.
552 498 619 556 Et
637 499 883 571 quinque
903 509 959 555 et
986 508 1332 572 septuaginta
1363 500 1515 556 mille
1551 510 1608 557 et
1639 509 2011 572 septingentos

2116 500 2217 565 τὰς
2248 499 2540 569 κεφαλίδας
2564 498 2660 553 τοῦ
2689 513 3198 568 καταπετασματος.
3230 497 3321 553 27.
3367 497 3589 552 Ἑκατὸν
3615 515 3708 553 κε-

429 592 593 649 siclos
613 633 628 659 ,
666 590 795 647 fecit
820 592 875 647 in
901 592 1126 649 ansulas
1159 592 1434 648 columnis
1459 612 1472 648 :
1499 601 1553 648 et
1574 592 2012 663 inauravitcapi-

424 682 552 736 tella
583 696 796 748 earum,
823 689 880 736 et
907 681 1125 737 ornavit
1145 696 1260 737 eas.
1300 682 1393 737 29.
1427 680 1496 735 Et
1521 698 1597 737 ωε
1633 681 1970 753 demptionis
1992 721 2010 748 ,

427 773 770 844 septuaginta
795 774 999 829 talenta
1019 783 1074 829 et
1095 775 1180 830 bis
1201 774 1349 829 mille
1364 774 1749 845 quadringenti
1772 773 2012 830 sicli.30.

425 863 494 918 Et
533 864 783 920 fecerunt
812 880 878 921 ex
909 880 975 919 eo
1008 865 1168 921 bases
1201 865 1325 921 ostii
1374 865 1710 920 tabernaculi
1762 865 2014 920 testimo-

425 957 525 1023 nii,
583 959 653 1026 χ
683 968 736 1013 et
767 957 939 1012 altare
962 973 1175 1012 aeneum
1206 957 1230 1026 1
1258 967 1313 1013 et
1339 957 1773 1014 additamentum
1795 972 2012 1012 aeneum

693 1079 781 1131 ΤΟ
819 1078 1190 1132 ΕΒΡΑΙΚΟΝ.

1821 1078 1910 1131 T0
1949 1075 2302 1129 EBPAIKON

2119 591 2343 661 φαλίδες
2385 591 2467 654 είς
2506 589 2574 644 τὰ
2607 589 2806 645 ἑκατὸν
2844 588 3103 653 τάλαντα,
3136 587 3397 642 τάλαντον
3426 590 3493 660 τῇ
3529 605 3705 658 κεφα-

2119 682 2244 739 λίδι.
2272 682 2363 737 28.
2396 682 2505 736 Καὶ
2526 682 2651 745 τοὺς
2680 680 2843 734 πέντε
2865 681 2962 734 καὶ
2986 678 3360 751 ἑϐδομήκοντα
3381 679 3584 750 χιλίους
3612 679 3707 733 καὶ

2118 774 2476 837 ἑπτακοσίους
2511 771 2725 835 σίκλους
2759 771 3016 843 ἰποίησεν
3057 773 3138 836 είς
3169 770 3268 834 τὰς
3312 770 3556 839 ἀγκύλας
3591 772 3707 834 τοῖς

2122 867 2355 933 στύλοις,
2388 866 2482 919 καὶ
2500 862 2915 936 κατεχρύσωσεν
2956 862 3056 927 τὰς
3090 861 3384 931 κεφαλίδας
3405 861 3583 915 αὐτῶν
3610 861 3707 915 καὶ

2118 955 2535 1026 κατεκόσμησεν
2562 950 2779 1015 αὐτούς.
2812 950 2903 1005 29.
2928 951 3042 1004 Καὶ
3069 953 3098 1003 ὁ
3122 949 3320 1020 χαλκὸς
3350 949 3443 1004 τοῦ
3474 948 3706 1007 ἀφαιοέ-

3029 1070 3351 1141 situas.)

1748 1147 2080 1218 Ἑλληνικοῖς
2097 1145 2407 1216 γράμμασι.

1563 1330 1698 1385 '2‘.

1251 1438 1287 1484 ι
1320 1425 1393 1480 25
1608 1420 1700 1475 25.

423 1523 527 1570 ’ω
584 1520 781 1576 om
835 1521 1042 1574 nsum
1114 1513 1400 1575 W129
1611 1512 1683 1566 29

1264 1612 1471 1665 D757!“

531 1836 786 1893 VERSIO
815 1837 1143 1904 HEBRAICI
1183 1837 1390 1893 TEXT.

497 1930 552 1986 8.
580 1929 713 1997 Quae
744 1931 1091 1986 exercebant.

498 2019 590 2075 24.
615 2006 674 2074 In
701 2020 858 2076 siclo.

498 2111 590 2167 25.
622 2109 784 2166 Beca.
1605 2108 1680 2166 25

508 2200 599 2258 ἓξ).
641 2200 708 2274 Et
736 2216 812 2258 aes
867 2202 1208 2268 elevationis,
1253 2176 1474 2274 septua-

428 2272 579 2343 ginta
607 2272 829 2340 talenta,
856 2282 912 2328 et
943 2274 1054 2329 duo
1089 2274 1279 2328 millia.

1750 1834 2084 1893 VULGATA
2115 1832 2395 1889 LATINA.

1610 1930 1667 1987 8.
1702 1929 1835 1997 Quae
1863 1928 2229 1985 excubabant.

1606 2021 1703 2077 24.
1739 2020 1821 2077 Ad
1846 2034 2182 2077 mensuram.

1616 2153 1710 2256 ἐξ.
1758 2199 1910 2257 Ετὶο
1965 2214 2184 2272 quoque
2236 2199 2592 2272 oblatasunt

1543 2272 1746 2327 talenta
1783 2270 2123 2341 septuaginta
2149 2271 2271 2341 duo,
2310 2270 2501 2337 millia,
2535 2278 2592 2325 et

2721 1232 2775 1288 8.
2798 1231 3311 1305 Στρατευσαμένων.

2721 1320 2812 1376 24.
2843 1321 3002 1376 Κατὰ
3024 1319 3116 1375 τὸν
3144 1316 3407 1389 στατῆρα.

2729 1411 2824 1467 25.

2725 1501 2819 1558 29.

3060 1825 3344 1893 AQUILA.

2732 1919 2788 1976 8.
2829 1919 2962 1987 ρυπ
2986 1919 3350 1975 excubabant.

2731 2015 2825 2073 24.
2867 2014 3182 2071 Secundum
3210 2020 3495 2069 staterem.

2731 2103 2825 2160 25.

1545 2340 1926 2413 quadringenti
1964 2357 2127 2411 supra
2154 2340 2298 2396 sicli.

1187 2504 1366 2565 Nota)
1393 2508 1457 2565 et
1500 2502 1691 2564 varire
1717 2501 2033 2564 lectiones
2065 2500 2143 2562 ad
2176 2517 2314 2580 cap.
2357 2501 2702 2564 XXXVIII
2733 2499 2947 2568 Exodi

497 2605 838 2677 Postremam
871 2614 1082 2661 tantum
1111 2605 1273 2677 hujus
1307 2607 1502 2676 capitis
1533 2615 1742 2677 partem
1785 2605 2005 2677 praelert

2180 2602 2245 2678 ν.
2278 2606 2332 2659 8.
2385 2604 2490 2670 Ἀ.,
2538 2604 3049 2678 στρατευσαμένων.
3085 2603 3179 2661 Sic
3202 2602 3544 2678 Basiliensis.
3586 2601 3706 2662 Nos

427 2678 599 2732 codex
626 2675 977 2733 Colbcrtinus
1019 2676 1159 2732 3084
1184 2673 1484 2745 secundum
1518 2673 1827 2732 yersionem
1859 2673 2006 2729 LXX
2110 2677 2377 2730 vertimus
2401 2686 2463 2730 ut
2485 2673 2739 2743 vulgatus
2771 2673 3061 2745 interpres,
3096 2692 3116 2726 ί
3151 2688 3274 2743 quae
3298 2675 3698 2745 excubabant.»

429 2745 796 2818 hexaplarem.
859 2746 1063 2803 Caetera
1126 2760 1255 2802 vero
1316 2739 1480 2818 hujus
1539 2748 1738 2818 capitis
1798 2748 2005 2801 amissa

2115 2773 2181 2818 τ-
2213 2745 2442 2818 Coislin.
2485 2739 3235 2818 ’Λ.,⁷Σ.,στρατὲυσαμένων,
3263 2744 3357 2800 ubi
3383 2742 3713 2803 Basilianis

427 2825 577 2872 sunt.

2112 2815 2167 2869 id
2200 2817 2294 2870 uni
2321 2817 2534 2886 Aquilae
2563 2815 2810 2872 ascribit.

1624 2954 1881 3018 CAPUT
1925 2954 2210 3015 XXXIX
2247 2952 2533 3014 EXODI.

1628 3079 1736 3140 Ea:
1789 3077 1929 3140 cod.
1976 3077 2255 3139 Colbert.
2305 3076 2486 3138 3085.

428 3226 498 3294 χ
527 3222 580 3277 I.
599 3221 665 3279 Et
682 3222 951 3293 reliquum
973 3223 1248 3297 hyacinthi
1280 3232 1334 3278 et
1349 3238 1623 3294 purpurae,
1650 3234 1705 3279 et
1726 3223 2012 3279 coccinum

426 3315 712 3385 Xnetum
761 3312 1010 3369 fecerunt
1048 3314 1219 3369 stolas
1284 3312 1672 3368 ministeriales
1725 3313 1791 3368 ad
1845 3311 2011 3366 mini-

430 3409 498 3475 Χ
513 3406 798 3461 strandum
817 3406 871 3460 iu
890 3414 1079 3462 sancto
1101 3404 1124 3473 1
1146 3415 1200 3461 et
1213 3402 1522 3461 fecitstolas
1537 3414 1874 3471 sanctorum,
1889 3418 2013 3475 quae

428 3505 558 3552 sunt
588 3499 767 3553 Aaron
803 3511 869 3552 +
902 3498 1170 3554 sacerdoti
1204 3496 1227 3565 1
1260 3496 1404 3553 sicut
1448 3496 1701 3566 praecepit
1750 3494 2013 3551 Dominus

428 3586 620 3659 Moysi.

497 3679 553 3734 2.
587 3678 655 3733 Et
674 3677 800 3735 fecit
818 3679 1269 3749 superhumerale
1297 3694 1366 3734 ex
1404 3693 1562 3742 auro,
1586 3688 1642 3733 et
1678 3676 2011 3748 hyacintho,

428 3778 485 3826 et
505 3785 769 3840 purpura,
801 3779 857 3825 et
880 3771 1125 3837 coccino,
1158 3777 1215 3826 et
1249 3785 1383 3826 auro
1404 3779 1556 3836 ueto,
1577 3780 1633 3824 et
1659 3770 1823 3842 bysso
1847 3777 2010 3823 torta.

430 3860 466 3915 3
515 3858 581 3914 Et
607 3870 768 3915 secta'
789 3870 916 3916 sunt
936 3860 1151 3916 laminae
1181 3862 1325 3931 auri,
1376 3862 1561 3933 capilli
1607 3902 1623 3927 ,
1660 3869 1722 3916 ut
1754 3869 2013 3917 contexe-

429 3959 620 4006 reutur
642 3966 766 4006 cum
804 3951 1100 4022 hyacintho
1120 3960 1175 4007 et
1198 3969 1462 4024 purpura,
1486 3964 1541 4009 et
1569 3967 1737 4010 cocco
1768 3960 1895 4008 ueto
1913 3990 1931 4016 ,
1959 3958 2015 4006 et

430 4040 599 4113 bysso
631 4055 694 4098 +
723 4050 865 4097 torta
897 4043 919 4113 1
958 4057 1098 4112 opus
1124 4045 1331 4100 textile.
1354 4047 1410 4101 ι.
1438 4044 1925 4117 Superbumeralia
1944 4042 2015 4100 Ie-

427 4142 623 4189 cerunt
647 4133 777 4189 illud
814 4135 1192 4191 continuantia
1213 4152 1278 4192 ex
1311 4138 1560 4209 utrisque
1585 4137 1836 4208 partibus
1868 4137 2012 4207 ejus,

427 4234 683 4281 contexta
708 4244 721 4280 :
746 4241 887 4297 opus
915 4228 1099 4283 textile
1125 4228 1192 4283 ad
1219 4228 1472 4287 invicem.
1504 4230 1559 4286 5.
1589 4228 1901 4285 Secundum
1935 4241 2018 4283 se-

426 4314 606 4388 ipsum
631 4316 944 4386 etl'ecerunt,
976 4318 1273 4375 secundum
1304 4319 1479 4390 ipsius
1501 4319 1788 4387 facturam,
1815 4334 1883 4373 ex
1914 4333 2014 4372 au—

2117 3222 2184 3287 x
2234 3219 2282 3273 I.
2338 3220 2449 3291 Kal,
2495 3222 2595 3294 τὴν
2632 3223 3089 3294 καταλειφθεῖσαν
3135 3222 3388 3284 ὑάκινθον
3433 3227 3529 3279 καί
3570 3240 3707 3299 πορ-

2116 3313 2184 3380 >ε<
2219 3311 2416 3384 φύραν,
2463 3314 2559 3367 καὶ
2593 3313 2657 3367 τὸ
2696 3314 2948 3369 κόκκινον
2982 3314 3045 3369 τὸ
3080 3314 3406 3387 νενησμένον
3440 3316 3711 3388 ἐποίησαν

2115 3406 2184 3471 χ
2219 3403 2412 3467 στολὰς
2443 3405 2789 3478 λιτουργικὰς
2815 3406 2957 3461 ὥστε
2998 3407 3300 3480 λιτουργεῖν
3324 3412 3382 3467 έν
3407 3407 3486 3479 τῷ
3506 3409 3650 3480 ἁγίῳ
3677 3409 3707 3480 1

2115 3496 2210 3549 καὶ
2233 3498 2489 3568 ἐποίησεν
2503 3498 2602 3561 τὰς
2620 3499 2814 3562 στολὰς
2831 3499 2941 3553 τῶν
2958 3500 3150 3569 ἁγίων,
3168 3500 3229 3553 αἴ
3241 3502 3377 3554 εἰσιν
3413 3501 3624 3573 ’Δαρὼν
3638 3515 3707 3558 -ι-

2112 3585 2193 3656 τῷ
2224 3588 2406 3658 ἱερείζ
2444 3588 2697 3661 καθάπερ
2744 3590 3031 3656 συνέταξεν
3067 3593 3098 3644 ὁ
3126 3591 3332 3664 Κύριος
3380 3591 3459 3664 τῷ
3507 3593 3707 3665 Minui].

2184 3676 2241 3731 2.
2271 3678 2383 3731 Καὶ
2409 3678 2667 3749 ἐποίησεν
2685 3680 2783 3751 τὴν
2806 3680 3059 3751 ἐπωμίδα
3096 3683 3163 3735 ὲκ
3187 3682 3437 3753 χρυσίου,
3475 3682 3572 3736 καὶ
3606 3684 3707 3738 ὑα-

2115 3767 2321 3835 κίνθου,
2350 3770 2450 3821 καὶ
2479 3769 2786 3843 πορφύρας,
2814 3771 2911 3825 καὶ
2933 3771 3210 3835 κοκκίνου,
3242 3773 3337 3827 καὶ
3366 3773 3593 3845 χρυσίου
3615 3790 3705 3829 νε-

2115 3858 2411 3930 νησμένου,
2445 3860 2538 3912 καὶ
2573 3859 2772 3929 βύσσου
2816 3862 3226 3933 κεκλωσμένης.
3252 3864 3307 3919 3.
3349 3864 3459 3916 Καὶ
3493 3864 3707 3937 έτμήθη

2113 3951 2184 4004 τὰ
2216 3950 2429 4004 πέταιλα
2458 3949 2554 4004 τοῦ
2580 3952 2830 4024 χρυσίου,
2859 3954 3066 4026 τρίχες,
3099 3953 3238 4008 ὥστε
3274 3957 3585 4026 συνυφάναιν
3608 3956 3706 4010 σὺν

2113 4044 2182 4113 τῇ
2218 4041 2496 4114 πορφύρα,
2523 4044 2621 4097 καὶ
2664 4045 2761 4098 σὺν
2790 4044 2868 4117 τῷ
2904 4046 3142 4117 κοκκίνῳ
3171 4046 3248 4118 τῷ
3277 4046 3712 4120 διανενησμένῳ,

2115 4133 2211 4187 καὶ
2239 4134 2340 4189 σὺν
2372 4136 2440 4204 τῇ
2473 4133 2661 4205 βύσσῳ
2688 4149 2751 4191 σι-
2784 4138 2850 4208 τῇ
2896 4136 3302 4212 κεκλωσμένῃζ
3347 4138 3509 4211 ἔργον
3543 4140 3704 4210 ὑφαν-

2112 4226 2226 4281 τόν.
2277 4223 2332 4279 4.
2379 4224 2692 4297 Ἐπωμίδας
2742 4228 3009 4299 ἐποίησαν
3063 4228 3216 4293 αὐτὸ,
3266 4230 3594 4301 συνεχούσας
3644 4229 3711 4297 te

2111 4315 2440 4397 ἀμφοτέρων
2474 4316 2583 4372 τῶν
2618 4316 2803 4390 μερῶν
2822 4318 3013 4383 αὑτοῦ,
3037 4318 3521 4391 συμπεπλεγμένα,
3544 4320 3707 4395 ἔργον

426 4423 513 4473 ro,
548 4418 603 4465 et
629 4409 942 4481 hyacintho,
970 4421 1025 4466 et
1044 4425 1307 4482 purpura,
1329 4420 1385 4467 et
1410 4426 1577 4468 cocco
1601 4420 1747 4479 ueto,
1775 4422 1828 4467 et
1849 4412 2011 4484 bysso

2115 4408 2352 4478 ὐφαντὸν
2383 4410 2464 4472 είς
2493 4407 2717 4481 ἄλληλα.
2764 4409 2817 4464 5.
2853 4410 2993 4466 Καθ’
3030 4411 3193 4464 ἑαυτὸ
3225 4410 3288 4478 ἐξ
3317 4412 3484 4467 αὐτοῦ
3513 4414 3707 4485 ἐποίη-

424 4508 592 4568 torta,
616 4502 757 4557 sicut
779 4502 1032 4573 praecepit
1057 4501 1323 4559 Dominus
1348 4502 1546 4575 Moysi.
1582 4502 1636 4558 6.
1664 4501 1733 4556 Et
1763 4500 2011 4557 fecerunt

2118 4516 2219 4554 σαν
2252 4499 2393 4555 κατὰ
2423 4498 2523 4571 τὴν
2562 4500 2781 4575 ποίησιν
2802 4501 2970 4556 αὑτοῦ
3009 4503 3076 4556 ὲκ
3111 4504 3358 4575 χρυσίου,
3394 4506 3491 4559 καὶ
3517 4505 3707 4560 ὑακίν-

426 4597 692 4661 utrosque
737 4592 944 4663 lapides
990 4593 1261 4664 smaragdi
1287 4635 1305 4661 ,
1343 4593 1675 4649 constrictos
1722 4592 1906 4648 ﬁbulis
1954 4599 2011 4647 et

2116 4589 2234 4656 θου,
2259 4589 2356 4644 καὶ
2384 4591 2694 4664 πορφύρας,
2725 4592 2821 4645 καὶ
2861 4592 3117 4647 κοκκίνου
3139 4593 3583 4667 διανενησμὲνου,
3608 4595 3706 4650 καὶ

423 4682 714 4739 conclusos
735 4698 893 4746 auro,
917 4685 1161 4754 sculptos
1196 4693 1253 4740 et
1269 4699 1505 4741 excusos
1529 4683 1827 4740 excusioue
1844 4682 2006 4751 sigilli

2117 4681 2318 4753 βύσσου
2374 4683 2798 4756 κεκλωσμένης,
2843 4684 2989 4739 καθὰ
3049 4684 3305 4751 συνέταξε
3369 4686 3577 4760 Κύριος
3622 4685 3705 4758 τῷ

424 4785 492 4825 ex
515 4773 835 4830 nominibus
876 4773 1116 4830 ﬁliorum
1149 4773 1338 4833 Israel.
1379 4775 1430 4831 Ἰ.
1467 4774 1734 4846 Imposuit
1763 4790 1862 4832 cos
1909 4790 2007 4829 su-

2115 4775 2306 4847 Μωσῇ.
2354 4774 2408 4830 6.
2452 4776 2564 4830 Καὶ
2610 4776 2875 4847 ιποίησαν
2943 4777 3286 4849 ἀμφοτέρως
3344 4780 3473 4843 τοὺς
3522 4778 3704 4842 λίθους

425 4877 522 4932 per
551 4863 812 4920 humeros
835 4850 1325 4936 superbumcralis,
1353 4868 1563 4938 lapides
1591 4868 1927 4924 memorialis
1943 4867 2005 4922 ii-

2115 4868 2428 4940 σμαράγδου
2474 4869 3070 4942 συμπεπορπημένους,
3100 4872 3195 4924 καὶ
3228 4869 3701 4942 πεοισεσιαλωμέ-

427 4952 630 5011 Iiorum
667 4955 856 5025 Israel,
890 4957 1032 5013 sicut
1056 4962 1311 5030 praecepit
1342 4959 1608 5015 Dominus
1632 4958 1822 5031 Moysi.

427 5062 555 5111 νους
608 5049 835 5121 χρυσίῳ,
888 5049 1295 5122 γεγλυμμένους
1342 5050 1668 5122 ὲκκόλαμμα
1716 5050 2009 5121 σφραγίδος
2082 5050 2149 5103 ὲκ
2194 5049 2302 5104 τῶν
2342 5051 2622 5122 ὀνομάτων
2662 5052 2794 5108 υἱῶν
2873 5051 3111 5124 Ἰσραήλ.
3152 5051 3206 5104 7.
3269 5052 3567 5124 Ἐπέθηκεν
3603 5052 3704 5105 ab.

426 5140 555 5205 τοὺς
599 5141 694 5197 ἐπὶ
729 5144 855 5208 τοὺς
899 5142 1083 5214 ὤμους
1149 5146 1249 5218 τῆς
1317 5146 1605 5217 ἐπωμίδος,
1680 5146 1859 5211 λίθους
1910 5144 2253 5217 μνημοσύνου
2297 5145 2403 5199 τῶν
2434 5146 2568 5199 υἱῶν
2612 5144 2832 5219 Ἰσραὴλ
2878 5145 3019 5201 καθὰ
3058 5145 3317 5211 συνέταξε
3367 5145 3571 5217 Κύριος
3616 5143 3695 5213 τῷ

424 5237 621 5309 Μωσῇ.

499 5329 554 5387 8.
584 5330 653 5387 Et
673 5330 803 5389 fecit
836 5334 1125 5402 rationale,
1163 5350 1304 5406 opus
1351 5335 1538 5391 textile
1583 5336 1877 5402 varietate,
1920 5352 2007 5391 se-

425 5423 668 5479 cundum
709 5440 849 5497 opus
907 5427 1410 5498 superbumeralis;
1452 5444 1521 5485 ex
1555 5443 1726 5495 auro,
1774 5438 1830 5484 et
1878 5428 2009 5501 hya-

429 5513 638 5579 cintho,
680 5523 735 5571 et
757 5531 1021 5587 purpura,
1051 5526 1107 5573 et
1129 5532 1297 5573 cocco
1329 5526 1489 5581 ueto,
1527 5526 1583 5573 et
1607 5517 1774 5589 bysso
1817 5525 1956 5571 torta
1990 5535 2003 5571 :

429 5601 485 5657 9.
513 5600 958 5677 Quadrangnlum
993 5611 1062 5678 χ(
1083 5616 1201 5663 erat
1227 5608 1249 5678 1
1278 5607 1477 5678 duplex
1532 5606 1660 5663 fecit
1696 5606 2004 5662 rationale:

433 5690 732 5761 spithames
751 5694 1029 5768 longitudo
1053 5697 1192 5765 ejus,
1220 5708 1276 5753 et
1300 5699 1602 5767 spithames
1619 5697 1849 5753 latitudo
1867 5697 2010 5767 ejus,

434 5784 657 5851 duplex.
688 5786 771 5844 I0.
806 5789 1141 5847 Eteontexta
1168 5800 1252 5848 est
1293 5791 1347 5846 iu
1388 5806 1454 5847 eo
1503 5805 1563 5846 -ις
1618 5799 1832 5851 textura
1876 5790 2013 5853 lavi-

2186 5331 2240 5386 8.
2282 5331 2395 5386 Καὶ
2429 5330 2685 5403 ἐποίησεν
2723 5332 2793 5398 Χ
2838 5332 2902 5387 τὸ
2937 5332 2960 5401 1
2994 5332 3223 5402 λογεῖον,
3266 5333 3426 5405 ἔργον
3463 5336 3698 5404 ὑφαντδν

2115 5422 2359 5496 ποικιλίᾳ
2389 5422 2533 5477 κατὰ
2562 5423 2625 5476 τὸ
2653 5422 2814 5495 ἔργον
2858 5425 2959 5497 τῆς
2995 5424 3289 5496 ἐπωμίδος,
3337 5427 3404 5480 ὲκ
3447 5426 3694 5496 χρυσίου,

2114 5512 2211 5569 καὶ
2253 5511 2530 5577 ὑακίνθου,
2560 5512 2657 5567 καὶ
2695 5511 3002 5586 πορφύρας,
3032 5514 3131 5568 καὶ
3162 5502 3417 5569 θεοκκίνου
3461 5514 3701 5587 διανενη-

2118 5604 2316 5677 σμένου
2337 5645 2354 5671 ,
2397 5605 2493 5660 καὶ
2538 5603 2738 5675 βύσσου
2784 5604 3191 5678 κεκλωσμένης.
3240 5605 3295 5661 9.
3344 5605 3698 5678 Τετράγωνον

2115 5702 2184 5768 Χ
2223 5695 2292 5770 ἦν
2329 5698 2351 5766 1
2383 5696 2603 5752 διπλοῦν
2657 5697 2916 5772 εποίησεν
2967 5698 3033 5753 τὸ
3063 5699 3278 5767 λόγιονο
3327 5698 3607 5770 σπιθαμῆς
3633 5697 3697 5751 τὸ

2120 5792 2289 5856 μῆκος
2314 5789 2500 5854 αὐτοῦ,
2535 5790 2629 5845 καὶ
2658 5790 2935 5853 σπιθαμῆς
2958 5789 3019 5844 τὸ
3040 5786 3196 5849 εὖοος
3230 5787 3417 5847 αὑτοῦ.
3452 5785 3691 5842 διπλοῦν.
