  <div class='ocr_page' id='page_1' title='image "/cluster/home/n/w/nwhite01/storage/ocr_20150623/15:no.5/coo.31924054872936/272.png"; bbox 0 0 4108 6408; ppageno 0'>
   <div class='ocr_carea' id='block_1_1' title="bbox 323 399 427 453">
    <p class='ocr_par' dir='ltr' id='par_1_1' title="bbox 323 399 427 453">
     <span class='ocr_line' id='line_1_1' title="bbox 323 399 427 453; baseline -0.019 0"><span class='ocrx_word' id='word_1_1' title='bbox 323 399 427 453; x_wconf 74' lang='lat'><strong>515</strong></span> 
     </span>
    </p>
   </div>
   <div class='ocr_carea' id='block_1_2' title="bbox 325 506 1903 584">
    <p class='ocr_par' dir='ltr' id='par_1_2' title="bbox 325 506 1903 584">
     <span class='ocr_line' id='line_1_2' title="bbox 325 506 1903 584; baseline -0.003 -19"><span class='ocrx_word' id='word_1_2' title='bbox 325 527 495 584; x_wconf 80' lang='grc' dir='ltr'>ματος</span> <span class='ocrx_word' id='word_1_3' title='bbox 523 509 891 580; x_wconf 77' lang='grc' dir='ltr'>ἐϐδομήκοντα</span> <span class='ocrx_word' id='word_1_4' title='bbox 914 506 1151 562; x_wconf 76' lang='grc' dir='ltr'>τάλαντα</span> <span class='ocrx_word' id='word_1_5' title='bbox 1179 509 1271 560; x_wconf 74' lang='grc' dir='ltr'><strong>καὶ</strong></span> <span class='ocrx_word' id='word_1_6' title='bbox 1306 508 1553 578; x_wconf 75' lang='grc' dir='ltr'><strong>δισχίλιοι</strong></span> <span class='ocrx_word' id='word_1_7' title='bbox 1578 508 1671 560; x_wconf 75' lang='grc' dir='ltr'><strong>καὶ</strong></span> <span class='ocrx_word' id='word_1_8' title='bbox 1709 523 1903 577; x_wconf 86' lang='grc' dir='ltr'>τετρα-</span> 
     </span>
    </p>
   </div>
   <div class='ocr_carea' id='block_1_3' title="bbox 324 599 1904 672">
    <p class='ocr_par' dir='ltr' id='par_1_3' title="bbox 324 599 1904 672">
     <span class='ocr_line' id='line_1_3' title="bbox 324 599 1904 672; baseline -0.007 -12"><span class='ocrx_word' id='word_1_9' title='bbox 324 605 498 660; x_wconf 82' lang='grc' dir='ltr'>κόσιοι</span> <span class='ocrx_word' id='word_1_10' title='bbox 533 602 722 656; x_wconf 86' lang='grc' dir='ltr'>σίκλοι.</span> <span class='ocrx_word' id='word_1_11' title='bbox 756 600 843 656; x_wconf 79' lang='grc'><strong>50.</strong></span> <span class='ocrx_word' id='word_1_12' title='bbox 874 603 984 654; x_wconf 90' lang='lat' dir='ltr'><strong>Kal</strong></span> <span class='ocrx_word' id='word_1_13' title='bbox 1005 601 1277 672; x_wconf 74' lang='grc' dir='ltr'>ἐποίησαν</span> <span class='ocrx_word' id='word_1_14' title='bbox 1304 599 1362 664; x_wconf 79' lang='grc' dir='ltr'>ἐξ</span> <span class='ocrx_word' id='word_1_15' title='bbox 1394 599 1559 653; x_wconf 74' lang='grc' dir='ltr'>αὐτοῦ</span> <span class='ocrx_word' id='word_1_16' title='bbox 1590 599 1689 662; x_wconf 72' lang='grc' dir='ltr'><strong>τὰς</strong></span> <span class='ocrx_word' id='word_1_17' title='bbox 1721 599 1904 669; x_wconf 80' lang='grc' dir='ltr'>βάσεις</span> 
     </span>
    </p>
   </div>
   <div class='ocr_carea' id='block_1_4' title="bbox 325 693 1930 772">
    <p class='ocr_par' dir='ltr' id='par_1_4' title="bbox 325 693 1930 772">
     <span class='ocr_line' id='line_1_4' title="bbox 325 693 1930 772; baseline -0.006 -17"><span class='ocrx_word' id='word_1_18' title='bbox 325 702 422 772; x_wconf 77' lang='grc' dir='ltr'>τῆς</span> <span class='ocrx_word' id='word_1_19' title='bbox 455 700 624 772; x_wconf 84' lang='grc' dir='ltr'>θύρας</span> <span class='ocrx_word' id='word_1_20' title='bbox 650 699 748 768; x_wconf 79' lang='grc' dir='ltr'>τῆς</span> <span class='ocrx_word' id='word_1_21' title='bbox 790 699 994 770; x_wconf 84' lang='grc' dir='ltr'><strong>σκηνῆς</strong></span> <span class='ocrx_word' id='word_1_22' title='bbox 1024 697 1118 751; x_wconf 89' lang='grc' dir='ltr'><strong>τοῦ</strong></span> <span class='ocrx_word' id='word_1_23' title='bbox 1162 697 1461 768; x_wconf 80' lang='grc' dir='ltr'><strong>μαρτυρίου</strong></span> <span class='ocrx_word' id='word_1_24' title='bbox 1495 700 1563 766; x_wconf 61' lang='lat' dir='ltr'>X</span> <span class='ocrx_word' id='word_1_25' title='bbox 1601 697 1694 749; x_wconf 68' lang='grc' dir='ltr'><strong>καὶ</strong></span> <span class='ocrx_word' id='word_1_26' title='bbox 1725 695 1786 748; x_wconf 82' lang='grc' dir='ltr'><strong>τὸ</strong></span> <span class='ocrx_word' id='word_1_27' title='bbox 1817 693 1930 746; x_wconf 71' lang='grc' dir='ltr'>θυο.</span> 
     </span>
    </p>
   </div>
   <div class='ocr_carea' id='block_1_5' title="bbox 1627 393 2290 454">
    <p class='ocr_par' dir='ltr' id='par_1_5' title="bbox 1627 393 2290 454">
     <span class='ocr_line' id='line_1_5' title="bbox 1627 393 2290 454; baseline 0.012 -8"><span class='ocrx_word' id='word_1_28' title='bbox 1627 393 1833 449; x_wconf 83' lang='lat' dir='ltr'><strong>EXODI</strong></span> <span class='ocrx_word' id='word_1_29' title='bbox 1868 395 2018 451; x_wconf 81' lang='lat' dir='ltr'><strong>CAP.</strong></span> <span class='ocrx_word' id='word_1_30' title='bbox 2046 396 2290 454; x_wconf 75' lang='lat' dir='ltr'><strong>XXXIX.</strong></span> 
     </span>
    </p>
   </div>
   <div class='ocr_carea' id='block_1_6' title="bbox 3483 406 3585 460">
    <p class='ocr_par' dir='ltr' id='par_1_6' title="bbox 3483 406 3585 460">
     <span class='ocr_line' id='line_1_6' title="bbox 3483 406 3585 460; baseline 0.02 -2"><span class='ocrx_word' id='word_1_31' title='bbox 3483 406 3585 460; x_wconf 78' lang='lat' dir='ltr'><strong>5H</strong></span> 
     </span>
    </p>
   </div>
   <div class='ocr_carea' id='block_1_7' title="bbox 2007 509 3570 590">
    <p class='ocr_par' dir='ltr' id='par_1_7' title="bbox 2007 509 3570 590">
     <span class='ocr_line' id='line_1_7' title="bbox 2007 509 3570 590; baseline 0.006 -28"><span class='ocrx_word' id='word_1_32' title='bbox 2007 509 2215 574; x_wconf 87' lang='lat' dir='ltr'><strong>altaris,</strong></span> <span class='ocrx_word' id='word_1_33' title='bbox 2245 520 2299 565; x_wconf 92' lang='lat' dir='ltr'><strong>et</strong></span> <span class='ocrx_word' id='word_1_34' title='bbox 2327 512 2510 565; x_wconf 85' lang='lat' dir='ltr'><strong>omnia</strong></span> <span class='ocrx_word' id='word_1_35' title='bbox 2542 526 2670 567; x_wconf 83' lang='lat' dir='ltr'><strong>vasa</strong></span> <span class='ocrx_word' id='word_1_36' title='bbox 2692 513 2900 568; x_wconf 83' lang='lat' dir='ltr'><strong>altaris.</strong></span> <span class='ocrx_word' id='word_1_37' title='bbox 2933 515 3020 569; x_wconf 77' lang='grc'><strong>51.</strong></span> <span class='ocrx_word' id='word_1_38' title='bbox 3053 514 3120 570; x_wconf 86' lang='grc' dir='ltr'>Ει</span> <span class='ocrx_word' id='word_1_39' title='bbox 3149 516 3308 571; x_wconf 85' lang='lat' dir='ltr'><strong>bases</strong></span> <span class='ocrx_word' id='word_1_40' title='bbox 3350 518 3471 572; x_wconf 82' lang='lat' dir='ltr'><strong>atrii</strong></span> <span class='ocrx_word' id='word_1_41' title='bbox 3501 524 3570 590; x_wconf 54' lang='grc' dir='ltr'>χ(</span> 
     </span>
    </p>
   </div>
   <div class='ocr_carea' id='block_1_8' title="bbox 2009 603 3584 681">
    <p class='ocr_par' dir='ltr' id='par_1_8' title="bbox 2009 603 3584 681">
     <span class='ocr_line' id='line_1_8' title="bbox 2009 603 3584 681; baseline 0.009 -27"><span class='ocrx_word' id='word_1_42' title='bbox 2009 611 2064 654; x_wconf 87' lang='lat' dir='ltr'><strong>et</strong></span> <span class='ocrx_word' id='word_1_43' title='bbox 2107 617 2295 656; x_wconf 89' lang='lat' dir='ltr'><strong>omnes</strong></span> <span class='ocrx_word' id='word_1_44' title='bbox 2347 604 2576 672; x_wconf 85' lang='lat' dir='ltr'><strong>paxillos</strong></span> <span class='ocrx_word' id='word_1_45' title='bbox 2619 603 2952 660; x_wconf 88' lang='lat' dir='ltr'><strong>tabernaculi</strong></span> <span class='ocrx_word' id='word_1_46' title='bbox 2983 607 3005 674; x_wconf 71' lang='grc' dir='ltr'>ζ</span> <span class='ocrx_word' id='word_1_47' title='bbox 3039 619 3092 662; x_wconf 90' lang='lat' dir='ltr'><strong>et</strong></span> <span class='ocrx_word' id='word_1_48' title='bbox 3117 625 3308 665; x_wconf 86' lang='lat' dir='ltr'><strong>omnes</strong></span> <span class='ocrx_word' id='word_1_49' title='bbox 3351 613 3584 681; x_wconf 73' lang='lat' dir='ltr'><strong>parillos</strong></span> 
     </span>
    </p>
   </div>
   <div class='ocr_carea' id='block_1_9' title="bbox 2013 694 2518 750">
    <p class='ocr_par' dir='ltr' id='par_1_9' title="bbox 2013 694 2518 750">
     <span class='ocr_line' id='line_1_9' title="bbox 2013 694 2518 750; baseline 0.008 -4"><span class='ocrx_word' id='word_1_50' title='bbox 2013 694 2134 747; x_wconf 88' lang='lat' dir='ltr'><strong>atrii</strong></span> <span class='ocrx_word' id='word_1_51' title='bbox 2166 694 2221 748; x_wconf 81' lang='lat' dir='ltr'><strong>in</strong></span> <span class='ocrx_word' id='word_1_52' title='bbox 2262 694 2518 750; x_wconf 89' lang='lat' dir='ltr'><strong>circuitu.</strong></span> 
     </span>
    </p>
   </div>
   <div class='ocr_carea' id='block_1_10' title="bbox 323 783 3587 869">
    <p class='ocr_par' dir='ltr' id='par_1_10' title="bbox 323 783 3587 869">
     <span class='ocr_line' id='line_1_10' title="bbox 323 783 3587 869; baseline 0 -19"><span class='ocrx_word' id='word_1_53' title='bbox 323 795 640 866; x_wconf 82' lang='grc' dir='ltr'>σιαστήριον</span> <span class='ocrx_word' id='word_1_54' title='bbox 663 793 722 847; x_wconf 83' lang='grc' dir='ltr'><strong>τὸ</strong></span> <span class='ocrx_word' id='word_1_55' title='bbox 747 790 1022 863; x_wconf 73' lang='grc' dir='ltr'>χαλκοῦνζ</span> <span class='ocrx_word' id='word_1_56' title='bbox 1054 791 1234 844; x_wconf 78' lang='grc' dir='ltr'>καὶτὸ</span> <span class='ocrx_word' id='word_1_57' title='bbox 1261 790 1556 860; x_wconf 83' lang='grc' dir='ltr'>παράθεμα</span> <span class='ocrx_word' id='word_1_58' title='bbox 1603 789 1666 842; x_wconf 75' lang='grc' dir='ltr'>τὸ</span> <span class='ocrx_word' id='word_1_59' title='bbox 1703 785 1936 858; x_wconf 82' lang='grc' dir='ltr'><strong>χαλκοῦν</strong></span> <span class='ocrx_word' id='word_1_60' title='bbox 1971 783 2065 837; x_wconf 82' lang='grc' dir='ltr'><strong>τοῦ</strong></span> <span class='ocrx_word' id='word_1_61' title='bbox 2114 785 2520 858; x_wconf 77' lang='grc' dir='ltr'><strong>θυσιαστηρίου,</strong></span> <span class='ocrx_word' id='word_1_62' title='bbox 2567 791 2659 842; x_wconf 70' lang='grc' dir='ltr'><strong>καὶ</strong></span> <span class='ocrx_word' id='word_1_63' title='bbox 2723 790 2897 844; x_wconf 82' lang='grc' dir='ltr'>πάντα</span> <span class='ocrx_word' id='word_1_64' title='bbox 2945 792 3011 843; x_wconf 86' lang='grc' dir='ltr'><strong>τά</strong></span> <span class='ocrx_word' id='word_1_65' title='bbox 3067 795 3234 865; x_wconf 77' lang='grc' dir='ltr'>σκεύη</span> <span class='ocrx_word' id='word_1_66' title='bbox 3295 796 3587 869; x_wconf 82' lang='grc' dir='ltr'>θυσιαστη-</span> 
     </span>
    </p>
   </div>
   <div class='ocr_carea' id='block_1_11' title="bbox 325 881 2841 962">
    <p class='ocr_par' dir='ltr' id='par_1_11' title="bbox 325 881 2841 962">
     <span class='ocr_line' id='line_1_11' title="bbox 325 881 2841 962; baseline -0.004 -18"><span class='ocrx_word' id='word_1_67' title='bbox 325 891 463 962; x_wconf 88' lang='grc' dir='ltr'>ρίου.</span> <span class='ocrx_word' id='word_1_68' title='bbox 496 891 585 944; x_wconf 77' lang='grc'><strong>51.</strong></span> <span class='ocrx_word' id='word_1_69' title='bbox 621 889 732 942; x_wconf 92' lang='lat' dir='ltr'><strong>Kal</strong></span> <span class='ocrx_word' id='word_1_70' title='bbox 771 887 872 952; x_wconf 83' lang='grc' dir='ltr'>τὰς</span> <span class='ocrx_word' id='word_1_71' title='bbox 905 887 1090 958; x_wconf 83' lang='grc' dir='ltr'><strong>βάσεις</strong></span> <span class='ocrx_word' id='word_1_72' title='bbox 1117 887 1213 958; x_wconf 78' lang='grc' dir='ltr'>τῆς</span> <span class='ocrx_word' id='word_1_73' title='bbox 1245 885 1414 957; x_wconf 84' lang='grc' dir='ltr'>αὐλῆς</span> <span class='ocrx_word' id='word_1_74' title='bbox 1460 889 1529 954; x_wconf 55' lang='lat'><strong>)9:</strong></span> <span class='ocrx_word' id='word_1_75' title='bbox 1573 885 1664 940; x_wconf 73' lang='grc' dir='ltr'><strong>καὶ</strong></span> <span class='ocrx_word' id='word_1_76' title='bbox 1697 885 1904 945; x_wconf 85' lang='grc' dir='ltr'>πάντας</span> <span class='ocrx_word' id='word_1_77' title='bbox 1939 881 2065 943; x_wconf 76' lang='grc' dir='ltr'>τοὺς</span> <span class='ocrx_word' id='word_1_78' title='bbox 2099 881 2409 946; x_wconf 74' lang='grc' dir='ltr'><strong>πασσάλους</strong></span> <span class='ocrx_word' id='word_1_79' title='bbox 2440 883 2540 954; x_wconf 85' lang='grc' dir='ltr'>τῆς</span> <span class='ocrx_word' id='word_1_80' title='bbox 2569 885 2776 955; x_wconf 80' lang='grc' dir='ltr'>σκηνῆς</span> <span class='ocrx_word' id='word_1_81' title='bbox 2821 887 2841 951; x_wconf 73' lang='grc' dir='ltr'>ζ</span> 
     </span>
    </p>
   </div>
   <div class='ocr_carea' id='block_1_12' title="bbox 323 981 1090 1053">
    <p class='ocr_par' dir='ltr' id='par_1_12' title="bbox 323 981 1090 1053">
     <span class='ocr_line' id='line_1_12' title="bbox 323 981 1090 1053; baseline -0.004 -17"><span class='ocrx_word' id='word_1_82' title='bbox 323 983 519 1047; x_wconf 81' lang='grc' dir='ltr'>σάλους</span> <span class='ocrx_word' id='word_1_83' title='bbox 550 983 652 1053; x_wconf 84' lang='grc' dir='ltr'><strong>τῆς</strong></span> <span class='ocrx_word' id='word_1_84' title='bbox 684 982 854 1053; x_wconf 81' lang='grc' dir='ltr'>αὐλῆς</span> <span class='ocrx_word' id='word_1_85' title='bbox 883 981 1090 1051; x_wconf 80' lang='grc' dir='ltr'><strong>κύκλῳ.</strong></span> 
     </span>
    </p>
   </div>
   <div class='ocr_carea' id='block_1_13' title="bbox 639 1093 1048 1151">
    <p class='ocr_par' dir='ltr' id='par_1_13' title="bbox 639 1093 1048 1151">
     <span class='ocr_line' id='line_1_13' title="bbox 639 1093 1048 1151; baseline 0.007 -3"><span class='ocrx_word' id='word_1_86' title='bbox 639 1093 1048 1151; x_wconf 80' lang='grc' dir='ltr'><strong>ΣΥΜΜΑΧΟΣ.</strong></span> 
     </span>
    </p>
   </div>
   <div class='ocr_carea' id='block_1_14' title="bbox 1927 1092 2004 1139">
    <p class='ocr_par' dir='ltr' id='par_1_14' title="bbox 1927 1092 2004 1139">
     <span class='ocr_line' id='line_1_14' title="bbox 1927 1092 2004 1139; baseline 0 0"><span class='ocrx_word' id='word_1_87' title='bbox 1927 1092 2004 1139; x_wconf 86' lang='lat' dir='ltr'><strong>U&#39;.</strong></span> 
     </span>
    </p>
   </div>
   <div class='ocr_carea' id='block_1_15' title="bbox 2895 886 3585 952">
    <p class='ocr_par' dir='ltr' id='par_1_15' title="bbox 2895 886 3585 952">
     <span class='ocr_line' id='line_1_15' title="bbox 2895 886 3585 952; baseline 0.007 -14"><span class='ocrx_word' id='word_1_88' title='bbox 2895 886 2987 940; x_wconf 71' lang='grc' dir='ltr'><strong>καὶ</strong></span> <span class='ocrx_word' id='word_1_89' title='bbox 3026 887 3236 950; x_wconf 84' lang='grc' dir='ltr'>πάντας</span> <span class='ocrx_word' id='word_1_90' title='bbox 3293 891 3416 952; x_wconf 80' lang='grc' dir='ltr'>τοὺς</span> <span class='ocrx_word' id='word_1_91' title='bbox 3443 907 3585 944; x_wconf 86' lang='grc' dir='ltr'>πασ-</span> 
     </span>
    </p>
   </div>
   <div class='ocr_carea' id='block_1_16' title="bbox 2865 1085 3264 1142">
    <p class='ocr_par' dir='ltr' id='par_1_16' title="bbox 2865 1085 3264 1142">
     <span class='ocr_line' id='line_1_16' title="bbox 2865 1085 3264 1142; baseline 0.013 -5"><span class='ocrx_word' id='word_1_92' title='bbox 2865 1085 3264 1142; x_wconf 76' lang='grc' dir='ltr'><strong>ΘΕΟΔΟΤΙΩΝ.</strong></span> 
     </span>
    </p>
   </div>
   <div class='ocr_carea' id='block_1_17' title="bbox 400 1249 1901 1325">
    <p class='ocr_par' dir='ltr' id='par_1_17' title="bbox 400 1255 1901 1325">
     <span class='ocr_line' id='line_1_17' title="bbox 400 1255 1901 1325; baseline -0.005 -12"><span class='ocrx_word' id='word_1_93' title='bbox 400 1258 455 1314; x_wconf 84' lang='grc'><strong>8.</strong></span> <span class='ocrx_word' id='word_1_94' title='bbox 1507 1256 1560 1310; x_wconf 89' lang='lat'><strong>8.</strong></span> <span class='ocrx_word' id='word_1_95' title='bbox 1591 1255 1901 1325; x_wconf 76' lang='grc' dir='ltr'>Νηστευσαε</span> 
     </span>
    </p>
   </div>
   <div class='ocr_carea' id='block_1_18' title="bbox 2003 1249 2684 1325">
    <p class='ocr_par' dir='ltr' id='par_1_18' title="bbox 2003 1249 2684 1303">
     <span class='ocr_line' id='line_1_18' title="bbox 2003 1249 2684 1303; baseline -0.003 0"><span class='ocrx_word' id='word_1_96' title='bbox 2003 1292 2013 1303; x_wconf 92' lang='grc'><strong>.</strong></span> <span class='ocrx_word' id='word_1_97' title='bbox 2631 1249 2684 1302; x_wconf 89' lang='lat'><strong>8.</strong></span> 
     </span>
    </p>
   </div>
   <div class='ocr_carea' id='block_1_19' title="bbox 384 1340 2716 1404">
    <p class='ocr_par' dir='ltr' id='par_1_19' title="bbox 384 1340 2716 1404">
     <span class='ocr_line' id='line_1_19' title="bbox 384 1340 2716 1404; baseline -0.004 -2"><span class='ocrx_word' id='word_1_98' title='bbox 384 1348 476 1404; x_wconf 72' lang='lat'><strong>24.</strong></span> <span class='ocrx_word' id='word_1_99' title='bbox 1503 1347 1591 1402; x_wconf 71' lang='lat'><strong>24.</strong></span> <span class='ocrx_word' id='word_1_100' title='bbox 1630 1345 1783 1400; x_wconf 83' lang='grc' dir='ltr'>Κατά</span> <span class='ocrx_word' id='word_1_101' title='bbox 1811 1345 1902 1398; x_wconf 85' lang='grc' dir='ltr'><strong>τὸν</strong></span> <span class='ocrx_word' id='word_1_102' title='bbox 1931 1344 2130 1397; x_wconf 81' lang='grc' dir='ltr'>σίκλον.</span> <span class='ocrx_word' id='word_1_103' title='bbox 2627 1340 2716 1393; x_wconf 73' lang='grc'><strong>24.</strong></span> 
     </span>
    </p>
   </div>
   <div class='ocr_carea' id='block_1_20' title="bbox 391 1433 2712 1509">
    <p class='ocr_par' dir='ltr' id='par_1_20' title="bbox 391 1433 2712 1509">
     <span class='ocr_line' id='line_1_20' title="bbox 391 1433 2712 1509; baseline -0.003 -15"><span class='ocrx_word' id='word_1_104' title='bbox 391 1440 481 1495; x_wconf 81' lang='lat'><strong>25.</strong></span> <span class='ocrx_word' id='word_1_105' title='bbox 1503 1439 1593 1493; x_wconf 77' lang='lat'><strong>23.</strong></span> <span class='ocrx_word' id='word_1_106' title='bbox 1623 1438 1869 1509; x_wconf 86' lang='grc' dir='ltr'>Δράχμη.</span> <span class='ocrx_word' id='word_1_107' title='bbox 1905 1437 2146 1500; x_wconf 75' lang='grc' dir='ltr'>Ἄλλος,</span> <span class='ocrx_word' id='word_1_108' title='bbox 2165 1433 2477 1504; x_wconf 87' lang='grc' dir='ltr'>δίδραχμον.</span> <span class='ocrx_word' id='word_1_109' title='bbox 2621 1433 2712 1486; x_wconf 83' lang='lat'><strong>25.</strong></span> 
     </span>
    </p>
   </div>
   <div class='ocr_carea' id='block_1_21' title="bbox 390 1524 2708 1597">
    <p class='ocr_par' dir='ltr' id='par_1_21' title="bbox 390 1524 2708 1597">
     <span class='ocr_line' id='line_1_21' title="bbox 390 1524 2708 1597; baseline -0.002 -13"><span class='ocrx_word' id='word_1_110' title='bbox 390 1529 482 1587; x_wconf 78' lang='lat'><strong>29.</strong></span> <span class='ocrx_word' id='word_1_111' title='bbox 1499 1530 1588 1585; x_wconf 78' lang='lat'><strong>29.</strong></span> <span class='ocrx_word' id='word_1_112' title='bbox 1607 1527 1816 1590; x_wconf 85' lang='grc' dir='ltr'>Χαλκὺς</span> <span class='ocrx_word' id='word_1_113' title='bbox 1838 1526 2204 1597; x_wconf 77' lang='grc' dir='ltr'>ἐϐδομήκοντα</span> <span class='ocrx_word' id='word_1_114' title='bbox 2220 1524 2475 1597; x_wconf 81' lang='grc' dir='ltr'>τάλαντα,</span> <span class='ocrx_word' id='word_1_115' title='bbox 2618 1525 2708 1580; x_wconf 86' lang='lat'><strong>29.</strong></span> 
     </span>
    </p>
   </div>
   <div class='ocr_carea' id='block_1_22' title="bbox 1433 1595 2474 1668">
    <p class='ocr_par' dir='ltr' id='par_1_22' title="bbox 1433 1595 2474 1668">
     <span class='ocr_line' id='line_1_22' title="bbox 1433 1595 2474 1668; baseline -0.004 -16"><span class='ocrx_word' id='word_1_116' title='bbox 1433 1601 1528 1654; x_wconf 64' lang='grc' dir='ltr'>καὶ</span> <span class='ocrx_word' id='word_1_117' title='bbox 1570 1598 1832 1668; x_wconf 86' lang='grc' dir='ltr'>δισχίλιοι.</span> <span class='ocrx_word' id='word_1_118' title='bbox 1879 1595 2106 1668; x_wconf 68' lang='grc' dir='ltr'>Ἄλλοι,</span> <span class='ocrx_word' id='word_1_119' title='bbox 2151 1595 2474 1668; x_wconf 64' lang='grc' dir='ltr'>τετρακοσια</span> 
     </span>
    </p>
   </div>
   <div class='ocr_carea' id='block_1_23' title="bbox 1432 1664 2473 1736">
    <p class='ocr_par' dir='ltr' id='par_1_23' title="bbox 1432 1664 2473 1736">
     <span class='ocr_line' id='line_1_23' title="bbox 1432 1664 2473 1736; baseline -0.007 -13"><span class='ocrx_word' id='word_1_120' title='bbox 1432 1670 1526 1723; x_wconf 71' lang='grc' dir='ltr'>καὶ</span> <span class='ocrx_word' id='word_1_121' title='bbox 1557 1664 1923 1736; x_wconf 80' lang='grc' dir='ltr'>ἐϐδομήκοντα</span> <span class='ocrx_word' id='word_1_122' title='bbox 1963 1665 2218 1728; x_wconf 84' lang='grc' dir='ltr'>τάλαντα,</span> <span class='ocrx_word' id='word_1_123' title='bbox 2249 1665 2342 1716; x_wconf 73' lang='grc' dir='ltr'>καὶ</span> <span class='ocrx_word' id='word_1_124' title='bbox 2361 1664 2473 1717; x_wconf 86' lang='grc' dir='ltr'>δισ-</span> 
     </span>
    </p>
   </div>
   <div class='ocr_carea' id='block_1_24' title="bbox 1430 1737 2217 1808">
    <p class='ocr_par' dir='ltr' id='par_1_24' title="bbox 1430 1737 2217 1808">
     <span class='ocr_line' id='line_1_24' title="bbox 1430 1737 2217 1808; baseline -0.004 -18"><span class='ocrx_word' id='word_1_125' title='bbox 1430 1739 1608 1808; x_wconf 88' lang='grc' dir='ltr'>χίλιοι.</span> <span class='ocrx_word' id='word_1_126' title='bbox 1642 1740 1881 1802; x_wconf 73' lang='grc' dir='ltr'>Ἄλλος,</span> <span class='ocrx_word' id='word_1_127' title='bbox 1914 1737 2217 1806; x_wconf 88' lang='grc' dir='ltr'>τριακόσια.</span> 
     </span>
    </p>
   </div>
   <div class='ocr_carea' id='block_1_25' title="bbox 630 1847 1067 1908">
    <p class='ocr_par' dir='ltr' id='par_1_25' title="bbox 630 1847 1067 1908">
     <span class='ocr_line' id='line_1_25' title="bbox 630 1847 1067 1908; baseline -0.011 0"><span class='ocrx_word' id='word_1_128' title='bbox 630 1847 1067 1908; x_wconf 76' lang='lat' dir='ltr'><strong>SYMMACHUS.</strong></span> 
     </span>
    </p>
   </div>
   <div class='ocr_carea' id='block_1_26' title="bbox 389 1948 484 2278">
    <p class='ocr_par' dir='ltr' id='par_1_26' title="bbox 393 1948 446 2001">
     <span class='ocr_line' id='line_1_26' title="bbox 393 1948 446 2001; baseline -0.019 0"><span class='ocrx_word' id='word_1_129' title='bbox 393 1948 446 2001; x_wconf 86' lang='lat'><strong>8.</strong></span> 
     </span>
    </p>

    <p class='ocr_par' dir='ltr' id='par_1_27' title="bbox 389 2037 484 2278">
     <span class='ocr_line' id='line_1_27' title="bbox 389 2037 481 2092; baseline 0 0"><span class='ocrx_word' id='word_1_130' title='bbox 389 2037 481 2092; x_wconf 71' lang='lat'><strong>24.</strong></span> 
     </span>
     <span class='ocr_line' id='line_1_28' title="bbox 391 2131 482 2187; baseline -0.022 0"><span class='ocrx_word' id='word_1_131' title='bbox 391 2131 482 2187; x_wconf 83' lang='lat'><strong>25.</strong></span> 
     </span>
     <span class='ocr_line' id='line_1_29' title="bbox 393 2221 484 2278; baseline 0.033 -3"><span class='ocrx_word' id='word_1_132' title='bbox 393 2221 484 2278; x_wconf 82' lang='lat'><strong>29.</strong></span> 
     </span>
    </p>
   </div>
   <div class='ocr_carea' id='block_1_27' title="bbox 1607 1844 2286 1902">
    <p class='ocr_par' dir='ltr' id='par_1_28' title="bbox 1607 1844 2286 1902">
     <span class='ocr_line' id='line_1_30' title="bbox 1607 1844 2286 1902; baseline -0.007 0"><span class='ocrx_word' id='word_1_133' title='bbox 1607 1846 1748 1902; x_wconf 86' lang='lat' dir='ltr'><strong>LXX</strong></span> <span class='ocrx_word' id='word_1_134' title='bbox 1783 1844 2286 1900; x_wconf 82' lang='lat' dir='ltr'><strong>INTERPRETES.</strong></span> 
     </span>
    </p>
   </div>
   <div class='ocr_carea' id='block_1_28' title="bbox 1512 1938 2668 2007">
    <p class='ocr_par' dir='ltr' id='par_1_29' title="bbox 1512 1938 2668 2007">
     <span class='ocr_line' id='line_1_31' title="bbox 1512 1938 2668 2007; baseline -0.009 -15"><span class='ocrx_word' id='word_1_135' title='bbox 1512 1938 1570 1993; x_wconf 90' lang='lat'><strong>8.</strong></span> <span class='ocrx_word' id='word_1_136' title='bbox 1598 1938 2144 2007; x_wconf 69' lang='lat' dir='ltr'><strong>Quaajejunaverant.</strong></span> <span class='ocrx_word' id='word_1_137' title='bbox 2616 1939 2668 1992; x_wconf 69' lang='lat'><strong>8,</strong></span> 
     </span>
    </p>
   </div>
   <div class='ocr_carea' id='block_1_29' title="bbox 1503 2025 2707 2088">
    <p class='ocr_par' dir='ltr' id='par_1_30' title="bbox 1503 2025 2707 2088">
     <span class='ocr_line' id='line_1_32' title="bbox 1503 2025 2707 2088; baseline 0 -6"><span class='ocrx_word' id='word_1_138' title='bbox 1503 2027 1596 2082; x_wconf 70' lang='lat'><strong>24.</strong></span> <span class='ocrx_word' id='word_1_139' title='bbox 1630 2025 1943 2082; x_wconf 86' lang='lat' dir='ltr'><strong>Secundum</strong></span> <span class='ocrx_word' id='word_1_140' title='bbox 1972 2025 2187 2079; x_wconf 90' lang='lat' dir='ltr'><strong>siclum.</strong></span> <span class='ocrx_word' id='word_1_141' title='bbox 2616 2033 2707 2088; x_wconf 76' lang='grc'><strong>24.</strong></span> 
     </span>
    </p>
   </div>
   <div class='ocr_carea' id='block_1_30' title="bbox 1503 2118 2710 2176">
    <p class='ocr_par' dir='ltr' id='par_1_31' title="bbox 1503 2118 2710 2176">
     <span class='ocr_line' id='line_1_33' title="bbox 1503 2118 2710 2176; baseline 0 -2"><span class='ocrx_word' id='word_1_142' title='bbox 1503 2119 1595 2174; x_wconf 83' lang='lat'><strong>25.</strong></span> <span class='ocrx_word' id='word_1_143' title='bbox 1627 2119 1918 2175; x_wconf 87' lang='lat' dir='ltr'><strong>Drachma.</strong></span> <span class='ocrx_word' id='word_1_144' title='bbox 1952 2118 2037 2172; x_wconf 86' lang='grc' dir='ltr'><strong>ΑΙ.</strong></span> <span class='ocrx_word' id='word_1_145' title='bbox 2073 2119 2473 2174; x_wconf 86' lang='lat' dir='ltr'><strong>didrachmum.</strong></span> <span class='ocrx_word' id='word_1_146' title='bbox 2619 2122 2710 2176; x_wconf 77' lang='lat'><strong>25.</strong></span> 
     </span>
    </p>
   </div>
   <div class='ocr_carea' id='block_1_31' title="bbox 1503 2195 2702 2289">
    <p class='ocr_par' dir='ltr' id='par_1_32' title="bbox 1503 2195 2702 2289">
     <span class='ocr_line' id='line_1_34' title="bbox 1503 2195 2702 2289; baseline -0.007 -16"><span class='ocrx_word' id='word_1_147' title='bbox 1503 2219 1595 2276; x_wconf 78' lang='lat'><strong>29.</strong></span> <span class='ocrx_word' id='word_1_148' title='bbox 1651 2219 1751 2276; x_wconf 69' lang='grc' dir='ltr'>ιλεε</span> <span class='ocrx_word' id='word_1_149' title='bbox 1826 2218 2165 2289; x_wconf 79' lang='lat' dir='ltr'><strong>septuaginta</strong></span> <span class='ocrx_word' id='word_1_150' title='bbox 2225 2195 2468 2283; x_wconf 60' lang='lat' dir='ltr'><strong>talénta,</strong></span> <span class='ocrx_word' id='word_1_151' title='bbox 2611 2213 2702 2268; x_wconf 74' lang='lat'><strong>29.</strong></span> 
     </span>
    </p>
   </div>
   <div class='ocr_carea' id='block_1_32' title="bbox 2875 1845 3290 1902">
    <p class='ocr_par' dir='ltr' id='par_1_33' title="bbox 2875 1845 3290 1902">
     <span class='ocr_line' id='line_1_35' title="bbox 2875 1845 3290 1902; baseline 0 0"><span class='ocrx_word' id='word_1_152' title='bbox 2875 1845 3290 1902; x_wconf 87' lang='lat' dir='ltr'><strong>THEODOTIO.</strong></span> 
     </span>
    </p>
   </div>
   <div class='ocr_carea' id='block_1_33' title="bbox 1435 2289 2470 2359">
    <p class='ocr_par' dir='ltr' id='par_1_34' title="bbox 1435 2289 2470 2359">
     <span class='ocr_line' id='line_1_36' title="bbox 1435 2289 2470 2359; baseline -0.002 -15"><span class='ocrx_word' id='word_1_153' title='bbox 1435 2298 1492 2344; x_wconf 89' lang='lat' dir='ltr'><strong>et</strong></span> <span class='ocrx_word' id='word_1_154' title='bbox 1519 2291 1604 2345; x_wconf 91' lang='lat' dir='ltr'><strong>bis</strong></span> <span class='ocrx_word' id='word_1_155' title='bbox 1645 2291 1812 2346; x_wconf 90' lang='lat' dir='ltr'><strong>mille.</strong></span> <span class='ocrx_word' id='word_1_156' title='bbox 1850 2291 1978 2352; x_wconf 76' lang='lat' dir='ltr'><strong>Alii,</strong></span> <span class='ocrx_word' id='word_1_157' title='bbox 2007 2289 2400 2359; x_wconf 76' lang='lat' dir='ltr'><strong>quadringenta</strong></span> <span class='ocrx_word' id='word_1_158' title='bbox 2418 2300 2470 2342; x_wconf 88' lang='lat' dir='ltr'><strong>et</strong></span> 
     </span>
    </p>
   </div>
   <div class='ocr_carea' id='block_1_34' title="bbox 1436 2359 2467 2431">
    <p class='ocr_par' dir='ltr' id='par_1_35' title="bbox 1436 2359 2467 2431">
     <span class='ocr_line' id='line_1_37' title="bbox 1436 2359 2467 2431; baseline -0.003 -17"><span class='ocrx_word' id='word_1_159' title='bbox 1436 2362 1776 2431; x_wconf 79' lang='lat' dir='ltr'><strong>septuaginta</strong></span> <span class='ocrx_word' id='word_1_160' title='bbox 1812 2360 2037 2423; x_wconf 82' lang='lat' dir='ltr'><strong>talenta,</strong></span> <span class='ocrx_word' id='word_1_161' title='bbox 2081 2369 2134 2413; x_wconf 89' lang='lat' dir='ltr'><strong>et</strong></span> <span class='ocrx_word' id='word_1_162' title='bbox 2175 2359 2257 2413; x_wconf 87' lang='lat' dir='ltr'><strong>bis</strong></span> <span class='ocrx_word' id='word_1_163' title='bbox 2300 2359 2467 2412; x_wconf 91' lang='lat' dir='ltr'><strong>mille.</strong></span> 
     </span>
    </p>
   </div>
   <div class='ocr_carea' id='block_1_35' title="bbox 1435 2431 1901 2498">
    <p class='ocr_par' dir='ltr' id='par_1_36' title="bbox 1435 2431 1901 2498">
     <span class='ocr_line' id='line_1_38' title="bbox 1435 2431 1901 2498; baseline 0.004 -15"><span class='ocrx_word' id='word_1_164' title='bbox 1435 2431 1608 2498; x_wconf 77' lang='lat' dir='ltr'><strong>Alius,</strong></span> <span class='ocrx_word' id='word_1_165' title='bbox 1640 2440 1901 2486; x_wconf 85' lang='lat' dir='ltr'><strong>trecenta.</strong></span> 
     </span>
    </p>
   </div>
   <div class='ocr_carea' id='block_1_36' title="bbox 1109 2509 2836 2594">
    <p class='ocr_par' dir='ltr' id='par_1_37' title="bbox 1109 2509 2836 2594">
     <span class='ocr_line' id='line_1_39' title="bbox 1109 2509 2836 2594; baseline -0.005 -17"><span class='ocrx_word' id='word_1_166' title='bbox 1109 2517 1285 2578; x_wconf 60' lang='lat' dir='ltr'><strong>Notas</strong></span> <span class='ocrx_word' id='word_1_167' title='bbox 1313 2523 1375 2578; x_wconf 89' lang='lat' dir='ltr'><strong>et</strong></span> <span class='ocrx_word' id='word_1_168' title='bbox 1407 2520 1598 2581; x_wconf 68' lang='lat' dir='ltr'><strong>varias</strong></span> <span class='ocrx_word' id='word_1_169' title='bbox 1626 2519 1933 2582; x_wconf 87' lang='lat' dir='ltr'><strong>lectiones</strong></span> <span class='ocrx_word' id='word_1_170' title='bbox 1959 2516 2038 2578; x_wconf 86' lang='lat' dir='ltr'><strong>ad</strong></span> <span class='ocrx_word' id='word_1_171' title='bbox 2069 2534 2206 2594; x_wconf 79' lang='lat' dir='ltr'><strong>cap.</strong></span> <span class='ocrx_word' id='word_1_172' title='bbox 2239 2513 2578 2580; x_wconf 78' lang='lat' dir='ltr'><strong>XXXVIII</strong></span> <span class='ocrx_word' id='word_1_173' title='bbox 2609 2509 2836 2572; x_wconf 79' lang='lat' dir='ltr'><strong>Exodi.</strong></span> 
     </span>
    </p>
   </div>
   <div class='ocr_carea' id='block_1_37' title="bbox 393 2616 1893 2692">
    <p class='ocr_par' dir='ltr' id='par_1_38' title="bbox 393 2616 1893 2692">
     <span class='ocr_line' id='line_1_40' title="bbox 393 2616 1893 2692; baseline -0.001 -19"><span class='ocrx_word' id='word_1_174' title='bbox 393 2619 457 2675; x_wconf 77' lang='grc' dir='ltr'>ν.</span> <span class='ocrx_word' id='word_1_175' title='bbox 487 2619 724 2692; x_wconf 14' lang='grc' dir='ltr'>ἳ4.γἈ.,</span> <span class='ocrx_word' id='word_1_176' title='bbox 751 2618 1010 2692; x_wconf 69' lang='grc' dir='ltr'>κατάτδν</span> <span class='ocrx_word' id='word_1_177' title='bbox 1036 2618 1296 2692; x_wconf 80' lang='grc' dir='ltr'>στατῆρα.</span> <span class='ocrx_word' id='word_1_178' title='bbox 1345 2616 1437 2675; x_wconf 87' lang='lat' dir='ltr'><strong>Sic</strong></span> <span class='ocrx_word' id='word_1_179' title='bbox 1479 2621 1672 2692; x_wconf 89' lang='lat' dir='ltr'><strong>Aquila</strong></span> <span class='ocrx_word' id='word_1_180' title='bbox 1710 2631 1893 2675; x_wconf 80' lang='lat' dir='ltr'><strong>vo‘cem</strong></span> 
     </span>
    </p>
   </div>
   <div class='ocr_carea' id='block_1_38' title="bbox 319 2690 1100 2778">
    <p class='ocr_par' dir='ltr' id='par_1_39' title="bbox 319 2690 1100 2778">
     <span class='ocr_line' id='line_1_41' title="bbox 319 2690 1100 2778; baseline 0 0"><span class='ocrx_word' id='word_1_181' title='bbox 319 2693 447 2778; x_wconf 51' lang='grc' dir='ltr'>*με</span> <span class='ocrx_word' id='word_1_182' title='bbox 469 2691 656 2778; x_wconf 69' lang='grc' dir='ltr'><strong>νξειίες</strong></span> <span class='ocrx_word' id='word_1_183' title='bbox 796 2690 1100 2778; x_wconf 48' lang='lat' dir='ltr'><strong>Basiliensi-</strong></span> 
     </span>
    </p>
   </div>
   <div class='ocr_carea' id='block_1_39' title="bbox 395 2759 1894 2826">
    <p class='ocr_par' dir='ltr' id='par_1_40' title="bbox 395 2759 1894 2826">
     <span class='ocr_line' id='line_1_42' title="bbox 395 2759 1894 2826; baseline -0.001 -13"><span class='ocrx_word' id='word_1_184' title='bbox 395 2760 460 2815; x_wconf 87' lang='lat' dir='ltr'><strong>V.</strong></span> <span class='ocrx_word' id='word_1_185' title='bbox 490 2761 580 2816; x_wconf 74' lang='lat'><strong>25.</strong></span> <span class='ocrx_word' id='word_1_186' title='bbox 617 2760 882 2816; x_wconf 88' lang='lat' dir='ltr'><strong>Hebraico</strong></span> <span class='ocrx_word' id='word_1_187' title='bbox 911 2770 1090 2816; x_wconf 89' lang='lat' dir='ltr'><strong>autem</strong></span> <span class='ocrx_word' id='word_1_188' title='bbox 1139 2771 1290 2817; x_wconf 75' lang='lat' dir='ltr'><strong>textu</strong></span> <span class='ocrx_word' id='word_1_189' title='bbox 1325 2761 1384 2817; x_wconf 82' lang='lat' dir='ltr'><strong>V.</strong></span> <span class='ocrx_word' id='word_1_190' title='bbox 1417 2760 1508 2816; x_wconf 79' lang='lat'><strong>26.</strong></span> <span class='ocrx_word' id='word_1_191' title='bbox 1540 2763 1784 2826; x_wconf 79' lang='grc' dir='ltr'>Ἀλλος,</span> <span class='ocrx_word' id='word_1_192' title='bbox 1813 2759 1894 2812; x_wconf 86' lang='grc' dir='ltr'>δί-</span> 
     </span>
    </p>
   </div>
   <div class='ocr_carea' id='block_1_40' title="bbox 321 2829 1892 2903">
    <p class='ocr_par' dir='ltr' id='par_1_41' title="bbox 321 2829 1892 2903">
     <span class='ocr_line' id='line_1_43' title="bbox 321 2829 1892 2903; baseline 0 -20"><span class='ocrx_word' id='word_1_193' title='bbox 321 2831 580 2902; x_wconf 87' lang='grc' dir='ltr'>δραχμον,</span> <span class='ocrx_word' id='word_1_194' title='bbox 615 2847 681 2885; x_wconf 79' lang='lat' dir='ltr'><strong>ex</strong></span> <span class='ocrx_word' id='word_1_195' title='bbox 730 2829 1033 2886; x_wconf 86' lang='lat' dir='ltr'><strong>Basiliensi.</strong></span> <span class='ocrx_word' id='word_1_196' title='bbox 1057 2860 1126 2872; x_wconf 89' lang='lat'><strong>-—</strong></span> <span class='ocrx_word' id='word_1_197' title='bbox 1151 2831 1378 2890; x_wconf 87' lang='lat' dir='ltr'><strong>Coislin.</strong></span> <span class='ocrx_word' id='word_1_198' title='bbox 1423 2832 1504 2885; x_wconf 77' lang='grc' dir='ltr'><strong>Ἃ.</strong></span> <span class='ocrx_word' id='word_1_199' title='bbox 1526 2871 1541 2896; x_wconf 87' lang='grc'><strong>,</strong></span> <span class='ocrx_word' id='word_1_200' title='bbox 1576 2831 1892 2903; x_wconf 84' lang='grc' dir='ltr'>δίδραχμον.</span> 
     </span>
    </p>
   </div>
   <div class='ocr_carea' id='block_1_41' title="bbox 2005 2609 3579 2688">
    <p class='ocr_par' dir='ltr' id='par_1_42' title="bbox 2005 2609 3579 2688">
     <span class='ocr_line' id='line_1_44' title="bbox 2005 2609 3579 2688; baseline -0.006 -18"><span class='ocrx_word' id='word_1_201' title='bbox 2005 2617 2348 2688; x_wconf 17' lang='grc' dir='ltr'>Ο’,ίδράχμη.</span> <span class='ocrx_word' id='word_1_202' title='bbox 2375 2616 2430 2670; x_wconf 90' lang='lat' dir='ltr'><strong>In</strong></span> <span class='ocrx_word' id='word_1_203' title='bbox 2451 2611 2736 2688; x_wconf 85' lang='lat' dir='ltr'><strong>Basilicnsi</strong></span> <span class='ocrx_word' id='word_1_204' title='bbox 2754 2611 3070 2688; x_wconf 75' lang='grc' dir='ltr'>δίδραχμον,</span> <span class='ocrx_word' id='word_1_205' title='bbox 3093 2609 3255 2664; x_wconf 86' lang='lat' dir='ltr'><strong>tacito</strong></span> <span class='ocrx_word' id='word_1_206' title='bbox 3269 2609 3579 2688; x_wconf 68' lang='lat' dir='ltr'><strong>interprete-</strong></span> 
     </span>
    </p>
   </div>
   <div class='ocr_carea' id='block_1_42' title="bbox 2070 2659 3579 2750">
    <p class='ocr_par' dir='ltr' id='par_1_43' title="bbox 2070 2659 3579 2750">
     <span class='ocr_line' id='line_1_45' title="bbox 2070 2659 3579 2750; baseline -0.005 -12"><span class='ocrx_word' id='word_1_207' title='bbox 2070 2659 3141 2750; x_wconf 40' lang='lat' dir='ltr'><strong>vwﬁla£35535”;Eappaiaﬁ&#39;aa;</strong></span> <span class='ocrx_word' id='word_1_208' title='bbox 3153 2659 3370 2750; x_wconf 47' lang='lat' dir='ltr'><strong>allegat</strong></span> <span class='ocrx_word' id='word_1_209' title='bbox 3384 2659 3394 2662; x_wconf 76' lang='grc'><em>’</em></span> <span class='ocrx_word' id='word_1_210' title='bbox 3410 2659 3579 2750; x_wconf 51' lang='lat' dir='ltr'><strong>asas.</strong></span> 
     </span>
    </p>
   </div>
   <div class='ocr_carea' id='block_1_43' title="bbox 1999 2747 3581 2822">
    <p class='ocr_par' dir='ltr' id='par_1_44' title="bbox 1999 2747 3581 2822">
     <span class='ocr_line' id='line_1_46' title="bbox 1999 2747 3581 2822; baseline -0.006 -14"><span class='ocrx_word' id='word_1_211' title='bbox 1999 2755 2338 2822; x_wconf 84' lang='lat' dir='ltr'><strong>Basiliensis.</strong></span> <span class='ocrx_word' id='word_1_212' title='bbox 2368 2755 2485 2809; x_wconf 89' lang='lat' dir='ltr'><strong>Una</strong></span> <span class='ocrx_word' id='word_1_213' title='bbox 2511 2770 2638 2808; x_wconf 85' lang='lat' dir='ltr'><strong>vero</strong></span> <span class='ocrx_word' id='word_1_214' title='bbox 2666 2747 2826 2804; x_wconf 49' lang='lat' dir='ltr'><strong>LXX&#39;</strong></span> <span class='ocrx_word' id='word_1_215' title='bbox 2853 2747 3211 2822; x_wconf 82' lang='lat' dir='ltr'><strong>Interpretuin</strong></span> <span class='ocrx_word' id='word_1_216' title='bbox 3248 2747 3581 2822; x_wconf 69' lang='lat' dir='ltr'><strong>ﬂexaplaris</strong></span> 
     </span>
    </p>
   </div>
   <div class='ocr_carea' id='block_1_44' title="bbox 1998 2819 3536 2882">
    <p class='ocr_par' dir='ltr' id='par_1_45' title="bbox 1998 2819 3536 2882">
     <span class='ocr_line' id='line_1_47' title="bbox 1998 2819 3536 2882; baseline -0.007 -1"><span class='ocrx_word' id='word_1_217' title='bbox 1998 2819 2162 2882; x_wconf 82' lang='lat' dir='ltr'><strong>editio</strong></span> <span class='ocrx_word' id='word_1_218' title='bbox 2197 2843 2321 2882; x_wconf 92' lang='lat' dir='ltr'><strong>cum</strong></span> <span class='ocrx_word' id='word_1_219' title='bbox 2353 2826 2616 2880; x_wconf 87' lang='lat' dir='ltr'><strong>Hebraico</strong></span> <span class='ocrx_word' id='word_1_220' title='bbox 2651 2821 2944 2877; x_wconf 87' lang='lat' dir='ltr'><strong>consentit.</strong></span> <span class='ocrx_word' id='word_1_221' title='bbox 2979 2820 3199 2876; x_wconf 62' lang='lat' dir='ltr'><strong>Caetera:</strong></span> <span class='ocrx_word' id='word_1_222' title='bbox 3232 2819 3536 2874; x_wconf 87' lang='lat' dir='ltr'><strong>dissonant.</strong></span> 
     </span>
    </p>
   </div>
   <div class='ocr_carea' id='block_1_45' title="bbox 1495 2970 2382 3035">
    <p class='ocr_par' dir='ltr' id='par_1_46' title="bbox 1495 2970 2382 3035">
     <span class='ocr_line' id='line_1_48' title="bbox 1495 2970 2382 3035; baseline -0.009 0"><span class='ocrx_word' id='word_1_223' title='bbox 1495 2973 1750 3035; x_wconf 87' lang='lat' dir='ltr'><strong>CAPUT</strong></span> <span class='ocrx_word' id='word_1_224' title='bbox 1785 2973 2068 3034; x_wconf 83' lang='lat' dir='ltr'><strong>XXXIX</strong></span> <span class='ocrx_word' id='word_1_225' title='bbox 2106 2970 2382 3032; x_wconf 88' lang='lat' dir='ltr'><strong>EXODI.</strong></span> 
     </span>
    </p>
   </div>
   <div class='ocr_carea' id='block_1_46' title="bbox 1513 3091 2366 3155">
    <p class='ocr_par' dir='ltr' id='par_1_47' title="bbox 1513 3091 2366 3155">
     <span class='ocr_line' id='line_1_49' title="bbox 1513 3091 2366 3155; baseline -0.004 0"><span class='ocrx_word' id='word_1_226' title='bbox 1513 3094 1619 3155; x_wconf 82' lang='lat' dir='ltr'><strong>Ea:</strong></span> <span class='ocrx_word' id='word_1_227' title='bbox 1676 3092 1815 3154; x_wconf 90' lang='lat' dir='ltr'><strong>cod.</strong></span> <span class='ocrx_word' id='word_1_228' title='bbox 1877 3091 2366 3154; x_wconf 63' lang='lat' dir='ltr'><strong>COIbel.308&#39;4-.</strong></span> 
     </span>
    </p>
   </div>
   <div class='ocr_carea' id='block_1_47' title="bbox 322 3240 1890 3315">
    <p class='ocr_par' dir='ltr' id='par_1_48' title="bbox 322 3240 1890 3315">
     <span class='ocr_line' id='line_1_50' title="bbox 322 3240 1890 3315; baseline 0 -21"><span class='ocrx_word' id='word_1_229' title='bbox 322 3241 410 3295; x_wconf 89' lang='lat' dir='ltr'><strong>I0.</strong></span> <span class='ocrx_word' id='word_1_230' title='bbox 453 3242 563 3293; x_wconf 80' lang='grc' dir='ltr'>Και</span> <span class='ocrx_word' id='word_1_231' title='bbox 598 3242 906 3312; x_wconf 73' lang='grc' dir='ltr'>συνυφάνθη</span> <span class='ocrx_word' id='word_1_232' title='bbox 934 3244 992 3295; x_wconf 82' lang='grc' dir='ltr'>ὲν</span> <span class='ocrx_word' id='word_1_233' title='bbox 1023 3241 1170 3315; x_wconf 82' lang='grc' dir='ltr'>αὐτῷ</span> <span class='ocrx_word' id='word_1_234' title='bbox 1200 3259 1262 3299; x_wconf 59' lang='grc' dir='ltr'><strong>οξ-</strong></span> <span class='ocrx_word' id='word_1_235' title='bbox 1295 3243 1523 3314; x_wconf 78' lang='grc' dir='ltr'>ῦφασμα</span> <span class='ocrx_word' id='word_1_236' title='bbox 1553 3241 1840 3296; x_wconf 87' lang='grc' dir='ltr'>κατάλιθον</span> <span class='ocrx_word' id='word_1_237' title='bbox 1869 3240 1890 3306; x_wconf 74' lang='grc' dir='ltr'>ζ</span> 
     </span>
    </p>
   </div>
   <div class='ocr_carea' id='block_1_48' title="bbox 319 3332 1897 3406">
    <p class='ocr_par' dir='ltr' id='par_1_49' title="bbox 319 3332 1897 3406">
     <span class='ocr_line' id='line_1_51' title="bbox 319 3332 1897 3406; baseline -0.003 -18"><span class='ocrx_word' id='word_1_238' title='bbox 319 3332 688 3404; x_wconf 82' lang='grc' dir='ltr'>τετράστιχον.</span> <span class='ocrx_word' id='word_1_239' title='bbox 718 3332 895 3386; x_wconf 90' lang='grc' dir='ltr'>Λίθων</span> <span class='ocrx_word' id='word_1_240' title='bbox 929 3335 1127 3405; x_wconf 86' lang='grc' dir='ltr'>στίχος,</span> <span class='ocrx_word' id='word_1_241' title='bbox 1160 3335 1374 3406; x_wconf 81' lang='grc' dir='ltr'>σάρδιον</span> <span class='ocrx_word' id='word_1_242' title='bbox 1403 3335 1497 3388; x_wconf 68' lang='grc' dir='ltr'>καὶ</span> <span class='ocrx_word' id='word_1_243' title='bbox 1521 3333 1777 3396; x_wconf 81' lang='grc' dir='ltr'>τοπάζιον</span> <span class='ocrx_word' id='word_1_244' title='bbox 1802 3333 1897 3384; x_wconf 73' lang='grc' dir='ltr'><strong>καὶ</strong></span> 
     </span>
    </p>
   </div>
   <div class='ocr_carea' id='block_1_49' title="bbox 324 3420 1898 3495">
    <p class='ocr_par' dir='ltr' id='par_1_50' title="bbox 324 3420 1898 3495">
     <span class='ocr_line' id='line_1_52' title="bbox 324 3420 1898 3495; baseline -0.003 -19"><span class='ocrx_word' id='word_1_245' title='bbox 324 3423 654 3495; x_wconf 84' lang='grc' dir='ltr'>σμάραγδος,</span> <span class='ocrx_word' id='word_1_246' title='bbox 683 3424 711 3474; x_wconf 96' lang='lat'><strong>6</strong></span> <span class='ocrx_word' id='word_1_247' title='bbox 743 3423 922 3493; x_wconf 87' lang='grc' dir='ltr'>στίχος</span> <span class='ocrx_word' id='word_1_248' title='bbox 945 3426 974 3477; x_wconf 89' lang='lat'><strong>6</strong></span> <span class='ocrx_word' id='word_1_249' title='bbox 1003 3420 1101 3486; x_wconf 72' lang='grc' dir='ltr'>εἷς.</span> <span class='ocrx_word' id='word_1_250' title='bbox 1149 3424 1233 3478; x_wconf 93' lang='lat' dir='ltr'><strong>II.</strong></span> <span class='ocrx_word' id='word_1_251' title='bbox 1277 3423 1388 3476; x_wconf 87' lang='lat' dir='ltr'><strong>Kal</strong></span> <span class='ocrx_word' id='word_1_252' title='bbox 1425 3425 1454 3476; x_wconf 92' lang='lat'><strong>6</strong></span> <span class='ocrx_word' id='word_1_253' title='bbox 1489 3421 1668 3491; x_wconf 85' lang='grc' dir='ltr'>στίχος</span> <span class='ocrx_word' id='word_1_254' title='bbox 1706 3423 1734 3473; x_wconf 89' lang='lat'><strong>6</strong></span> <span class='ocrx_word' id='word_1_255' title='bbox 1779 3420 1898 3473; x_wconf 71' lang='grc' dir='ltr'>δεύο</span> 
     </span>
    </p>
   </div>
   <div class='ocr_carea' id='block_1_50' title="bbox 321 3509 1899 3582">
    <p class='ocr_par' dir='ltr' id='par_1_51' title="bbox 321 3509 1899 3582">
     <span class='ocr_line' id='line_1_53' title="bbox 321 3509 1899 3582; baseline -0.003 -16"><span class='ocrx_word' id='word_1_256' title='bbox 321 3529 499 3582; x_wconf 84' lang='grc' dir='ltr'>τερος,</span> <span class='ocrx_word' id='word_1_257' title='bbox 521 3510 744 3582; x_wconf 78' lang='grc' dir='ltr'>ἄνθραξ,</span> <span class='ocrx_word' id='word_1_258' title='bbox 777 3512 872 3565; x_wconf 69' lang='grc' dir='ltr'><strong>καὶ</strong></span> <span class='ocrx_word' id='word_1_259' title='bbox 897 3511 1197 3582; x_wconf 83' lang='grc' dir='ltr'>σάπφειρος</span> <span class='ocrx_word' id='word_1_260' title='bbox 1233 3513 1326 3565; x_wconf 73' lang='grc' dir='ltr'><strong>καὶ</strong></span> <span class='ocrx_word' id='word_1_261' title='bbox 1353 3511 1568 3573; x_wconf 82' lang='grc' dir='ltr'><strong>ίάσπις⁸</strong></span> <span class='ocrx_word' id='word_1_262' title='bbox 1606 3511 1693 3563; x_wconf 82' lang='lat' dir='ltr'><strong>I2.</strong></span> <span class='ocrx_word' id='word_1_263' title='bbox 1729 3509 1840 3562; x_wconf 89' lang='lat' dir='ltr'><strong>Kal</strong></span> <span class='ocrx_word' id='word_1_264' title='bbox 1870 3511 1899 3561; x_wconf 87' lang='lat'><strong>6</strong></span> 
     </span>
    </p>
   </div>
   <div class='ocr_carea' id='block_1_51' title="bbox 324 3598 1897 3676">
    <p class='ocr_par' dir='ltr' id='par_1_52' title="bbox 324 3598 1897 3676">
     <span class='ocr_line' id='line_1_54' title="bbox 324 3598 1897 3676; baseline -0.004 -19"><span class='ocrx_word' id='word_1_265' title='bbox 324 3603 551 3674; x_wconf 88' lang='grc' dir='ltr'>στίχοςὸ</span> <span class='ocrx_word' id='word_1_266' title='bbox 575 3603 776 3675; x_wconf 88' lang='grc' dir='ltr'>τρίτος,</span> <span class='ocrx_word' id='word_1_267' title='bbox 817 3603 1079 3676; x_wconf 83' lang='grc' dir='ltr'>λιγύριον,</span> <span class='ocrx_word' id='word_1_268' title='bbox 1127 3604 1222 3657; x_wconf 74' lang='grc' dir='ltr'><strong>καὶ</strong></span> <span class='ocrx_word' id='word_1_269' title='bbox 1264 3603 1504 3674; x_wconf 84' lang='grc' dir='ltr'>ἀχάτης,</span> <span class='ocrx_word' id='word_1_270' title='bbox 1547 3603 1642 3655; x_wconf 71' lang='grc' dir='ltr'><strong>καὶ</strong></span> <span class='ocrx_word' id='word_1_271' title='bbox 1687 3598 1897 3671; x_wconf 86' lang='grc' dir='ltr'>ἀμέθυ-</span> 
     </span>
    </p>
   </div>
   <div class='ocr_carea' id='block_1_52' title="bbox 324 3691 1899 3766">
    <p class='ocr_par' dir='ltr' id='par_1_53' title="bbox 324 3691 1899 3766">
     <span class='ocr_line' id='line_1_55' title="bbox 324 3691 1899 3766; baseline -0.003 -18"><span class='ocrx_word' id='word_1_272' title='bbox 324 3710 468 3757; x_wconf 86' lang='grc' dir='ltr'>στος.</span> <span class='ocrx_word' id='word_1_273' title='bbox 500 3695 588 3748; x_wconf 78' lang='grc'><strong>15.</strong></span> <span class='ocrx_word' id='word_1_274' title='bbox 639 3695 750 3747; x_wconf 87' lang='lat' dir='ltr'><strong>Kal</strong></span> <span class='ocrx_word' id='word_1_275' title='bbox 774 3696 802 3747; x_wconf 93' lang='lat'><strong>6</strong></span> <span class='ocrx_word' id='word_1_276' title='bbox 836 3694 1016 3764; x_wconf 89' lang='grc' dir='ltr'>στίχος</span> <span class='ocrx_word' id='word_1_277' title='bbox 1060 3695 1090 3746; x_wconf 89' lang='lat'><strong>6</strong></span> <span class='ocrx_word' id='word_1_278' title='bbox 1128 3694 1384 3766; x_wconf 85' lang='grc' dir='ltr'>τέταρτος</span> <span class='ocrx_word' id='word_1_279' title='bbox 1405 3733 1420 3758; x_wconf 91' lang='grc'><strong>,</strong></span> <span class='ocrx_word' id='word_1_280' title='bbox 1455 3691 1770 3764; x_wconf 83' lang='grc' dir='ltr'>χρυσόλιθος</span> <span class='ocrx_word' id='word_1_281' title='bbox 1805 3691 1899 3744; x_wconf 75' lang='grc' dir='ltr'>καὶ</span> 
     </span>
    </p>
   </div>
   <div class='ocr_carea' id='block_1_53' title="bbox 321 3781 1898 3856">
    <p class='ocr_par' dir='ltr' id='par_1_54' title="bbox 321 3781 1898 3856">
     <span class='ocr_line' id='line_1_56' title="bbox 321 3781 1898 3856; baseline -0.003 -18"><span class='ocrx_word' id='word_1_282' title='bbox 321 3785 554 3856; x_wconf 83' lang='grc' dir='ltr'>ὀνύχιον,</span> <span class='ocrx_word' id='word_1_283' title='bbox 574 3785 668 3838; x_wconf 74' lang='lat' dir='ltr'><strong>xal</strong></span> <span class='ocrx_word' id='word_1_284' title='bbox 702 3784 1007 3856; x_wconf 82' lang='grc' dir='ltr'>βηρύλλιον,</span> <span class='ocrx_word' id='word_1_285' title='bbox 1026 3783 1510 3855; x_wconf 81' lang='grc' dir='ltr'>περικεκλωσμένα</span> <span class='ocrx_word' id='word_1_286' title='bbox 1531 3783 1624 3836; x_wconf 74' lang='grc' dir='ltr'><strong>καὶ</strong></span> <span class='ocrx_word' id='word_1_287' title='bbox 1659 3781 1898 3835; x_wconf 83' lang='grc' dir='ltr'>συνδεδε-</span> 
     </span>
    </p>
   </div>
   <div class='ocr_carea' id='block_1_54' title="bbox 327 3873 1898 3949">
    <p class='ocr_par' dir='ltr' id='par_1_55' title="bbox 327 3873 1898 3949">
     <span class='ocr_line' id='line_1_57' title="bbox 327 3873 1898 3949; baseline -0.003 -18"><span class='ocrx_word' id='word_1_288' title='bbox 327 3878 466 3949; x_wconf 87' lang='grc' dir='ltr'>μένα</span> <span class='ocrx_word' id='word_1_289' title='bbox 493 3876 720 3948; x_wconf 84' lang='grc' dir='ltr'>χρυσίῳ,</span> <span class='ocrx_word' id='word_1_290' title='bbox 748 3877 806 3929; x_wconf 86' lang='grc' dir='ltr'><strong>ἐν</strong></span> <span class='ocrx_word' id='word_1_291' title='bbox 838 3875 916 3946; x_wconf 80' lang='grc' dir='ltr'><strong>τῷ</strong></span> <span class='ocrx_word' id='word_1_292' title='bbox 942 3878 1150 3947; x_wconf 86' lang='grc' dir='ltr'>χρυσίῳ</span> <span class='ocrx_word' id='word_1_293' title='bbox 1181 3875 1380 3930; x_wconf 81' lang='grc' dir='ltr'>αὐτῶν.</span> <span class='ocrx_word' id='word_1_294' title='bbox 1410 3875 1498 3929; x_wconf 77' lang='grc'><strong>14.</strong></span> <span class='ocrx_word' id='word_1_295' title='bbox 1538 3876 1648 3928; x_wconf 89' lang='lat' dir='ltr'><strong>Kal</strong></span> <span class='ocrx_word' id='word_1_296' title='bbox 1676 3876 1725 3927; x_wconf 82' lang='lat' dir='ltr'><strong>oi</strong></span> <span class='ocrx_word' id='word_1_297' title='bbox 1759 3873 1898 3927; x_wconf 86' lang='grc' dir='ltr'>λίθοι</span> 
     </span>
    </p>
   </div>
   <div class='ocr_carea' id='block_1_55' title="bbox 324 3963 1900 4040">
    <p class='ocr_par' dir='ltr' id='par_1_56' title="bbox 324 3963 1900 4040">
     <span class='ocr_line' id='line_1_58' title="bbox 324 3963 1900 4040; baseline -0.001 -20"><span class='ocrx_word' id='word_1_298' title='bbox 324 3970 392 4020; x_wconf 86' lang='grc' dir='ltr'><strong>ἐκ</strong></span> <span class='ocrx_word' id='word_1_299' title='bbox 418 3966 524 4021; x_wconf 85' lang='grc' dir='ltr'>τῶν</span> <span class='ocrx_word' id='word_1_300' title='bbox 558 3967 837 4038; x_wconf 77' lang='grc' dir='ltr'>ὀνομάτων</span> <span class='ocrx_word' id='word_1_301' title='bbox 865 3965 972 4019; x_wconf 85' lang='grc' dir='ltr'>τῶν</span> <span class='ocrx_word' id='word_1_302' title='bbox 997 3966 1128 4019; x_wconf 83' lang='grc' dir='ltr'>υἱῶν</span> <span class='ocrx_word' id='word_1_303' title='bbox 1169 3967 1387 4040; x_wconf 80' lang='grc' dir='ltr'>Ἰσραὴλ</span> <span class='ocrx_word' id='word_1_304' title='bbox 1407 3963 1546 4038; x_wconf 79' lang='grc' dir='ltr'>ἦσαν</span> <span class='ocrx_word' id='word_1_305' title='bbox 1565 4006 1579 4030; x_wconf 95' lang='grc'><strong>,</strong></span> <span class='ocrx_word' id='word_1_306' title='bbox 1604 3965 1810 4019; x_wconf 82' lang='grc' dir='ltr'>δώδεκα</span> <span class='ocrx_word' id='word_1_307' title='bbox 1836 3968 1900 4018; x_wconf 83' lang='grc' dir='ltr'><strong>ὲκ</strong></span> 
     </span>
    </p>
   </div>
   <div class='ocr_carea' id='block_1_56' title="bbox 321 4057 1897 4128">
    <p class='ocr_par' dir='ltr' id='par_1_57' title="bbox 321 4057 1897 4128">
     <span class='ocr_line' id='line_1_59' title="bbox 321 4057 1897 4128; baseline -0.003 -14"><span class='ocrx_word' id='word_1_308' title='bbox 321 4058 434 4114; x_wconf 80' lang='grc' dir='ltr'>τῶν</span> <span class='ocrx_word' id='word_1_309' title='bbox 459 4058 736 4128; x_wconf 78' lang='grc' dir='ltr'>ὀνομάτων</span> <span class='ocrx_word' id='word_1_310' title='bbox 768 4057 969 4122; x_wconf 85' lang='grc' dir='ltr'>αὐτῶν,</span> <span class='ocrx_word' id='word_1_311' title='bbox 991 4058 1422 4128; x_wconf 81' lang='grc' dir='ltr'>ἐγγεγλυμμένοι</span> <span class='ocrx_word' id='word_1_312' title='bbox 1460 4061 1539 4120; x_wconf 89' lang='grc' dir='ltr'><strong>είς</strong></span> <span class='ocrx_word' id='word_1_313' title='bbox 1577 4057 1897 4128; x_wconf 82' lang='grc' dir='ltr'>σφραγίδας,</span> 
     </span>
    </p>
   </div>
   <div class='ocr_carea' id='block_1_57' title="bbox 322 4147 1903 4218">
    <p class='ocr_par' dir='ltr' id='par_1_58' title="bbox 322 4147 1903 4218">
     <span class='ocr_line' id='line_1_60' title="bbox 322 4147 1903 4218; baseline -0.001 -16"><span class='ocrx_word' id='word_1_314' title='bbox 322 4149 552 4212; x_wconf 69' lang='grc' dir='ltr'>ἕκαστος</span> <span class='ocrx_word' id='word_1_315' title='bbox 588 4149 652 4202; x_wconf 75' lang='grc' dir='ltr'><strong>ἐκ</strong></span> <span class='ocrx_word' id='word_1_316' title='bbox 684 4147 773 4201; x_wconf 87' lang='grc' dir='ltr'><strong>τοῦ</strong></span> <span class='ocrx_word' id='word_1_317' title='bbox 805 4148 1066 4218; x_wconf 80' lang='grc' dir='ltr'>ὀνόματος</span> <span class='ocrx_word' id='word_1_318' title='bbox 1105 4147 1270 4201; x_wconf 82' lang='grc' dir='ltr'>αὑτοῦ</span> <span class='ocrx_word' id='word_1_319' title='bbox 1324 4150 1404 4212; x_wconf 83' lang='grc' dir='ltr'><strong>είς</strong></span> <span class='ocrx_word' id='word_1_320' title='bbox 1428 4149 1526 4212; x_wconf 82' lang='grc' dir='ltr'>τὰς</span> <span class='ocrx_word' id='word_1_321' title='bbox 1554 4148 1767 4203; x_wconf 84' lang='grc' dir='ltr'>δώδεκα</span> <span class='ocrx_word' id='word_1_322' title='bbox 1803 4166 1903 4218; x_wconf 82' lang='grc' dir='ltr'><strong>φυ-</strong></span> 
     </span>
    </p>
   </div>
   <div class='ocr_carea' id='block_1_58' title="bbox 321 4235 1900 4310">
    <p class='ocr_par' dir='ltr' id='par_1_59' title="bbox 321 4235 1900 4310">
     <span class='ocr_line' id='line_1_61' title="bbox 321 4235 1900 4310; baseline -0.001 -16"><span class='ocrx_word' id='word_1_323' title='bbox 321 4241 441 4304; x_wconf 87' lang='grc' dir='ltr'>λάς.</span> <span class='ocrx_word' id='word_1_324' title='bbox 471 4240 556 4294; x_wconf 84' lang='grc'><strong>15.</strong></span> <span class='ocrx_word' id='word_1_325' title='bbox 593 4239 703 4293; x_wconf 88' lang='lat' dir='ltr'><strong>Kal</strong></span> <span class='ocrx_word' id='word_1_326' title='bbox 732 4238 994 4310; x_wconf 78' lang='grc' dir='ltr'>ἐποίησαν</span> <span class='ocrx_word' id='word_1_327' title='bbox 1019 4239 1111 4290; x_wconf 76' lang='grc' dir='ltr'><strong>ἐπὶ</strong></span> <span class='ocrx_word' id='word_1_328' title='bbox 1138 4239 1198 4291; x_wconf 82' lang='grc' dir='ltr'><strong>τὸ</strong></span> <span class='ocrx_word' id='word_1_329' title='bbox 1223 4235 1410 4306; x_wconf 79' lang='grc' dir='ltr'>λόγιον</span> <span class='ocrx_word' id='word_1_330' title='bbox 1446 4241 1729 4310; x_wconf 82' lang='grc' dir='ltr'>κρωσσοὺς</span> <span class='ocrx_word' id='word_1_331' title='bbox 1765 4257 1900 4310; x_wconf 88' lang='grc' dir='ltr'>συμ-</span> 
     </span>
    </p>
   </div>
   <div class='ocr_carea' id='block_1_59' title="bbox 320 4329 1898 4402">
    <p class='ocr_par' dir='ltr' id='par_1_60' title="bbox 320 4329 1898 4402">
     <span class='ocr_line' id='line_1_62' title="bbox 320 4329 1898 4402; baseline -0.001 -17"><span class='ocrx_word' id='word_1_332' title='bbox 320 4331 752 4402; x_wconf 82' lang='grc' dir='ltr'>πεπλεγμένους,</span> <span class='ocrx_word' id='word_1_333' title='bbox 789 4330 946 4402; x_wconf 76' lang='grc' dir='ltr'>ἔργον</span> <span class='ocrx_word' id='word_1_334' title='bbox 981 4329 1273 4401; x_wconf 85' lang='grc' dir='ltr'>ἐμπλοκίου</span> <span class='ocrx_word' id='word_1_335' title='bbox 1298 4369 1314 4395; x_wconf 93' lang='grc'><strong>,</strong></span> <span class='ocrx_word' id='word_1_336' title='bbox 1359 4331 1425 4383; x_wconf 85' lang='grc' dir='ltr'><strong>ἐκ</strong></span> <span class='ocrx_word' id='word_1_337' title='bbox 1461 4330 1684 4400; x_wconf 90' lang='grc' dir='ltr'>χρυσίου</span> <span class='ocrx_word' id='word_1_338' title='bbox 1727 4330 1898 4385; x_wconf 87' lang='grc' dir='ltr'>καθα-</span> 
     </span>
    </p>
   </div>
   <div class='ocr_carea' id='block_1_60' title="bbox 326 4418 1902 4492">
    <p class='ocr_par' dir='ltr' id='par_1_61' title="bbox 326 4418 1902 4492">
     <span class='ocr_line' id='line_1_63' title="bbox 326 4418 1902 4492; baseline 0.002 -19"><span class='ocrx_word' id='word_1_339' title='bbox 326 4419 445 4492; x_wconf 86' lang='grc' dir='ltr'>ροῦ.</span> <span class='ocrx_word' id='word_1_340' title='bbox 484 4420 570 4474; x_wconf 84' lang='lat' dir='ltr'><strong>I6.</strong></span> <span class='ocrx_word' id='word_1_341' title='bbox 605 4421 714 4473; x_wconf 85' lang='lat' dir='ltr'><strong>Kal</strong></span> <span class='ocrx_word' id='word_1_342' title='bbox 753 4421 1015 4490; x_wconf 83' lang='grc' dir='ltr'>ἐποίησαν</span> <span class='ocrx_word' id='word_1_343' title='bbox 1059 4418 1151 4472; x_wconf 78' lang='grc' dir='ltr'>δύο</span> <span class='ocrx_word' id='word_1_344' title='bbox 1191 4419 1516 4482; x_wconf 88' lang='grc' dir='ltr'>ἀσπιδίσκας</span> <span class='ocrx_word' id='word_1_345' title='bbox 1560 4423 1768 4492; x_wconf 80' lang='grc' dir='ltr'>χρυσᾶς</span> <span class='ocrx_word' id='word_1_346' title='bbox 1807 4424 1902 4476; x_wconf 76' lang='grc' dir='ltr'><strong>καὶ</strong></span> 
     </span>
    </p>
   </div>
   <div class='ocr_carea' id='block_1_61' title="bbox 321 4511 1901 4582">
    <p class='ocr_par' dir='ltr' id='par_1_62' title="bbox 321 4511 1901 4582">
     <span class='ocr_line' id='line_1_64' title="bbox 321 4511 1901 4582; baseline 0.002 -18"><span class='ocrx_word' id='word_1_347' title='bbox 321 4511 417 4565; x_wconf 82' lang='grc' dir='ltr'>δύο</span> <span class='ocrx_word' id='word_1_348' title='bbox 447 4511 761 4574; x_wconf 83' lang='grc' dir='ltr'>δακτυλίους</span> <span class='ocrx_word' id='word_1_349' title='bbox 783 4511 1035 4582; x_wconf 84' lang='grc' dir='ltr'>χρυσοῦς,</span> <span class='ocrx_word' id='word_1_350' title='bbox 1062 4511 1156 4564; x_wconf 76' lang='grc' dir='ltr'><strong>καὶ</strong></span> <span class='ocrx_word' id='word_1_351' title='bbox 1189 4511 1466 4582; x_wconf 73' lang='grc' dir='ltr'>ἐπέθηκαν</span> <span class='ocrx_word' id='word_1_352' title='bbox 1500 4513 1594 4565; x_wconf 77' lang='grc' dir='ltr'><strong>ἐπὶ</strong></span> <span class='ocrx_word' id='word_1_353' title='bbox 1635 4515 1762 4577; x_wconf 83' lang='grc' dir='ltr'>τοὺς</span> <span class='ocrx_word' id='word_1_354' title='bbox 1808 4514 1901 4568; x_wconf 83' lang='grc' dir='ltr'><strong>δύο</strong></span> 
     </span>
    </p>
   </div>
   <div class='ocr_carea' id='block_1_62' title="bbox 322 4583 1904 4675">
    <p class='ocr_par' dir='ltr' id='par_1_63' title="bbox 322 4583 1904 4675">
     <span class='ocr_line' id='line_1_65' title="bbox 322 4583 1904 4675; baseline 0.002 -21"><span class='ocrx_word' id='word_1_355' title='bbox 322 4601 641 4664; x_wconf 85' lang='grc' dir='ltr'>δακτυλίους</span> <span class='ocrx_word' id='word_1_356' title='bbox 669 4615 733 4657; x_wconf 75' lang='grc' dir='ltr'><strong>-ι-</strong></span> <span class='ocrx_word' id='word_1_357' title='bbox 771 4603 896 4665; x_wconf 85' lang='grc' dir='ltr'>τοὺς</span> <span class='ocrx_word' id='word_1_358' title='bbox 915 4600 1150 4672; x_wconf 81' lang='grc' dir='ltr'>χρυσοῦς</span> <span class='ocrx_word' id='word_1_359' title='bbox 1184 4602 1206 4668; x_wconf 73' lang='grc' dir='ltr'>ζ</span> <span class='ocrx_word' id='word_1_360' title='bbox 1235 4603 1322 4654; x_wconf 76' lang='grc' dir='ltr'>ἐπ’</span> <span class='ocrx_word' id='word_1_361' title='bbox 1346 4583 1662 4674; x_wconf 66' lang='grc' dir='ltr'>ἀμφοτέρας</span> <span class='ocrx_word' id='word_1_362' title='bbox 1684 4604 1782 4667; x_wconf 88' lang='grc' dir='ltr'><strong>τάς</strong></span> <span class='ocrx_word' id='word_1_363' title='bbox 1804 4605 1904 4675; x_wconf 92' lang='grc' dir='ltr'>ἀρ-</span> 
     </span>
    </p>
   </div>
   <div class='ocr_carea' id='block_1_63' title="bbox 323 4691 1905 4765">
    <p class='ocr_par' dir='ltr' id='par_1_64' title="bbox 323 4691 1905 4765">
     <span class='ocr_line' id='line_1_66' title="bbox 323 4691 1905 4765; baseline 0.002 -18"><span class='ocrx_word' id='word_1_364' title='bbox 323 4693 426 4764; x_wconf 89' lang='grc' dir='ltr'><strong>χάς</strong></span> <span class='ocrx_word' id='word_1_365' title='bbox 469 4691 560 4746; x_wconf 81' lang='grc' dir='ltr'><strong>τοῦ</strong></span> <span class='ocrx_word' id='word_1_366' title='bbox 601 4692 832 4761; x_wconf 86' lang='grc' dir='ltr'>λογείου.</span> <span class='ocrx_word' id='word_1_367' title='bbox 870 4694 956 4746; x_wconf 83' lang='grc'><strong>17.</strong></span> <span class='ocrx_word' id='word_1_368' title='bbox 980 4693 1091 4746; x_wconf 85' lang='lat' dir='ltr'><strong>Kal</strong></span> <span class='ocrx_word' id='word_1_369' title='bbox 1125 4694 1398 4763; x_wconf 80' lang='grc' dir='ltr'>ἐπέθηκαν</span> <span class='ocrx_word' id='word_1_370' title='bbox 1438 4695 1508 4748; x_wconf 76' lang='grc' dir='ltr'>τὰ</span> <span class='ocrx_word' id='word_1_371' title='bbox 1544 4695 1814 4765; x_wconf 84' lang='grc' dir='ltr'>ὲμπλόκια</span> <span class='ocrx_word' id='word_1_372' title='bbox 1841 4699 1905 4750; x_wconf 83' lang='grc' dir='ltr'><strong>ἐκ</strong></span> 
     </span>
    </p>
   </div>
   <div class='ocr_carea' id='block_1_64' title="bbox 323 4781 1904 4857">
    <p class='ocr_par' dir='ltr' id='par_1_65' title="bbox 323 4781 1904 4857">
     <span class='ocr_line' id='line_1_67' title="bbox 323 4781 1904 4857; baseline 0.003 -20"><span class='ocrx_word' id='word_1_373' title='bbox 323 4784 546 4857; x_wconf 84' lang='grc' dir='ltr'>χρυσίου</span> <span class='ocrx_word' id='word_1_374' title='bbox 573 4784 663 4838; x_wconf 73' lang='grc' dir='ltr'>ἐπὶ</span> <span class='ocrx_word' id='word_1_375' title='bbox 691 4786 817 4847; x_wconf 82' lang='grc' dir='ltr'>τοὺς</span> <span class='ocrx_word' id='word_1_376' title='bbox 844 4781 936 4836; x_wconf 80' lang='grc' dir='ltr'><strong>δύο</strong></span> <span class='ocrx_word' id='word_1_377' title='bbox 962 4784 1279 4848; x_wconf 84' lang='grc' dir='ltr'>δακτυλίους</span> <span class='ocrx_word' id='word_1_378' title='bbox 1299 4786 1386 4838; x_wconf 78' lang='grc' dir='ltr'>ἐπ’</span> <span class='ocrx_word' id='word_1_379' title='bbox 1419 4786 1749 4856; x_wconf 76' lang='grc' dir='ltr'>ἀμφοτέρων</span> <span class='ocrx_word' id='word_1_380' title='bbox 1798 4787 1904 4842; x_wconf 86' lang='grc' dir='ltr'>τῶν</span> 
     </span>
    </p>
   </div>
   <div class='ocr_carea' id='block_1_65' title="bbox 328 4871 1906 4947">
    <p class='ocr_par' dir='ltr' id='par_1_66' title="bbox 328 4871 1906 4947">
     <span class='ocr_line' id='line_1_68' title="bbox 328 4871 1906 4947; baseline 0.003 -21"><span class='ocrx_word' id='word_1_381' title='bbox 328 4872 514 4945; x_wconf 85' lang='grc' dir='ltr'>μερῶν</span> <span class='ocrx_word' id='word_1_382' title='bbox 536 4873 632 4926; x_wconf 89' lang='grc' dir='ltr'><strong>τοῦ</strong></span> <span class='ocrx_word' id='word_1_383' title='bbox 663 4871 896 4942; x_wconf 87' lang='grc' dir='ltr'>λογείου,</span> <span class='ocrx_word' id='word_1_384' title='bbox 929 4875 1025 4928; x_wconf 80' lang='grc' dir='ltr'><strong>καὶ</strong></span> <span class='ocrx_word' id='word_1_385' title='bbox 1049 4876 1128 4938; x_wconf 86' lang='grc' dir='ltr'><strong>είς</strong></span> <span class='ocrx_word' id='word_1_386' title='bbox 1158 4875 1257 4938; x_wconf 83' lang='grc' dir='ltr'>τὰς</span> <span class='ocrx_word' id='word_1_387' title='bbox 1287 4875 1380 4929; x_wconf 86' lang='grc' dir='ltr'><strong>δύο</strong></span> <span class='ocrx_word' id='word_1_388' title='bbox 1415 4876 1688 4947; x_wconf 80' lang='grc' dir='ltr'>συμϐολάς</span> <span class='ocrx_word' id='word_1_389' title='bbox 1711 4877 1779 4930; x_wconf 90' lang='grc' dir='ltr'>τὰ</span> <span class='ocrx_word' id='word_1_390' title='bbox 1812 4878 1906 4932; x_wconf 87' lang='grc' dir='ltr'>δύο</span> 
     </span>
    </p>
   </div>
   <div class='ocr_carea' id='block_1_66' title="bbox 325 4963 1901 5036">
    <p class='ocr_par' dir='ltr' id='par_1_67' title="bbox 325 4963 1901 5036">
     <span class='ocr_line' id='line_1_69' title="bbox 325 4963 1901 5036; baseline 0.004 -22"><span class='ocrx_word' id='word_1_391' title='bbox 325 4963 614 5033; x_wconf 84' lang='grc' dir='ltr'>ἐμπλόκια.</span> <span class='ocrx_word' id='word_1_392' title='bbox 632 4963 718 5019; x_wconf 89' lang='grc'><strong>18.</strong></span> <span class='ocrx_word' id='word_1_393' title='bbox 738 4965 848 5018; x_wconf 89' lang='lat' dir='ltr'><strong>Kal</strong></span> <span class='ocrx_word' id='word_1_394' title='bbox 874 4965 1151 5036; x_wconf 76' lang='grc' dir='ltr'>ἐπέθηκαν</span> <span class='ocrx_word' id='word_1_395' title='bbox 1189 4966 1280 5019; x_wconf 75' lang='grc' dir='ltr'><strong>ἐπὶ</strong></span> <span class='ocrx_word' id='word_1_396' title='bbox 1306 4968 1404 5030; x_wconf 82' lang='grc' dir='ltr'>τὰς</span> <span class='ocrx_word' id='word_1_397' title='bbox 1432 4966 1526 5019; x_wconf 87' lang='grc' dir='ltr'><strong>δύο</strong></span> <span class='ocrx_word' id='word_1_398' title='bbox 1555 4967 1901 5030; x_wconf 83' lang='grc' dir='ltr'>ἀσπιδίσκας,</span> 
     </span>
    </p>
   </div>
   <div class='ocr_carea' id='block_1_67' title="bbox 327 5054 1904 5128">
    <p class='ocr_par' dir='ltr' id='par_1_68' title="bbox 327 5054 1904 5128">
     <span class='ocr_line' id='line_1_70' title="bbox 327 5054 1904 5128; baseline 0 -19"><span class='ocrx_word' id='word_1_399' title='bbox 327 5055 423 5109; x_wconf 75' lang='grc' dir='ltr'>καὶ</span> <span class='ocrx_word' id='word_1_400' title='bbox 469 5054 672 5126; x_wconf 76' lang='grc' dir='ltr'>ἔθηκαν</span> <span class='ocrx_word' id='word_1_401' title='bbox 703 5055 872 5119; x_wconf 86' lang='grc' dir='ltr'>αὐτὰς</span> <span class='ocrx_word' id='word_1_402' title='bbox 900 5058 994 5110; x_wconf 77' lang='grc' dir='ltr'>ἐπὶ</span> <span class='ocrx_word' id='word_1_403' title='bbox 1019 5059 1143 5120; x_wconf 89' lang='grc' dir='ltr'>τοὺς</span> <span class='ocrx_word' id='word_1_404' title='bbox 1177 5055 1358 5128; x_wconf 82' lang='grc' dir='ltr'>ὤμους</span> <span class='ocrx_word' id='word_1_405' title='bbox 1393 5058 1492 5128; x_wconf 81' lang='grc' dir='ltr'>τῆς</span> <span class='ocrx_word' id='word_1_406' title='bbox 1537 5057 1807 5128; x_wconf 77' lang='grc' dir='ltr'>ἐπωμίδος</span> <span class='ocrx_word' id='word_1_407' title='bbox 1845 5056 1904 5120; x_wconf 79' lang='grc' dir='ltr'><strong>ἐξ</strong></span> 
     </span>
    </p>
   </div>
   <div class='ocr_carea' id='block_1_68' title="bbox 326 5145 1905 5220">
    <p class='ocr_par' dir='ltr' id='par_1_69' title="bbox 326 5145 1905 5220">
     <span class='ocr_line' id='line_1_71' title="bbox 326 5145 1905 5220; baseline 0.001 -22"><span class='ocrx_word' id='word_1_408' title='bbox 326 5145 570 5210; x_wconf 74' lang='grc' dir='ltr'>ἐναντίας</span> <span class='ocrx_word' id='word_1_409' title='bbox 593 5147 733 5202; x_wconf 74' lang='grc' dir='ltr'><strong>κατά</strong></span> <span class='ocrx_word' id='word_1_410' title='bbox 761 5147 1048 5218; x_wconf 82' lang='grc' dir='ltr'>πρόσωπον</span> <span class='ocrx_word' id='word_1_411' title='bbox 1068 5148 1252 5204; x_wconf 79' lang='grc' dir='ltr'>αὐτοῦ.</span> <span class='ocrx_word' id='word_1_412' title='bbox 1281 5150 1366 5204; x_wconf 91' lang='grc'><strong>19.</strong></span> <span class='ocrx_word' id='word_1_413' title='bbox 1385 5148 1494 5203; x_wconf 88' lang='lat' dir='ltr'><strong>Kal</strong></span> <span class='ocrx_word' id='word_1_414' title='bbox 1521 5149 1782 5220; x_wconf 86' lang='grc' dir='ltr'>ἐποίησαν</span> <span class='ocrx_word' id='word_1_415' title='bbox 1812 5148 1905 5202; x_wconf 88' lang='grc' dir='ltr'>δύο</span> 
     </span>
    </p>
   </div>
   <div class='ocr_carea' id='block_1_69' title="bbox 325 5235 1902 5310">
    <p class='ocr_par' dir='ltr' id='par_1_70' title="bbox 325 5235 1902 5310">
     <span class='ocr_line' id='line_1_72' title="bbox 325 5235 1902 5310; baseline 0.002 -22"><span class='ocrx_word' id='word_1_416' title='bbox 325 5235 637 5300; x_wconf 84' lang='grc' dir='ltr'>δακτυλίους</span> <span class='ocrx_word' id='word_1_417' title='bbox 661 5236 919 5308; x_wconf 76' lang='grc' dir='ltr'>χρυσοῦς,</span> <span class='ocrx_word' id='word_1_418' title='bbox 945 5238 1040 5292; x_wconf 73' lang='grc' dir='ltr'><strong>καὶ</strong></span> <span class='ocrx_word' id='word_1_419' title='bbox 1073 5238 1352 5310; x_wconf 79' lang='grc' dir='ltr'>ἐπέθηκαν</span> <span class='ocrx_word' id='word_1_420' title='bbox 1399 5239 1492 5291; x_wconf 74' lang='grc' dir='ltr'><strong>ἐπὶ</strong></span> <span class='ocrx_word' id='word_1_421' title='bbox 1540 5239 1608 5292; x_wconf 86' lang='grc' dir='ltr'><strong>τά</strong></span> <span class='ocrx_word' id='word_1_422' title='bbox 1646 5238 1739 5292; x_wconf 86' lang='grc' dir='ltr'>δύο</span> <span class='ocrx_word' id='word_1_423' title='bbox 1771 5255 1902 5291; x_wconf 86' lang='grc' dir='ltr'>πτε-</span> 
     </span>
    </p>
   </div>
   <div class='ocr_carea' id='block_1_70' title="bbox 333 5329 1902 5401">
    <p class='ocr_par' dir='ltr' id='par_1_71' title="bbox 333 5329 1902 5401">
     <span class='ocr_line' id='line_1_73' title="bbox 333 5329 1902 5401; baseline 0.001 -20"><span class='ocrx_word' id='word_1_424' title='bbox 333 5329 500 5398; x_wconf 73' lang='grc' dir='ltr'>ρύγια</span> <span class='ocrx_word' id='word_1_425' title='bbox 525 5342 586 5382; x_wconf 72' lang='grc' dir='ltr'><strong>-ι-</strong></span> <span class='ocrx_word' id='word_1_426' title='bbox 618 5330 704 5380; x_wconf 84' lang='grc' dir='ltr'>ἐπ’</span> <span class='ocrx_word' id='word_1_427' title='bbox 733 5329 904 5400; x_wconf 77' lang='grc' dir='ltr'>ἄκρου</span> <span class='ocrx_word' id='word_1_428' title='bbox 938 5331 960 5399; x_wconf 71' lang='grc' dir='ltr'>ζ</span> <span class='ocrx_word' id='word_1_429' title='bbox 985 5329 1081 5382; x_wconf 83' lang='grc' dir='ltr'><strong>τοῦ</strong></span> <span class='ocrx_word' id='word_1_430' title='bbox 1109 5329 1345 5398; x_wconf 85' lang='grc' dir='ltr'>λογείου,</span> <span class='ocrx_word' id='word_1_431' title='bbox 1381 5331 1475 5382; x_wconf 75' lang='grc' dir='ltr'>ἐπὶ</span> <span class='ocrx_word' id='word_1_432' title='bbox 1504 5329 1568 5382; x_wconf 77' lang='grc' dir='ltr'>τὸ</span> <span class='ocrx_word' id='word_1_433' title='bbox 1609 5329 1776 5401; x_wconf 77' lang='grc' dir='ltr'>ἀκρον</span> <span class='ocrx_word' id='word_1_434' title='bbox 1807 5329 1902 5382; x_wconf 85' lang='grc' dir='ltr'><strong>τοῦ</strong></span> 
     </span>
    </p>
   </div>
   <div class='ocr_carea' id='block_1_71' title="bbox 329 5418 1904 5490">
    <p class='ocr_par' dir='ltr' id='par_1_72' title="bbox 329 5418 1904 5490">
     <span class='ocr_line' id='line_1_74' title="bbox 329 5418 1904 5490; baseline 0.001 -18"><span class='ocrx_word' id='word_1_435' title='bbox 329 5418 579 5472; x_wconf 79' lang='grc' dir='ltr'>ὀπισθίου</span> <span class='ocrx_word' id='word_1_436' title='bbox 613 5419 712 5490; x_wconf 82' lang='grc' dir='ltr'>τῆς</span> <span class='ocrx_word' id='word_1_437' title='bbox 752 5419 1027 5489; x_wconf 75' lang='grc' dir='ltr'>ἐπωμίδος</span> <span class='ocrx_word' id='word_1_438' title='bbox 1069 5418 1293 5474; x_wconf 78' lang='grc' dir='ltr'>ἔσωθεν.</span> <span class='ocrx_word' id='word_1_439' title='bbox 1341 5422 1452 5474; x_wconf 82' lang='grc' dir='ltr'>Καὶ</span> <span class='ocrx_word' id='word_1_440' title='bbox 1502 5421 1764 5486; x_wconf 78' lang='grc' dir='ltr'>ἐποίησαν</span> <span class='ocrx_word' id='word_1_441' title='bbox 1809 5420 1904 5473; x_wconf 82' lang='grc' dir='ltr'><strong>δύο</strong></span> 
     </span>
    </p>
   </div>
   <div class='ocr_carea' id='block_1_72' title="bbox 327 5511 1904 5585">
    <p class='ocr_par' dir='ltr' id='par_1_73' title="bbox 327 5511 1904 5585">
     <span class='ocr_line' id='line_1_75' title="bbox 327 5511 1904 5585; baseline 0.001 -20"><span class='ocrx_word' id='word_1_442' title='bbox 327 5511 640 5575; x_wconf 82' lang='grc' dir='ltr'>δακτυλίους</span> <span class='ocrx_word' id='word_1_443' title='bbox 665 5512 916 5583; x_wconf 85' lang='grc' dir='ltr'>χρυσοῦς,</span> <span class='ocrx_word' id='word_1_444' title='bbox 946 5513 1043 5566; x_wconf 76' lang='grc' dir='ltr'>καὶ</span> <span class='ocrx_word' id='word_1_445' title='bbox 1078 5513 1281 5585; x_wconf 80' lang='grc' dir='ltr'>ἔθηκαν</span> <span class='ocrx_word' id='word_1_446' title='bbox 1311 5513 1506 5576; x_wconf 80' lang='grc' dir='ltr'>αὐτοὺς</span> <span class='ocrx_word' id='word_1_447' title='bbox 1546 5515 1633 5566; x_wconf 84' lang='grc' dir='ltr'>ἐπ’</span> <span class='ocrx_word' id='word_1_448' title='bbox 1665 5512 1904 5581; x_wconf 79' lang='grc' dir='ltr'>ἀμφοτέ-</span> 
     </span>
    </p>
   </div>
   <div class='ocr_carea' id='block_1_73' title="bbox 333 5602 1902 5678">
    <p class='ocr_par' dir='ltr' id='par_1_74' title="bbox 333 5602 1902 5678">
     <span class='ocr_line' id='line_1_76' title="bbox 333 5602 1902 5678; baseline 0 -21"><span class='ocrx_word' id='word_1_449' title='bbox 333 5619 458 5674; x_wconf 84' lang='grc' dir='ltr'>ρους</span> <span class='ocrx_word' id='word_1_450' title='bbox 483 5605 610 5667; x_wconf 78' lang='grc' dir='ltr'>τοὺς</span> <span class='ocrx_word' id='word_1_451' title='bbox 636 5602 820 5674; x_wconf 80' lang='grc' dir='ltr'>ὤμους</span> <span class='ocrx_word' id='word_1_452' title='bbox 855 5605 952 5673; x_wconf 84' lang='grc' dir='ltr'>τῆς</span> <span class='ocrx_word' id='word_1_453' title='bbox 991 5605 1261 5675; x_wconf 85' lang='grc' dir='ltr'>ἐπωμίδος</span> <span class='ocrx_word' id='word_1_454' title='bbox 1312 5604 1556 5659; x_wconf 83' lang='grc' dir='ltr'>κάτωθεν</span> <span class='ocrx_word' id='word_1_455' title='bbox 1591 5605 1730 5658; x_wconf 83' lang='grc' dir='ltr'><strong>κατά</strong></span> <span class='ocrx_word' id='word_1_456' title='bbox 1771 5605 1902 5678; x_wconf 77' lang='grc' dir='ltr'>πρό-</span> 
     </span>
    </p>
   </div>
   <div class='ocr_carea' id='block_1_74' title="bbox 329 5693 1901 5768">
    <p class='ocr_par' dir='ltr' id='par_1_75' title="bbox 329 5693 1901 5768">
     <span class='ocr_line' id='line_1_77' title="bbox 329 5693 1901 5768; baseline 0.004 -24"><span class='ocrx_word' id='word_1_457' title='bbox 329 5710 512 5748; x_wconf 79' lang='grc' dir='ltr'>σωπον</span> <span class='ocrx_word' id='word_1_458' title='bbox 547 5693 714 5749; x_wconf 83' lang='grc' dir='ltr'>αὐτοῦ</span> <span class='ocrx_word' id='word_1_459' title='bbox 747 5694 890 5749; x_wconf 79' lang='grc' dir='ltr'><strong>κατά</strong></span> <span class='ocrx_word' id='word_1_460' title='bbox 918 5694 1018 5765; x_wconf 81' lang='grc' dir='ltr'>τὴν</span> <span class='ocrx_word' id='word_1_461' title='bbox 1049 5695 1324 5768; x_wconf 76' lang='grc' dir='ltr'>συμϐολὴν</span> <span class='ocrx_word' id='word_1_462' title='bbox 1357 5697 1524 5750; x_wconf 76' lang='grc' dir='ltr'>αὐτοῦ</span> <span class='ocrx_word' id='word_1_463' title='bbox 1565 5696 1772 5752; x_wconf 80' lang='grc' dir='ltr'>ἀνωθεν</span> <span class='ocrx_word' id='word_1_464' title='bbox 1800 5696 1901 5765; x_wconf 87' lang='grc' dir='ltr'>τῆς</span> 
     </span>
    </p>
   </div>
   <div class='ocr_carea' id='block_1_75' title="bbox 328 5777 1902 5859">
    <p class='ocr_par' dir='ltr' id='par_1_76' title="bbox 328 5777 1902 5859">
     <span class='ocr_line' id='line_1_78' title="bbox 328 5777 1902 5859; baseline 0.001 -19"><span class='ocrx_word' id='word_1_465' title='bbox 328 5787 570 5859; x_wconf 54' lang='lat' dir='ltr'><strong>cum;</strong></span> <span class='ocrx_word' id='word_1_466' title='bbox 593 5788 690 5858; x_wconf 80' lang='grc' dir='ltr'>τῆς</span> <span class='ocrx_word' id='word_1_467' title='bbox 713 5785 1002 5857; x_wconf 81' lang='grc' dir='ltr'>ἐπωμίδος.</span> <span class='ocrx_word' id='word_1_468' title='bbox 1046 5787 1156 5842; x_wconf 87' lang='lat' dir='ltr'><strong>Kal</strong></span> <span class='ocrx_word' id='word_1_469' title='bbox 1193 5777 1542 5858; x_wconf 72' lang='grc' dir='ltr'>συνέσφιγξεν</span> <span class='ocrx_word' id='word_1_470' title='bbox 1593 5790 1654 5843; x_wconf 81' lang='grc' dir='ltr'>τὸ</span> <span class='ocrx_word' id='word_1_471' title='bbox 1693 5787 1902 5855; x_wconf 83' lang='grc' dir='ltr'>λογεῖον</span> 
     </span>
    </p>
   </div>
   <div class='ocr_carea' id='block_1_76' title="bbox 2005 3231 3583 3308">
    <p class='ocr_par' dir='ltr' id='par_1_77' title="bbox 2005 3231 3583 3308">
     <span class='ocr_line' id='line_1_79' title="bbox 2005 3231 3583 3308; baseline -0.003 -15"><span class='ocrx_word' id='word_1_472' title='bbox 2005 3239 2151 3292; x_wconf 89' lang='lat' dir='ltr'><strong>daris</strong></span> <span class='ocrx_word' id='word_1_473' title='bbox 2184 3239 2206 3308; x_wconf 72' lang='grc' dir='ltr'>ζ</span> <span class='ocrx_word' id='word_1_474' title='bbox 2234 3247 2468 3307; x_wconf 85' lang='lat' dir='ltr'><strong>quatuor</strong></span> <span class='ocrx_word' id='word_1_475' title='bbox 2494 3235 2767 3290; x_wconf 91' lang='lat' dir='ltr'><strong>ordinum.</strong></span> <span class='ocrx_word' id='word_1_476' title='bbox 2800 3233 3064 3305; x_wconf 86' lang='lat' dir='ltr'><strong>Lapidum</strong></span> <span class='ocrx_word' id='word_1_477' title='bbox 3089 3234 3256 3298; x_wconf 77' lang='lat' dir='ltr'><strong>ordo,’</strong></span> <span class='ocrx_word' id='word_1_478' title='bbox 3294 3231 3512 3289; x_wconf 85' lang='lat' dir='ltr'><strong>sardius</strong></span> <span class='ocrx_word' id='word_1_479' title='bbox 3527 3243 3583 3288; x_wconf 81' lang='lat' dir='ltr'><strong>et</strong></span> 
     </span>
    </p>
   </div>
   <div class='ocr_carea' id='block_1_77' title="bbox 2005 3325 3584 3398">
    <p class='ocr_par' dir='ltr' id='par_1_78' title="bbox 2005 3325 3584 3398">
     <span class='ocr_line' id='line_1_80' title="bbox 2005 3325 3584 3398; baseline -0.003 -15"><span class='ocrx_word' id='word_1_480' title='bbox 2005 3331 2264 3398; x_wconf 85' lang='lat' dir='ltr'><strong>topazius_</strong></span> <span class='ocrx_word' id='word_1_481' title='bbox 2287 3339 2342 3382; x_wconf 91' lang='lat' dir='ltr'><strong>et</strong></span> <span class='ocrx_word' id='word_1_482' title='bbox 2375 3327 2721 3396; x_wconf 85' lang='lat' dir='ltr'><strong>smaragdus,</strong></span> <span class='ocrx_word' id='word_1_483' title='bbox 2762 3327 2898 3382; x_wconf 90' lang='lat' dir='ltr'><strong>ordo</strong></span> <span class='ocrx_word' id='word_1_484' title='bbox 2939 3337 3084 3382; x_wconf 89' lang='lat' dir='ltr'><strong>unus</strong></span> <span class='ocrx_word' id='word_1_485' title='bbox 3124 3346 3137 3381; x_wconf 93' lang='lat'><strong>:</strong></span> <span class='ocrx_word' id='word_1_486' title='bbox 3184 3327 3272 3381; x_wconf 91' lang='lat' dir='ltr'><strong>II.</strong></span> <span class='ocrx_word' id='word_1_487' title='bbox 3313 3325 3380 3380; x_wconf 90' lang='lat' dir='ltr'><strong>Et</strong></span> <span class='ocrx_word' id='word_1_488' title='bbox 3445 3327 3584 3381; x_wconf 85' lang='lat' dir='ltr'><strong>ordo</strong></span> 
     </span>
    </p>
   </div>
   <div class='ocr_carea' id='block_1_78' title="bbox 2003 3417 3580 3488">
    <p class='ocr_par' dir='ltr' id='par_1_79' title="bbox 2003 3417 3580 3488">
     <span class='ocr_line' id='line_1_81' title="bbox 2003 3417 3580 3488; baseline -0.001 -14"><span class='ocrx_word' id='word_1_489' title='bbox 2003 3419 2297 3484; x_wconf 88' lang='lat' dir='ltr'><strong>secundus,</strong></span> <span class='ocrx_word' id='word_1_490' title='bbox 2327 3417 2693 3472; x_wconf 82' lang='lat' dir='ltr'><strong>carbunculus</strong></span> <span class='ocrx_word' id='word_1_491' title='bbox 2727 3425 2782 3470; x_wconf 87' lang='lat' dir='ltr'><strong>et</strong></span> <span class='ocrx_word' id='word_1_492' title='bbox 2813 3417 3124 3488; x_wconf 89' lang='lat' dir='ltr'><strong>sapphirus,</strong></span> <span class='ocrx_word' id='word_1_493' title='bbox 3153 3417 3400 3487; x_wconf 86' lang='lat' dir='ltr'><strong>etjaspis</strong></span> <span class='ocrx_word' id='word_1_494' title='bbox 3430 3435 3445 3472; x_wconf 91' lang='lat'><strong>:</strong></span> <span class='ocrx_word' id='word_1_495' title='bbox 3492 3418 3580 3473; x_wconf 79' lang='lat' dir='ltr'><strong>I2.</strong></span> 
     </span>
    </p>
   </div>
   <div class='ocr_carea' id='block_1_79' title="bbox 2002 3491 3612 3579">
    <p class='ocr_par' dir='ltr' id='par_1_80' title="bbox 2002 3491 3612 3579">
     <span class='ocr_line' id='line_1_82' title="bbox 2002 3491 3612 3579; baseline 0 -17"><span class='ocrx_word' id='word_1_496' title='bbox 2002 3502 2223 3564; x_wconf 76' lang='lat' dir='ltr'><strong>Et&#39;ordo</strong></span> <span class='ocrx_word' id='word_1_497' title='bbox 2245 3507 2464 3574; x_wconf 83' lang='lat' dir='ltr'><strong>tertius,</strong></span> <span class='ocrx_word' id='word_1_498' title='bbox 2481 3507 2739 3576; x_wconf 83' lang='lat' dir='ltr'><strong>ligurius,</strong></span> <span class='ocrx_word' id='word_1_499' title='bbox 2764 3515 2820 3561; x_wconf 88' lang='lat' dir='ltr'><strong>et</strong></span> <span class='ocrx_word' id='word_1_500' title='bbox 2847 3507 3068 3562; x_wconf 77' lang='lat' dir='ltr'><strong>achates’</strong></span> <span class='ocrx_word' id='word_1_501' title='bbox 3091 3517 3142 3561; x_wconf 88' lang='lat' dir='ltr'><strong>et</strong></span> <span class='ocrx_word' id='word_1_502' title='bbox 3194 3507 3534 3579; x_wconf 84' lang='lat' dir='ltr'><strong>amethystus</strong></span> <span class='ocrx_word' id='word_1_503' title='bbox 3566 3491 3612 3562; x_wconf 34' lang='lat'><strong>:-</strong></span> 
     </span>
    </p>
   </div>
   <div class='ocr_carea' id='block_1_80' title="bbox 2003 3597 3586 3669">
    <p class='ocr_par' dir='ltr' id='par_1_81' title="bbox 2003 3597 3586 3669">
     <span class='ocr_line' id='line_1_83' title="bbox 2003 3597 3586 3669; baseline 0 -15"><span class='ocrx_word' id='word_1_504' title='bbox 2003 3601 2089 3654; x_wconf 75' lang='grc'><strong>15.</strong></span> <span class='ocrx_word' id='word_1_505' title='bbox 2109 3601 2176 3656; x_wconf 86' lang='lat' dir='ltr'><strong>Et</strong></span> <span class='ocrx_word' id='word_1_506' title='bbox 2197 3599 2330 3654; x_wconf 92' lang='lat' dir='ltr'><strong>ordo</strong></span> <span class='ocrx_word' id='word_1_507' title='bbox 2351 3607 2602 3669; x_wconf 85' lang='lat' dir='ltr'><strong>quartus,</strong></span> <span class='ocrx_word' id='word_1_508' title='bbox 2645 3597 3016 3669; x_wconf 84' lang='lat' dir='ltr'><strong>chrysolithus</strong></span> <span class='ocrx_word' id='word_1_509' title='bbox 3059 3605 3115 3652; x_wconf 83' lang='lat' dir='ltr'><strong>et</strong></span> <span class='ocrx_word' id='word_1_510' title='bbox 3157 3597 3488 3667; x_wconf 81' lang='lat' dir='ltr'><strong>onychinus,</strong></span> <span class='ocrx_word' id='word_1_511' title='bbox 3529 3607 3586 3654; x_wconf 87' lang='lat' dir='ltr'><strong>et</strong></span> 
     </span>
    </p>
   </div>
   <div class='ocr_carea' id='block_1_81' title="bbox 2001 3689 3586 3764">
    <p class='ocr_par' dir='ltr' id='par_1_82' title="bbox 2001 3689 3586 3764">
     <span class='ocr_line' id='line_1_84' title="bbox 2001 3689 3586 3764; baseline -0.003 -15"><span class='ocrx_word' id='word_1_512' title='bbox 2001 3693 2263 3764; x_wconf 82' lang='lat' dir='ltr'><strong>beryllus,</strong></span> <span class='ocrx_word' id='word_1_513' title='bbox 2289 3691 2631 3746; x_wconf 90' lang='lat' dir='ltr'><strong>circumtorti</strong></span> <span class='ocrx_word' id='word_1_514' title='bbox 2659 3701 2713 3745; x_wconf 87' lang='lat' dir='ltr'><strong>et</strong></span> <span class='ocrx_word' id='word_1_515' title='bbox 2735 3689 2973 3759; x_wconf 79' lang='lat' dir='ltr'><strong>colligati</strong></span> <span class='ocrx_word' id='word_1_516' title='bbox 2997 3704 3152 3757; x_wconf 79' lang='lat' dir='ltr'><strong>auro,</strong></span> <span class='ocrx_word' id='word_1_517' title='bbox 3183 3691 3237 3743; x_wconf 92' lang='lat' dir='ltr'><strong>in</strong></span> <span class='ocrx_word' id='word_1_518' title='bbox 3272 3705 3408 3744; x_wconf 91' lang='lat' dir='ltr'><strong>auro</strong></span> <span class='ocrx_word' id='word_1_519' title='bbox 3444 3690 3586 3760; x_wconf 86' lang='lat' dir='ltr'><strong>ipso-</strong></span> 
     </span>
    </p>
   </div>
   <div class='ocr_carea' id='block_1_82' title="bbox 2002 3779 3580 3850">
    <p class='ocr_par' dir='ltr' id='par_1_83' title="bbox 2002 3779 3580 3850">
     <span class='ocr_line' id='line_1_85' title="bbox 2002 3779 3580 3850; baseline -0.004 -11"><span class='ocrx_word' id='word_1_520' title='bbox 2002 3800 2145 3839; x_wconf 90' lang='lat' dir='ltr'><strong>rum.</strong></span> <span class='ocrx_word' id='word_1_521' title='bbox 2185 3784 2271 3836; x_wconf 71' lang='lat' dir='ltr'><strong>I4.</strong></span> <span class='ocrx_word' id='word_1_522' title='bbox 2304 3780 2369 3836; x_wconf 89' lang='lat' dir='ltr'><strong>Et</strong></span> <span class='ocrx_word' id='word_1_523' title='bbox 2413 3780 2616 3850; x_wconf 89' lang='lat' dir='ltr'><strong>lapides</strong></span> <span class='ocrx_word' id='word_1_524' title='bbox 2670 3795 2738 3835; x_wconf 84' lang='lat' dir='ltr'><strong>ex</strong></span> <span class='ocrx_word' id='word_1_525' title='bbox 2786 3779 3103 3835; x_wconf 84' lang='lat' dir='ltr'><strong>nominibus</strong></span> <span class='ocrx_word' id='word_1_526' title='bbox 3133 3779 3369 3833; x_wconf 86' lang='lat' dir='ltr'><strong>ﬁliorum</strong></span> <span class='ocrx_word' id='word_1_527' title='bbox 3414 3779 3580 3835; x_wconf 86' lang='lat' dir='ltr'><strong>Israel</strong></span> 
     </span>
    </p>
   </div>
   <div class='ocr_carea' id='block_1_83' title="bbox 2000 3871 3581 3942">
    <p class='ocr_par' dir='ltr' id='par_1_84' title="bbox 2000 3871 3581 3942">
     <span class='ocr_line' id='line_1_86' title="bbox 2000 3871 3581 3942; baseline -0.004 -10"><span class='ocrx_word' id='word_1_528' title='bbox 2000 3887 2177 3941; x_wconf 87' lang='lat' dir='ltr'><strong>erant,</strong></span> <span class='ocrx_word' id='word_1_529' title='bbox 2205 3875 2491 3930; x_wconf 87' lang='lat' dir='ltr'><strong>duodecim</strong></span> <span class='ocrx_word' id='word_1_530' title='bbox 2513 3888 2582 3928; x_wconf 84' lang='lat' dir='ltr'><strong>ex</strong></span> <span class='ocrx_word' id='word_1_531' title='bbox 2610 3871 2925 3926; x_wconf 87' lang='lat' dir='ltr'><strong>nominibus</strong></span> <span class='ocrx_word' id='word_1_532' title='bbox 2954 3887 3147 3926; x_wconf 90' lang='lat' dir='ltr'><strong>eorum</strong></span> <span class='ocrx_word' id='word_1_533' title='bbox 3176 3890 3189 3926; x_wconf 88' lang='lat'><strong>:</strong></span> <span class='ocrx_word' id='word_1_534' title='bbox 3215 3873 3495 3942; x_wconf 81' lang='lat' dir='ltr'><strong>exsculpta</strong></span> <span class='ocrx_word' id='word_1_535' title='bbox 3526 3873 3581 3926; x_wconf 92' lang='lat' dir='ltr'><strong>in</strong></span> 
     </span>
    </p>
   </div>
   <div class='ocr_carea' id='block_1_84' title="bbox 2003 3963 3580 4039">
    <p class='ocr_par' dir='ltr' id='par_1_85' title="bbox 2003 3963 3580 4039">
     <span class='ocr_line' id='line_1_87' title="bbox 2003 3963 3580 4039; baseline -0.004 -15"><span class='ocrx_word' id='word_1_536' title='bbox 2003 3969 2219 4039; x_wconf 85' lang='lat' dir='ltr'><strong>sigillis,</strong></span> <span class='ocrx_word' id='word_1_537' title='bbox 2264 3965 2648 4035; x_wconf 88' lang='lat' dir='ltr'><strong>unusquisque</strong></span> <span class='ocrx_word' id='word_1_538' title='bbox 2674 3978 2741 4018; x_wconf 78' lang='lat' dir='ltr'><strong>ex</strong></span> <span class='ocrx_word' id='word_1_539' title='bbox 2775 3976 2878 4017; x_wconf 91' lang='lat' dir='ltr'><strong>suo</strong></span> <span class='ocrx_word' id='word_1_540' title='bbox 2916 3963 3140 4017; x_wconf 86' lang='lat' dir='ltr'><strong>nomine</strong></span> <span class='ocrx_word' id='word_1_541' title='bbox 3189 3964 3244 4017; x_wconf 93' lang='lat' dir='ltr'><strong>in</strong></span> <span class='ocrx_word' id='word_1_542' title='bbox 3291 3963 3580 4020; x_wconf 89' lang='lat' dir='ltr'><strong>duodecim</strong></span> 
     </span>
    </p>
   </div>
   <div class='ocr_carea' id='block_1_85' title="bbox 2001 4054 3582 4125">
    <p class='ocr_par' dir='ltr' id='par_1_86' title="bbox 2001 4054 3582 4125">
     <span class='ocr_line' id='line_1_88' title="bbox 2001 4054 3582 4125; baseline -0.003 -11"><span class='ocrx_word' id='word_1_543' title='bbox 2001 4060 2196 4114; x_wconf 79' lang='lat' dir='ltr'><strong>tribus.</strong></span> <span class='ocrx_word' id='word_1_544' title='bbox 2239 4057 2326 4111; x_wconf 84' lang='lat' dir='ltr'><strong>I5.</strong></span> <span class='ocrx_word' id='word_1_545' title='bbox 2379 4055 2448 4110; x_wconf 88' lang='lat' dir='ltr'><strong>Et</strong></span> <span class='ocrx_word' id='word_1_546' title='bbox 2481 4054 2726 4110; x_wconf 82' lang='lat' dir='ltr'><strong>fecerunt</strong></span> <span class='ocrx_word' id='word_1_547' title='bbox 2775 4069 2940 4125; x_wconf 89' lang='lat' dir='ltr'><strong>supra</strong></span> <span class='ocrx_word' id='word_1_548' title='bbox 2989 4054 3254 4109; x_wconf 88' lang='lat' dir='ltr'><strong>rationale</strong></span> <span class='ocrx_word' id='word_1_549' title='bbox 3301 4055 3582 4111; x_wconf 81' lang='lat' dir='ltr'><strong>catenulas</strong></span> 
     </span>
    </p>
   </div>
   <div class='ocr_carea' id='block_1_86' title="bbox 2003 4145 3576 4220">
    <p class='ocr_par' dir='ltr' id='par_1_87' title="bbox 2003 4145 3576 4220">
     <span class='ocr_line' id='line_1_89' title="bbox 2003 4145 3576 4220; baseline -0.003 -14"><span class='ocrx_word' id='word_1_550' title='bbox 2003 4150 2376 4220; x_wconf 88' lang='lat' dir='ltr'><strong>complicatas,</strong></span> <span class='ocrx_word' id='word_1_551' title='bbox 2403 4162 2543 4218; x_wconf 92' lang='lat' dir='ltr'><strong>opus</strong></span> <span class='ocrx_word' id='word_1_552' title='bbox 2566 4145 3023 4216; x_wconf 88' lang='lat' dir='ltr'><strong>complicationis,</strong></span> <span class='ocrx_word' id='word_1_553' title='bbox 3051 4160 3119 4200; x_wconf 83' lang='lat' dir='ltr'><strong>ex</strong></span> <span class='ocrx_word' id='word_1_554' title='bbox 3145 4160 3282 4200; x_wconf 89' lang='lat' dir='ltr'><strong>auro</strong></span> <span class='ocrx_word' id='word_1_555' title='bbox 3303 4161 3460 4216; x_wconf 91' lang='lat' dir='ltr'><strong>puro.</strong></span> <span class='ocrx_word' id='word_1_556' title='bbox 3489 4148 3576 4202; x_wconf 85' lang='lat' dir='ltr'><strong>I6.</strong></span> 
     </span>
    </p>
   </div>
   <div class='ocr_carea' id='block_1_87' title="bbox 2003 4238 3578 4308">
    <p class='ocr_par' dir='ltr' id='par_1_88' title="bbox 2003 4238 3578 4308">
     <span class='ocr_line' id='line_1_90' title="bbox 2003 4238 3578 4308; baseline -0.001 -12"><span class='ocrx_word' id='word_1_557' title='bbox 2003 4242 2070 4296; x_wconf 87' lang='lat' dir='ltr'><strong>Et</strong></span> <span class='ocrx_word' id='word_1_558' title='bbox 2095 4241 2339 4297; x_wconf 81' lang='lat' dir='ltr'><strong>fecerunt</strong></span> <span class='ocrx_word' id='word_1_559' title='bbox 2363 4240 2500 4294; x_wconf 89' lang='lat' dir='ltr'><strong>duas</strong></span> <span class='ocrx_word' id='word_1_560' title='bbox 2529 4238 2828 4308; x_wconf 87' lang='lat' dir='ltr'><strong>aspidiscas</strong></span> <span class='ocrx_word' id='word_1_561' title='bbox 2859 4252 3074 4302; x_wconf 87' lang='lat' dir='ltr'><strong>aureas,</strong></span> <span class='ocrx_word' id='word_1_562' title='bbox 3093 4247 3148 4291; x_wconf 89' lang='lat' dir='ltr'><strong>et</strong></span> <span class='ocrx_word' id='word_1_563' title='bbox 3174 4238 3312 4292; x_wconf 91' lang='lat' dir='ltr'><strong>duos</strong></span> <span class='ocrx_word' id='word_1_564' title='bbox 3341 4238 3578 4294; x_wconf 68' lang='lat' dir='ltr'><strong>annulo:</strong></span> 
     </span>
    </p>
   </div>
   <div class='ocr_carea' id='block_1_88' title="bbox 2001 4326 3578 4398">
    <p class='ocr_par' dir='ltr' id='par_1_89' title="bbox 2001 4326 3578 4398">
     <span class='ocr_line' id='line_1_91' title="bbox 2001 4326 3578 4398; baseline -0.003 -12"><span class='ocrx_word' id='word_1_565' title='bbox 2001 4345 2200 4386; x_wconf 87' lang='lat' dir='ltr'><strong>aureos</strong></span> <span class='ocrx_word' id='word_1_566' title='bbox 2219 4370 2234 4394; x_wconf 92' lang='lat'><strong>,</strong></span> <span class='ocrx_word' id='word_1_567' title='bbox 2261 4338 2316 4384; x_wconf 86' lang='lat' dir='ltr'><strong>et</strong></span> <span class='ocrx_word' id='word_1_568' title='bbox 2346 4329 2727 4398; x_wconf 80' lang='lat' dir='ltr'><strong>imposuerunt</strong></span> <span class='ocrx_word' id='word_1_569' title='bbox 2757 4342 2922 4397; x_wconf 80' lang='lat' dir='ltr'><strong>supra</strong></span> <span class='ocrx_word' id='word_1_570' title='bbox 2953 4326 3093 4384; x_wconf 86' lang='lat' dir='ltr'><strong>duos</strong></span> <span class='ocrx_word' id='word_1_571' title='bbox 3122 4327 3356 4381; x_wconf 90' lang='lat' dir='ltr'><strong>aunulos</strong></span> <span class='ocrx_word' id='word_1_572' title='bbox 3386 4341 3450 4382; x_wconf 76' lang='grc' dir='ltr'>σι-</span> <span class='ocrx_word' id='word_1_573' title='bbox 3478 4342 3578 4382; x_wconf 91' lang='lat' dir='ltr'><strong>au-</strong></span> 
     </span>
    </p>
   </div>
   <div class='ocr_carea' id='block_1_89' title="bbox 2004 4415 3577 4490">
    <p class='ocr_par' dir='ltr' id='par_1_90' title="bbox 2004 4415 3577 4490">
     <span class='ocr_line' id='line_1_92' title="bbox 2004 4415 3577 4490; baseline -0.001 -16"><span class='ocrx_word' id='word_1_574' title='bbox 2004 4435 2126 4475; x_wconf 86' lang='lat' dir='ltr'><strong>reos</strong></span> <span class='ocrx_word' id='word_1_575' title='bbox 2154 4421 2179 4490; x_wconf 73' lang='grc' dir='ltr'>ζ</span> <span class='ocrx_word' id='word_1_576' title='bbox 2205 4419 2274 4474; x_wconf 85' lang='lat' dir='ltr'><strong>ad</strong></span> <span class='ocrx_word' id='word_1_577' title='bbox 2298 4427 2529 4488; x_wconf 88' lang='lat' dir='ltr'><strong>utraque</strong></span> <span class='ocrx_word' id='word_1_578' title='bbox 2564 4418 2829 4487; x_wconf 88' lang='lat' dir='ltr'><strong>principia</strong></span> <span class='ocrx_word' id='word_1_579' title='bbox 2862 4415 3163 4478; x_wconf 80' lang='lat' dir='ltr'><strong>rationalis.</strong></span> <span class='ocrx_word' id='word_1_580' title='bbox 3201 4416 3284 4470; x_wconf 92' lang='lat' dir='ltr'><strong>I7.</strong></span> <span class='ocrx_word' id='word_1_581' title='bbox 3315 4416 3383 4471; x_wconf 92' lang='lat' dir='ltr'><strong>Et</strong></span> <span class='ocrx_word' id='word_1_582' title='bbox 3403 4417 3577 4486; x_wconf 86' lang='lat' dir='ltr'><strong>impo-</strong></span> 
     </span>
    </p>
   </div>
   <div class='ocr_carea' id='block_1_90' title="bbox 2004 4507 3575 4579">
    <p class='ocr_par' dir='ltr' id='par_1_91' title="bbox 2004 4507 3575 4579">
     <span class='ocr_line' id='line_1_93' title="bbox 2004 4507 3575 4579; baseline -0.002 -12"><span class='ocrx_word' id='word_1_583' title='bbox 2004 4519 2232 4567; x_wconf 89' lang='lat' dir='ltr'><strong>suerunt</strong></span> <span class='ocrx_word' id='word_1_584' title='bbox 2257 4525 2378 4566; x_wconf 91' lang='lat' dir='ltr'><strong>com</strong></span> <span class='ocrx_word' id='word_1_585' title='bbox 2386 4509 2702 4579; x_wconf 89' lang='lat' dir='ltr'><strong>plicationes</strong></span> <span class='ocrx_word' id='word_1_586' title='bbox 2725 4523 2792 4563; x_wconf 84' lang='lat' dir='ltr'><strong>ex</strong></span> <span class='ocrx_word' id='word_1_587' title='bbox 2819 4523 2955 4563; x_wconf 86' lang='lat' dir='ltr'><strong>auro</strong></span> <span class='ocrx_word' id='word_1_588' title='bbox 2977 4523 3143 4578; x_wconf 87' lang='lat' dir='ltr'><strong>super</strong></span> <span class='ocrx_word' id='word_1_589' title='bbox 3162 4507 3300 4563; x_wconf 91' lang='lat' dir='ltr'><strong>duos</strong></span> <span class='ocrx_word' id='word_1_590' title='bbox 3323 4509 3575 4574; x_wconf 89' lang='lat' dir='ltr'><strong>annulos,</strong></span> 
     </span>
    </p>
   </div>
   <div class='ocr_carea' id='block_1_91' title="bbox 2008 4599 3581 4672">
    <p class='ocr_par' dir='ltr' id='par_1_92' title="bbox 2008 4599 3581 4672">
     <span class='ocr_line' id='line_1_94' title="bbox 2008 4599 3581 4672; baseline -0.001 -14"><span class='ocrx_word' id='word_1_591' title='bbox 2008 4618 2172 4672; x_wconf 89' lang='lat' dir='ltr'><strong>super</strong></span> <span class='ocrx_word' id='word_1_592' title='bbox 2192 4611 2452 4670; x_wconf 89' lang='lat' dir='ltr'><strong>utrasque</strong></span> <span class='ocrx_word' id='word_1_593' title='bbox 2479 4609 2660 4670; x_wconf 86' lang='lat' dir='ltr'><strong>partes</strong></span> <span class='ocrx_word' id='word_1_594' title='bbox 2682 4599 2984 4665; x_wconf 87' lang='lat' dir='ltr'><strong>rationalis,</strong></span> <span class='ocrx_word' id='word_1_595' title='bbox 3006 4609 3062 4654; x_wconf 86' lang='lat' dir='ltr'><strong>et</strong></span> <span class='ocrx_word' id='word_1_596' title='bbox 3079 4600 3136 4654; x_wconf 91' lang='lat' dir='ltr'><strong>in</strong></span> <span class='ocrx_word' id='word_1_597' title='bbox 3164 4599 3303 4656; x_wconf 89' lang='lat' dir='ltr'><strong>duas</strong></span> <span class='ocrx_word' id='word_1_598' title='bbox 3328 4603 3581 4656; x_wconf 84' lang='lat' dir='ltr'><strong>commis-</strong></span> 
     </span>
    </p>
   </div>
   <div class='ocr_carea' id='block_1_92' title="bbox 2007 4689 3580 4762">
    <p class='ocr_par' dir='ltr' id='par_1_93' title="bbox 2007 4689 3580 4762">
     <span class='ocr_line' id='line_1_95' title="bbox 2007 4689 3580 4762; baseline -0.002 -13"><span class='ocrx_word' id='word_1_599' title='bbox 2007 4711 2164 4750; x_wconf 84' lang='lat' dir='ltr'><strong>suras</strong></span> <span class='ocrx_word' id='word_1_600' title='bbox 2187 4694 2323 4748; x_wconf 88' lang='lat' dir='ltr'><strong>duas</strong></span> <span class='ocrx_word' id='word_1_601' title='bbox 2343 4692 2804 4762; x_wconf 86' lang='lat' dir='ltr'><strong>complicationes.</strong></span> <span class='ocrx_word' id='word_1_602' title='bbox 2822 4691 2905 4746; x_wconf 90' lang='lat' dir='ltr'><strong>I8.</strong></span> <span class='ocrx_word' id='word_1_603' title='bbox 2928 4689 2994 4744; x_wconf 88' lang='lat' dir='ltr'><strong>Et</strong></span> <span class='ocrx_word' id='word_1_604' title='bbox 3015 4691 3391 4760; x_wconf 90' lang='lat' dir='ltr'><strong>imposuerunt</strong></span> <span class='ocrx_word' id='word_1_605' title='bbox 3414 4707 3580 4762; x_wconf 88' lang='lat' dir='ltr'><strong>super</strong></span> 
     </span>
    </p>
   </div>
   <div class='ocr_carea' id='block_1_93' title="bbox 2005 4783 3578 4854">
    <p class='ocr_par' dir='ltr' id='par_1_94' title="bbox 2005 4783 3578 4854">
     <span class='ocr_line' id='line_1_96' title="bbox 2005 4783 3578 4854; baseline -0.002 -13"><span class='ocrx_word' id='word_1_606' title='bbox 2005 4787 2139 4842; x_wconf 91' lang='lat' dir='ltr'><strong>duas</strong></span> <span class='ocrx_word' id='word_1_607' title='bbox 2153 4785 2482 4854; x_wconf 86' lang='lat' dir='ltr'><strong>aspidiscas,</strong></span> <span class='ocrx_word' id='word_1_608' title='bbox 2507 4792 2562 4838; x_wconf 89' lang='lat' dir='ltr'><strong>et</strong></span> <span class='ocrx_word' id='word_1_609' title='bbox 2599 4791 2899 4852; x_wconf 91' lang='lat' dir='ltr'><strong>posuerunt</strong></span> <span class='ocrx_word' id='word_1_610' title='bbox 2926 4798 3018 4838; x_wconf 87' lang='lat' dir='ltr'><strong>cas</strong></span> <span class='ocrx_word' id='word_1_611' title='bbox 3056 4783 3112 4837; x_wconf 92' lang='lat' dir='ltr'><strong>in</strong></span> <span class='ocrx_word' id='word_1_612' title='bbox 3145 4783 3285 4838; x_wconf 92' lang='lat' dir='ltr'><strong>duos</strong></span> <span class='ocrx_word' id='word_1_613' title='bbox 3320 4783 3578 4838; x_wconf 79' lang='lat' dir='ltr'><strong>humeros</strong></span> 
     </span>
    </p>
   </div>
   <div class='ocr_carea' id='block_1_94' title="bbox 2007 4874 3573 4946">
    <p class='ocr_par' dir='ltr' id='par_1_95' title="bbox 2007 4874 3573 4946">
     <span class='ocr_line' id='line_1_97' title="bbox 2007 4874 3573 4946; baseline 0 -15"><span class='ocrx_word' id='word_1_614' title='bbox 2007 4876 2472 4946; x_wconf 87' lang='lat' dir='ltr'><strong>superhumeralis</strong></span> <span class='ocrx_word' id='word_1_615' title='bbox 2519 4892 2586 4930; x_wconf 81' lang='lat' dir='ltr'><strong>ex</strong></span> <span class='ocrx_word' id='word_1_616' title='bbox 2616 4875 2846 4930; x_wconf 84' lang='lat' dir='ltr'><strong>adverso</strong></span> <span class='ocrx_word' id='word_1_617' title='bbox 2884 4875 3184 4930; x_wconf 88' lang='lat' dir='ltr'><strong>secundum</strong></span> <span class='ocrx_word' id='word_1_618' title='bbox 3214 4874 3407 4931; x_wconf 81' lang='lat' dir='ltr'><strong>faciem</strong></span> <span class='ocrx_word' id='word_1_619' title='bbox 3433 4876 3573 4946; x_wconf 82' lang='lat' dir='ltr'><strong>ejus.</strong></span> 
     </span>
    </p>
   </div>
   <div class='ocr_carea' id='block_1_95' title="bbox 2007 4967 3574 5036">
    <p class='ocr_par' dir='ltr' id='par_1_96' title="bbox 2007 4967 3574 5036">
     <span class='ocr_line' id='line_1_98' title="bbox 2007 4967 3574 5036; baseline 0.001 -15"><span class='ocrx_word' id='word_1_620' title='bbox 2007 4968 2092 5021; x_wconf 89' lang='lat' dir='ltr'><strong>I9.</strong></span> <span class='ocrx_word' id='word_1_621' title='bbox 2130 4968 2191 5022; x_wconf 84' lang='lat' dir='ltr'><strong>Et</strong></span> <span class='ocrx_word' id='word_1_622' title='bbox 2227 4967 2473 5023; x_wconf 80' lang='lat' dir='ltr'><strong>fecerunt</strong></span> <span class='ocrx_word' id='word_1_623' title='bbox 2503 4969 2641 5024; x_wconf 91' lang='lat' dir='ltr'><strong>duos</strong></span> <span class='ocrx_word' id='word_1_624' title='bbox 2685 4967 2920 5023; x_wconf 90' lang='lat' dir='ltr'><strong>annulos</strong></span> <span class='ocrx_word' id='word_1_625' title='bbox 2957 4982 3174 5034; x_wconf 86' lang='lat' dir='ltr'><strong>aureos,</strong></span> <span class='ocrx_word' id='word_1_626' title='bbox 3207 4976 3260 5022; x_wconf 91' lang='lat' dir='ltr'><strong>et</strong></span> <span class='ocrx_word' id='word_1_627' title='bbox 3295 4968 3574 5036; x_wconf 69' lang='lat' dir='ltr'><strong>iniposue-</strong></span> 
     </span>
    </p>
   </div>
   <div class='ocr_carea' id='block_1_96' title="bbox 2003 5058 3577 5128">
    <p class='ocr_par' dir='ltr' id='par_1_97' title="bbox 2003 5058 3577 5128">
     <span class='ocr_line' id='line_1_99' title="bbox 2003 5058 3577 5128; baseline -0.001 -16"><span class='ocrx_word' id='word_1_628' title='bbox 2003 5068 2134 5113; x_wconf 87' lang='lat' dir='ltr'><strong>runt</strong></span> <span class='ocrx_word' id='word_1_629' title='bbox 2155 5074 2318 5128; x_wconf 91' lang='lat' dir='ltr'><strong>super</strong></span> <span class='ocrx_word' id='word_1_630' title='bbox 2344 5060 2482 5115; x_wconf 90' lang='lat' dir='ltr'><strong>duas</strong></span> <span class='ocrx_word' id='word_1_631' title='bbox 2505 5061 2622 5116; x_wconf 85' lang='lat' dir='ltr'><strong>alas</strong></span> <span class='ocrx_word' id='word_1_632' title='bbox 2653 5073 2713 5115; x_wconf 71' lang='grc' dir='ltr'><strong>οε-</strong></span> <span class='ocrx_word' id='word_1_633' title='bbox 2742 5074 2908 5128; x_wconf 86' lang='lat' dir='ltr'><strong>super</strong></span> <span class='ocrx_word' id='word_1_634' title='bbox 2949 5060 3318 5114; x_wconf 87' lang='lat' dir='ltr'><strong>summitatem</strong></span> <span class='ocrx_word' id='word_1_635' title='bbox 3358 5058 3381 5125; x_wconf 72' lang='grc' dir='ltr'>ζ</span> <span class='ocrx_word' id='word_1_636' title='bbox 3407 5058 3577 5112; x_wconf 89' lang='lat' dir='ltr'><strong>ratio-</strong></span> 
     </span>
    </p>
   </div>
   <div class='ocr_carea' id='block_1_97' title="bbox 2004 5148 3573 5220">
    <p class='ocr_par' dir='ltr' id='par_1_98' title="bbox 2004 5148 3573 5220">
     <span class='ocr_line' id='line_1_100' title="bbox 2004 5148 3573 5220; baseline -0.001 -16"><span class='ocrx_word' id='word_1_637' title='bbox 2004 5151 2165 5213; x_wconf 82' lang='lat' dir='ltr'><strong>nalis,</strong></span> <span class='ocrx_word' id='word_1_638' title='bbox 2196 5165 2359 5218; x_wconf 85' lang='lat' dir='ltr'><strong>super</strong></span> <span class='ocrx_word' id='word_1_639' title='bbox 2376 5153 2744 5206; x_wconf 76' lang='lat' dir='ltr'><strong>summitatem</strong></span> <span class='ocrx_word' id='word_1_640' title='bbox 2761 5150 2910 5206; x_wconf 88' lang='lat' dir='ltr'><strong>dorsi</strong></span> <span class='ocrx_word' id='word_1_641' title='bbox 2928 5148 3387 5220; x_wconf 82' lang='lat' dir='ltr'><strong>superhumeralis</strong></span> <span class='ocrx_word' id='word_1_642' title='bbox 3406 5149 3573 5210; x_wconf 86' lang='lat' dir='ltr'><strong>intus.</strong></span> 
     </span>
    </p>
   </div>
   <div class='ocr_carea' id='block_1_98' title="bbox 2003 5240 3574 5308">
    <p class='ocr_par' dir='ltr' id='par_1_99' title="bbox 2003 5240 3574 5308">
     <span class='ocr_line' id='line_1_101' title="bbox 2003 5240 3574 5308; baseline 0.001 -14"><span class='ocrx_word' id='word_1_643' title='bbox 2003 5241 2071 5296; x_wconf 89' lang='lat' dir='ltr'><strong>Et</strong></span> <span class='ocrx_word' id='word_1_644' title='bbox 2102 5240 2349 5296; x_wconf 83' lang='lat' dir='ltr'><strong>fecerunt</strong></span> <span class='ocrx_word' id='word_1_645' title='bbox 2372 5240 2512 5297; x_wconf 89' lang='lat' dir='ltr'><strong>duos</strong></span> <span class='ocrx_word' id='word_1_646' title='bbox 2543 5243 2778 5297; x_wconf 87' lang='lat' dir='ltr'><strong>annulos</strong></span> <span class='ocrx_word' id='word_1_647' title='bbox 2805 5253 3019 5303; x_wconf 82' lang='lat' dir='ltr'><strong>aureos,</strong></span> <span class='ocrx_word' id='word_1_648' title='bbox 3055 5249 3108 5294; x_wconf 86' lang='lat' dir='ltr'><strong>et</strong></span> <span class='ocrx_word' id='word_1_649' title='bbox 3136 5249 3437 5308; x_wconf 88' lang='lat' dir='ltr'><strong>posuerunt</strong></span> <span class='ocrx_word' id='word_1_650' title='bbox 3477 5255 3574 5296; x_wconf 81' lang='lat' dir='ltr'><strong>eos</strong></span> 
     </span>
    </p>
   </div>
   <div class='ocr_carea' id='block_1_99' title="bbox 2003 5332 3570 5405">
    <p class='ocr_par' dir='ltr' id='par_1_100' title="bbox 2003 5332 3570 5405">
     <span class='ocr_line' id='line_1_102' title="bbox 2003 5332 3570 5405; baseline -0.001 -17"><span class='ocrx_word' id='word_1_651' title='bbox 2003 5336 2071 5389; x_wconf 88' lang='lat' dir='ltr'><strong>ad</strong></span> <span class='ocrx_word' id='word_1_652' title='bbox 2114 5344 2379 5405; x_wconf 84' lang='lat' dir='ltr'><strong>utrosque</strong></span> <span class='ocrx_word' id='word_1_653' title='bbox 2401 5337 2660 5391; x_wconf 82' lang='lat' dir='ltr'><strong>humeros</strong></span> <span class='ocrx_word' id='word_1_654' title='bbox 2693 5332 3160 5404; x_wconf 87' lang='lat' dir='ltr'><strong>superbumeralis</strong></span> <span class='ocrx_word' id='word_1_655' title='bbox 3185 5332 3254 5386; x_wconf 89' lang='lat' dir='ltr'><strong>ab</strong></span> <span class='ocrx_word' id='word_1_656' title='bbox 3295 5332 3406 5386; x_wconf 90' lang='lat' dir='ltr'><strong>imo</strong></span> <span class='ocrx_word' id='word_1_657' title='bbox 3429 5332 3570 5400; x_wconf 87' lang='lat' dir='ltr'><strong>ejus,</strong></span> 
     </span>
    </p>
   </div>
   <div class='ocr_carea' id='block_1_100' title="bbox 2002 5424 3574 5495">
    <p class='ocr_par' dir='ltr' id='par_1_101' title="bbox 2002 5424 3574 5495">
     <span class='ocr_line' id='line_1_103' title="bbox 2002 5424 3574 5495; baseline -0.003 -13"><span class='ocrx_word' id='word_1_658' title='bbox 2002 5428 2302 5482; x_wconf 87' lang='lat' dir='ltr'><strong>secundum</strong></span> <span class='ocrx_word' id='word_1_659' title='bbox 2341 5427 2536 5482; x_wconf 81' lang='lat' dir='ltr'><strong>faciem</strong></span> <span class='ocrx_word' id='word_1_660' title='bbox 2559 5427 2698 5495; x_wconf 87' lang='lat' dir='ltr'><strong>ejus,</strong></span> <span class='ocrx_word' id='word_1_661' title='bbox 2723 5425 2789 5479; x_wconf 90' lang='lat' dir='ltr'><strong>ad</strong></span> <span class='ocrx_word' id='word_1_662' title='bbox 2821 5425 3240 5481; x_wconf 90' lang='lat' dir='ltr'><strong>commissuram</strong></span> <span class='ocrx_word' id='word_1_663' title='bbox 3270 5424 3390 5493; x_wconf 87' lang='lat' dir='ltr'><strong>ejus</strong></span> <span class='ocrx_word' id='word_1_664' title='bbox 3419 5424 3574 5478; x_wconf 90' lang='lat' dir='ltr'><strong>desu-</strong></span> 
     </span>
    </p>
   </div>
   <div class='ocr_carea' id='block_1_101' title="bbox 2000 5515 3572 5588">
    <p class='ocr_par' dir='ltr' id='par_1_102' title="bbox 2000 5515 3572 5588">
     <span class='ocr_line' id='line_1_104' title="bbox 2000 5515 3572 5588; baseline -0.004 -15"><span class='ocrx_word' id='word_1_665' title='bbox 2000 5533 2097 5588; x_wconf 88' lang='lat' dir='ltr'><strong>per</strong></span> <span class='ocrx_word' id='word_1_666' title='bbox 2138 5526 2470 5574; x_wconf 67' lang='lat' dir='ltr'><strong>contextura:</strong></span> <span class='ocrx_word' id='word_1_667' title='bbox 2500 5516 2982 5588; x_wconf 85' lang='lat' dir='ltr'><strong>superhumeralis.</strong></span> <span class='ocrx_word' id='word_1_668' title='bbox 3025 5515 3091 5569; x_wconf 87' lang='lat' dir='ltr'><strong>Et</strong></span> <span class='ocrx_word' id='word_1_669' title='bbox 3129 5516 3457 5570; x_wconf 80' lang='lat' dir='ltr'><strong>constrinxit</strong></span> <span class='ocrx_word' id='word_1_670' title='bbox 3486 5529 3572 5568; x_wconf 85' lang='lat' dir='ltr'><strong>ra-</strong></span> 
     </span>
    </p>
   </div>
   <div class='ocr_carea' id='block_1_102' title="bbox 2003 5605 3572 5678">
    <p class='ocr_par' dir='ltr' id='par_1_103' title="bbox 2003 5605 3572 5678">
     <span class='ocr_line' id='line_1_105' title="bbox 2003 5605 3572 5678; baseline -0.003 -16"><span class='ocrx_word' id='word_1_671' title='bbox 2003 5608 2199 5662; x_wconf 83' lang='lat' dir='ltr'><strong>tionale</strong></span> <span class='ocrx_word' id='word_1_672' title='bbox 2227 5609 2297 5662; x_wconf 81' lang='lat' dir='ltr'><strong>ab</strong></span> <span class='ocrx_word' id='word_1_673' title='bbox 2327 5608 2565 5672; x_wconf 85' lang='lat' dir='ltr'><strong>annulis,</strong></span> <span class='ocrx_word' id='word_1_674' title='bbox 2586 5606 2681 5675; x_wconf 89' lang='lat' dir='ltr'><strong>qui</strong></span> <span class='ocrx_word' id='word_1_675' title='bbox 2717 5621 2881 5676; x_wconf 87' lang='lat' dir='ltr'><strong>super</strong></span> <span class='ocrx_word' id='word_1_676' title='bbox 2906 5607 3106 5678; x_wconf 87' lang='lat' dir='ltr'><strong>ipsum,</strong></span> <span class='ocrx_word' id='word_1_677' title='bbox 3131 5605 3186 5659; x_wconf 93' lang='lat' dir='ltr'><strong>in</strong></span> <span class='ocrx_word' id='word_1_678' title='bbox 3219 5605 3452 5659; x_wconf 80' lang='lat' dir='ltr'><strong>annulos</strong></span> <span class='ocrx_word' id='word_1_679' title='bbox 3477 5619 3572 5658; x_wconf 84' lang='lat' dir='ltr'><strong>su-</strong></span> 
     </span>
    </p>
   </div>
   <div class='ocr_carea' id='block_1_103' title="bbox 2001 5692 3570 5767">
    <p class='ocr_par' dir='ltr' id='par_1_104' title="bbox 2001 5692 3570 5767">
     <span class='ocr_line' id='line_1_106' title="bbox 2001 5692 3570 5767; baseline -0.007 -16"><span class='ocrx_word' id='word_1_680' title='bbox 2001 5697 2394 5767; x_wconf 84' lang='lat' dir='ltr'><strong>perhumeralis</strong></span> <span class='ocrx_word' id='word_1_681' title='bbox 2425 5696 2766 5760; x_wconf 78' lang='lat' dir='ltr'><strong>continentes</strong></span> <span class='ocrx_word' id='word_1_682' title='bbox 2799 5710 2866 5750; x_wconf 77' lang='lat' dir='ltr'><strong>ex</strong></span> <span class='ocrx_word' id='word_1_683' title='bbox 2904 5693 3194 5767; x_wconf 85' lang='lat' dir='ltr'><strong>hyacintho</strong></span> <span class='ocrx_word' id='word_1_684' title='bbox 3217 5692 3570 5760; x_wconf 76' lang='lat' dir='ltr'><strong>complicatos</strong></span> 
     </span>
    </p>
   </div>
   <div class='ocr_carea' id='block_1_104' title="bbox 2000 5783 3571 5860">
    <p class='ocr_par' dir='ltr' id='par_1_105' title="bbox 2000 5783 3571 5860">
     <span class='ocr_line' id='line_1_107' title="bbox 2000 5783 3571 5860; baseline -0.005 -16"><span class='ocrx_word' id='word_1_685' title='bbox 2000 5790 2076 5847; x_wconf 78' lang='lat' dir='ltr'><strong>ad</strong></span> <span class='ocrx_word' id='word_1_686' title='bbox 2103 5797 2476 5846; x_wconf 77' lang='lat' dir='ltr'><strong>eontexturam</strong></span> <span class='ocrx_word' id='word_1_687' title='bbox 2504 5789 2983 5860; x_wconf 66' lang='lat' dir='ltr'><strong>super-humeralis,</strong></span> <span class='ocrx_word' id='word_1_688' title='bbox 3016 5797 3075 5841; x_wconf 88' lang='lat' dir='ltr'><strong>ut</strong></span> <span class='ocrx_word' id='word_1_689' title='bbox 3111 5801 3220 5840; x_wconf 88' lang='lat' dir='ltr'><strong>non</strong></span> <span class='ocrx_word' id='word_1_690' title='bbox 3247 5783 3449 5839; x_wconf 83' lang='lat' dir='ltr'><strong>dimuat</strong></span> <span class='ocrx_word' id='word_1_691' title='bbox 3483 5798 3571 5836; x_wconf 84' lang='lat' dir='ltr'><strong>ra-</strong></span> 
     </span>
    </p>
   </div>
  </div>
