4108 6402
497 377 604 432 515

1541 375 2016 431 HEXAPLORUM
2061 375 2227 442 QUAE
2272 373 2709 432 SUPERSL’NT.

3659 381 3764 435 516

487 497 690 552 tionale
724 511 754 552 a
805 498 1278 567 superhumerali,
1322 497 1463 552 sicut
1509 501 1762 568 praecepit
1810 498 2074 553 Dominus

2180 497 2284 551 ἀπὺ
2315 498 2422 551 τῶν
2448 498 2748 552 δακτυλίων
2781 498 2886 552 τῶν
2933 501 3020 553 ἐπ’
3068 503 3232 556 αὑτοῦ
3281 507 3359 568 εἰς
3396 505 3523 568 τοὺς
3567 505 3765 562 δακτυ-

487 589 678 659 Moysi.
712 589 799 644 36.
822 589 961 643 Vasa
993 591 1134 658 ejus,
1153 599 1207 641 et
1229 590 1406 642 oleum
1434 590 1589 644 lucis.
1620 591 1707 642 37.
1732 593 1797 656 )ai
1817 589 1880 643 Et
1905 591 2076 645 altare

2178 591 2324 654 λίους
2370 598 2466 661 της
2504 591 2779 662 ἐπωμίδος
2822 597 3212 665 συνεχομένους
3261 601 3324 650 ἐκ
3376 600 3475 670 τῆς
3509 601 3766 656 ὑακίνθου

486 691 712 730 aureum
739 678 829 745 ζει
854 678 1032 732 oleum
1066 679 1363 741 unctionis,
1395 687 1450 732 ct
1474 679 1769 748 thymiama
1799 683 2069 748 composi-

2180 681 2706 753 συμπεπλεγμένους
2734 685 2814 747 είς
2833 685 2894 737 τὸ
2916 685 3148 758 ὕφασμα
3190 690 3290 759 τῆς
3332 691 3607 762 ἐπωμίδος
3627 732 3642 755 ,
3676 693 3766 746 ἵνα

489 768 671 822 tionis.
697 769 785 823 38.
815 767 881 822 Et
913 770 1207 824 tentorium
1237 769 1362 823 ostii
1393 771 1458 837 Χ
1486 770 1821 824 tabernaculi
1849 771 1869 837 ζ
1893 772 1979 825 59.
2010 770 2076 826 Et

2180 773 2254 843 μὴ
2285 773 2513 842 χαλᾶται
2547 775 2607 828 τὸ
2629 774 2808 842 λόγιον
2834 777 2940 829 ἀπὸ
2973 778 3072 847 τῆς
3099 781 3390 850 ἐπωμίδος,
3422 783 3566 836 καθὰ
3610 785 3763 837 συνέ-

485 859 656 913 altare
693 876 925 922 :eneum,
950 872 1006 915 et
1041 862 1470 916 additamentum
1520 877 1768 927 aeneum,
1807 862 1949 932 quod
1989 872 2075 917 est

2175 867 2304 929 ταξε
2351 867 2549 936 Κύριος
2586 865 2662 937 τῷ
2708 867 2903 938 Μωσῇ.
2939 869 3027 924 56.
3086 872 3264 944 Σκεύη
3321 875 3526 945 αὐτῆς,
3569 876 3666 932 καὶ
3703 876 3765 931 τὸ

765 979 852 1029 ΤΟ
882 979 1250 1031 ΕΒΡΛΙΚΟΝ.

1889 981 1977 1033 ΤΟ
2020 981 2366 1035 EBPAIKON

3090 989 3388 1044 ΛΚΥΛΑΣ.

1793 1049 2124 1122 Ἑλληνικοῖς
2155 1052 2466 1123 γράμμασι.

945 1151 1220 1202 ῚΞΝἿἽἽΝ
1252 1152 1390 1208 ωτι
1424 1145 1459 1198 2
1675 1147 1731 1198 2.

932 1239 1106 1287 unum
1139 1240 1386 1290 ’JIN'ﬁR
1424 1231 1457 1283 6
1671 1237 1723 1290 6.

1282 1333 1452 1380 me:

1233 1494 1456 1542 11321.1":

1281 1657 1380 1707 πω
1411 1648 1452 1701 8
1669 1651 1722 1703 8.

1087 1750 1344 1799 ﬁtﬁt-nm
1383 1742 1452 1796 35
1668 1744 1757 1797 35.

892 1836 1067 1888 cum
1098 1815 1356 1888 :n'v-nm
1391 1831 1458 1884 56
1678 1835 1765 1887 '56.

1136 2001 1357 2051 ὯΞἿἾΝῚ
1390 1992 1459 2046 59
1676 1996 1765 2051 39.

591 2082 846 2141 VERSIO
881 2085 1209 2141 HEBRAICI
1246 2085 1451 2142 ΤΕΧΤ.

553 2180 608 2232 2.
649 2180 711 2233 Et
741 2181 863 2235 fecit
895 2182 1364 2251 superbumcrale.

554 2270 607 2324 6.
633 2271 864 2340 Lapides
893 2273 1141 2343 onychis.

553 2363 951 2419 (Iircunidatos.
1666 2368 1953 2426 Astrictos.

553 2527 894 2582 Ocellaturis.
1667 2530 1930 2590 lnclusos.

551 2617 606 2669 8.
639 2614 818 2671 Cocci.
1671 2623 1729 2678 8.
1763 2622 1853 2677 Bis
1876 2626 2060 2679 tincto.

553 2707 643 2760 35.
673 2705 867 2762 Vectes
889 2709 1026 2775 ejus.

550 2798 638 2851 36.
663 2796 865 2853 Panem
891 2800 1172 2854 facierum.

1671 2714 1761 2769 35.
1802 2714 2015 2770 Vcctes.

552 2961 641 3017 39.
676 2961 743 3016 Et
766 2961 941 3016 basim
971 2962 1109 3030 ejus.

1822 2091 2152 2148 VULGATA
2192 2094 2275 2149 LA
2285 2095 2465 2151 ΤΙΝΑ.

1669 2185 1722 2240 2.
1757 2185 1822 2240 Et
1847 2187 1972 2243 fecit
2008 2190 2472 2260 superbumerale.

1667 2277 1722 2331 6.
1754 2277 1982 2348 Lapides
2010 2281 2333 2348 onychinos.

2785 1148 2839 1203 2.
2871 1149 2982 1202 Kal
3003 1150 3224 1220 ἐποίησε
3259 1152 3318 1204 τὸ
3339 1153 3639 1223 ὲπένδυμα.

2786 1241 2844 1295 ο.
2873 1242 3012 1305 Τοὺς
3044 1241 3225 1306 λίθους
3264 1244 3474 1313 ὄνυχος.

2725 1699 2728 1702 .
2788 1656 2846 1712 8.
2881 1658 3164 1729 Διάφορον.

2791 1749 2881 1803 35.
2928 1750 3263 1819 Ἀναφορείς.

2781 1837 2870 1893 36.

2792 1999 2885 2056 39.

2994 2134 2998 2138 -
3109 2094 3358 2162 AQUILA
3374 2135 3386 2147 .

2786 2191 2839 2245 2.
2871 2189 2937 2245 Et
2969 2190 3096 2247 fecit
3126 2191 3692 2260 superindumentum.

2783 2282 2836 2336 6.
2866 2281 3096 2353 Lapides
3116 2283 3360 2354 onychis.

2789 2624 2840 2677 8.
2873 2621 3116 2677 Varium.

2786 2716 2876 2769 35.
2904 2713 3120 2769 Vectes.

1670 2805 1760 2859 36.
1791 2807 1928 2861 Cum
1971 2806 2203 2876 panibus
2231 2809 2635 2880 propositionis.
2787 2805 2878 2860 36.

1673 2966 1764 3021 39.
1804 2967 1940 3021 Cum
1974 2967 2092 3022 basi
2119 2985 2238 3023 sua.
2789 2966 2882 3022 39.

1265 3057 1443 3118 Nota)
1479 3065 1538 3119 et
1571 3060 1763 3122 varia;
1808 3062 2120 3124 lectiones
2150 3065 2226 3125 ad
2254 3080 2390 3142 cap.
2411 3065 2698 3128 XXXIX
2733 3061 2956 3124 Exodi.

530 3154 612 3209 Ex
637 3155 829 3234 eodem
857 3155 1172 3210 Colbertino
1201 3156 1722 3234 3684_faput_rxx_ix
1748 3159 1920 3234 _Ex_odi
1943 3178 2078 3234 pene
2180 3180 2394 3234 semper
2434 3164 2716 3234 ὲπένδυμα
2751 3160 3379 3234 γετῑυιιι.ίΜθι·ιὶιιιιαξιιε
3422 3166 3613 3234 tamen
3651 3174 3756 3214 no-

484 3237 656 3304 totum
687 3227 956 3290 eruimus,
993 3235 1051 3304 ut
1081 3235 1200 3304 erat
1232 3228 1286 3280 in
1336 3226 1595 3304 Hexaplis
1633 3231 1701 3283 ab
1734 3226 1970 3304 Origene
2002 3233 2074 3286 ita

2180 3226 2385 3288 ster'ad
2414 3235 2620 3304 Symm.
2638 3226 2860 3304 'posuit,
2885 3231 2978 3284 καὶ
3004 3231 3260 3301 ἐποίησεν
3304 3227 3496 3297 Ἐφώδ.

481 3298 870 3369 concinnatum
905 3305 965 3349 ut
1000 3296 1267 3369 llebraico
1299 3312 1328 3349 e
1359 3300 1584 3366 regione
1630 3301 1808 3368 posito
1839 3296 2069 3369 respon-

480 3367 653 3428 deret,
679 3383 840 3422 secus
861 3382 1038 3439 quam
1061 3367 1111 3439 in
1134 3367 1223 3419 illa
1252 3369 1428 3439 κοινῇ,
1450 3370 1540 3421 ubi
1567 3367 1751 3423 omnia
1771 3387 1868 3423 sus
1895 3367 2070 3439 (li-que

479 3451 636 3512 yersa
691 3447 839 3512 sunt,
875 3447 935 3512 ut
989 3436 1245 3512 diximus.
1302 3436 1395 3490 Ηιυ
1432 3439 1716 3512 lectiones,
1773 3436 2065 3512 ὲμπλόκία,

483 3505 670 3629 λημψη
702 3515 756 3562 et
779 3508 1012 3572 similes,
1049 3507 1129 3562 sic
1160 3507 1431 3561 habentur
1457 3511 1510 3561 in
1547 3524 1682 3564 mss.

606 3615 622 3629 .
657 3577 710 3629 2.
766 3575 858 3629 Sic
902 3592 1036 3629 mss.
1079 3578 1292 3629 nostri.
1324 3579 1418 3629 ubi
1450 3579 1648 3629 Aauila
1679 3605 1682 3626 4

606 3615 622 3630 .
657 3575 710 3630 2.
766 3575 858 3632 Sic
902 3592 1036 3633 mss.
1079 3578 1292 3646 nostri,
1324 3579 1418 3632 ubi
1450 3579 1648 3649 Aquila
1679 3589 1734 3636 et
1771 3579 1920 3651 Sym.
1950 3589 2065 3641 mea

2246 3345 2310 3399 V.
2345 3346 2398 3400 6.
2430 3345 2509 3400 Ita
2547 3347 2649 3410 Ἀ.,
2671 3345 2862 3409 Σ.,Θ.,
2889 3353 2948 3397 ιιι
2970 3359 3111 3412 saepe
3137 3343 3376 3396 vidimus
3408 3357 3592 3407 supra.
3615 3339 3754 3394 Mar-

2173 3416 2404 3472 tianaaus
2434 3427 2616 3470 tamen
2653 3425 2839 3470 noster
2871 3415 2950 3468 sic
2986 3415 3149 3467 habet
3183 3415 3286 3478 ‘A.,
3311 3413 3399 3477 8.,
3426 3412 3552 3475 τοὺς
3575 3412 3754 3474 λίθους

2169 3488 2467 3558 ὀνυχίνους.
2502 3487 2586 3550 Σ.,
2624 3489 2747 3549 τοὺς
2775 3484 2955 3546 λίθους
2983 3485 3201 3553 ὄνυχας.

2241 3577 2376 3634 Ibid.
2413 3581 2477 3631 Οἱ
2510 3576 2735 3645 λοιποὶ,
2761 3574 3246 3646 συνεσφιγμένους,
3280 3572 3353 3628 ita
3376 3571 3714 3628 Basiliensis.

1755 3785 2011 3847 CAPUT
2044 3783 2160 3844 XL
2190 3779 2474 3841 EXODI.

1801 3909 1909 3968 Ea:
1954 3904 2164 3966 eodem
2219 3901 2457 3963 codice.

485 4071 538 4089 ..
565 4073 577 4086 .
605 4032 838 4087 Domino
878 4032 934 4086 in
975 4031 1225 4087 circuitu.
1254 4033 1303 4086 7.
1354 4033 1420 4088 Et
1453 4049 1621 4104 pones
1675 4033 1888 4089 labrum
1932 4035 2070 4086 inter
2178 4069 2192 4083 .
2230 4066 2245 4083 .
2284 4066 2300 4080 .
2329 4065 2345 4080 .

483 4125 896 4181 tabernaculum
921 4124 1239 4190 testimonii,
1263 4135 1316 4180 et
1339 4126 1479 4180 inter
1501 4127 1692 4190 altare,
1717 4125 1940 4180 etdabis
1962 4123 2071 4176 illic

484 4234 704 4289 aquam.
724 4219 774 4272 8.
799 4217 864 4272 Et
886 4232 1056 4286 pones
1079 4217 1278 4271 atrium
1307 4217 1360 4270 in
1385 4217 1637 4272 circuitu.
1662 4216 1730 4269 Et
1752 4216 1913 4271 dabis
1933 4214 2071 4269 vela-

484 4327 608 4366 men
640 4324 809 4381 portze
843 4311 984 4364 atrii.
1026 4310 1080 4364 9.
1111 4308 1177 4363 Et
1211 4309 1446 4378 accipies
1473 4309 1652 4362 oleum
1687 4308 1988 4372 unctionis,
2017 4315 2070 4360 et

483 4418 656 4473 unges
700 4401 1131 4463 tabernaculum,
1164 4411 1217 4455 et
1245 4401 1431 4455 omnia
1479 4416 1600 4469 qua:
1640 4401 1696 4454 in
1735 4415 1799 4454 eo
1825 4406 1973 4453 sunt.
2004 4397 2070 4452 Et

483 4492 852 4549 sanctiﬁcaliis
873 4493 1000 4547 illud
1023 4493 1273 4547 etomnia
1293 4507 1420 4546 vasa
1443 4492 1652 4560 ejus,et
1672 4499 1833 4546 erunt
1857 4499 2065 4545 sancta.

487 4585 574 4637 10.
600 4581 665 4636 Et
687 4583 930 4653 portabis
955 4583 1020 4637 ad
1053 4584 1223 4638 altare
1255 4582 1601 4636 fructuum...
1632 4581 1715 4634 12.
1748 4579 1813 4634 Et
1832 4580 2067 4634 adduces

485 4677 668 4729 Aaron
698 4686 752 4729 et
773 4676 913 4730 lilios
938 4675 1058 4744 ejus
1087 4675 1151 4728 ad
1179 4683 1363 4742 portas
1387 4672 1722 4727 tabernaculi
1750 4672 2065 4734 testimonii,

485 4779 540 4824 et
566 4767 768 4822 lavabis
792 4781 887 4823 eos
917 4781 1077 4836 aqua.
1110 4767 1195 4819 l3.
1227 4764 1292 4819 Et
1320 4766 1512 4819 inducs
1538 4764 1722 4818 Aaron
1749 4765 1918 4818 stolas
1944 4780 2070 4816 san-

487 4872 622 4926 ctas,
641 4869 694 4914 et
713 4873 883 4929 unges
901 4873 1047 4924 eum,
1071 4868 1124 4912 et
1140 4857 1502 4912 sanetilicaliis
1522 4871 1670 4919 eum,
1687 4863 1739 4910 et
1764 4855 2068 4910 sacerdotio

487 4949 743 5021 fungetur
771 4949 924 5003 mihi.
963 4948 1049 5002 14.
1080 4945 1147 5000 Ει
1177 4948 1417 5001 adduces
1448 4946 1590 5000 lilios
1619 4945 1758 5015 ejus,
1792 4954 1845 4999 et
1876 4945 2067 4999 inducs

489 5052 587 5092 eos
606 5037 844 5092 tunicas.
867 5036 954 5092 15.
977 5035 1044 5090 Et
1067 5051 1238 5106 unges
1266 5050 1362 5089 eos
1380 5033 1840 5103 quemadmodum
1862 5034 2066 5088 unxisti

488 5140 695 5201 patrem
721 5145 933 5192 eorum,
965 5137 1019 5183 et
1046 5126 1352 5182 sacerdotio
1381 5124 1674 5196 fungentur
1703 5125 1856 5180 mihi.
1887 5123 1971 5179 16.
2001 5123 2067 5178 Et

488 5223 593 5278 erit
613 5231 674 5276 ut
701 5222 774 5276 sit
802 5221 934 5291 ipsis
957 5219 1196 5274 chrisma
1235 5217 1525 5272 sacerdotii
1569 5231 1760 5270 eorum
1799 5215 1852 5270 in
1893 5231 2065 5272 satcu-

489 5315 625 5379 lum,
659 5315 714 5367 in
742 5311 1120 5383 generationes
1145 5325 1357 5365 eorum.
1383 5306 1450 5361 Et
1474 5307 1603 5363 fecit
1630 5305 1842 5378 Moyses
1866 5321 2064 5362 secun-

489 5409 618 5464 dum
645 5407 829 5462 omnia
851 5422 974 5476 qua:
1007 5404 1263 5476 praacepit
1289 5402 1391 5472 ipsi
1421 5401 1707 5464 Dominus,
1738 5400 1818 5454 sic
1849 5398 1993 5454 fecit.

2429 4025 2650 4097 ,Κυρίῳ
2682 4025 2887 4096 κύκλῳ.
2919 4025 2968 4079 7.
3033 4026 3144 4079 Καὶ
3169 4025 3354 4097 Θήσεις
3383 4026 3474 4080 τὸν
3513 4026 3750 4099 λουτῆρα

2172 4118 2444 4188 ἀναμέσον
2483 4118 2581 4185 τῆς
2627 4118 2830 4187 σκηνῆς
2861 4114 2954 4168 τοῦ
2991 4115 3313 4188 μαρτυρίου,
3348 4117 3443 4169 καὶ
3477 4115 3750 4186 ἀναμέσον

2171 4211 2263 4262 τοῦ
2298 4209 2704 4280 θυσιαστηρίου,
2740 4210 2834 4260 καὶ
2863 4205 3055 4272 δώσεις
3078 4209 3192 4259 ἐκεῖ
3215 4206 3380 4278 ὕδωρ.
3406 4206 3460 4261 8.
3504 4207 3613 4260 Καὶ
3651 4206 3750 4277 θή-

2173 4319 2286 4365 σεις
2316 4302 2413 4371 τὴν
2465 4299 2634 4369 αὐλὴν
2663 4298 2866 4370 κύκλῳ.
2922 4299 3031 4352 Kal
3063 4297 3254 4362 δώσεις
3286 4299 3346 4350 τὸ
3375 4298 3750 4371 ὲπίσπαστρον

2169 4396 2266 4466 τῆς
2303 4394 2475 4464 πύλης
2509 4393 2605 4462 τῆς
2637 4391 2823 4462 αὐλῆς.
2849 4391 2901 4445 9.
2928 4391 3037 4445 Kal
3061 4391 3250 4462 λήμψη
3287 4391 3436 4462 (sic)
3475 4391 3535 4444 τὸ
3571 4393 3749 4447 ἔλαιον

2169 4487 2262 4540 τοῦ
2303 4486 2619 4557 χρίσματος,
2650 4483 2742 4535 καὶ
2772 4483 2979 4555 κρίσεις
3006 4481 3102 4552 τὴν
3139 4481 3378 4552 σκηνὴν,
3427 4483 3522 4538 καὶ
3570 4483 3749 4537 πάντα

2170 4580 2238 4632 τὰ
2265 4582 2321 4631 ὲν
2347 4580 2503 4648 αὐτῇ.
2539 4577 2647 4628 Kal
2680 4576 2927 4643 ἁγιὰσεις
2958 4574 3125 4645 αὐτὴν
3154 4576 3246 4627 καὶ
3275 4575 3454 4630 πάντα
3481 4575 3547 4630 τὰ
3577 4577 3746 4647 σκεύη

2170 4672 2359 4740 αὐτῆς,
2389 4670 2482 4722 καὶ
2518 4667 2670 4720 ἕσται
2695 4669 2841 4735 ἆγια.
2885 4667 2969 4721 10.
3007 4667 3116 4720 Kal
3153 4669 3304 4738 ἀρεῖς
3338 4669 3417 4732 είς
3461 4669 3521 4722 τὸ
3561 4669 3748 4723 Θυσια-

2173 4765 2388 4832 στήριον
2425 4761 2529 4814 τῶν
2561 4759 2945 4831 καρπωμάτων
2970 4798 2983 4810 .
3024 4795 3039 4810 .
3074 4799 3086 4811 .
3125 4798 3140 4812 .
3169 4777 3278 4812 τον.
3333 4760 3418 4814 12.
3459 4762 3566 4814 Kal
3609 4780 3745 4835 προ-

2171 4853 2351 4917 σάξεις
2374 4855 2441 4920 51(
2471 4852 2562 4905 τὸν
2593 4851 2614 4918 ζ
2664 4853 2871 4924 Ἀαρὼν
2898 4853 2993 4905 καὶ
3018 4853 3144 4915 τοὺς
3174 4854 3320 4916 υἱοὺς
3337 4853 3502 4907 αὑτοῦ
3533 4855 3624 4906 ἐπὶ
3651 4854 3747 4918 τὰς

2171 4943 2339 5014 θύρας
2366 4945 2464 5013 τῆς
2498 4942 2700 5012 σκηνῆς
2725 4940 2817 4994 τοῦ
2838 4942 3160 5012 μαρτυρίου.
3180 4943 3289 4996 Kal
3319 4942 3528 5007 λούσεις
3550 4945 3748 5008 αὐτοὺς

2171 5035 2342 5091 ὕδατι.
2386 5035 2472 5088 15.
2504 5035 2614 5086 Kal
2645 5033 2886 5096 ἐνδύσεις
2915 5035 2982 5100 »ζ
3013 5033 3104 5086 τὸν
3133 5033 3156 5102 ζ
3202 5033 3411 5105 ’Δαρὼν
3427 5034 3525 5099 τὰς
3553 5035 3746 5100 στολὰς

2169 5126 2266 5189 τὰς
2309 5126 2504 5194 ἁγίας,
2547 5126 2642 5178 καὶ
2691 5124 2901 5195 κρίσεις
2947 5125 3130 5188 αὑτὸν,
3181 5125 3274 5179 καὶ
3306 5127 3554 5194 ἁγιάσεις
3584 5127 3747 5179 αὐτὸν

2169 5218 2265 5271 καὶ
2308 5217 2612 5287 ἱερατεύσει
2652 5236 2760 5288 μοι.
2804 5219 2889 5272 14.
2920 5219 3029 5273 Kal
3080 5219 3370 5290 προσάξεις
3420 5223 3546 5284 τοὺς
3599 5221 3746 5284 υἱοὺς

2173 5309 2360 5373 αὑτοῦ,
2389 5310 2484 5362 καὶ
2505 5310 2742 5373 ὲνδύσεις
2774 5312 2967 5376 αὐτοὺς
2990 5311 3241 5381 χιτῶνας.
3271 5314 3354 5367 15.
3380 5313 3490 5366 Kal
3503 5311 3744 5380 ἀλείφεις

2175 5401 2369 5464 αὐτοὺς
2401 5401 2462 5455 ὃν
2502 5401 2706 5472 τρόπον
2749 5402 2974 5473 ἠλειψας
3018 5404 3109 5458 τὸν
3150 5404 3365 5477 πατέρα
3404 5403 3615 5467 αὐτῶν,
3650 5403 3746 5458 ναὶ

493 5503 892 5576 ιερατεύσουσίν
919 5521 1027 5572 μοι.
1065 5500 1148 5555 16.
1191 5501 1299 5553 Kal
1332 5499 1482 5552 ἐσται
1506 5497 1649 5550 ὥστε
1695 5491 1834 5549 εἷναι
1883 5496 2062 5559 αὐτοῖς
2099 5496 2310 5567 χρίσμα
2331 5497 2510 5552 αὐτῶν
2534 5499 2806 5568 ἱερατείας
2863 5501 2944 5562 είς
2999 5499 3088 5552 τὸν
3116 5489 3305 5566 αἰῶνα,
3332 5501 3413 5563 είς
3440 5495 3746 5566 τὰςγενεὰς

490 5595 689 5650 αὐτῶν.
724 5595 834 5647 Kal
871 5595 1122 5664 ἐποίησεν
1166 5592 1372 5661 Μωσῆς
1404 5590 1546 5646 κατὰ
1588 5592 1767 5644 πάντα
1803 5589 1902 5642 ὅσα
1949 5589 2250 5643 ἐνετείλατο
2274 5591 2424 5660 αὐτῷ
2443 5591 2663 5660 Κύριος,
2691 5589 2860 5654 οὕτως
2884 5591 3154 5662 ἐποίησεν.

575 5690 657 5742 l1.
697 5687 760 5742 Et
786 5687 984 5740 laetum
1014 5699 1095 5741 est
1124 5687 1176 5742 in
1209 5701 1396 5740 mense
1431 5687 1628 5755 primo,
1658 5699 1803 5739 anno
1823 5685 2062 5739 secundo

493 5797 552 5838 σιν
583 5796 639 5851 eg
654 5777 1134 5848 redienttbusipsis
1157 5794 1219 5833 ex
1236 5777 1468 5848 Egypto
1488 5779 1511 5845 ζ
1532 5778 1586 5832 in
1615 5777 1898 5833 neomenia
1933 5792 2066 5833 con-

2248 5687 2335 5739 17.
2363 5687 2474 5740 Καὶ
2505 5685 2724 5751 ἐγένετο
2750 5687 2808 5738 ἐν
2833 5686 2909 5756 τῷ
2949 5686 3079 5755 μηνὶ
3110 5686 3188 5757 τῷ
3234 5684 3433 5756 πρώτῳ
3452 5724 3466 5747 ,
3501 5683 3610 5735 ἔτει
3659 5680 3742 5750 τῷ

2169 5777 2402 5848 δευτέρῳ
2425 5791 2486 5834 -εο
2519 5777 2962 5848 ἐκπορευομένων
2983 5777 3160 5831 αὐτῶν
3193 5777 3250 5844 ἐξ
3275 5776 3546 5844 Αἰγύπτου
3572 5773 3593 5841 ζ
3616 5789 3738 5826 νου-
