4108 6428
1524 320 2002 382 Βεχυιοιωιι
2057 325 2228 393 QUAE

2162 325 2228 381 ΑΒ
2272 323 2587 386 SUPERSU
2599 324 2690 380 NT
3643 330 3749 386 524

1742 441 1997 502 CAPUT
2037 443 2061 503 Ι
2099 442 2478 504 LEVITICI.

1725 567 1833 627 Ea:
1868 566 2008 627 cod.
2053 566 2326 627 Colbert.
2359 566 2541 628 308’s.

555 674 608 728 1.
640 670 705 727 Ει
734 668 1009 727 revocavit
1050 668 1289 735 Mosem,
1339 678 1394 726 et
1422 669 1642 726 locutus
1678 678 1769 725 est
1800 668 2066 726 Dominus

484 763 590 833 ipsi
632 778 698 817 ex
744 762 1094 818 tabernaculo
1135 762 1431 817 testimonii
1475 761 1661 818 dicens
1696 762 1796 816 :2.
1821 760 2068 833 Loquere

484 857 614 912 ﬁliis
640 855 827 921 Israel,
858 864 913 910 et
939 855 1090 911 dices
1111 854 1181 910 ad
1206 869 1301 911 eos
1339 873 1353 911 :
1388 853 1568 911 Homo
1609 870 1677 910 ex
1710 855 1868 911 vobis
1897 855 1944 910 si
1983 853 2067 911 of-

483 946 625 1002 ferat
659 961 885 1002 munera
943 945 1175 1002 Domino
1222 946 1289 1002 de
1324 947 1634 1016 pecoribus,
1676 946 1744 1002 de
1793 945 2067 1018 bobus,et

481 1036 551 1092 de
579 1036 775 1093 ovibus
815 1036 1053 1091 oﬁ‘eretis
1091 1051 1321 1091 munera
1355 1044 1557 1091 vestra.
1603 1036 1656 1090 '5.
1700 1033 1758 1089 Si
1804 1036 2066 1091 holocau—

482 1139 631 1184 toma
664 1143 865 1183 munus
892 1127 1012 1198 ejus
1045 1128 1113 1183 de
1154 1128 1353 1190 bobus.
1394 1128 1701 1182 masculum
1745 1127 2067 1182 immacula-

479 1227 596 1273 tum
629 1218 880 1285 adducet,
931 1218 998 1274 ad
1026 1219 1231 1274 ostium
1273 1218 1606 1275 tabernaculi
1646 1218 1945 1275 testimonii
1974 1216 2063 1274 of-

478 1307 617 1363 feret
647 1308 801 1375 illud,
831 1308 1164 1378 acceptabile
1188 1311 1257 1377 Χ
1295 1308 1397 1379 ipsi
1431 1308 1453 1377 ζ
1495 1318 1623 1364 ante
1647 1307 1961 1364 Dominum.
2004 1308 2060 1363 4.

479 1395 547 1453 Et
584 1399 826 1469 imponet
870 1414 1093 1454 manum
1134 1401 1202 1467 Χ
1245 1413 1401 1454 suam
1432 1398 1456 1467 ζ
1491 1413 1654 1469 super
1693 1407 1859 1469 caput
1907 1398 2064 1454 bolo-

477 1490 693 1545 cauSti:
741 1489 1069 1560 acceptabile
1112 1490 1291 1559 ipsum
1337 1490 1406 1545 ad
1440 1490 1910 1560 depropitiandum
1961 1504 2061 1560 pro

478 1582 618 1652 ipso.
653 1579 705 1635 5.
736 1580 802 1636 Et
838 1581 1167 1652 jugulabunt
1205 1580 1438 1636 vitulum
1478 1588 1604 1636 ante
1642 1579 1931 1636 Dominum
1964 1599 1978 1635 :
2007 1588 2063 1636 et

476 1672 705 1728 oﬂerent
733 1672 830 1728 ﬁlii
857 1673 1037 1728 Aaron
1063 1673 1375 1729 sacerdotes
1409 1672 1755 1744 sanguinem,
1789 1682 1844 1727 et
1881 1671 2061 1727 eﬂun-

474 1767 605 1822 dent
626 1767 693 1823 ad
730 1767 901 1823 altare
933 1768 989 1822 in
1027 1767 1285 1826 circuitu,
1342 1766 1489 1836 quod
1525 1773 1611 1821 est
1654 1779 1818 1836 super
1860 1765 2059 1836 januas

473 1858 813 1914 tabernaculi
844 1859 1161 1914 testimonii.
1205 1858 1259 1913 6.
1296 1854 1365 1911 Et
1405 1856 1749 1934 decoriantes
1788 1856 2055 1911 holocau-

473 1958 644 2013 toma,
694 1951 1036 2006 membratim
1080 1950 1322 2007 divident
1362 1949 1495 2006 illud
1545 1964 1640 2020 per
1702 1949 1944 2004 membra
1983 1950 2053 2019 Χ

476 2042 600 2112 ejus
630 2043 654 2111 ζ
698 2042 750 2097 7.
778 2043 846 2099 Et
887 2044 1171 2114 imponent
1196 2042 1495 2098 ﬁliiAaron
1532 2041 1842 2097 sacerdotes
1869 2041 2050 2111 ignem

473 2148 640 2204 super
664 2136 837 2191 altare
866 2153 881 2189 :
907 2145 961 2191 et
993 2142 1240 2190 sternent
1264 2133 1411 2204 ligna
1458 2147 1623 2203 super
1666 2132 1865 2204 ignem.
1905 2131 1961 2187 8.
1985 2130 2052 2186 Et

471 2224 757 2295 imponent
786 2226 883 2281 ﬁlii
906 2226 1088 2282 Aaron
1113 2227 1423 2282 sacerdotes
1461 2224 1709 2281 membra
1745 2225 1941 2294 divisa,
1996 2234 2051 2281 et

470 2326 637 2388 caput
665 2327 720 2375 et
748 2320 962 2391 adipem
986 2335 1150 2390 super
1169 2319 1337 2391 ligna,
1367 2333 1491 2389 qua:
1507 2327 1635 2374 sunt
1655 2333 1818 2389 super
1849 2319 2051 2389 ignem,

469 2424 593 2479 quae
622 2416 750 2463 sunt
780 2425 940 2480 super
967 2410 1159 2465 altare.
1184 2408 1237 2465 9.
1269 2408 1535 2465 Intestina
1564 2423 1693 2463 vero
1723 2410 1792 2478 Χ
1814 2408 1976 2477 ejus:
2001 2417 2057 2463 et

467 2500 635 2568 pedes
659 2503 727 2570 Χ
750 2501 871 2571 ejus
905 2503 927 2571 ζ
959 2501 1215 2558 lavabunt
1244 2515 1407 2572 aqua.
1440 2499 1508 2555 Et
1538 2500 1779 2572 imponet
1799 2498 2054 2555 sacerdos

466 2590 650 2645 omnia
673 2606 838 2661 super
865 2592 1038 2647 altare
1069 2611 1083 2647 :
1109 2592 1488 2649 holocaustum
1509 2599 1595 2648 est
1617 2591 1896 2658 sacriﬁcii,
1919 2591 2053 2647 odor

466 2682 754 2737 suavitatis
776 2681 1025 2741 Domino.

2242 669 2291 723 1.
2326 671 2434 723 Kal.
2477 671 2802 725 ἀνεκάλεσεν
2845 671 3080 742 Μωσῆν,
3130 673 3223 726 καὶ
3260 674 3519 747 ἐλάλησεν
3546 678 3752 752 Κύριος

2168 758 2318 830 αύτῴ
2351 762 2415 814 ὲκ
2438 761 2541 831 τῆς
2573 762 2780 833 σκηνῆς
2810 762 2905 815 τοῦ
2938 765 3235 837 μαρτυρίου
3251 764 3424 834 λέγων
3443 784 3457 798 ·
3493 768 3547 822 2.
3572 771 3752 844 Λάλη-

2169 870 2261 906 σον
2292 855 2405 916 τοῖς
2426 855 2564 917 υἱοῖς
2600 853 2815 926 Ἰσραήλ
2835 855 2930 909 καὶ
2956 857 3102 928 ἐρεῖς
3134 857 3272 928 πρὸς
3297 858 3513 924 αὐτούς’
3540 860 3751 934 ἄνθρω-

2168 961 2270 1009 πος
2296 945 2356 1011 ἐξ
2385 946 2539 1017 ὑμῶν
2566 947 2659 1001 ἐὰν
2688 948 2938 1019 προσάγῃ
2960 949 3105 1021 δῶρα
3142 949 3219 1020 τῷ
3251 952 3442 1023 Κυρίῳ
3492 954 3601 1007 ἀπὸ
3641 955 3751 1009 τῶν

2167 1034 2399 1105 κτηνῶν,
2427 1036 2536 1089 ἀπὸ
2562 1034 2667 1089 τῶν
2698 1035 2855 1106 βοῶν,
2887 1039 2979 1091 καὶ
3011 1039 3121 1092 ἀπὸ
3142 1040 3248 1092 τῶν
3267 1040 3556 1111 προϐάτων
3577 1060 3749 1115 προσ-

2164 1126 2338 1179 οίσετε
2389 1125 2460 1179 τὰ
2479 1126 2627 1198 δῶρα
2655 1128 2809 1199 ὑμῶν
2829 1146 2841 1158 ·
2871 1129 2924 1184 5.
2964 1130 3089 1183 Ἐὰν
3109 1131 3468 1202 ὁλοκαύτωμα
3493 1134 3554 1186 τὸ
3576 1134 3750 1207 δῶρον

2164 1214 2330 1268 αὐτοῦ
2360 1217 2425 1268 ὲκ
2456 1215 2564 1269 τῶν
2602 1215 2760 1287 βοιῖιν,
2796 1216 2962 1289 ἄρσεν
3005 1219 3235 1291 ἄμωμον
3273 1222 3569 1293 προσάξει,
3610 1225 3750 1296 πρὸς

2163 1303 2261 1375 τὴν
2284 1303 2454 1375 θύραν
2480 1304 2577 1376 τῆς
2606 1306 2809 1377 σκηνῆς
2836 1305 2932 1359 τοῦ
2961 1308 3259 1381 μαρτυρίου
3293 1310 3572 1381 προσοίσει
3592 1311 3746 1378 αὐτὸ,

2161 1398 2348 1452 δεκτὸν
2382 1400 2450 1466 Χ
2497 1397 2646 1470 αύτῷ
2684 1399 2705 1467 ζ
2742 1399 2919 1452 ἔναντι
2965 1400 3192 1472 Κυρίου.
3239 1400 3293 1454 4.
3343 1402 3454 1454 Καὶ
3499 1403 3746 1477 ἐπιθήσει

2161 1488 2259 1560 τὴν
2279 1492 2436 1561 χεῖρα
2479 1493 2545 1557 Χ
2578 1489 2743 1544 αὐτοῦ
2780 1492 2804 1561 ζ
2836 1491 2928 1543 ἐπὶ
2969 1491 3068 1562 τὴν
3114 1491 3358 1564 κεφαλὴν
3391 1492 3484 1547 τοῦ
3516 1496 3747 1568 καρπώ-

2165 1598 2332 1652 ματος
2350 1598 2364 1612 ·
2398 1581 2586 1635 δεκτὸν
2613 1581 2744 1636 αὐτὸ
2774 1580 3158 1647 ὲξειλάσασθαι
3185 1585 3314 1656 περὶ
3340 1585 3527 1639 αὐτοῦ.
3547 1587 3600 1641 5.
3637 1588 3749 1642 Καὶ

2164 1673 2457 1742 σφάξουσιν
2482 1674 2573 1727 τὸν
2600 1674 2799 1744 μόσχον
2833 1673 3012 1728 ἔναντι
3041 1674 3270 1745 Κυρίου.
3299 1678 3408 1730 Καὶ
3425 1678 3746 1748 προσοίσου-

2162 1783 2246 1819 σιν
2279 1767 2326 1819 οί
2355 1766 2462 1818 υἱοὶ
2501 1764 2713 1836 Ἀαρὼν
2759 1767 2806 1819 οί
2831 1768 2996 1838 ἱερεῖς
3026 1766 3087 1819 τὸ
3115 1761 3277 1837 αἷμα,
3324 1768 3417 1822 καὶ
3450 1769 3747 1840 προσχεοῦ-

2163 1874 2246 1911 σιν
2268 1859 2328 1912 τὸ
2351 1853 2490 1927 αἷμα
2520 1857 2613 1909 ἐπὶ
2633 1855 2695 1909 τὸ
2724 1853 3107 1929 θυσιαστήριον
3155 1857 3338 1928 κύκλῳ
3356 1900 3371 1925 ,
3400 1857 3460 1911 τὸ
3503 1859 3594 1911 ἐπὶ
3635 1857 3747 1912 τῶν

2162 1948 2342 2022 θυρῶν
2370 1949 2469 2018 τῆς
2495 1947 2702 2019 σκηνῆς
2733 1946 2825 2001 τοῦ
2862 1948 3181 2021 μαρτυρίου.
3221 1948 3275 2003 6.
3320 1950 3431 2002 Kal.
3469 1949 3744 2021 δείραντες

2158 2038 2220 2092 τὸ
2244 2037 2624 2108 ὁλοκαύτωμα,
2659 2037 2933 2109 μελιοῦσιν
2954 2039 3085 2091 αὐτὸ
3118 2038 3258 2092 κατὰ
3286 2039 3420 2110 μέλη
3446 2041 3512 2107 Χ
3529 2040 3692 2093 αὐτοῦ
3715 2041 3740 2108 ζ

2158 2131 2211 2186 7.
2248 2131 2360 2185 Kal.
2393 2129 2746 2202 ἐπιθήσουσιν
2771 2134 2819 2185 οί
2853 2133 2959 2185 υἱοὶ
3000 2132 3208 2205 ’Λαρῶν
3232 2135 3280 2186 οί
3315 2134 3480 2204 ἱερεῖς
3509 2132 3620 2205 πῦρ
3650 2133 3744 2185 ἐπὶ

2156 2223 2216 2277 τὸ
2246 2222 2666 2295 θυσιαστήριονο
2697 2226 2790 2278 καὶ
2816 2224 3190 2279 στοιϐἀσουσιν
3229 2225 3363 2293 ξύλα
3389 2225 3484 2278 ἐπὶ
3514 2225 3576 2278 τὸ
3607 2224 3742 2296 πῦρ.

2156 2316 2208 2371 8.
2246 2316 2357 2371 Kal.
2387 2316 2741 2388 ἐπιθήσουσιν
2770 2319 2817 2370 οἱ
2854 2317 2957 2370 υἱοὶ
2995 2317 3204 2389 ’Δαρὼν
3226 2319 3276 2370 οἱ
3313 2319 3478 2389 ἱερεῖς
3509 2316 3575 2371 τὰ
3601 2316 3748 2388 διχο-

2156 2410 2450 2480 τομήματα
2478 2449 2492 2474 ,
2550 2408 2647 2464 καὶ⁵
2694 2409 2793 2481 τὴν
2826 2408 3065 2480 κεφαλήν
3097 2410 3191 2463 καὶ
3225 2409 3285 2463 τὸ
3318 2410 3484 2480 στέαρ
3540 2408 3633 2461 ἐπὶ
3674 2411 3746 2461 τὰ

2162 2498 2316 2568 ξύλα,
2351 2501 2420 2555 τὰ
2456 2500 2548 2555 ἐπὶ
2568 2499 2660 2554 τοῦ
2690 2501 2881 2574 πυρὸς,
2918 2500 2984 2554 τὰ
3011 2502 3104 2553 ἐπὶ
3124 2501 3217 2555 τοῦ
3239 2500 3647 2573 θυσιαστηρίου.
3682 2499 3738 2553 9.

2160 2592 2243 2648 Τὰ
2268 2593 2324 2646 δὲ
2359 2593 2608 2663 ἐγκοίλια
2637 2594 2705 2664 Χ
2730 2592 2892 2647 αὐτοῦ
2922 2593 3058 2662 ζκαὶ
3083 2595 3208 2657 τοὺς
3240 2593 3406 2657 πόδας
3429 2596 3497 2662 Χ
3528 2590 3740 2661 auito-3:

2161 2684 2453 2740 πλυνοῦσιν
2486 2684 2667 2739 ὕδατι·
2710 2685 2803 2739 καὶ
2828 2683 3077 2757 ἐπιθήσει
3104 2686 3133 2740 ὁ
3160 2686 3338 2756 ἱερεὺς
3359 2683 3427 2738 τὰ
3446 2682 3623 2738 πάντα
3643 2680 3745 2736 ἐπὶ

465 2773 528 2831 τδ
560 2774 963 2849 θυσιαστήριον.
1005 2776 1302 2848 Κάρπωμά
1331 2778 1480 2830 ἔστιν
1496 2773 1707 2841 θυσίας,
1742 2774 1886 2847 ὀσμὴ
1918 2775 2145 2842 εὐωδίας
2199 2768 2512 2850 ⁸ἰτῷἰίυρίιι.›.

539 2869 630 2925 10.
664 2867 723 2925 Si
753 2879 932 2926 autem
956 2871 1024 2928 de
1053 2871 1247 2928 ovibus
1270 2870 1475 2927 donum
1503 2869 1621 2941 ejus
1658 2882 1724 2924 -ι-
1749 2866 1982 2925 Domino
2023 2869 2047 2938 ζ

2233 2868 2322 2923 10.
2363 2868 2487 2923 Ἐάν
2518 2865 2575 2921 δὲ
2600 2867 2711 2923 ἀπὸ
2742 2867 2852 2922 τῶν
2879 2867 3169 2941 προϐάτων
3194 2867 3255 2921 τὸ
3284 2866 3455 2940 δῶρον
3481 2864 3643 2921 αὑτοῦ
3670 2877 3741 2923 +-

741 2988 831 3043 ΤΟ
859 2988 1230 3043 EBPAIKUN.
1858 2988 1948 3041 ΤΟ
1985 2986 2232 3040 ΕΒΡΔῘΚ

2165 2985 2339 3039 ικοΝ
3062 2983 3363 3038 ᾉΚΥΛΛΣ.

1771 3056 2099 3129 Ἑλληνικοῖς
2127 3057 2438 3128 γράμμασι.

1194 3155 1363 3236 mpii
1400 3147 1428 3201 1
1650 3150 1704 3204 1.
1738 3154 1969 3221 υυικρα.
2668 3210 2671 3215 ,
2772 3149 2825 3204 Ι.

1213 3248 1359 3329 Pjp
1396 3238 1434 3293 2
1644 3240 1701 3294 2.
2600 3308 2605 3311 _
2763 3239 2819 3293 2.
2844 3239 3186 3311 Προσφορὰν.

1249 3314 1360 3396 τήν
1395 3329 1431 3385 5
1646 3333 1705 3391 δ.
2761 3330 2816 3385 5.

990 3496 1147 3576 11m
1172 3494 1354 3561 p-nn
1393 3486 1428 3541 5
1636 3492 1693 3549 5.
2374 3512 2379 3519 -
2761 3493 2817 3549 5.

1276 3651 1429 3732 1pm

1131 3723 1359 3796 umbro
1394 3733 1429 3789 6
1643 3723 1699 3781 6-
2225 3723 2235 3728 ’
2321 3792 2330 3797 ,
2762 3740 2817 3797 6.

1182 3900 1358 3958 imm
1391 3890 1426 3945 7
1633 3884 1686 3939 7.
2218 3884 2228 3897 '
2758 3901 2811 3956 7.

1191 4133 1355 4188 nam
1386 4126 1422 4183 9
1639 4112 1694 4169 9-
2757 4131 2812 4190 9.

1314 4266 1427 4348 n53!
2464 4352 2471 4359 .
2757 4291 2961 4363 Δῶρον.

1270 4383 1423 4438 mw
2768 4379 3168 4447 ’Δναπαύσεως.

560 4472 814 4531 VERSIO
847 4471 1167 4529 HEBRAICI
1204 4470 1416 4528 TEXT.
1776 4466 2110 4525 VULGATA
2148 4468 2427 4528 LATINA.
3072 4477 3352 4547 AQUILA.

528 4572 579 4626 Ι.
609 4568 675 4625 Et
701 4570 935 4625 vocavit.
967 4567 1100 4625 Heb.
1137 4570 1258 4626 lect.
1302 4565 1488 4625 Uicra.
1636 4563 1689 4618 1.
1720 4561 1948 4621 Vocavit
1975 4572 2177 4621 autem.
2751 4573 2803 4628 1,

520 4664 575 4718 2.
604 4663 1216 4735 Appropinquationem.
1629 4660 1685 4716 2.
1722 4660 1989 4719 Hostiam.
2715 4663 2808 4722 ,2.
2848 4663 3213 4722 Oblattonem.

524 4756 578 4809 3.
609 4755 891 4810 Ascensio.
1633 4757 1689 4815 3.
1723 4755 2142 4818 Holocaustum.
2749 4755 2803 4811 '5.

515 4913 568 4968 5.
590 4911 789 4968 Filium
819 4913 991 4969 bovis.
1631 4917 1686 4974 5.
1723 4916 1982 4975 Vitulum.
2747 4918 2803 4977 5.

521 5069 591 5130 Et
614 5082 892 5147 spargent.
1625 5078 1959 5139 Fundentes.

518 5163 574 5222 6.
612 5163 678 5221 Et
699 5165 1048 5238 exspoliabit.
1630 5171 1685 5228 ϐ.
1723 5173 2087 5248 Detractaque
2118 5177 2279 5250 pelle.
2757 5179 2810 5233 6.

521 5325 572 5382 7.
601 5325 670 5382 Et
700 5328 1048 5385 ordinabunt.
1632 5333 1685 5389 7.
1720 5332 1879 5392 Strue
1905 5338 2232 5411 composita.
2750 5337 2802 5394 7ο

519 5483 573 5539 9.
601 5483 923 5542 Intestinum
956 5485 1096 5558 ejus.
1624 5492 1683 5547 ‘9.
1718 5490 2016 5552 lntestinis.
2748 5497 2799 5553 9.

520 5572 805 5630 Ascensio.
1631 5579 2046 5643 Holocaustum.
2748 5589 2986 5643 Donum.

518 5733 748 5802 Quietis.
1630 5740 1864 5803 Suavem
1894 5746 2137 5806 odorem.
2750 5747 2997 5820 Requiei.
