4108 6402
433 353 538 408 525

1784 351 2081 408 LEVlTlCl
2115 352 2265 408 CAP.
2302 350 2343 406 l.

3577 355 3682 410 526

1699 470 1952 530 CAPUT
1976 472 2002 531 l
2030 469 2404 530 LEVlTlCl.

1658 596 1763 655 Ea:
1792 595 1928 657 cod.
1961 597 2234 658 Colbert.
2267 595 2445 657 308-5.

429 701 506 772 τῷ
521 701 711 773 Κυρίῳ
744 702 765 770 ζ
793 701 899 756 ἀπό
933 719 991 754 τε
1036 701 1140 754 τῶν
1179 699 1387 772 ἀρνῶν,
1424 699 1518 752 καὶ
1547 699 1654 752 τῶν
1680 701 1884 770 ἐρίφων
1917 701 1994 764 εἰς

2103 702 2169 754 de
2201 700 2375 769 agnis,
2426 707 2480 752 et
2512 698 2579 752 de
2618 696 2787 751 haedis
2835 697 2890 749 in
2939 696 3334 762 holocaustum,
3375 695 3685 752 masculum

427 793 802 864 ὁλοκαύτωμα,
839 793 1003 864 ἄρσεν
1048 793 1275 863 ἄμωμον
1311 792 1566 862 τροσάξει
1615 792 1764 845 αύτό.
1809 793 1894 845 11.
1930 808 1993 847 —:-

2103 790 2517 844 immaculatum
2551 789 2780 842 adducet
2815 785 2967 850 illud,
2993 788 3078 840 11.
3117 801 3176 841 -:-
3210 786 3275 840 Et
3297 786 3537 856 imponet
3559 802 3682 841 ma-

425 886 537 938 Kal
569 886 816 958 ἐπιθήσει
849 885 944 956 τὴν
971 887 1127 956 χεῖρα
1153 885 1243 937 ἐπὶ
1269 885 1367 956 τὴν
1395 883 1635 954 κεφαλὴν
1658 884 1818 938 αὑτοῦ
1842 884 1865 953 ξ
1900 885 1994 938 καὶ

2104 899 2238 937 num
2277 897 2438 951 super
2467 891 2630 950 caput
2655 881 2774 950 ejus
2804 879 2828 947 ζ
2867 878 3272 947 etjugulabunt
3297 879 3424 932 illud
3459 895 3489 932 a
3511 879 3683 934 latere

426 977 718 1045 σφάξουσιν
762 978 890 1030 αὐτὸ
939 977 1003 1030 ἐκ
1038 977 1281 1044 πλαγίων
1312 975 1404 1028 τοῦ
1448 976 1832 1046 θυσιαστηρίου
1860 975 1994 1046 πρὸς

426 1067 626 1139 βορρᾶν
651 1067 828 1122 ἔναντι
856 1069 1083 1140 Κυρίου,
1118 1068 1212 1120 καὶ
1237 1067 1592 1137 προσχεοῦσιν
1622 1070 1669 1119 oi
1719 1068 1824 1119 ulol
1872 1069 1996 1121 Ἀα-

427 1159 534 1230 ρὼν
565 1163 613 1213 οί
665 1162 829 1231 ἱερεῖς
881 1160 942 1212 τὸ
989 1155 1126 1230 αἷμα
1159 1158 1343 1222 αὐτοῦ,
1381 1159 1472 1210 ἐπὶ
1517 1159 1576 1210 τὸ
1614 1158 1994 1229 θυσιαστήριον

423 1251 625 1322 κύκλῳ.
661 1252 748 1304 12.
780 1251 889 1304 Kal
917 1251 1176 1304 διελοῦσιν
1205 1249 1337 1303 αὐτὸ
1366 1250 1506 1302 κατά
1531 1249 1663 1320 μέλη
1685 1252 1752 1318 >κ
1776 1247 1940 1302 αὐτοῦ
1969 1249 1990 1317 ζ

425 1344 518 1395 καὶ
539 1343 637 1414 τὴν
664 1341 904 1413 κεφαὶὴδ
932 1345 998 1409 >ε<
1033 1341 1251 1409 αὑτοῦιζ
1290 1341 1465 1395 καὶτὸ
1499 1341 1683 1412 στέαρ.
1737 1342 1846 1394 Kal
1874 1343 1996 1392 ἐπι-

423 1434 800 1488 στοιθάσουσιν
822 1435 872 1487 οἱ
911 1436 1073 1505 ἱερεῖς
1106 1434 1243 1487 αὐτὰ
1279 1435 1370 1486 ἐπὶ
1406 1432 1472 1486 τὰ
1501 1431 1634 1499 ξύλα
1675 1432 1744 1485 τὰ
1777 1432 1870 1484 ἐπὶ
1900 1432 1994 1485 τοῦ

421 1525 614 1597 πυρὸς,
648 1525 716 1578 τὰ
748 1525 840 1577 ἐπὶ
861 1524 951 1578 τοῦ
982 1523 1387 1595 θυσιαστηρίου.
1427 1524 1509 1578 15.
1532 1523 1642 1576 Καὶ
1664 1523 1732 1576 τὰ
1756 1523 2001 1591 ἐγκοίλια

419 1617 516 1671 καὶ
548 1617 674 1678 τοὺς
698 1616 862 1678 πόδας
882 1615 1168 1668 πλυνοῦσιν
1194 1615 1364 1670 ὕδατι.
1401 1615 1513 1669 Kal
1555 1614 1885 1686 προσοίσειὸ
1919 1616 1997 1667 ἱε-

423 1707 551 1780 ρεὺς
601 1707 668 1760 τὰ
698 1707 895 1770 πάντα,
946 1705 1042 1759 καὶ
1071 1706 1320 1778 ἐπιθήσει
1369 1708 1462 1760 ἐπὶ
1490 1706 1551 1759 τὸ
1591 1706 1990 1776 θυσιαστήριον.

421 1799 716 1871 Κάρπωμά
745 1797 1094 1871 ἐστινθυσία,
1119 1799 1261 1870 ὀσμὴ
1299 1799 1522 1861 εὐωδίας
1542 1799 1751 1870 Κυρίῳ.

493 1896 579 1949 14.
600 1897 724 1949 Ἐὰν
737 1895 792 1948 δὲ
805 1895 911 1948 ἀπὸ
927 1896 1032 1948 τῶν
1049 1893 1296 1966 πετηνῶν
1311 1895 1589 1965 κὰρπωμα
1604 1891 1888 1964 προσφέρῃ
1902 1891 1998 1946 δῶ.

364 1987 365 1990 “
421 2006 514 2061 ρον
532 1986 696 2041 αὐτοῦ
714 1986 790 2058 τῷ
810 1987 1018 2060 Κυρίῳ,
1039 1988 1133 2041 καὶ
1150 1987 1427 2057 προσοίσει
1446 1987 1552 2039 ἀπὸ
1566 1985 1674 2039 τῶν
1694 1985 1995 2058 τρυγόνων,

415 2081 451 2152 ἢ
500 2081 606 2134 ἀπὺ
637 2081 742 2134 τῶν
773 2080 1188 2154 περιστερίδεων
1226 2079 1285 2133 τὸ
1321 2079 1492 2151 δῶρον
1534 2078 1719 2133 αὐτοῦ.
1761 2079 1846 2133 15.
1884 2078 1997 2132 Kal

417 2172 693 2243 προσοίσει
738 2174 868 2226 αὐτὸ
900 2175 929 2226 ὁ
957 2172 1133 2243 ἱερεὺς
1173 2171 1309 2242 πρὸς
1349 2171 1410 2225 τὸ
1455 2170 1868 2243 θυσιαστήριον,
1901 2171 1996 2225 καὶ

417 2267 701 2320 ὰποκνίσει
732 2265 830 2337 τὴν
862 2264 1103 2336 κεφαλὴν
1147 2262 1309 2316 αὐτοῦ
1333 2305 1348 2329 ,
1385 2264 1480 2318 καὶ
1517 2264 1766 2336 ἐπιθήσει
1806 2266 1898 2318 ἐπὶ
1935 2265 1995 2318 τὸ

418 2355 834 2428 θυσιαστήριον,
855 2359 954 2411 καὶ
979 2357 1300 2428 στραγγίσει
1316 2356 1375 2408 τὸ
1388 2351 1526 2426 αἷμα
1550 2355 1714 2409 αὑτοῦ
1743 2357 1878 2428 πρὸς
1892 2356 1991 2429 τὴν

419 2449 574 2520 βάσιν
605 2447 1009 2519 θυσιαστηρίου.
1036 2449 1124 2502 16.
1155 2449 1264 2502 Kal
1280 2447 1469 2516 ἀφελεῖ
1481 2448 1570 2500 τὸν
1596 2448 1858 2520 πρόλοϐον
1895 2450 1995 2502 αύ-

415 2541 510 2594 τοῢ
537 2541 632 2594 σὺν
655 2543 768 2606 τοῖς
781 2544 998 2612 πτεροῖς
1025 2538 1207 2604 αὐτοῦ,
1238 2541 1326 2593 καὶ
1349 2539 1569 2593 ἐκϐαλεῖ
1599 2539 1730 2592 αὐτὸ
1753 2539 1904 2612 παρὰ
1934 2540 1995 2594 τὸ

418 2634 802 2705 θυσιαστήριον
824 2632 965 2688 κατὰ
993 2632 1254 2696 ἀνατολὰς
1287 2633 1366 2695 είς
1396 2632 1487 2684 τὸν
1519 2632 1681 2685 τόπον
1722 2631 1816 2686 τοῦ
1861 2650 1994 2686 om.

416 2725 529 2779 δοῦ.
559 2726 644 2780 17.
671 2727 782 2779 Καὶ
807 2724 1061 2779 ἐκκλάσει
1089 2724 1218 2777 αὐτὸ
1248 2725 1312 2777 ἐκ
1343 2722 1449 2776 τῶν
1472 2723 1779 2795 πτερύγων,
1807 2725 1900 2779 καὶ
1931 2725 1992 2779 οὐ

416 2816 596 2871 διελεῖ.
626 2819 734 2871 Kal
766 2817 1018 2887 ἐπιθήσει
1047 2817 1178 2871 αὐτὸ
1213 2817 1242 2869 ὁ
1275 2816 1455 2887 ἱερεὺς
1478 2815 1569 2869 ἐπὶ
1605 2816 1667 2869 τὸ
1705 2815 1996 2887 θυσιαστή-

2103 972 2290 1028 altaris
2311 974 2378 1027 ad
2409 972 2735 1042 Aquilonem
2769 978 2895 1025 ante
2929 968 3213 1023 Dominum
3259 987 3271 1023 :
3307 977 3362 1024 et
3403 969 3685 1026 effundent

2100 1065 2196 1120 ﬁlii
2224 1066 2404 1118 Aaron
2443 1063 2753 1118 sacerdotes
2800 1063 3120 1130 sanguinem
3159 1061 3281 1130 ejus
3327 1076 3489 1130 super
3511 1063 3687 1118 altare

2101 1158 2157 1212 in
2181 1157 2430 1212 circuitu.
2479 1157 2566 1210 12.
2615 1154 2683 1209 Et
2715 1155 2958 1210 divident
3008 1153 3141 1208 illud
3186 1169 3284 1222 per
3325 1154 3570 1209 membra
3615 1157 3686 1224 Χ

2100 1250 2221 1319 ejus
2255 1250 2276 1318 ζ
2309 1258 2364 1303 et
2384 1256 2548 1318 caput
2571 1250 2638 1316 >κ
2662 1248 2780 1317 ejus
2811 1247 2834 1315 ζ
2863 1255 2916 1301 et
2944 1245 3175 1315 adipem.
3213 1245 3279 1299 Et
3294 1246 3685 1316 constipabunt
3742 1269 3745 1272 ·

2103 1356 2167 1395 ea
2200 1342 2511 1396 sacerdotes
2557 1356 2722 1410 super
2750 1340 2919 1411 ligna,
2964 1354 3086 1408 quae
3123 1353 3288 1408 super
3326 1338 3526 1407 ignem,
3561 1354 3686 1408 qua;

2100 1447 2264 1502 super
2285 1433 2477 1488 altare.
2498 1433 2584 1487 15.
2608 1430 2674 1485 Et
2692 1431 2948 1485 intestina
2965 1438 3019 1484 et
3044 1430 3207 1499 pedes
3224 1431 3481 1486 lavabunt
3507 1447 3682 1501 aqua:

2107 1533 2162 1578 et
2193 1524 2381 1579 offeret
2401 1523 2654 1580 sacerdos
2685 1523 2892 1588 omnia,
2921 1531 2977 1576 et
3001 1521 3244 1591 imponet
3277 1537 3440 1592 super
3466 1524 3641 1578 altare
3667 1543 3682 1578 :

2103 1616 2489 1672 holocaustum
2529 1625 2615 1673 est
2658 1617 3014 1682 sacriﬁcium,
3050 1615 3186 1671 odor
3247 1614 3534 1670 suavitatis
3576 1614 3685 1671 Do-

2104 1721 2274 1762 mmo.
3583 1721 3586 1724 ’

2175 1893 2264 1947 14.
2293 1891 2352 1948 Si
2393 1899 2573 1948 autem
2603 1893 2670 1948 de
2708 1892 3021 1949 volatilibus
3065 1892 3447 1948 holocaustum
3488 1890 3686 1947 offerat

2103 2000 2305 2040 munus
2341 2000 2504 2040 suum
2547 1985 2800 2055 Domino,
2835 1997 2889 2042 et
2926 1986 3114 2041 otl‘eret
3138 1986 3205 2042 de
3240 1985 3548 2040 turturibus
3597 1984 3687 2039 vel

2102 2079 2170 2134 de
2185 2079 2452 2134 columbis
2473 2093 2674 2136 munus
2691 2094 2869 2134 suum.
2885 2078 2973 2134 15.
2999 2077 3065 2133 Ει
3079 2075 3268 2133 offeret
3282 2077 3410 2132 illud
3429 2074 3686 2132 sacerdos

2105 2173 2170 2228 ad
2191 2175 2382 2243 altare;
2403 2181 2456 2229 et
2471 2175 2809 2246 retorquebit
2829 2183 2992 2245 caput
3011 2173 3151 2243 ejus,
3181 2180 3234 2228 et
3255 2172 3498 2242 imponet
3518 2183 3685 2240 super

2103 2265 2295 2322 altare.
2326 2276 2381 2320 et
2411 2266 2704 2322 exstillabit
2730 2268 3050 2334 sanguinem
3079 2267 3198 2335 ejus
3227 2265 3296 2319 ad
3327 2263 3505 2320 basim
3545 2262 3682 2316 alta-

2101 2356 2200 2412 ris.
2237 2356 2321 2412 16.
2368 2357 2435 2413 Et
2471 2357 2683 2415 auferet
2726 2359 3022 2415 vesiculam
3064 2357 3299 2429 gutturis
3351 2356 3502 2426 ejus,
3549 2368 3678 2407 cum

2101 2450 2304 2520 plumis
2326 2450 2445 2521 ejus
2473 2470 2486 2505 :
2507 2462 2560 2507 et
2581 2451 2831 2522 projiciet
2855 2465 2976 2507 eam
3001 2450 3068 2505 ad
3097 2450 3268 2505 altare
3287 2462 3478 2503 versus
3500 2443 3686 2500 Orien-

2101 2550 2210 2596 tem
2245 2542 2302 2597 in
2329 2542 2513 2598 locum
2546 2544 2767 2599 cineris.
2801 2543 2888 2598 17.
2929 2542 2997 2598 Ει
3028 2541 3275 2612 eﬂ‘ringet
3299 2555 3419 2596 eam
3451 2538 3519 2593 ab
3546 2537 3681 2601 alis,

2100 2641 2157 2690 et
2180 2649 2291 2690 non
2319 2633 2524 2691 dividet
2554 2654 2568 2690 :
2601 2643 2657 2691 et
2696 2636 2948 2705 imponet'
2974 2651 3094 2692 eam
3126 2632 3382 2690 sacerdos
3409 2643 3572 2699 super
3599 2628 3682 2682 al-

2103 2732 2240 2793 tare,
2280 2740 2448 2796 super
2487 2726 2656 2796 ligna,
2690 2741 2814 2797 quae
2845 2740 3008 2797 super
3030 2726 3211 2797 ignem
3240 2741 3253 2781 τ
3287 2721 3684 2779 Holocaustum

2102 2828 2187 2872 est
2207 2817 2559 2881 sacriﬁcium,
2593 2815 2728 2873 odor
2752 2817 3038 2874 suavitatis
3067 2815 3319 2872 Domino.

423 2925 535 2979 ριον
568 2907 660 2962 ἐπὶ
692 2907 761 2961 τὰ
787 2907 918 2974 ξύλα
947 2905 1016 2960 τὰ
1045 2907 1136 2960 ἐπὶ
1167 2906 1258 2960 τοῦ
1294 2906 1486 2978 πυρός.
1513 2905 1808 2978 Κάρπωμά
1851 2905 2001 2959 ἐστιν
2037 2905 2218 2973 θυσία,
2253 2906 2396 2978 ὀσμὴ
2427 2907 2654 2972 εὐωδίας
2678 2906 2756 2979 τῷ
2779 2907 2989 2980 Κυρίῳ.

732 3010 1133 3074 ΣΥΜΜΑΧΟΣ.
2022 3021 2100 3075 0'.
2962 3017 3366 3076 ΘΕΟΔΟΤΙΩΝ.

488 3187 540 3239 1.
1602 3185 1653 3239 1.
1686 3185 1797 3240 Kal
1824 3185 2170 3240 ἀνεκάλεσεν.
2723 3190 2777 3243 1.

485 3277 541 3333 2.
572 3276 916 3350 Προσφοράν.
1598 3275 1651 3328 2.
1689 3275 1867 3349 Δῶρα.
2717 3278 2771 3334 2.

489 3368 542 3422 5.
1600 3365 1653 3419 5.
1687 3366 2098 3438 ξολοκαύτωμα.
2157 3369 2415 3434 Ἀλλος,
2459 3368 2576 3421 ὁλο-
2718 3368 2774 3420 5.

1525 3433 1883 3505 καυτώματα.

486 3526 541 3584 5.
1593 3525 1789 3598 ξίηΤὸν
1821 3596 1829 3598 ξ
1857 3527 1994 3598 μὸσκ

2160 3531 2363 3594 Αλλος
2381 3569 2396 3592 ,
2455 3529 2572 3581 υἱὸν
2718 3528 2778 3581 5.

1524 3593 1622 3647 τοῦ
1656 3593 1954 3665 βουκολίου.

1599 3687 1954 3758 Προσχεοῖωι.
1979 3690 2222 3755 Ἀλλος,
2239 3689 2567 3743 ἀκοντιοῦσι.

490 3779 546 3836 6.
1599 3778 1651 3832 6.
1703 3779 2089 3851 Ἐκδείραντες.
2135 3782 2401 3851 γ’ᾼλλος,
2461 3781 2570 3835 δεί-
2714 3779 2769 3835 6.

1530 3864 1658 3917 ραντ
1667 3865 1741 3911 ες.
1779 3849 2025 3916 Ἄλλος,
2060 3849 2293 3905 ἐκδύσει.

485 3939 541 3994 7.
1599 3938 1652 4009 7.
1707 3939 2230 3995 Ἐπιστοιϐἀσουσιν.
2305 3943 2569 4009 Ἀλλος,
2722 3938 2774 3991 7.

1526 4008 1893 4130 ἐπῖθήσρυσιν.
1925 4011 2167 4077 Ἀλλος,
2201 4008 2572 4068 στοιθάσουσιν

1527 4095 1580 4130 οι
1627 4095 1790 4148 ερεις.
1931 4142 1933 4144 η

486 4171 540 4227 9.
1600 4142 1669 4223 9f
1685 4168 1768 4221 Τὰ
1819 4142 1994 4238 ἐγκοίλ

2147 4171 2369 4239 ’ῖΛλ-λος
2395 4211 2410 4236 ,
2469 4171 2565 4236 τὰ,
2717 4171 2751 4224 9
2762 4208 2776 4223 .

1526 4238 1754 4302 κοιλίας.
1793 4311 1796 4314 ,

486 4332 690 4406 Δῶρον.
1597 4328 1912 4400 Κάρπωμα.
1931 4331 2174 4396 Ἄλλος,
2194 4329 2568 4400 ὀλοκαύτωμα.
2717 4330 3164 4402 Εὐαρεστήσεως.

499 4421 899 4484 ’Δναπαύσεως.
1596 4417 1856 4483 Εύωδίας.
2441 4425 2444 4429 ’

720 4505 1166 4567 SYMMACHUS.
1707 4507 1851 4563 LXX
1885 4508 2396 4567 INTERPRETES.
2958 4503 3377 4566 THEODOTIO.

491 4609 548 4664 ι,
1603 4601 1658 4656 1.
1690 4599 1757 4655 Ει
1791 4615 1994 4656 revoca‘

487 4699 543 4754 2.
571 4695 931 4754 Oblationem.
1600 4692 1657 4746 2.
1691 4693 1862 4747 Dona.
2719 4695 2774 4748 2.

494 4792 550 4847 '5.
1600 4784 1654 4838 5.
1697 4783 2109 4840 Holocaustum.
2162 4783 2350 4848 Alius,
2417 4781 2573 4836 holo-
2720 4787 2773 4841 3.

1531 4863 1740 4910 (23113ῑὶ1.

493 4951 527 5005 5
1533 4946 1655 5067 l"5.
1699 4944 1962 5001 Vitulum.
1996 4943 2172 5006 Alius,
2209 4940 2380 4996 ﬁlium
2403 4940 2574 4995 buco-
2719 4945 2772 4998 5.

1553 5031 1609 5068 ιι.

1595 5055 1908 5160 liﬂ'undent.
1945 5103 2119 5166 Alius,
2164 5099 2568 5169 jaculabuntur.

383 5193 388 5198 ’
487 5204 545 5259 6.
1601 5194 1653 5248 6.
1686 5189 2249 5255 Decoriantes.Alius,
2283 5192 2573 5246 excorian-
2719 5192 2774 5250 6.

1531 5273 1632 5317 tes.
1663 5263 1838 5317 Alius.
1861 5270 2042 5316 exuet.

392 5413 401 5430 ν
487 5363 542 5420 7ο
1587 5301 2101 5430 ἶῑξῖοῃέιῖρειιθῑωι.
2149 5352 2302 5405 Alius
2333 5351 2569 5430 ,.impo-
2717 5352 2771 5406 7,

1536 5433 1681 5477 nent.
1713 5423 1890 5488 Alius,
1922 5430 2167 5477 sternent
2196 5421 2526 5478 sacerdotes.

492 5523 546 5580 9.
1598 5513 1652 5569 9.
1686 5512 1967 5567 Intestina.
1992 5513 2166 5579 Alius,
2203 5521 2437 5569 ventres.
2723 5514 2772 5570 9.

487 5614 724 5670 Donum.
1597 5605 1896 5660 Fructuum
1929 5605 2152 5663 oblatio.
2205 5605 2378 5674 Alius,
2409 5603 2567 5662 holo-

1527 5686 1800 5733 caustum.

482 5771 739 5845 lloqui.“
1601 5765 2010 5824 Suaveolentiae.
2700 5755 3050 5830 Beneplaciti.
