4108 6412
449 398 545 452 551

448 518 515 571 ad
533 530 720 571 vocem
760 497 948 581 ’ν’-β’,
998 529 1122 587 qua
1146 514 1344 587 legitur
1374 529 1538 571 versu
1578 515 1668 584 l7,
1698 516 1860 574 infra.
1909 518 2018 575 Sed

448 529 515 571 au
533 530 720 571 vocem
761 529 948 581 ’γι-ω’,
998 529 1122 639 (Bm
1148 529 1264 587 legu

446 587 610 651 male,
635 596 695 641 ut
718 587 981 640 odoratur
1064 587 1264 640 rusius.

515 655 677 728 l_l_iid..
709 656 873 728 παρά
878 657 969 710 τὸν
995 658 1194 726 τοῖχον.
1225 655 1303 709 Ita
1344 654 1512 713 Basil.

518 724 583 781 V.
617 726 705 782 16.
739 724 814 781 lta
842 724 1184 794 Basiliensis,
1209 728 1414 796 optime
1440 768 1456 796 ,
1481 743 1551 783 ex
1580 725 1911 798 Symmacho
1963 738 2020 785 et

1490 396 1970 458 HEXAPLORUM
2002 402 2170 470 (ὶοΕ
2212 399 2645 458 SUPERSUNT.

3583 405 3683 461 53!

2123 519 2517 576 'llieodotione.
2549 518 2606 573 ln
2634 517 2764 574 edit.
2795 515 2955 589 Rom.
2984 516 3182 588 legitur
3212 516 3372 580 male,
3398 516 3508 589 frljv
3530 520 3682 588 φύσιν

2121 606 2222 659 pro
2256 590 2355 661 τὴν
2388 590 2587 659 φύσαν,
2612 587 2879 661 sanehic
2901 586 3176 661 dejésica
3208 586 3679 661 gutturis'agitur.

2118 656 2231 717 ilon
2266 656 2333 715 de
2357 656 2571 714 natura.
2608 660 2711 721 Ἃ..
2733 656 2830 729 τὴν
2862 657 3193 721 σιτίζουσαν,
3224 658 3381 729 quasi
3411 658 3554 713 dicas
3575 658 3684 729 [ru-

2120 730 2294 785 menti
2316 730 2741 801 receptaculum,
2780 727 2832 782 id
2857 736 2959 794 est,
3002 729 3242 784 vesicam
3268 727 3336 782 ad
3375 742 3539 798 grana
3575 728 3687 783 fru-

1706 841 1962 903 CAPUT
1996 841 2054 902 II
2090 841 2465 903 LEVITICI.

519 941 574 996 l.
617 938 676 995 Si
697 953 830 994 vero
861 939 1045 994 anima
1068 936 1262 993 oﬁerat
1305 952 1510 993 munus
1555 937 1887 993 sacriﬁcium
1921 938 2027 994 Do-

446 1032 621 1099 mino,
654 1032 835 1087 simila
878 1031 984 1085 erit
1028 1045 1231 1085 munus
1262 1028 1423 1098 ejus;
1479 1037 1535 1082 et
1575 1027 1815 1083 eﬂ‘undet
1860 1043 2026 1098 super

446 1124 576 1179 illud
607 1123 809 1189 oleum,
834 1133 890 1175 et
926 1120 1166 1189 imponet
1194 1134 1358 1188 super
1391 1118 1522 1175 illud
1545 1117 1691 1173 thus.
1718 1120 1772 1171 2.
1805 1117 1871 1172 Ει
1894 1118 2027 1173 αίΐοο

444 1225 528 1272 ret
557 1217 626 1285 Χ
650 1213 781 1269 illud
815 1214 840 1283 1
871 1213 935 1266 ad
954 1212 1096 1266 ﬁlios
1122 1210 1307 1265 Aaron
1332 1209 1641 1264 sacerdotes
1667 1225 1679 1261 :
1708 1217 1763 1263 et
1800 1224 2025 1264 sumens

445 1307 515 1360 de
539 1320 602 1360 ea
637 1305 857 1374 plenum
877 1301 1137 1373 pugillum
1167 1303 1235 1368 Χ
1252 1299 1372 1370 ejus
1398 1300 1420 1368 1
1453 1299 1520 1353 de
1550 1298 1732 1353 simila
1754 1302 1822 1367 Χ
1850 1299 1965 1370 ipsa
1993 1298 2017 1368 1

444 1413 572 1454 cum
598 1398 720 1451 oleo
752 1398 821 1463 Χ
854 1393 975 1465 ejus
1004 1392 1029 1461 1
1060 1401 1115 1447 et
1144 1406 1307 1447 omne
1335 1390 1463 1444 thus
1490 1389 1609 1458 ejus
1637 1405 1655 1444 :
1687 1397 1743 1444 et
1779 1388 2024 1458 imponet

445 1489 704 1545 sacerdos
726 1484 1047 1541 memoriale
1076 1482 1195 1553 ejus
1231 1495 1396 1551 super
1423 1480 1597 1535 altare
1624 1495 1638 1531 :
1691 1479 2019 1535 sacriﬁcium

444 1581 580 1637 odor
612 1578 897 1635 suavitatis
927 1575 1178 1630 Domino.
1213 1573 1267 1629 5.
1310 1572 1377 1626 Et
1417 1571 1691 1641 reliquum
1719 1573 1786 1625 de
1807 1568 2019 1625 sacriﬁ-

444 1675 531 1730 cio
555 1680 642 1729 est
682 1670 867 1724 Aaron
896 1676 951 1724 et
980 1668 1104 1724 ﬁliis
1135 1666 1256 1738 ejus
1277 1706 1294 1733 ,
1325 1674 1577 1722 sanctum
1610 1673 1928 1721 sanctorum
1950 1662 2021 1718 de

445 1764 732 1821 sacriﬁciis
765 1760 1005 1817 Domini.

513 1966 571 2022 4.
604 1963 663 2019 Si
690 1974 870 2019 autem
923 1961 1358 2024 oﬂ’eratmunus,
1416 1957 1747 2015 sacriﬁcium
1800 1967 2017 2013 coctum

445 2058 503 2113 in
531 2056 769 2120 clibano,
800 2070 867 2110 ex
890 2054 1072 2110 simila
1124 2067 1291 2123 panes
1313 2066 1537 2122 azymos
1579 2064 1908 2120 conspersos
1961 2050 2017 2104 in

442 2149 587 2214 oleo,
609 2155 664 2202 et
690 2148 881 2217 lagana
907 2158 1097 2215 azyma
1129 2149 1391 2212 peruncta
1420 2140 1473 2195 in
1501 2139 1643 2195 oleo.

518 2238 571 2292 5.
602 2237 660 2291 Si
692 2244 872 2291 autem
891 2233 1218 2289 sacriﬁcium
1235 2231 1303 2287 de
1317 2230 1593 2302 sartagine
1615 2244 1817 2285 munus
1841 2238 2018 2299 tuum,

444 2329 623 2386 simila
650 2341 943 2396 conspersa
972 2325 1027 2378 in
1049 2324 1191 2388 oleo,
1230 2337 1422 2394 azyma
1452 2328 1630 2376 erunt.
1667 2320 1722 2374 6.
1767 2319 1835 2375 Et
1871 2335 2023 2376 com-

442 2423 661 2477 minucs
690 2435 751 2475 ea
784 2419 839 2474 in
871 2417 1068 2480 frusta,
1099 2425 1154 2471 et
1177 2414 1424 2470 eﬁundes
1448 2428 1613 2484 super
1641 2412 1758 2484 ipsa
1790 2412 1971 2469 oleum
2001 2432 2014 2467 :

446 2513 778 2569 sacriﬁcium
814 2525 877 2575 -ξ-
902 2520 987 2565 est
1017 2511 1041 2581 1
1078 2508 1326 2563 Domino.

515 2606 567 2659 7.
606 2602 662 2659 Si
682 2611 867 2659 autem
888 2601 1216 2657 sacriﬁcium
1241 2600 1308 2655 de
1324 2598 1589 2654 craticula
1621 2613 1822 2653 munus
1839 2604 2017 2664 tuum,

444 2697 622 2752 simila
659 2695 715 2751 in
766 2695 887 2749 oleo
918 2694 1031 2749 ﬁet.
1063 2692 1115 2747 8.
1151 2691 1217 2747 Et
1254 2690 1446 2746 oﬁ‘eret
1480 2690 1809 2746 sacriﬁcium
1843 2689 2018 2758 quod-

447 2800 669 2855 cunque
709 2784 903 2840 fecerit
927 2782 996 2838 de
1024 2782 1112 2836 bis
1138 2780 1373 2836 Domino
1399 2799 1414 2837 :
1448 2788 1503 2835 et
1527 2779 1713 2835 aﬂ‘erct
1735 2781 1805 2849 Χ
1832 2778 1965 2834 illud
1990 2779 2013 2847 1

444 2877 514 2932 ad
542 2876 901 2933 sacerdotem.
957 2875 1011 2930 9.
1044 2873 1112 2928 Et
1155 2873 1418 2929 accedens
1448 2872 1515 2927 ad
1560 2871 1731 2927 altare
1755 2910 1771 2935 ,
1806 2869 2018 2925 auferet

444 2967 699 3024 sacerdos
742 2966 808 3020 de
834 2965 1105 3021 sacriﬁcio
1128 2962 1444 3019 memoriale
1490 2961 1644 3032 ejus:
1691 2969 1747 3017 et
1775 2960 2019 3030 imponet

455 3054 463 3059 ’
710 3056 800 3117 ΤΟ
827 3057 1194 3113 EBPAIKON.

1841 3054 1930 3109 ΤΟ
1967 3048 2315 3104 EBPAIKON

2189 938 2240 992 1.
2290 939 2416 992 Ἐὰν
2452 938 2509 992 δὲ
2539 939 2684 1010 ψυχὴ
2732 937 3017 1012 προσφέρῃ
3048 936 3221 1009 δῶρον
3249 936 3439 991 Θυσίαν
3469 936 3546 1009 τῷ
3578 939 3688 993 Ku-

2126 1032 2247 1104 ρίῳ,
2274 1030 2541 1102 σιμίδαλις
2564 1031 2715 1084 ἔσται
2744 1030 2805 1084 τὸ
2835 1028 3006 1101 δῶρον
3039 1028 3227 1093 αὑτοῦ,
3257 1032 3351 1083 καὶ
3373 1032 3579 1101 ἐπιχεεί
3605 1032 3688 1085 ἐπ’

2122 1122 2271 1194 αὐτῷ
2296 1124 2492 1186 ἔλαιον,
2524 1123 2618 1176 καὶ
2654 1121 2900 1193 ἐπιθήσει
2942 1122 3029 1175 ἐπ’
3059 1121 3190 1175 αὐτὸ
3231 1121 3461 1178 λίϐανον.
3499 1122 3553 1177 2.
3584 1125 3693 1179 Καὶ

2122 1216 2261 1269 οῐσει
2294 1217 2360 1283 Χ
2399 1214 2529 1268 αὐτὸ
2558 1217 2580 1283 1
2608 1214 2744 1284 πρὸς
2772 1215 2899 1277 τοὺς
2925 1215 3073 1277 υἱοὺς
3108 1213 3317 1285 ’Δαρὼν
3342 1216 3468 1278 τοὺς
3495 1216 3651 1286 ίερεϊς
3671 1233 3686 1248 ·

2123 1308 2217 1361 καὶ
2257 1306 2590 1377 δραξάμενος
2617 1306 2710 1358 ἀπ’
2744 1307 2913 1376 αὐτῆς
2946 1305 3126 1378 πλήρη
3157 1305 3256 1378 τὴν
3291 1305 3467 1377 δράκα
3494 1308 3560 1374 Χ
3594 1307 3691 1359 αὐ·-

2121 1395 2216 1456 τοῦ
2254 1396 2278 1464 1
2324 1395 2431 1449 ἀπὺ
2459 1396 2557 1466 τῆς
2586 1396 2908 1466 σιμιδάλεως
2934 1397 3002 1464 Χ
3034 1395 3204 1465 αὐτῆς
3238 1395 3261 1464 1
3299 1396 3393 1448 σὺν
3422 1394 3499 1465 τῷ
3536 1394 3693 1466 ἐλαίῳ

2123 1491 2193 1556 Χ
2217 1488 2385 1559 αὐτῆς
2412 1487 2435 1556 1
2478 1488 2573 1540 καὶ
2612 1487 2790 1542 πάντα
2818 1487 2907 1540 τὸν
2938 1487 3156 1540 λίϐανον
3197 1487 3388 1557 αὐτῆς.
3436 1486 3543 1540 Καὶ
3574 1489 3692 1541 ὲπι-

2122 1579 2278 1651 θήσει
2302 1580 2332 1630 ὁ
2359 1580 2537 1648 ίερεὺς
2563 1577 2626 1630 τδ
2652 1578 2996 1649 μνημόσυνον
3025 1577 3194 1648 αὐτῆς
3215 1577 3308 1630 ἐπὶ
3333 1576 3395 1630 τὺ
3418 1575 3696 1649 θυσιαστή·

2123 1689 2257 1742 ριον,
2295 1671 2456 1726 θυσία
2494 1673 2637 1744 ὀσμὴ
2677 1670 2903 1735 εὑώίας
2936 1672 3148 1744 Κυρίῳ.
3185 1672 3238 1727 ὅ.
3270 1671 3382 1724 Καὶ
3422 1670 3485 1724 τὸ
3515 1669 3695 1727 λοιπὸν

2120 1764 2229 1818 ἀπὸ
2261 1763 2359 1835 τῆς
2398 1763 2592 1828 θυσίας
2627 1763 2837 1836 ’Δαρὼν
2882 1764 2975 1817 καὶ
3013 1766 3125 1828 τοῖς
3154 1764 3289 1826 υἱοῖς
3315 1764 3506 1831 αὐτοῦ,
3547 1764 3696 1833 ἄγισν

2121 1853 2229 1910 τῶν
2260 1854 2433 1922 ἁγίων
2462 1853 2569 1907 ἀπὸ
2600 1853 2710 1907 τῶν
2749 1851 2950 1906 θυσιῶν
2978 1854 3204 1924 Κυρίου.

2189 1946 2242 2001 4.
2296 1945 2421 2000 Ἐάν
2461 1945 2519 1999 δὲ
2556 1943 2844 2016 προσφέρῃ
2906 1942 3079 2016 δῶρον
3119 1943 3309 1999 θυσίαν
3343 1962 3697 2017 πεπεμμενην

2118 2039 2177 2093 ἐν
2198 2037 2485 2108 κλειϐάνῳ,
2502 2037 2566 2090 ὲκ
2579 2035 2901 2106 σιμιδάλεως
2920 2035 3116 2107 ἄρτους
3134 2036 3372 2107 ἀζύμους
3388 2036 3700 2109 πεφυραμέ-

2118 2146 2241 2193 νους
2261 2131 2317 2182 ἐν
2339 2128 2523 2199 ὲλαίῳ,
2552 2128 2647 2180 καὶ
2673 2126 2882 2197 λάγανα
2903 2128 3085 2199 ἄζυμα
3100 2129 3435 2200 κεχρισμένα
3451 2132 3507 2182 ὲν
3518 2130 3694 2201 ἐλαίῳ.

2196 2220 2247 2275 5.
2288 2218 2413 2273 Ἐάν
2453 2219 2512 2273 δὲ
2548 2218 2706 2272 θυσία
2749 2219 2856 2272 άπὸ
2894 2220 3129 2289 τηγάνου
3172 2219 3232 2273 τδ
3273 2219 3450 2292 δῶρόν
3481 2236 3592 2284 σου,
3624 2236 3701 2274 σι-

2129 2306 2341 2378 μίδαλις
2369 2305 2727 2377 πεφυραμένη
2757 2308 2815 2359 ὲν
2853 2306 3038 2377 ἐλαίῳ,
3068 2307 3252 2379 ἄζυμα
3290 2307 3467 2361 ἔσται.
3503 2308 3555 2363 6.
3595 2310 3700 2363 Καὶ

2125 2398 2439 2470 διαθρύψεις
2476 2397 2615 2452 αὐτὰ
2662 2398 2967 2471 κλάσματα,
3002 2401 3097 2453 καὶ
3145 2402 3383 2472 ἐπιχεεῐς
3418 2403 3508 2455 ἐπ’
3560 2399 3694 2455 αὐτὰ

2127 2494 2326 2556 ἔλαιον,
2350 2493 2510 2546 θυσία
2541 2507 2603 2547 -ε-
2639 2492 2789 2546 ἐστὶν
2827 2494 2848 2561 1
2876 2494 3086 2564 Κυρίῳ.

2193 2586 2248 2639 7.
2290 2585 2415 2638 Ἐάν
2447 2585 2504 2637 δὲ
2533 2584 2693 2637 θυσία
2733 2584 2841 2639 ἀπὸ
2871 2586 3108 2657 ἐσχάρας
3132 2584 3192 2637 τὸ
3217 2583 3391 2656 δῶρόν
3417 2602 3539 2648 σου,
3564 2584 3703 2657 σιμι-

2120 2677 2271 2741 δαλις
2311 2678 2371 2729 ὲν
2415 2675 2577 2744 ἐλαίῳ
2619 2676 2995 2746 ποιηθήσεται.
3042 2676 3096 2731 8.
3136 2677 3245 2730 Kal
3293 2676 3574 2749 προσοίσει
3609 2675 3701 2749 τὴν

2121 2774 2311 2829 θυσίαν
2338 2773 2405 2843 ἥν
2430 2771 2496 2826 ἄν
2536 2774 2735 2845 ποιήσῃ
2764 2775 2829 2827 ὲκ
2853 2772 3058 2828 τούτων
3083 2773 3160 2844 τῷ
3185 2774 3393 2844 Κυρίῳ,
3421 2774 3519 2827 καὶ
3540 2787 3703 2845 προσ-

2119 2867 2252 2920 οίσει
2289 2868 2356 2934 Χ
2381 2863 2514 2917 αὐτὸ
2547 2862 2572 2931 1
2606 2864 2744 2935 πρὸς
2777 2864 2868 2918 τὸν
2915 2864 3082 2936 ἱερέα.
3110 2865 3162 2919 9.
3200 2866 3309 2919 Kal
3338 2863 3703 2936 προσεγγίσας

2124 2958 2262 3030 πρὸς
2291 2955 2353 3009 τὸ
2397 2953 2803 3026 θυσιαστήριον,
2831 2954 3023 3025 ἀφελεῖ
3057 2957 3086 3009 ὁ
3128 2954 3306 3026 ἱερεὺς
3337 2954 3449 3007 ἀπὸ
3495 2952 3591 3024 τῆς
3615 2948 3704 3005 θυ-

3047 3045 3349 3101 ΔΚΥΛΑΣ.

1748 3123 2076 3195 Ἑλληνικοῖς
2100 3119 2409 3193 γράμμασι.

1187 3231 1353 3309 aaan
1387 3221 1411 3309 ί
1633 3222 1659 3275 t
1672 3260 1686 3275 .

1043 3319 1196 3391 mp
1230 3292 1353 3370 ubi:
1385 3307 1422 3360 2
1633 3314 1687 3378 2.

1019 3550 1140 3603 m'n
1176 3550 1342 3601 MRD
1377 3540 1413 3595 3
1629 3547 1682 3599 3.

2142 3528 2169 3537 ’⁷
2743 3534 2796 3590 5.
2835 3534 2965 3586 Ἀπὸ
2987 3532 3097 3586 τῶν
3127 3531 3314 3602 πυρῶν
3341 3528 3572 3602 Κυρίου.

1223 3642 1356 3692 nun
1381 3631 1416 3686 4
1627 3636 1687 3696 4.
2109 3653 2117 3663 '
2161 3670 2188 3696 ε
2345 3668 2353 3691 τ
2744 3625 2799 3679 4.

923 3776 1093 3861 ΠἯΖἏ
1121 3804 1253 3857 rm:
1283 3779 1423 3855 m'm
2246 3854 2255 3861 ,
2745 3782 3024 3857 Κολλύρας
3054 3781 3539 3861 ἁναπεφυρμένας.

1227 3899 1416 3974 ῬἿΡἾἹ

1195 3968 1343 4044 dna
1380 3981 1415 4035 6
1632 3976 1689 4033 ο.
2746 3971 2797 4027 6.
2829 3968 3089 4040 Ψωμοΰς.

1212 4086 1343 4136 mm
1379 4074 1414 4130 9
1632 4067 1687 4121 9.
2741 4063 2793 4120 9.
2824 4061 3059 4133 Πύρρον.

1031 4179 1164 4255 mi;
1192 4151 1309 4255 θὴρ
1350 4165 1419 4219 μ
1635 4159 1723 4213 tt.

2744 4152 2832 4207 ﬂ.
2862 4153 3230 4222 Πεφρυγμενα
3257 4146 3408 4219 πυρί.

1112 4235 1282 4323 bin-12'
1295 4270 1417 4320 una

2753 4242 2962 4297 ’Δπαλὰ
2997 4241 3203 4312 λάχανα
3239 4235 3540 4315 ὀσπριώδη.

1096 4361 1314 4441 '17qu
1351 4350 1417 4406 l6
1643 4347 1730 4403 16.
1758 4438 1876 4441 mu
1914 4438 1935 4441 Α
1994 4437 2036 4441 _
2131 4435 2152 4441 _
2223 4435 2332 4441 -ω
2748 4334 2816 4396 16

544 4449 790 4508 νΕιιδιο
828 4447 1149 4505 llEBRAlCl
1188 4421 1401 4505 rem.
1757 4437 2087 4495 VULGATA
2130 4435 2407 4499 LATINA.
3057 4421 3334 4493 AQUlLA.

517 4550 570 4600 1.
604 4543 1068 4615 Appropinquatio
1101 4541 1239 4614 ejus.
1633 4535 1685 4590 l.
1718 4533 1847 4604 Ejus
1879 4533 2100 4589 oblatio.
2748 4522 2801 4577 l.

520 4637 576 4691 2.
612 4636 837 4693 Plenum
860 4634 1123 4707 pugillum
1145 4647 1331 4693 suum.
1633 4627 1689 4680 2.
1717 4624 1990 4696 Pugillum
2015 4623 2259 4694 plenum.
2747 4615 2805 4677 2.

516 4872 571 4926 3.
596 4869 670 4941 De
705 4868 1065 4941 ignitionibus
1096 4867 1335 4927 Domini.

516 4942 569 4995 4.
602 4940 839 4996 Clibani.

517 5032 785 5088 Placenue
803 5030 1195 5089 infcrmentataa
1225 5028 1421 5088 misue.

1632 4950 1686 5004 4.
1718 4948 1776 5004 ln
1800 4950 2035 5005 clibano.

1564 5127 1676 5168 80$-

518 5194 587 5250 Et
609 5196 825 5267 lagana.
1637 5202 1879 5273 Lagana.

526 5290 579 5344 6.
610 5289 829 5345 Frusta.
1635 5294 1687 5348 6.
1711 5294 2036 5348 .llinutatim.

518 5384 572 5438 9.
610 5381 822 5453 lgnitio.

520 5548 609 5608 14.
642 5543 868 5602 Tostam
899 5547 954 5603 in
986 5545 1130 5616 igne.

444 5708 498 5770 ὁ.
521 5637 791 5694 Triticum
817 5649 1107 5695 contusum
1145 5636 1309 5694 spicae
1356 5632 1485 5690 viri-

484 5729 550 5767 is.

520 5804 608 5872 to.
641 5805 708 5869 Et
739 5800 918 5861 sumre
942 5799 1125 5860 faciet.

1636 5550 1721 5603 M.
1757 5547 1892 5619 1εηί.

1632 5796 1717 5854 16.
1743 5794 2013 5854 Adolebit.

1633 4858 1687 4913 3.
1718 4856 1795 4914 De
1818 4855 2189 4914 oblationibus
2220 4852 2459 4910 Domini.

1632 5040 1810 5099 Panes
1828 5042 2036 5112 absque
2061 5036 2328 5094 fermento
2343 5048 2605 5105 consper-

1636 5388 1689 5443 9.
1732 5386 1934 5447 Vacat.
1993 5384 2084 5440 sed
2137 5383 2514 5454 subjungitur:
2546 5382 2606 5437 in

1566 5459 1788 5513 odorem
1822 5456 2105 5511 suavitatis

1629 5633 1700 5690 Et
1736 5633 2052 5704 confringes
2077 5632 2130 5689 in
2158 5631 2383 5691 modum
2411 5630 2596 5688 ιλιι-τὶς.

2742 4847 2795 4902 5.
2830 4842 2912 4899 Ab
2937 4839 3155 4914 ignibus
3196 4837 3438 4900 Domini.

2743 4932 2799 4985 4.

2748 5027 3000 5099 Collyras
3019 5036 3324 5096 respersas.

2744 5279 2798 5335 6.
2832 5277 3107 5332 Frustula.

2745 5371 2800 5426 9.
2829 5369 3088 5440 Ignitum.

2136 5455 2384 5511 Domino.

2747 5538 2835 5592 Η.
2871 5532 3184 5591 Torrefacta
3210 5531 3346 5603 igni.

2748 5627 2960 5684 Tcnera
2981 5627 3130 5685 olera
3158 5618 3419 5697 legumini
3442 5611 3668 5675 similia.

2743 5787 2833 5847 16.
