4108 6402
418 404 522 460 535

1688 397 1982 452 LEVITlCl
2023 395 2175 450 CAP.
2211 393 2277 447 Il.

3550 382 3657 438 554

419 513 586 570 menti
642 512 967 583 recipienda.
1032 510 1335 582 Hesychius
1377 511 1435 564 in
1466 508 1776 583 _I_.eviy'cunt
1827 509 1985 583 habet

2099 507 2214 583 llaec
2241 503 2406 583 verba
2425 501 2532 556 τῶν
2627 502 2732 582 σὺν
2756 503 2865 565 τοῖς
2891 503 3129 574 πτεροῖς,
3147 509 3376 583 notatur
3400 500 3454 554 in
3477 515 3653 571 marg.

417 587 612 651 σίτιον,
641 578 824 638 minus
855 592 1017 647 recte,
1057 583 1112 635 ni
1146 578 1324 636 Fallor.
1357 610 1427 619 —-
1465 581 1576 651 ‘A.,_
1607 580 1689 651 2.,
1725 579 1824 648 τὴν
1856 578 1990 630 σιτί-

417 649 635 733 ζουσαν.
669 654 756 717 6.,
774 653 881 716 Ε’.,
898 651 1192 733 τήνιόσφὺν
1208 653 1275 722 ἣν
1309 653 1470 733 ήμείς
1495 649 1985 733 καλοῦμενιφυσαν.

416 717 645 780 Coisliu.
672 739 794 794 quae
822 717 1133 792 suSpicione
1153 786 1159 797 ι
1181 717 1361 776 mendi
1386 735 1493 775 non
1523 717 1733 773 vacant.
1769 717 1902 772 lbid.
1930 717 1986 770 in

2095 575 2211 645 ἃμα
2244 574 2321 644 τῷ
2343 573 2501 645 σὼρῳ
2518 571 2712 645 αὐτῆς,
2743 588 2911 645 ccum
2947 571 3194 641 congerie
3218 573 3356 643 ejus.
3383 589 3402 622 ι

2173 641 2332 705 Ιὺὶιιζ,
2370 641 2617 705 ἐμϐαλεῖ.
2641 641 2720 696 Ex
2748 641 2914 696 Basil.

2165 714 2228 767 ν.
2264 714 2350 766 17.
2377 711 2454 765 Ex
2478 711 2641 767 Basil.

1671 832 1925 894 CAPUT
1957 829 2009 892 ΙΙ
2038 827 2410 890 LEVITICI.

419 936 539 1000 σίας
561 935 625 989 τὸ
655 935 994 1008 μνημόσυνον
1023 933 1220 1004 αὐτῆς
1256 935 1350 988 καὶ
1379 934 1634 1005 ἐπιθήσει
1665 934 1759 986 ἐπὶ
1789 931 1850 984 τὸ
1891 929 1988 982 θυ-

420 1028 747 1098 σιαστήριον,
779 1025 1100 1098 (κάρπωμα)
1127 1024 1270 1095 ὀσμὴ
1301 1024 1524 1087 εὐωδίας
1555 1023 1762 1093 Κυρίῳ.
1796 1020 1880 1074 10.
1916 1019 1990 1074 Τὸ

416 1121 474 1175 δὲ
498 1120 853 1190 καταλειφθὲν
876 1118 984 1171 ἀπὸ
1005 1118 1104 1186 τῆς
1127 1115 1334 1179 θυσίας,
1371 1115 1576 1187 Ἀαρὼν
1599 1116 1692 1166 καὶ
1717 1116 1825 1178 τοῖς
1855 1116 1988 1176 υἱοῖς

419 1215 603 1280 αὐτοῦ,
637 1216 766 1282 ἅγια
803 1212 912 1266 τῶν
942 1209 1111 1279 ἁγίων
1151 1208 1258 1262 ἀπὸ
1296 1208 1404 1262 τῶν
1444 1209 1826 1280 καρπωμάτων
1871 1210 1987 1260 Κυ-

423 1307 558 1376 ρίου.

481 1441 566 1494 11.
611 1441 799 1494 Πᾶσαν
843 1439 1030 1493 θυσίαν
1071 1439 1138 1510 ἦν
1184 1439 1249 1492 ἂν
1291 1435 1633 1509 προσφέρητε
1677 1433 1890 1505 Κυρίῳ,
1925 1433 1986 1485 οὑ

417 1533 668 1604 ποιήσετε
696 1529 972 1602 ζυμωτόν’
1010 1533 1188 1584 πᾶσαν
1220 1528 1329 1600 γὰρ
1368 1527 1546 1598 ζύμην
1591 1527 1684 1579 καὶ
1713 1526 1819 1578 πᾶν
1866 1523 1988 1594 μέλι

416 1625 474 1677 οὐ
519 1623 834 1693 προσοίσετε
875 1622 968 1675 ἀπ’
1011 1622 1196 1684 αὑτοῦ,
1241 1619 1532 1691 καρπῶσαι
1577 1617 1764 1688 Κυρίῳ
1794 1615 1982 1688 δῶρον.

418 1715 503 1768 12.
544 1714 663 1765 Ἀπ’
701 1712 875 1784 ἀρχῆς
918 1712 1233 1781 προσοίσετε
1271 1710 1409 1764 αὐτὰ
1454 1709 1664 1780 Κυρίῳ,
1709 1711 1800 1762 ἐπὶ
1831 1709 1887 1761 δὲ
1925 1707 1987 1760 τὸ

416 1804 796 1874 θυσιαστήριον
827 1803 926 1855 οὐκ
964 1801 1320 1854 ἁναόιϐάσετε
1364 1798 1458 1871 [αι.
1494 1799 1593 1851 οὐκ
1627 1797 1982 1869 ἀναϐήσεται]

415 1897 494 1959 είς
523 1893 696 1965 ὀσμὴν
725 1893 949 1956 εὐωδίας
983 1893 1190 1964 Κυρίῳ.

488 2006 572 2060 15.
617 2007 727 2059 Καὶ
773 2006 880 2058 πᾶν
917 2003 1087 2075 δῶρον
1133 2002 1320 2066 θυσίας
1368 2003 1519 2073 ὑμῶν
1571 1999 1658 2054 ἁλὶ
1701 1998 1986 2071 ἁλισθήσε-

410 2115 538 2151 ταιο
573 2098 634 2150 οὐ
679 2096 1004 2151 διαπαύσετε
1034 2095 1136 2149 ἅλα
1177 2095 1440 2165 διαθήκης
1482 2092 1616 2146 Θεοῦ
1650 2091 1757 2146 ἀπὸ
1795 2091 1984 2144 θυσια-

413 2189 632 2260 σμάτων
648 2189 678 2240 ὐ
686 2188 820 2259 μῶν·
842 2189 934 2242 ἐπὶ
949 2189 1148 2253 παντὸς
1165 2187 1336 2258 δώρου
1356 2187 1384 2238 ὑ
1394 2184 1507 2256 μῶν
1523 2183 1842 2254 προσοίσετε
1856 2182 1980 2236 ἆλα.

479 2299 566 2353 14.
611 2299 736 2352 Ἐὰν
783 2299 843 2357 δὲ.
883 2298 1196 2372 προσφέρῃς
1236 2295 1422 2351 θυσίαν
1473 2297 1985 2368 πρωτογενημάτων

410 2387 488 2458 τῷ
529 2389 740 2460 Κυρίῳ,
775 2389 872 2444 νέα
916 2388 1272 2460 πεφρυγμένα
1321 2388 1477 2458 χίδρα
1518 2385 1712 2458 ὲρικτὰ
1749 2384 1830 2455 τῷ
1873 2386 1987 2437 Κυ-

412 2481 542 2550 ρίῳ·
582 2481 677 2533 καὶ
712 2481 1018 2552 προσοίσεις
1045 2483 1143 2552 τὴν
1173 2481 1362 2535 θυσίαν
1406 2479 1514 2532 τῶν
1560 2478 1986 2550 πρωτογενημά-

407 2588 514 2624 των
539 2588 652 2624 σου.
683 2571 769 2625 15.
800 2573 913 2625 Καὶ
951 2573 1188 2644 ἐπιχεεῖς
1211 2573 1296 2625 ἐπ’
1322 2571 1490 2640 αὐτῆς
1518 2569 1715 2632 ἔλαιον,
1741 2569 1835 2622 καὶ
1876 2569 1990 2620 ἐπι-

411 2665 595 2735 θήσεις
627 2666 716 2717 ὲπ⁹
747 2665 915 2737 αὐτὴν
940 2664 1171 2718 λίϐανον.
1202 2665 1372 2718 Θυσία
1397 2663 1563 2716 ἐστίν.
1597 2660 1682 2714 16.
1707 2661 1818 2712 Καὶ
1844 2659 1982 2713 ἀνοί-

410 2757 539 2807 σειὸ
567 2755 743 2826 ἱερεὺς
770 2756 828 2808 τὸ
855 2756 1193 2826 μνημόσυνον
1216 2755 1383 2825 αὐτῆς
1404 2755 1511 2807 ἀπὸ
1535 2753 1644 2806 τῶν
1663 2753 1859 2823 χίδρων
1884 2751 1980 2804 σὺν

407 2843 485 2913 τῷ
518 2845 698 2916 ἐλαίῳ,
734 2848 826 2899 καὶ
871 2849 1046 2900 πάντα
1087 2847 1176 2901 τὸν
1204 2845 1428 2903 ,λίϐανον
1472 2845 1660 2914 αὐτῆς,
1702 2845 1983 2915 κάρπωμα

409 2935 488 3005 τῷ
520 2937 730 3009 Κυρίῳ.

2093 941 2256 996 super
2283 926 2450 980 altare
2480 923 2881 992 holocaustum,
2916 924 3050 981 odor
3078 925 3363 982 suavitatis
3402 925 3653 983 Domino.

2092 1018 2180 1074 10.
2224 1017 2379 1084 Quod
2414 1025 2593 1071 autem
2627 1017 2898 1086 reliquum
2922 1018 3026 1072 erit
3049 1018 3115 1073 de
3152 1019 3441 1085 sacriﬁcio,
3473 1021 3658 1075 Aaron

2090 1120 2144 1167 et
2172 1110 2297 1166 ﬁliis
2343 1110 2462 1180 ejus
2494 1149 2509 1175 ,
2534 1120 2723 1168 sancta
2753 1119 3064 1167 sanctorum
3102 1111 3167 1166 de
3193 1112 3521 1169 holocaustis
3547 1111 3657 1166 Do-

2091 1217 2245 1256 mlnl.

2161 1425 2248 1478 11.
2279 1423 2452 1478 Omne
2485 1423 2812 1478 sacriﬁcium
2851 1424 3214 1493 quodcunque
3267 1422 3506 1478 oﬁ‘eratis
3552 1421 3658 1478 Do-

2088 1514 2260 1576 mino,
2307 1527 2419 1567 non
2466 1511 2676 1567 facietis
2717 1511 3139 1578 fermentatum;
3176 1527 3339 1567 omne
3371 1513 3516 1567 enim
3547 1512 3656 1567 fer-

2089 1611 2332 1656 mentum
2361 1610 2416 1656 et
2453 1617 2615 1656 omne
2649 1602 2758 1654 mel
2788 1617 2894 1654 non
2922 1601 3159 1656 oﬁeretis
3202 1602 3269 1655 de
3299 1617 3383 1667 eo,
3418 1602 3487 1657 ad
3526 1601 3658 1655 oﬁ‘e-

2088 1695 2315 1749 rendum
2343 1693 2574 1749 Domino
2597 1709 2816 1747 munus.
2844 1695 2929 1748 12.
2954 1692 3029 1747 De
3051 1692 3306 1762 primitiis
3330 1693 3566 1750 oﬁeretis
3591 1710 3656 1749 ea

2088 1783 2342 1850 Domino,
2378 1797 2541 1854 super
2591 1784 2758 1837 altare
2799 1793 2978 1838 autem
3013 1800 3122 1838 non
3178 1785 3546 1854 importabitis
3597 1785 3654 1840 in

2087 1873 2308 1927 odorem
2338 1873 2624 1927 suavitatis
2654 1871 2905 1926 Domino.

2157 1985 2244 2040 15.
2287 1985 2352 2040 Et
2373 2000 2532 2041 omne
2556 2001 2756 2041 munus
2783 1985 3034 2040 sacriﬁcii
3057 1987 3222 2042 vestri
3264 1987 3377 2042 sale
3403 1988 3645 2043 salietur.

2085 2075 2204 2132 Non
2224 2077 2484 2132 omittetis
2520 2078 2686 2132 salem
2718 2079 3024 2133 testamenti
3055 2077 3147 2132 Dei
3176 2095 3206 2133 a
3242 2079 3528 2136 sacriﬁciis
3560 2096 3652 2136 ve-

2086 2168 2213 2224 stris
2237 2184 2251 2219 :
2285 2184 2448 2239 super
2473 2183 2635 2223 omne
2669 2185 2867 2225 munus
2898 2177 3141 2224 vestrum
3165 2171 3402 2227 oﬂ‘eretis
3425 2170 3615 2226 salem.

2154 2280 2242 2334 14.
2276 2279 2331 2334 Si
2366 2288 2548 2336 autem
2598 2280 2796 2336 oﬁ‘eras
2847 2283 3175 2338 sacriﬁcium
3203 2286 3503 2356 primarum
3537 2288 3654 2342 fru-

2085 2389 2213 2444 gum
2261 2371 2512 2437 Domino,
2567 2389 2734 2430 novas
2793 2375 3114 2432 torrcfactas
3160 2378 3338 2448 spicas
3383 2381 3651 2450 vigentes,

2088 2464 2453 2519 comminutas
2483 2463 2715 2520 Domino
2750 2475 2841 2521 :et
2868 2467 3063 2523 oﬁ‘eres
3088 2461 3417 2525 sacriﬁcium
3448 2472 3653 2540 prima-

2089 2572 2211 2610 rum
2238 2555 2456 2628 frugum
2483 2565 2721 2611 tuarum.
2770 2559 2854 2614 15.
2887 2559 2952 2614 Et
3010 2561 3251 2617 eﬁ‘undes
3308 2578 3469 2633 super
3518 2564 3653 2619 illud

2087 2645 2288 2712 oleum,
2311 2655 2362 2700 et
2386 2646 2632 2716 impones
2653 2663 2816 2718 super
2838 2649 2967 2703 illud
2993 2650 3118 2706 thus
3143 2669 3156 2704 :
3184 2653 3512 2706 sacriﬁcium
3545 2662 3648 2708 est.

2089 2734 2175 2789 16.
2215 2734 2281 2789 Ει
2313 2735 2499 2792 oﬁ‘eret
2525 2739 2777 2793 sacerdos
2811 2740 3125 2796 memoriale
3171 2741 3290 2810 cjus
3314 2741 3379 2795 de
3415 2740 3650 2798 farribus

2085 2843 2210 2883 cum
2243 2828 2382 2895 oleo,
2412 2837 2466 2884 et
2491 2845 2653 2885 omne
2682 2832 2807 2886 thus
2842 2832 2960 2902 ejus
2992 2851 3004 2886 :
3033 2833 3206 2888 hostia
3254 2831 3508 2888 Domino.

721 3033 1122 3087 ΣΥΜΜΔΧΟΣ.
2007 3032 2080 3086 0'.
2473 3082 2476 3086 .
2937 3037 3334 3091 ΘΕΟΔΟΤΙΩΝ.

479 3195 530 3248 1.
1584 3194 1633 3247 1.
1663 3194 1844 3264 Δῶρον
1870 3191 2052 3248 αὐτοῦ.
2691 3200 2744 3253 1.

477 3288 531 3341 2.
1553 3287 1636 3360 Δ2.
1686 3289 1871 3360 Πλήρη
1921 3289 2017 3358 τὴν
2060 3289 2255 3360 δράκα.
2303 3289 2542 3354 Ἀλλος,
2690 3289 2748 3344 2.

1511 3356 1725 3429 πλήσει.
1750 3356 1990 3429 Ἄλλος,
2018 3356 2311 3429 πλήρὼσει.
2343 3361 2407 3411 Οἱ
2425 3363 2546 3413 λοι-

1510 3427 1631 3493 ποί,
1663 3428 1874 3500 πλήρης
1904 3427 2003 3498 τήν
2033 3427 2225 3497 δράκα.

474 3515 665 3571 5.Ἀπδ
680 3519 788 3573 τῶν
813 3518 1193 3590 καοπωμάτων
1212 3521 1434 3594 Κυρίου.

480 3607 532 3660 4.
1579 3610 1632 3664 4.

1509 3677 1674 3752 ϐάνῳ.

477 3769 650 3822 Κολλύ
659 3787 756 3840 ρας
786 3771 1259 3846 ἀναπεφυρμένας.

1580 3519 1632 3574 5.
1675 3520 1804 3572 Ἀπὸ
1829 3519 1936 3573 τῶν
1964 3519 2162 3572 θυσιῶν
2177 3521 2402 3592 Κυρίου.

1579 3610 1632 3664 4.
1673 3611 1769 3663 Ἐκ
1793 3609 2062 3664 κλιϐάνου.
2090 3612 2331 3677 Ἀλλος,
2357 3615 2414 3665 ὲν
2440 3612 2547 3665 κλι-

1589 3773 1819 3844 ¹’Δρτους
1844 3771 2085 3844 ἀζύμους
2113 3772 2506 3845 πεφυρμένους.

2687 3525 2739 3578 5.
2783 3521 2914 3577 Ἀπὸ
2940 3523 3049 3577 τῶν
3076 3523 3168 3578 τοῦ
3195 3523 3362 3596 πυρὸς
3385 3524 3610 3596 Κυρίου.

2681 3615 2738 3669 4.

2685 3776 2963 3850 Κολλύρας
2990 3777 3459 3850 ἁναπεφυρμένας.

1578 3867 1820 3935 Λὰγανα.
1852 3869 2092 3934 Ἄλλος,
2130 3868 2332 3922 ἁπαλά.

470 3955 522 4012 6.
557 3957 814 4029 Ψωμούς.
1579 3963 1631 4016 6.
1660 3961 1981 4034 Κλάσματα.
2685 3962 2737 4017 6.
2772 3961 3030 4032 Ψωμούς.

473 4044 528 4102 9.
1577 4054 1630 4107 9.
1663 4055 1973 4124 Κάρπωμα.
2684 4056 2736 4110 9.
2776 4056 3008 4127 Πύρρον.

473 4137 558 4195 14.
592 4140 955 4212 Πεφρυγμένα
987 4145 1138 4216 πυρί.
1577 4147 1666 4200 14.
1700 4147 2085 4219 Πεφρυγμένα.
2690 4149 2777 4202 14.

480 4229 688 4287 ’Λπαλὰ
717 4231 920 4302 λάχανα
947 4233 1241 4308 ὀσπριώδη.
1575 4236 1748 4309 Χίδρα
1781 4240 1991 4309 ὲρικτά.
2687 4239 2835 4295 Πῖον.

467 4319 557 4376 16.
1578 4327 1666 4382 16.
1703 4327 1950 4384 Ἀνοίσει.
1989 4330 2230 4397 Ἄλλος,
2273 4332 2543 4402 ἐπιθήσει.
2689 4329 2775 4384 16.

697 4413 1147 4474 SYMMACHUS.
1697 4418 1840 4472 LXX
1875 4419 2372 4478 INTERPRETES.
2929 4416 3345 4474 THEODOTIO.

470 4506 522 4561 1.
1577 4509 1628 4562 1.
1658 4507 1866 4564 Donum
1896 4511 2032 4579 ejus.
2685 4513 2736 4566 1.

471 4601 526 4656 2.
1541 4599 1640 4671 Δ2.,
1658 4597 1884 4654 Plenum
1909 4601 2196 4671 pugillum.
2227 4602 2402 4669 Alius,
2425 4610 2532 4656 im-
2675 4602 2728 4656 2.

1502 4668 1688 4738 plebit.
1720 4671 1890 4742 Alius,
1911 4668 2402 4742 replebitﬂeliqui.
2421 4673 2534 4741 ple—

1503 4755 1608 4795 nus
1638 4741 1840 4811 pugillo
1868 4757 1992 4796 suo.

1573 4829 1627 4882 3.
1653 4827 1729 4882 De
1762 4830 2044 4884 sacriﬁciis
2069 4828 2305 4884 Domini.

1571 4921 1625 4976 4.
1659 4922 1736 4998 Er
1757 4925 1992 4978 clibano.
2018 4925 2192 4989 Alius,
2221 4925 2272 4977 in
2296 4923 2528 4979 clibano.

1573 5013 1748 5069 Panes
1778 5029 1998 5085 azymos
2026 5028 2366 5082 conspersos.

471 4831 524 4886 '5.
551 4829 626 4886 De
663 4829 1029 4886 oblationibus
1057 4829 1292 4887 Domini.

469 4920 525 4975 4.

467 5010 713 5082 Collyras
741 5027 1037 5083 respersas.

2677 4829 2818 4886 5.Ab
2836 4829 2903 4885 iis
2914 4844 3034 4902 qua:
3048 4838 3173 4887 sunt
3187 4829 3252 4886 de
3267 4830 3388 4901 igne
3406 4827 3639 4890 Domini.

2670 4923 2724 4978 4.

2674 5013 2919 5086 Collyras
2948 5028 3242 5084 respersas.

1571 5174 1811 5246 Lagana.
1843 5173 2014 5239 Alius,
2043 5179 2247 5226 tenera.

465 5261 518 5315 6.
547 5259 819 5315 Frustula.
1570 5265 1625 5322 6.
1650 5265 1866 5319 Frusta.

466 5351 517 5404 9.

468 5513 555 5568 14.
590 5512 900 5570 Torrefacta
933 5516 1067 5587 igni.

464 5601 673 5660 Tenera
704 5604 851 5661 olera
879 5605 1134 5679 legumini
1172 5605 1392 5666 similia.

463 5759 552 5817 16.

1568 5356 1620 5410 9.
1654 5353 1866 5409 Oblatio
1898 5352 2194 5408 fructuum.

1569 5519 1656 5572 14.
1677 5515 2039 5572 Torrcfactas.

1571 5607 1761 5679 Spicas
1784 5607 2040 5674 virentes,
2072 5607 2456 5664 comminutas.

1572 5769 1659 5824 16.
1690 5741 2099 5840 Oﬂ‘eret.'Alius,
2130 5770 2388 5840 imponet.

2679 5268 2734 5323 6.
2767 5267 3039 5322 Frustula.

2678 5359 2732 5413 9.
2770 5359 3020 5429 Ignitum.

2677 5520 2702 5572 1
2713 5520 2765 5581 4,

2673 5607 2897 5680 Pingue.
2912 5669 2922 5676 ,

2672 5768 2764 5826 16.

3665 2215 3672 2256 l
