4158 6422
517 375 629 436 535

783 493 873 551 ΤΟ
903 495 1271 550 ΕΒΡΑΙΚΟΝ.

1579 370 2056 428 HEXAPLOBUM
2098 369 2264 438 QUzE
2307 369 2742 426 SUPERSUNT.

1912 495 2000 547 ΤΟ
2031 494 2376 547 ΕΒΡᾹιΚΟΝ

3669 371 3766 426 556

3101 488 3416 558 AKTAAE._

1806 562 2134 635 Ἑλληνικοῖς
2172 563 2484 635 γράμμασι.

1277 666 1487 716 mnam

1358 831 1487 880 NN

621 932 872 990 VERSIO
906 933 1226 990 HEBRAICI
1260 934 1465 991 TEXT.

587 1053 662 1110 De
684 1054 959 1112 frumento
985 1066 1215 1113 contuso
1249 1057 1388 1126 ejus.

584 1210 780 1280 Ignitio
1705 1218 1890 1274 Vacat.

1845 937 2179 992 V'ULGATA
2216 935 2490 989 LATINA.

1698 1057 1906 1113 Partem
1937 1059 2098 1114 farris
2123 1059 2299 1113 fracti.

2805 810 3039 881 Πύρρον.

3131 922 3408 991 Αρυιω.

2808 1211 3061 1291 Ignitum.

1381 1351 1557 1412 Nota:
1585 1359 1644 1412 et
1677 1351 1866 1414 variae
1897 1351 2205 1415 lectiones
2245 1357 2322 1416 ad
2354 1375 2489 1436 cap.
2518 1360 2573 1420 ll
2611 1364 2900 1426 Levitici.

584 1492 643 1548 In
670 1496 924 1570 versione
946 1494 1086 1549 LXX
1113 1495 1470 1570 interpretum
1505 1501 1781 1570 hexaplari
1810 1517 1933 1556 cum
1966 1502 2088 1556 obe-

513 1565 581 1620 lis
603 1574 657 1619 et
684 1567 980 1636 asteriscis,
1008 1569 1219 1636 qualem
1251 1565 1494 1624 eruimus
1521 1587 1583 1624 ex
1614 1565 1736 1625 cod.
1769 1573 2086 1627 Colbertino

513 1635 836 1706 num._5081
886 1635 1096 1706 semper
1127 1639 1320 1706 legitur
1364 1640 1652 1706 σιμίδαλις,
1686 1651 1745 1694 ut
1775 1641 1958 1695 videas
1997 1659 2089 1696 su-

512 1721 630 1778 pra.
665 1704 722 1758 ln
738 1706 908 1778 editis
936 1704 1065 1778 vero
1089 1704 1382 1778 σεμίδαλις.
1417 1704 1548 1764 Ibid.
1579 1704 1701 1765 vers
1733 1712 1797 1763 1'2
1819 1713 2012 1778 legitur
2035 1715 2088 1766 in

513 1775 1232 1850 Colbertino,_ava_6ﬁc_re-cat,
1275 1796 1440 1848 supra
1468 1797 1596 1834 vero
1627 1775 1950 1834 emendatur
1981 1783 2092 1850 pri—

512 1861 600 1899 ma
634 1860 820 1910 manu,
852 1846 1207 1902 άναϐιϐάσετε
1231 1866 1241 1898 :
1269 1846 1397 1904 editi
1426 1851 1694 1916 hodierni,
1729 1846 2096 1922 ἀναϐιϐασθῆ-

514 1931 687 1971 σεται.

583 1984 647 2038 ν.
712 1983 944 2072 LJZWP
983 1989 1059 2052 0’,
1096 1988 1286 2060 δῶρον.
1329 1990 1554 2044 Coislin.
1599 1991 1653 2044 in
1702 2007 1874 2062 marg.
1929 1992 2094 2048 habet

513 2072 815 2126 προσφορά.

590 2124 647 2180 ν.
677 2128 826 2202 2ηοἱ
857 2128 1078 2202 λοιποὶ,
1105 2129 1317 2199 πλήρης
1343 2129 1440 2201 τὴν
1463 2131 1659 2199 δράκα,
1704 2151 1722 2183 ‹
1762 2132 1951 2202 plenus
1974 2150 2091 2187 nia--

512 2211 676 2270 ειη.-ιὲ
714 2195 866 2270 Hanc
902 2195 1347 2254 lectionem'cum
1388 2195 1857 2270 sequentibus-ex
1904 2205 2089 2258 codice

512 2264 798 2323 Basiliensi
834 2279 1165 2323 mutuamur.

2195 1503 2440 1581 Coislin._
2458 1512 2512 1562 οἱ
2535 1512 2758 1581 λοιποὶ,
2782 1509 3120 1581 κολλυρίδας,
3150 1509 3242 1564 ubi
3271 1507 3586 1565 Basiliensis
3612 1508 3769 1566 habet

2216 1577 2302 1652 ‘A_._
2410 1579 2471 1652 Θ.
2497 1580 2786 1652 κολλύρας,
2815 1591 2918 1635 etc.

2199 1714 2239 1767 Β
2268 1645 2402 1767 Ibid.
2446 1651 2537 1730 4.,
2579 1645 2673 1718 S.,'
2712 1649 2838 1716 Th.,
2885 1650 3150 1722 κολλύρας
3187 1648 3666 1720 άναπεφυρμένας,
3701 1665 3767 1706 ex

2245 1733 2321 1767 ast
2353 1735 2510 1767 nrnsr.

2245 1733 2510 1774 θκιΙΙιῗηδΙ.

2462 1791 2561 1864 ’ᾼη
2589 1791 2671 1864 Συ
2699 1789 2788 1864 6.,
2823 1790 3069 1864 ψωμούς.
3107 1789 3525 1864 ΕχΑΒοεξιίεηεί.

2278 1855 2337 1909 ν.
2383 1860 2433 1909 9.
2481 1861 2582 1921 Ἀ.,
2616 1860 2677 1912 Θ.
2722 1855 2947 1932 πύρρον.
2991 1862 3082 1916 Sic
3121 1861 3300 1915 solent
3330 1862 3647 1932 interpretes
3666 1860 3767 1932 _isti

2198 1937 2410 2000 vertere
2439 1945 2624 2000 vocem
2652 1929 2811 1991 nam;
2831 1929 2886 1984 ut
2909 1947 3048 2000 saepe
3070 1932 3254 1984 videas
3281 1931 3443 2000 infra.
3479 1929 3558 1982 Ex
3583 1930 3765 1984 eodem

2203 1995 2508 2072 Basiliensi.
2531 2001 2861 2072 _—7Cois|in.
2899 1995 3104 2072 :AILG.
3132 2001 3321 2072 πύρον.
3357 1999 3471 2054 Sic.

2273 2065 2333 2118 ν.
2372 2069 2458 2122 14.
2500 2070 2575 2122 Ἀ.
2618 2071 2674 2121 ἐν
2710 2072 2865 2142 πυρί.
2897 2071 2976 2124 Ex
3011 2065 3314 2124 Basilieiisi.

2267 2159 2489 2224 Ibidem,
2521 2162 2593 2215 ita
2638 2171 2746 2216 tres
2784 2178 2917 2216 mss.
2968 2162 3142 2232 Regii,
3169 2178 3404 2232 quorum
3437 2179 3583 2218 unus
3612 2162 3771 2217 habet

2192 2249 2419 2339 ξάγανα.
2464 2251 2633 2308 Totus
2670 2253 2822 2309 locus
2857 2253 3124 2309 llebraice
3167 2255 3245 2309 sic
3292 2254 3459 2308 habet
3489 2239 3604 2339 ne;
3634 2262 3771 2314 mn

515 2406 526 2416 ι
576 2335 646 2420 Δγ.
675 2339 726 2390 4.
761 2340 1005 2420 Ἄλλος,
1043 2341 1099 2391 ὲν
1142 2340 1400 2420 κλιβάνῳ.
1437 2341 1527 2420 Sic
1557 2341 1892 2420 Basiliensis,
1919 2343 2084 2398 tacito

2195 2323 2342 2420 521::
2377 2355 2498 2405 ωτι
2530 2357 2682 2408 ama.
2718 2349 2754 2402 i.
2791 2364 2841 2402 e.
2880 2366 2896 2397 ι
2937 2347 3198 2420 Teneram
3225 2349 3434 2420 spicam
3481 2327 3672 2420 testam
3719 2349 3768 2401 in

512 2412 825 2478 interprete,
876 2425 1039 2479 quem
1102 2412 1348 2481 sequitur
1397 2412 1645 2481 vulgatus
1693 2414 1980 2483 interpres.
2013 2444 2083 2453 —
2186 2414 2310 2482 igne
2346 2435 2360 2470 :
2395 2420 2632 2470 triticum
2664 2428 2956 2474 contusum
3003 2418 3190 2474 viridis
3235 2412 3417 2489 spicae.
3465 2438 3484 2471 ι
3518 2417 3773 2489 Hierony-

1743 2597 2002 2660 CAPUT
2057 2597 2145 2659 Ill
2185 2599 2573 2693 LEVITICI.

581 2739 632 2792 1.
677 2737 733 2793 Si
771 2749 951 2795 autem
987 2741 1316 2797 sacriﬁcium
1347 2744 1605 2800 salutaris
1628 2760 1830 2801 munus
1861 2745 1983 2815 ejus
2017 2759 2082 2800 -ι-

515 2831 799 2900 Domino:
837 2835 882 2888 si
915 2833 1135 2903 quidem
1159 2851 1223 2889 ex
1254 2835 1430 2892 bobus
1465 2837 1581 2891 suis
1628 2836 1937 2900 adduxerit,
1974 2837 2091 2892 sive

511 2930 818 2984 masculum
861 2927 975 2982 sive
1025 2927 1347 2981 femininum
1369 2969 1384 2992 ,
1416 2928 1826 2982 immaculatum
1859 2928 2092 2982 adducet

512 3021 645 3075 illud
677 3028 799 3075 ante
823 3019 1135 3075 Dominum.
1165 3021 1221 3074 2.
1249 3019 1316 3074 Ει
1338 3019 1580 3089 imponet
1611 3034 1809 3073 manus
1838 3035 1968 3072 suas
1994 3034 2090 3072 su-

511 3129 609 3181 per
633 3122 796 3182 caput
827 3113 1068 3167 muneris
1091 3115 1157 3180 )ε(
1176 3113 1259 3167 sui
1287 3115 1308 3181 ζ
1341 3111 1682 3182 etjugulabit
1709 3116 1775 3179 )s(
1809 3111 1940 3165 illud
1967 3112 1988 3180 ζ
2024 3111 2090 3165 ad

507 3207 709 3275 januas
767 3205 1102 3260 tabernaculi
1165 3205 1508 3260 testimonii:
1553 3213 1607 3258 et
1661 3203 1940 3258 effundent
1993 3203 2091 3257 ﬁlii

512 3300 698 3349 Aaron
738 3296 1046 3351 sacerdotes
1077 3295 1399 3365 sanguinem
1431 3310 1596 3364 super
1636 3294 1804 3348 altare
1839 3309 1900 3348 -ε-
1941 3295 2093 3349 holo-

513 3395 832 3441 caustorum
866 3387 888 3454 ζ
924 3387 980 3441 in
1009 3387 1264 3442 circuitu.
1319 3387 1371 3440 5.
1415 3385 1482 3441 Et
1503 3385 1731 3440 offerent
1772 3386 1838 3440 de
1878 3386 2091 3440 sacrifi-

514 3480 602 3532 cio
628 3479 886 3533 salutaris
919 3479 1253 3534 oblationem
1296 3479 1524 3534 Domino
1546 3518 1560 3541 ,
1586 3477 1801 3546 adipem
1843 3479 1936 3548 qui
1963 3493 2091 3533 coo-

513 3571 655 3638 perit
705 3580 967 3636 ventrem,
1025 3579 1081 3625 et
1132 3586 1350 3625 omnem
1412 3571 1625 3640 adipem
1673 3571 1766 3639 qui
1817 3578 1900 3624 est
1929 3585 2092 3640 super

516 3671 781 3717 ventrem.
832 3664 887 3716 4.
949 3662 1013 3716 Et
1037 3663 1178 3718 duos
1210 3679 1390 3726 renes,
1449 3672 1504 3718 et
1537 3663 1749 3732 adipem
1807 3662 1900 3732 qui
1928 3677 2092 3732 super

517 3755 686 3825 ipsos,
713 3755 806 3825 qui
829 3769 998 3824 super
1031 3754 1256 3822 femora,
1275 3765 1329 3810 et
1353 3770 1588 3824 pennam
1613 3771 1736 3824 quae
1752 3770 1916 3822 super
1940 3755 2095 3824 jecur

515 3859 641 3899 cum
675 3845 897 3900 renibus
923 3844 1152 3899 auferet.
1202 3845 1254 3898 5.
1312 3843 1380 3898 Et
1404 3843 1633 3899 oﬂ‘erent
1681 3860 1744 3899 ea
1781 3845 1878 3898 ﬁlii
1908 3845 2094 3900 Aaron

516 3953 683 4008 super
733 3938 924 4000 altare,
976 3953 1140 4007 super
1184 3937 1662 4004 holocautomata,
1710 3953 1874 4007 super
1926 3937 2092 4006 ligna,

515 4044 639 4098 quae
673 4044 834 4099 super
861 4031 1038 4100 ignem
1071 4045 1084 4082 :
1113 4029 1318 4085 oblatio
1345 4031 1482 4084 odor
1521 4031 1808 4086 suavitatis
1842 4031 2089 4087 Domino.

2265 2744 2314 2799 1.
2362 2744 2486 2798 Ἐὰν
2528 2745 2585 2798 δὲ
2624 2745 2784 2798 θυσία
2823 2745 3093 2816 σωτηρίου
3120 2744 3183 2798 τδ
3206 2743 3379 2818 δῶρον
3414 2741 3583 2796 αὐτού
3610 2755 3672 2796 οι-
3699 2736 3776 2812 τῷ

2192 2838 2382 2909 Κυρίῳ
2412 2837 2434 2905 ζ
2466 2837 2561 2890 ἐὰν
2601 2838 2700 2908 μὲν
2730 2840 2794 2890 ὲκ
2836 2835 2944 2890 τῶν
2983 2837 3122 2907 βοῶν
3154 2834 3319 2889 αὐτοῦ
3369 2836 3644 2906 προσάγῃ,
3679 2831 3773 2885 ὲάν

2191 2945 2251 2980 τε
2280 2929 2467 2999 ἄρσεν,
2499 2928 2594 2981 ὲάν
2626 2945 2686 2981 τε
2712 2927 2869 2998 θῆλυ,
2892 2929 3121 2999 ἄμωμον
3149 2925 3411 2998 προσάξει
3433 2927 3569 2980 αὐτὸ
3600 2925 3776 2978 ἔναντι

2193 3019 2423 3090 Κυρίου.
2460 3019 2512 3072 2.
2556 3021 2666 3074 Kal.
2708 3020 2956 3091 ἐπιθήσει
2985 3020 3085 3083 τὰς
3125 3021 3315 3090 χεῖρας
3343 3016 3512 3070 αὑτοῦ
3549 3015 3641 3068 ἐπὶ
3679 3015 3774 3084 τὴν

2195 3109 2436 3180 κεφαλὴν
2464 3110 2559 3163 τοῦ
2590 3111 2762 3182 δώρου
2799 3113 2866 3178 Χ
2900 3110 3068 3163 αὐτοῦ
3095 3112 3119 3180 ζ
3154 3110 3247 3163 καὶ¹
3274 3107 3469 3178 σφάξει
3496 3111 3565 3176 Χ
3591 3106 3720 3160 αὐτό
3748 3107 3771 3173 ζ

2195 3201 2346 3272 παρὰ
2395 3200 2494 3265 τὰς
2541 3201 2710 3271 θύρας
2753 3203 2851 3271 τῆς
2902 3202 3107 3272 σκηνῆς
3142 3199 3238 3254 τοῦ
3299 3200 3636 3271 μαρτυρίου·
3688 3198 3777 3250 καὶ

2193 3293 2553 3364 προσχεοῦσιν
2579 3296 2630 3346 oi
2655 3295 2762 3347 υἱοὶ
2793 3291 3003 3364 Ἀαρὼν
3046 3295 3097 3345 οί
3138 3295 3303 3365 ίερεῖς
3328 3293 3388 3345 τὸ
3431 3286 3570 3362 αἷμα
3600 3289 3693 3342 ἐπὶ
3716 3289 3777 3342 τὸ

2196 3384 2580 3457 θυσιαστήριον
2625 3399 2686 3439 οξ-
2732 3385 2841 3437 τῶν
2887 3384 3350 3454 ὁλοκαυτωμάτων
3397 3385 3420 3451 ζ
3474 3382 3677 3452 κύκλῳ.
3721 3380 3773 3435 5.

2193 3477 2304 3530 Kal.
2335 3477 2696 3548 προσάξουσιν
2733 3475 2841 3528 ἀπὸ
2867 3475 2964 3545 τῆς
2991 3475 3181 3537 θυσίας
3207 3473 3303 3526 τοῦ
3344 3473 3616 3544 σωτηρίου
3646 3473 3779 3542 κάρ-

2195 3587 2365 3640 πωμα
2401 3569 2613 3640 Κυρίῳ,
2653 3568 2712 3620 τὸ
2757 3567 2922 3636 στέαρ
2961 3565 3021 3618 τὸ
3065 3565 3487 3618 κατακαλύπτον
3536 3565 3633 3635 τὴν
3669 3580 3780 3616 κοι-

2195 3660 2336 3724 λίαν,
2372 3662 2466 3714 καὶ
2511 3662 2620 3713 πᾶν
2651 3660 2710 3712 τὸ
2741 3659 2906 3729 στέαρ
2938 3659 2998 3711 τὸ
3030 3659 3123 3711 ἐπὶ
3168 3657 3267 3728 τὴν
3316 3657 3547 3710 κοιλίαν.
3580 3656 3631 3709 4.
3674 3647 3778 3708 Καὶ

2195 3752 2321 3812 τοὺς
2359 3749 2452 3802 δύο
2495 3750 2746 3822 νεφροὺς,
2795 3750 2887 3801 καὶ
2928 3749 2990 3802 τὸ
3042 3749 3209 3819 στέαρ
3250 3748 3311 3800 τὸ
3354 3749 3439 3800 ἐπ’
3480 3746 3680 3812 αὐτῶν,
3719 3746 3778 3799 τὸ

2196 3845 2290 3898 ἐπὶ
2322 3843 2430 3895 τῶν
2466 3843 2696 3913 μηρίων,
2726 3843 2935 3896 καὶτὸν
2971 3841 3126 3895 λόῦον
3164 3841 3257 3894 τὸν
3299 3843 3388 3894 ἐπὶ
3432 3840 3529 3893 τοῦ
3571 3841 3778 3909 ἥπατος

2201 3938 2296 3988 σὺν
2324 3938 2437 3998 τοῖς
2471 3938 2688 4006 νεφροῖς
2719 3935 2976 4007 περιελεῖ.
3007 3935 3060 3988 5.
3093 3935 3203 3987 Ka‘t
3231 3935 3538 3987 ἀνοίσουσιν
3568 3932 3707 3987 αὐτὰ
3730 3932 3779 3984 οἱ

2199 4029 2306 4081 υίοὶ
2341 4026 2551 4098 Ἀαρὼν
2577 4027 2670 4079 ἐπὶ
2711 4028 2772 4080 τὸ
2811 4027 3197 4098 θυσιαστήριον
3239 4026 3332 4078 ἐπὶ
3362 4026 3430 4079 τὰ
3475 4022 3779 4079 ὁλοκαυτώ-

519 4135 683 4189 ματα,
710 4118 803 4170 ὲπὶ
825 4117 891 4171 τὰ
919 4117 1048 4182 ξύλα
1075 4118 1143 4171 τὰ
1181 4119 1272 4171 ἐπὶ
1297 4119 1390 4172 τοῦ
1416 4121 1584 4192 πυρός
1607 4137 1620 4150 ’
1650 4120 1930 4191 κάρπωμα
1952 4119 2096 4190 ὀσμὴ
2131 4117 2357 4180 εὐωδίας
2384 4118 2594 4189 Κυρίῳ.

586 4214 639 4268 6.
685 4213 743 4267 Si
791 4222 970 4268 autem
1017 4213 1086 4268 de
1117 4214 1310 4270 ovibus
1341 4231 1542 4270 munus
1590 4216 1710 4284 ejus
1757 4215 2090 4270 sacriﬁcium

518 4309 779 4362 salutaris
810 4307 1062 4372 Domino,
1094 4309 1400 4363 masculum
1423 4319 1516 4363 aut
1538 4308 1864 4363 femininum
1899 4311 2096 4362 imma-

518 4401 757 4454 culatum
787 4401 977 4455 offeret
1003 4401 1154 4454 illud.
1183 4401 1235 4455 7.
1268 4401 1328 4454 Si
1355 4416 1554 4471 agnum
1581 4400 1868 4454 adduxerit
1892 4415 2093 4455 munus

438 4543 461 4570 ,
518 4509 705 4560 suum,
733 4493 922 4548 offeret
973 4492 1105 4547 illud
1151 4502 1278 4547 ante
1304 4493 1617 4548 Dominum.
1666 4493 1720 4547 8.
1752 4491 1819 4546 Et
1852 4493 2093 4562 imponet

460 4570 470 4591 “
517 4601 745 4640 manum
799 4589 866 4654 Ξ(
913 4601 1068 4640 suam
1106 4585 1129 4654 ζ
1179 4601 1342 4655 super
1376 4593 1539 4654 caput
1585 4585 1829 4640 muneris
1873 4583 2002 4638 sui:
2038 4593 2092 4637 et

514 4674 786 4744 jngulabit
820 4676 952 4730 illud
983 4675 1049 4729 ad
1078 4676 1275 4745 januas
1307 4675 1643 4730 tabernaculi
1677 4675 1997 4730 testimonii.
2037 4674 2090 4728 9.

516 4766 586 4819 Et
612 4766 890 4822 effundent
921 4767 1016 4821 ﬁlii
1050 4769 1230 4824 Aaron
1261 4783 1322 4824 -ε-
1353 4769 1663 4824 sacerdotes
1695 4769 1718 4838 ζ
1768 4768 2092 4839 sanguinem

521 4859 589 4924 3K
627 4859 748 4927 ejus
783 4863 806 4929 ζ
836 4877 998 4930 super
1023 4861 1194 4916 altare
1229 4863 1282 4916 in
1312 4863 1564 4918 circuitu.
1595 4861 1661 4916 Et
1694 4861 1882 4917 offeret
1910 4862 1978 4916 de
2004 4876 2094 4917 sa-

2269 4213 2322 4266 6.
2371 4212 2497 4266 Ἐὰν
2524 4213 2581 4265 δὲ
2614 4213 2722 4265 ἀπὸ
2752 4214 2861 4266 τῶν
2889 4213 3176 4284 προϐάτων
3201 4211 3264 4265 τὸ
3287 4211 3461 4281 δῶρον
3487 4212 3654 4264 αὑτοῦ
3692 4209 3780 4263 θυ-

2198 4307 2317 4359 σίαν
2373 4306 2640 4376 σωτηρίου
2694 4305 2770 4375 τῷ
2824 4307 3034 4377 Κυρίῳ,
3070 4305 3309 4377 ἄρσενῆ
3361 4304 3496 4374 θῆλυ
3552 4306 3780 4375 ἄμωμον

2199 4399 2478 4470 προσοίσει
2516 4398 2670 4451 αὐτό·
2704 4398 2757 4453 7.
2805 4399 2929 4451 Ἐὰν
2958 4400 3096 4470 ἄρνα
3127 4399 3376 4469 προσάγῃ
3403 4397 3464 4450 τὸ
3487 4396 3659 4468 δῶρον
3687 4396 3781 4449 αὑ-

2193 4494 2310 4556 τοῦ,
2341 4493 2620 4564 προσοίσει
2649 4491 2782 4544 αὐτὸ
2817 4490 2996 4544 ἔναντι
3025 4491 3254 4562 Κυρίου.
3293 4490 3346 4544 8.
3378 4490 3486 4542 Kal
3530 4488 3780 4559 ἐπιθήσει

2193 4586 2292 4656 τὴν
2321 4587 2476 4655 χεῖρα
2528 4586 2595 4650 Χ
2630 4581 2848 4647 αὐτοῦζ
2899 4581 2992 4634 ἐπὶ
3032 4583 3131 4650 τὴν
3180 4580 3420 4650 κεφαλὴν
3469 4579 3565 4633 τοῦ
3607 4577 3778 4650 δώρου

2193 4678 2359 4731 αὐτοῦ
2381 4695 2394 4708 ·
2433 4677 2528 4731 καὶ
2555 4675 2747 4745 σφάξει
2774 4675 2907 4727 αὐτὸ
2935 4673 3084 4746 παρὰ
3122 4673 3221 4736 τὰς
3245 4673 3414 4745 θύρας
3442 4672 3544 4741 τῆς
3576 4671 3783 4743 σκηνῆς

2192 4768 2288 4822 τοῦ
2336 4767 2658 4840 μαρτυρίου.
2689 4767 2742 4820 9.
2788 4766 2898 4818 Kal.
2938 4765 3297 4836 atpoaxsoiicw
3338 4767 3388 4818 οί
3431 4765 3537 4818 υἱοὶ
3574 4761 3783 4834 Ἀαρὼν

2201 4874 2263 4915 οι-
2297 4861 2348 4912 οί
2380 4861 2544 4929 ἱερεῖς
2575 4856 2598 4926 ζ
2635 4857 2698 4910 τὸ
2732 4853 2870 4928 αἷμα
2914 4859 2980 4925 Χ
3015 4855 3180 4910 αὑτοῦ
3209 4858 3230 4925 ζ
3275 4856 3368 4908 ἐπὶ
3406 4856 3466 4908 τὺ
3493 4853 3783 4925 θυσιαστή-

521 4949 729 5006 criﬁcio
760 4953 1017 5007 salutaris
1055 4953 1389 5010 oblationem
1439 4954 1670 5010 Domino
1697 4993 1714 5021 ,
1769 4954 1983 5023 adipem
2043 4961 2091 5006 et

2199 4968 2311 5021 ριον
2350 4948 2556 5020 κύκλῳ.
2604 4950 2715 5003 Kal.
2750 4948 3029 5020 προσοίσει
3063 4948 3172 5001 ἀπὸ
3199 4946 3299 5016 τῆς
3332 4946 3520 5010 θυσίας
3553 4945 3783 4998 τοῦσω-

791 5071 878 5122 ΤΟ
918 5071 1286 5124 ΕΒΡΑΙΚΟΝ.

1913 5070 1999 5121 ΤΟ
2035 5066 2385 5120 ΕΒΡΑΙΚΟΝ

3109 5059 3412 5117 ΑΚΥΛΑΣ.

1812 5137 2138 5211 Ἑλληνικοῖς
2171 5137 2477 5209 γράμμασι.

1219 5220 1421 5296 nmina
1461 5238 1487 5291 ι
1708 5239 1761 5290 1.

1293 5339 1423 5388 nam
1461 5330 1494 5383 5
1708 5331 1761 5384 5.

1213 5403 1421 5479 man
1460 5421 1493 5474 4
1706 5423 1760 5476 4.

629 5534 882 5596 VERSIO
921 5539 1243 5600 HEBRAICI
1271 5543 1476 5599 TEXT.

598 5657 649 5711 1.
683 5655 1060 5715 Paciﬁcorum.

595 5754 647 5807 ει.
685 5753 898 5824 lgnitio.

597 5847 650 5903 ἐ.
680 5848 792 5902 lliu.
1699 5845 1753 5901 4.
1785 5846 1902 5900 llia.

1839 5539 2164 5597 VULGATA
2209 5539 2478 5596 LATINA.

1705 5659 1750 5711 ι.
1782 5656 2162 5712 Paciﬁcorum.

1707 5757 1760 5806 5.
1795 5751 1854 5806 In
1880 5752 2234 5808 oblationem.

2890 5227 3213 5299 Εἰρηνικῶν.

2813 5229 2865 5284 1.

2817 5323 2869 5377 3.

2816 5418 2867 5470 4.

3126 5530 3405 5597 AQUILA.

2909 5644 3281 5702 Paciﬁcorum.

2823 5646 2870 5699 f.

2817 5757 2850 5791 ι’)
2857 5780 2869 5792 .

2817 5829 2872 5886 4.
