4158 6462
464 372 570 429 545

461 507 679 546 omnem
701 489 1019 560 sanguinem
1066 489 1220 544 vituli
1261 489 1499 546 effundet
1547 492 1615 547 ad
1647 494 1822 549 basim
1849 495 2036 552 altaris

461 581 801 645 holocausti,
849 579 996 649 quod
1047 589 1132 635 est
1165 580 1230 634 ad
1265 581 1464 650 januas
1500 581 1840 638 tabernaculi
1879 585 2037 638 testi-

459 673 652 728 monii.
695 673 750 727 8.
793 671 858 726 Et
897 686 1118 725 omnem
1178 671 1394 740 adipem
1442 673 1595 726 vituli
1657 688 1754 742 pro
1811 684 2036 743 peccato

459 764 669 818 auferet
721 763 789 817 ab
844 778 945 826 eo,
999 763 1212 832 adipem
1271 763 1609 832 operientem
1663 765 1947 830 intestina,
1984 773 2040 818 et

457 871 674 910 omnem
708 855 944 923 adipem,
972 855 1063 923 qui
1091 863 1174 908 est
1204 870 1369 924 super
1396 856 1691 909 intestina:
1727 857 1779 910 9.
1815 855 2037 910 Etduos

455 962 637 1008 renes,
669 955 724 999 et
759 945 971 1014 adipem
998 945 1092 1014 qui
1135 960 1298 1013 super
1331 946 1499 1014 ipsos,
1530 946 1624 1014 qui
1659 955 1743 1000 est
1771 961 1936 1016 super
1961 945 2039 999 fe-

457 1053 634 1102 mora,
675 1045 730 1091 et
779 1052 1013 1106 pennam
1070 1052 1192 1106 quae
1247 1052 1413 1106 super
1445 1038 1602 1106 jecur
1648 1054 1772 1093 cum
1817 1039 2040 1093 renibus

456 1128 670 1182 auferet
695 1129 892 1197 ipsam,
940 1127 1026 1181 10.
1068 1129 1528 1197 quemadmodum
1585 1128 1834 1184 aufertur
1865 1129 1979 1199 ipsa
2007 1144 2039 1183 a

454 1221 627 1274 vitulo
657 1219 909 1274 sacrificii
941 1220 1220 1282 salutaris,
1257 1229 1310 1274 et
1363 1219 1552 1274 oﬂeret
1583 1221 1757 1291 ipsam
1782 1221 2038 1276 sacerdos

456 1330 618 1384 super
653 1314 823 1368 altare
850 1313 1178 1368 holocausti.
1213 1314 1299 1367 11.
1337 1314 1401 1368 Et
1426 1313 1618 1383 pellem
1653 1313 1811 1366 vituli
1839 1323 1893 1367 et
1915 1329 2038 1366 om-

457 1422 580 1463 nem
612 1409 731 1478 ejus
763 1422 981 1461 carnem
1011 1423 1136 1462 cum
1187 1405 1363 1477 capite
1419 1407 1562 1477 ejus,
1597 1416 1651 1462 et
1681 1405 2042 1461 extremitati-

458 1502 580 1562 bus,
623 1507 675 1553 et
709 1507 917 1563 ventre,
942 1508 996 1552 et
1021 1500 1171 1553 timo.
1199 1499 1287 1552 12.
1323 1497 1391 1552 Et
1435 1499 1662 1554 eﬂerent
1701 1508 1872 1554 totum
1898 1499 2041 1551 vitu-

459 1591 570 1643 lum
601 1599 752 1644 extra
791 1602 971 1644 castra
1002 1591 1054 1643 in
1086 1591 1267 1644 locum
1305 1591 1592 1657 mundum,
1626 1591 1719 1645 ubi
1757 1591 2044 1646 effundunt

457 1680 714 1744 cinerem,
756 1689 810 1734 et
835 1682 1157 1734 comburent
1199 1681 1351 1734 illum
1417 1697 1580 1750 super
1615 1682 1758 1752 ligna
1782 1684 1835 1736 in
1874 1683 2037 1754 igne:

461 1789 628 1842 super
663 1773 931 1829 etfusione
959 1775 1162 1828 cineris
1185 1775 1538 1830 cremabitur.

1490 375 1973 436 HEXAPLORUM
2011 376 2180 444 QUAE
2224 375 2665 434 SUPERSUNT.

3613 379 3718 442 ιιι

2140 493 2440 558 συνθέσεως
2467 492 2644 546 ἔναντι
2669 491 2896 562 Κυρίου,
2958 490 2986 545 δ
3033 489 3180 546 ἔστιν
3216 489 3274 544 ὲν
3299 491 3366 562 τῇ
3396 491 3568 563 σκηνῇ
3621 492 3715 545 τοῦ

2141 586 2461 658 μαρτυρίου.
2495 585 2604 638 Kal
2638 585 2745 637 πᾶν
2777 584 2836 636 τὸ
2868 577 3009 654 αἷμα
3046 581 3142 636 τοῦ
3181 581 3382 653 μόσχου
3403 583 3586 653 ὲκχεεϊ
3614 599 3722 636 πα-

2140 674 2210 744 ρὰ
2240 673 2335 743 τὴν
2363 672 2518 742 βάσιν
2551 670 2644 725 τοῦ
2673 671 3061 742 θυσιαστηρίου
3101 672 3200 743 τῆς
3228 669 3667 736 ὁλοκαυτώσεως,
3691 673 3721 726 ὃ

2137 766 2286 816 ἐστιν
2318 763 2468 833 παρὰ
2515 763 2613 825 τὰς
2646 761 2817 833 θύρας
2862 763 2961 832 τῆς
2993 762 3200 831 σκηνῆς
3251 760 3342 814 τοῦ
3395 761 3718 832 μαρτυρίου.

2139 857 2190 910 8.
2223 857 2331 908 Kal
2365 858 2472 909 πᾶν
2499 856 2561 908 τὸ
2591 855 2755 927 στέαρ
2784 854 2877 908 τοῦ
2923 854 3124 926 μόσχου
3158 853 3253 907 τοῦ
3287 853 3386 923 τῆς
3424 852 3719 924 ἁμαρτίας,

2141 948 2381 1018 περιελεῖ
2424 949 2517 1001 ἀπ’
2569 947 2757 1012 αὐτοῦ,
2799 947 2859 1000 τὸ
2912 948 3077 1020 στέαρ
3106 946 3166 1000 τὸ
3192 946 3606 1002 κατακαλύπτον
3656 948 3723 1001 τὰ

2140 1041 2406 1104 ὲνδόσθια,
2463 1041 2556 1094 καὶ
2587 1042 2694 1093 πᾶν
2743 1039 2803 1092 τὸ
2834 1040 2997 1111 στέαρ
3031 1040 3090 1094 τὸ
3137 1040 3230 1093 ἐπὶ
3261 1039 3370 1093 τῶν
3413 1039 3722 1103 ὲνδοσθίων,

2139 1135 2192 1188 9.
2227 1133 2336 1185 Kal
2362 1132 2490 1194 τοὺς
2514 1130 2608 1184 δύο
2634 1131 2888 1202 νεφροὺς,
2949 1131 3044 1184 καὶ
3077 1131 3138 1183 τὸ
3191 1130 3357 1202 στέαρ
3390 1129 3451 1182 τὺ
3501 1129 3590 1181 ἐπ’
3628 1128 3728 1180 αὺ-

2141 1223 2270 1287 τῶν,
2301 1224 2330 1276 ὅ
2351 1225 2498 1276 ἐστιν
2534 1223 2626 1276 ἐπὶ
2660 1223 2768 1275 τῶν
2797 1222 3030 1293 μηρίων,
3060 1221 3155 1274 καὶ
3206 1221 3296 1274 τὸν
3319 1219 3474 1272 λόϐον
3509 1219 3600 1271 τὸν
3632 1217 3724 1270 ἐπὶ

2141 1315 2233 1368 τοῦ
2268 1316 2498 1385 ἥπατος,
2527 1316 2622 1367 σὺν
2647 1316 2760 1378 τοῖς
2789 1315 3004 1382 νεφροῖς
3034 1311 3274 1383 περιελεῖ
3323 1312 3476 1374 αὐτὸ,
3513 1311 3596 1364 10.
3629 1309 3724 1361 Ὃν

2141 1409 2340 1479 τρόπον
2395 1409 2712 1478 ἀπαιρεῖται
2767 1405 2876 1459 ἀπὸ
2909 1405 3000 1458 τοῦ
3033 1406 3231 1476 μόσχου
3263 1404 3360 1457 τοῦ
3405 1405 3503 1474 τῆς
3536 1403 3726 1467 θυσίας

2141 1501 2234 1553 τοῦ
2259 1499 2545 1572 σωτηρίου.
2573 1500 2683 1551 Kal
2729 1497 2930 1550 ἀνοίσει
2976 1497 3109 1550 αὐτὸ
3141 1498 3169 1549 ὁ
3212 1499 3392 1567 ἱερεὺς
3418 1495 3512 1548 ἐπὶ
3541 1496 3601 1549 τὸ
3631 1495 3726 1548 θυ-

2145 1593 2460 1663 σιαστήριον
2488 1592 2584 1661 τῆς
2644 1588 3000 1660 καρπώσεως.
3058 1589 3142 1643 11.
3182 1589 3292 1640 Kal
3346 1588 3406 1641 τὸ
3436 1588 3609 1658 δέρμα
3632 1585 3725 1638 τοῦ

2148 1685 2371 1753 μόσχου.
2403 1684 2498 1736 καὶ
2522 1684 2701 1735 πᾶσαν
2734 1681 2896 1734 αὑτοῦ
2940 1680 3043 1751 τὴν
3082 1681 3260 1752 σάρκα
3299 1681 3396 1733 σὺν
3422 1683 3489 1750 τῇ
3517 1677 3724 1749 κεφαλῇ

2150 1772 2336 1835 αὑτοῦ,
2368 1772 2464 1824 καὶ
2523 1774 2636 1834 τοῖς
2669 1770 3020 1840 ἀκρωτηρίοις
3047 1769 3141 1822 καὶ
3196 1771 3263 1840 τῇ
3322 1768 3501 1838 κοιλίᾳ
3543 1767 3633 1821 καὶ
3656 1767 3726 1836 τῇ

458 1865 669 1935 κόπρῳ.
704 1865 790 1918 19..
829 1866 938 1918 Kal
979 1866 1278 1932 ἐξοίσουσιν
1309 1867 1430 1920 ὅλον
1473 1868 1566 1920 τὸν
1613 1868 1809 1938 μόσχον
1853 1867 1957 1934 ἔξω
1991 1867 2092 1936 τῆς
2133 1864 2483 1935 παρεμϐολῆς
2528 1866 2609 1926 είς
2661 1863 2825 1915 τόπον
2883 1862 3142 1933 καθαρὸν,
3182 1857 3244 1915 οὗ
3300 1860 3581 1932 ὲκχεοῦσιν
3629 1862 3729 1933 τὴν

461 1956 707 2019 σποδιὰν,
725 1957 817 2010 καὶ
839 1958 1278 2011 κατακαύσουσιν
1306 1959 1469 2012 αὐτὸν
1495 1961 1589 2012 ἐπὶ
1611 1959 1782 2026 ξύλων
1808 1961 1865 2012 ὲν
1884 1960 2037 2028 πυρί·
2079 1960 2171 2011 ἐπὶ
2201 1957 2298 2027 τῆς
2322 1956 2594 2025 ὲκχύσεως
2615 1955 2716 2025 τῆς
2761 1954 2982 2017 σποδιᾶς
3003 1953 3352 2024 καυθήσεται.

532 2051 622 2104 15.
658 2049 714 2105 Si
743 2061 922 2106 autem
959 2053 1139 2107 omnis
1172 2051 1456 2125 Synagoga
1483 2056 1648 2110 Israel
1688 2056 2039 2124 ignoraverit,

461 2155 515 2199 et
543 2145 762 2199 latuerit
784 2146 1008 2199 verbum
1041 2146 1108 2200 ab
1151 2147 1326 2202 oculis
1375 2150 1697 2220 Synagogaz,
1730 2158 1784 2202 et
1813 2149 2045 2204 fecerint

465 2252 636 2292 unum
660 2237 726 2291 de
750 2237 1009 2291 omnibus
1039 2239 1311 2294 mandatis
1357 2238 1592 2304 Domini,
1621 2241 1766 2310 quod
1795 2255 1904 2295 non
1930 2241 2041 2304 flet,

464 2336 520 2384 et
549 2328 878 2398 deliquerint
923 2348 935 2382 :
993 2329 1080 2383 H.
1140 2328 1207 2383 Et
1265 2331 1564 2385 innotuerit
1606 2331 1686 2387 eis
1734 2342 2042 2402 peccatum,

462 2419 609 2488 quod
641 2430 1002 2490 peccaverunt
1029 2421 1082 2474 in
1116 2437 1182 2475 eo
1213 2431 1300 2476 :ct
1325 2423 1556 2477 adducet
1584 2422 1870 2494 Synagoga
1901 2424 2044 2478 vitu-

466 2513 575 2566 lum
601 2525 667 2566 ex
707 2512 884 2566 bobus
923 2526 984 2566 οξ-
1051 2513 1515 2580 immaculatum:
1553 2529 1655 2583 pro
1693 2524 1916 2583 peccato
1949 2534 1962 2569 :
1991 2524 2044 2569 et

460 2601 696 2655 adducet
756 2617 883 2655 eum
937 2602 1003 2657 ad
1061 2603 1261 2657 ostium
1319 2604 1653 2659 tabernaculi
1719 2606 2040 2661 testimonii.

462 2693 553 2746 15.
581 2691 644 2746 Et
671 2692 953 2761 imponent
977 2694 1222 2748 seniores
1247 2693 1547 2766 Synagogae
1568 2711 1766 2751 manus
1795 2713 1926 2752 suas
1950 2711 2045 2751 su-

461 2798 557 2851 per
580 2794 744 2853 caput
775 2784 931 2838 vituli
963 2794 1088 2838 ante
1120 2783 1436 2849 Dominum,
1462 2795 1515 2840 et
1535 2786 1864 2856 jugulabunt
1903 2788 2046 2842 vitu-

462 2876 575 2929 lum
608 2884 735 2930 ante
764 2875 1077 2932 Dominum.
1111 2877 1198 2931 16.
1238 2877 1304 2931 Et
1337 2878 1534 2934 inferet
1579 2879 1857 2934 sacerdos.
1936 2921 1952 2936 .
2031 2919 2046 2933 .

467 3075 2044 3130 ρευς.................

537 3153 623 3206 17.
754 3155 1020 3224 sanguine
1051 3155 1202 3207 vituli
1244 3173 1256 3208 :
1288 3163 1342 3209 et
1385 3162 1636 3225 asperget
1669 3154 1870 3224 septies
1916 3162 2043 3208 ante

465 3243 756 3301 Dominum
785 3249 850 3303 ad
880 3246 1073 3303 faciem
1107 3247 1392 3303 velaminis
1419 3262 1482 3304 αι-
1506 3247 1680 3303 sancti
1717 3247 1738 3315 ζ
1771 3247 1857 3302 18.
1886 3245 1954 3302 Et
1977 3249 2045 3303 de

732 3429 819 3481 ΤΟ
845 3428 1218 3490 ΕΒΡΑῙΚΟΝ,

1886 3431 1975 3484 ΤΟ
2007 3431 2358 3484 EBPAIKON

2227 2053 2313 2106 15.
2364 2052 2490 2105 Ἐὰν
2541 2051 2598 2103 δὲ
2632 2052 2782 2104 πᾶσα
2839 2052 3131 2122 συναγωγὴ
3187 2049 3396 2122 Ἰσραὴλ
3461 2052 3727 2122 ἀγνοήσειν

2151 2149 2244 2201 καὶ
2288 2146 2427 2219 λάθῃ
2460 2146 2608 2218 ῥῆμα
2665 2144 2725 2208 ἐξ
2778 2143 3070 2214 ὀφθαλμῶν
3101 2143 3198 2213 τῆς
3262 2143 3604 2214 συναγωγῆς,
3637 2143 3730 2196 καὶ

2152 2241 2416 2311 ποιήσωσι
2449 2238 2576 2308 μίαν
2601 2237 2708 2290 ἀπὺ
2738 2236 2925 2290 πασῶν
2979 2235 3087 2288 τῶν
3121 2234 3348 2288 ἐντολῶν
3374 2236 3581 2307 Κυρίου
3609 2235 3642 2305 ἢ
3670 2235 3731 2288 οὐ

2152 2328 2530 2399 ποιηθὴσεται,
2563 2327 2659 2380 καὶ
2716 2325 3173 2397 πλημμελήσωσι,
3203 2327 3291 2380 14.
3327 2327 3438 2378 Kal
3486 2325 3734 2396 ἐγνώσθη

2151 2419 2335 2482 αὐτοῖς
2361 2420 2395 2487 ἡ
2421 2418 2665 2489 ἁμαρτία
2724 2418 2790 2488 ἢν
2816 2419 3064 2488 ἥμαρτον
3092 2420 3151 2471 ἐν
3176 2417 3338 2488 αὐτῇ.
3391 2417 3502 2471 Kal
3561 2433 3732 2489 προσ-

2152 2510 2328 2582 eam;
2362 2509 2649 2580 συναγωγὴ
2677 2510 2875 2580 μόσχον
2903 2513 2967 2564 ὲκ
3002 2509 3138 2580 βοῶν
3172 2523 3236 2564 σε·
3273 2509 3504 2580 ἄμωμον
3542 2509 3564 2577 ζ
3609 2508 3735 2580 περὶ

2151 2605 2251 2674 τῆς
2284 2603 2580 2675 ἁμαρτίας.
2613 2603 2726 2656 Kal.
2750 2602 3012 2673 προσάξει
3044 2602 3208 2656 αὐτὸν
3245 2600 3396 2672 παρὰ
3428 2600 3525 2673 τὴν
3564 2600 3734 2672 θύραν

2151 2697 2253 2766 τῆς
2282 2698 2490 2768 σκηνῆς
2512 2695 2607 2749 τοῦ
2636 2695 2962 2766 μαρτυρίου.
3018 2695 3106 2749 15.
3139 2695 3249 2748 Kal
3291 2693 3641 2763 ἐπιθήσουσιν
3687 2691 3735 2744 οἱ

2154 2787 2515 2858 πρεσϐύτεροι
2547 2787 2644 2857 τῆς
2689 2785 3012 2856 συναγωγῆς
3074 2785 3174 2849 τὰς
3222 2787 3406 2856 χεῖρας
3438 2781 3614 2836 αὐτῶν
3642 2781 3738 2835 ἐπὶ

2157 2880 2257 2952 τὴν
2289 2879 2531 2951 κεφαλὴν
2555 2879 2648 2933 τοῦ
2677 2880 2878 2950 μόσχου
2907 2879 3084 2932 ἔναντι
3101 2878 3328 2948 Κυρίου,
3357 2876 3452 2930 καὶ
3475 2874 3736 2944 σφάξουσι

2159 2972 2251 3024 τὸν
2311 2971 2508 3042 μόσχον
2561 2971 2741 3025 ἔναντι
2794 2970 3025 3042 Κυρίου.
3062 2967 3149 3023 16.
3182 2968 3294 3023 Kal
3341 2967 3562 3021 εἰσοίσει
3601 2966 3630 3018 ό
3664 2967 3738 3018 ls-

2225 3157 2313 3209 17.
2478 3158 2712 3228 αἴματος
2753 3155 2848 3210 τοῦ
2897 3157 3118 3227 μόσχου.
3161 3155 3272 3209 Kal
3317 3155 3469 3224 ρανεῖ
3511 3150 3740 3215 ἑπτάκις

2152 3247 2332 3303 ἔναντι
2367 3249 2575 3321 Κυρίου
2619 3251 2740 3304 κατ’
2766 3246 2997 3306 ἐνώπιον
3029 3246 3122 3301 τοῦ
3151 3248 3643 3318 καταπετάσματος
3670 3257 3738 3301 ct-

3057 3428 3358 3484 ΑΚΥΛᾹΣ.

1772 3499 2101 3572 Ἑλληνικοῖς
2135 3501 2449 3574 γράμμασι.

1187 3602 1372 3654 num
1403 3594 1441 3647 2
1653 3597 1711 3650 2.

986 3696 1108 3749 can
1153 3669 1370 3744 nnwn‘a
1407 3686 1442 3740 5
1656 3689 1709 3742 3.

1237 3764 1444 3842 ηκτοι-τί)

1210 3946 1370 3997 sum
1412 3939 1446 3991 4
1661 3944 1715 3998 ι.

974 4039 1128 4091 rD'iD
1169 4040 1376 4091 urna
1411 4034 1444 4086 6
1661 4037 1713 4090 6.

1180 4277 1365 4329 DlDDu'
1416 4270 1447 4322 7
1662 4269 1716 4324 7.

1307 4417 1455 4497 νήτη

1223 4652 1452 4729 πον-ἢκ

581 4851 836 4908 VERSIO
870 4853 1193 4910 l’lEBRAlCl
1229 4855 1433 4913 TEXT.

549 4969 606 5025 ἓ.
635 4968 692 5023 In
723 4967 1054 5039 ignorantia.

550 5066 604 5118 5.
635 5063 712 5118 Ad
746 5062 1002 5116 delictum
1032 5063 1238 5131 pOpuli.

552 5155 610 5209 In
645 5165 952 5226 peccatum.
1673 5155 1778 5208 Pro
1814 5163 2054 5222 peccato.

1793 4845 2126 4908 V'ULGATA
2165 4845 2440 4904 LATINA.

1664 4971 1720 5023 ‘2.
1766 4969 1866 5022 Per
1898 4963 2283 5036 ignorantiam.

1671 5066 1722 5117 5.
1767 5062 2090 5130 Delinquere
2123 5057 2330 5112 faciens
2352 5054 2636 5126 populum.

2773 3596 2830 3652 2.
2869 3596 2955 3649 Ἐν
2977 3593 3190 3665 ἀγνοίᾳ.

2773 3687 2828 3741 5.
2862 3687 2959 3749 Είς
2989 3684 3375 3758 πλημμέλησιν
3407 3681 3501 3737 τοῦ
3529 3679 3680 3735 λαοῦ.

2778 3935 2835 3993 ι.

2775 4031 2832 4087 6.

2782 4261 2835 4319 7.

3110 4836 3389 4907 AQUILA.

2786 4956 2838 5010 2.
2873 4955 2934 5010 In
2962 4953 3294 5025 ignorantia.

2787 5050 2840 5104 3.
2873 5046 2954 5103 Ad
2977 5046 3233 5102 delictum
3264 5041 3472 5116 populi.

553 5250 607 5303 4.
643 5248 710 5301 Ει
738 5247 944 5302 afferet.
1676 5248 1730 5300 4.
1775 5247 2041 5300 Adducet.

2791 5229 2845 5283 4.

557 5339 610 5394 6.
643 5339 780 5392 Cum
815 5337 1061 5394 faciebus
1094 5338 1220 5393 veli.
1671 5337 1724 5387 6.
1769 5333 1972 5388 Contra
1998 5333 2200 5387 velum.
2791 5319 2844 5376 6.

561 5429 613 5485 7.
641 5429 991 5484 Aromatum.
1676 5427 1725 5481 7.
1751 5425 2149 5496 Thymiamatis
2180 5421 2501 5495 gratissimi.
2785 5409 2844 5465 7ο

555 5587 931 5646 Λεεειιείοηὶς.
1680 5586 2015 5641 llolocausti.

560 5752 642 5810 Ad
673 5753 1109 5810 fundamentum.
1677 5746 1736 5806 In
1774 5747 1971 5805 basim.
