  <div class='ocr_page' id='page_1' title='image "/cluster/home/n/w/nwhite01/storage/ocr_20150623/15:no.5/coo.31924054872936/288.png"; bbox 0 0 4158 6422; ppageno 0'>
   <div class='ocr_carea' id='block_1_1' title="bbox 363 369 469 426">
    <p class='ocr_par' dir='ltr' id='par_1_1' title="bbox 363 369 469 426">
     <span class='ocr_line' id='line_1_1' title="bbox 363 369 469 426; baseline -0.019 0"><span class='ocrx_word' id='word_1_1' title='bbox 363 369 469 426; x_wconf 72' lang='grc'>545</span> 
     </span>
    </p>
   </div>
   <div class='ocr_carea' id='block_1_2' title="bbox 359 482 1939 560">
    <p class='ocr_par' dir='ltr' id='par_1_2' title="bbox 359 482 1939 560">
     <span class='ocr_line' id='line_1_2' title="bbox 359 482 1939 560; baseline 0.001 -18"><span class='ocrx_word' id='word_1_2' title='bbox 359 487 452 542; x_wconf 81' lang='grc' dir='ltr'>τοῦ</span> <span class='ocrx_word' id='word_1_3' title='bbox 481 485 637 557; x_wconf 78' lang='grc' dir='ltr'>ἁγίου</span> <span class='ocrx_word' id='word_1_4' title='bbox 673 487 695 555; x_wconf 99' lang='lat'><strong>1</strong></span> <span class='ocrx_word' id='word_1_5' title='bbox 736 485 822 542; x_wconf 76' lang='grc'>18.</span> <span class='ocrx_word' id='word_1_6' title='bbox 861 485 972 541; x_wconf 72' lang='grc' dir='ltr'>Καὶ</span> <span class='ocrx_word' id='word_1_7' title='bbox 997 483 1106 540; x_wconf 78' lang='grc' dir='ltr'>ἀπὸ</span> <span class='ocrx_word' id='word_1_8' title='bbox 1130 482 1225 539; x_wconf 83' lang='grc' dir='ltr'>τοῦ</span> <span class='ocrx_word' id='word_1_9' title='bbox 1257 484 1490 556; x_wconf 86' lang='grc' dir='ltr'>αίματος</span> <span class='ocrx_word' id='word_1_10' title='bbox 1527 487 1779 560; x_wconf 70' lang='grc' dir='ltr'>ἐπιθήσει</span> <span class='ocrx_word' id='word_1_11' title='bbox 1817 503 1881 544; x_wconf 70' lang='grc' dir='ltr'>-ι-</span> <span class='ocrx_word' id='word_1_12' title='bbox 1910 491 1939 543; x_wconf 99' lang='lat'>6</span> 
     </span>
    </p>
   </div>
   <div class='ocr_carea' id='block_1_3' title="bbox 359 577 1940 652">
    <p class='ocr_par' dir='ltr' id='par_1_3' title="bbox 359 577 1940 652">
     <span class='ocr_line' id='line_1_3' title="bbox 359 577 1940 652; baseline 0.001 -20"><span class='ocrx_word' id='word_1_13' title='bbox 359 580 540 652; x_wconf 78' lang='grc' dir='ltr'>ίερεὺς</span> <span class='ocrx_word' id='word_1_14' title='bbox 573 580 593 648; x_wconf 95' lang='lat'><strong>1</strong></span> <span class='ocrx_word' id='word_1_15' title='bbox 625 579 717 632; x_wconf 73' lang='grc' dir='ltr'>ἐπὶ</span> <span class='ocrx_word' id='word_1_16' title='bbox 748 578 817 632; x_wconf 79' lang='grc' dir='ltr'>τὰ</span> <span class='ocrx_word' id='word_1_17' title='bbox 837 578 1042 649; x_wconf 86' lang='grc' dir='ltr'>κέρατα</span> <span class='ocrx_word' id='word_1_18' title='bbox 1064 577 1159 632; x_wconf 83' lang='grc' dir='ltr'>τοῦ</span> <span class='ocrx_word' id='word_1_19' title='bbox 1187 579 1571 651; x_wconf 72' lang='grc' dir='ltr'>θυσιαστηρίου</span> <span class='ocrx_word' id='word_1_20' title='bbox 1604 579 1711 633; x_wconf 87' lang='grc' dir='ltr'>τῶν</span> <span class='ocrx_word' id='word_1_21' title='bbox 1745 579 1940 650; x_wconf 87' lang='grc' dir='ltr'>θυμια-</span> 
     </span>
    </p>
   </div>
   <div class='ocr_carea' id='block_1_4' title="bbox 362 669 1938 742">
    <p class='ocr_par' dir='ltr' id='par_1_4' title="bbox 362 669 1938 742">
     <span class='ocr_line' id='line_1_4' title="bbox 362 669 1938 742; baseline 0 -18"><span class='ocrx_word' id='word_1_22' title='bbox 362 671 546 740; x_wconf 78' lang='grc' dir='ltr'>μάτων</span> <span class='ocrx_word' id='word_1_23' title='bbox 575 684 638 724; x_wconf 57' lang='grc' dir='ltr'>υθέ</span> <span class='ocrx_word' id='word_1_24' title='bbox 667 669 764 740; x_wconf 87' lang='grc' dir='ltr'>τῆς</span> <span class='ocrx_word' id='word_1_25' title='bbox 805 669 1106 733; x_wconf 80' lang='grc' dir='ltr'>συνθέσεως</span> <span class='ocrx_word' id='word_1_26' title='bbox 1149 670 1171 738; x_wconf 94' lang='lat'><strong>1</strong></span> <span class='ocrx_word' id='word_1_27' title='bbox 1225 672 1254 724; x_wconf 83' lang='grc' dir='ltr'>ὅ</span> <span class='ocrx_word' id='word_1_28' title='bbox 1279 671 1427 723; x_wconf 75' lang='grc' dir='ltr'>ἐστιν</span> <span class='ocrx_word' id='word_1_29' title='bbox 1454 669 1680 724; x_wconf 78' lang='grc' dir='ltr'>ἐνώπιον</span> <span class='ocrx_word' id='word_1_30' title='bbox 1709 671 1938 742; x_wconf 80' lang='grc' dir='ltr'>Κυρίου,</span> 
     </span>
    </p>
   </div>
   <div class='ocr_carea' id='block_1_5' title="bbox 357 761 1941 836">
    <p class='ocr_par' dir='ltr' id='par_1_5' title="bbox 357 761 1941 836">
     <span class='ocr_line' id='line_1_5' title="bbox 357 761 1941 836; baseline 0.001 -18"><span class='ocrx_word' id='word_1_31' title='bbox 357 765 387 818; x_wconf 83' lang='grc' dir='ltr'><strong>ὃ</strong></span> <span class='ocrx_word' id='word_1_32' title='bbox 410 768 558 818; x_wconf 75' lang='grc' dir='ltr'>ἐστιν</span> <span class='ocrx_word' id='word_1_33' title='bbox 588 763 679 817; x_wconf 75' lang='grc' dir='ltr'>ἐπὶ</span> <span class='ocrx_word' id='word_1_34' title='bbox 706 764 805 835; x_wconf 87' lang='grc' dir='ltr'>τῆς</span> <span class='ocrx_word' id='word_1_35' title='bbox 832 765 1036 834; x_wconf 79' lang='grc' dir='ltr'>σκηνῆς</span> <span class='ocrx_word' id='word_1_36' title='bbox 1078 761 1174 816; x_wconf 76' lang='grc' dir='ltr'>τοῦ</span> <span class='ocrx_word' id='word_1_37' title='bbox 1227 764 1549 836; x_wconf 80' lang='grc' dir='ltr'>μαρτυρίου.</span> <span class='ocrx_word' id='word_1_38' title='bbox 1583 765 1695 818; x_wconf 73' lang='grc' dir='ltr'>Καὶ</span> <span class='ocrx_word' id='word_1_39' title='bbox 1738 765 1799 818; x_wconf 88' lang='lat'>16</span> <span class='ocrx_word' id='word_1_40' title='bbox 1833 767 1941 820; x_wconf 75' lang='grc' dir='ltr'>πᾶν</span> 
     </span>
    </p>
   </div>
   <div class='ocr_carea' id='block_1_6' title="bbox 359 849 1942 928">
    <p class='ocr_par' dir='ltr' id='par_1_6' title="bbox 359 849 1942 928">
     <span class='ocr_line' id='line_1_6' title="bbox 359 849 1942 928; baseline 0.001 -20"><span class='ocrx_word' id='word_1_41' title='bbox 359 849 498 926; x_wconf 79' lang='grc' dir='ltr'>αἷμα</span> <span class='ocrx_word' id='word_1_42' title='bbox 525 856 706 925; x_wconf 84' lang='grc' dir='ltr'>ὲκχεεῖ</span> <span class='ocrx_word' id='word_1_43' title='bbox 735 855 870 926; x_wconf 84' lang='grc' dir='ltr'>πρὸς</span> <span class='ocrx_word' id='word_1_44' title='bbox 900 855 1002 926; x_wconf 81' lang='grc' dir='ltr'>τὴν</span> <span class='ocrx_word' id='word_1_45' title='bbox 1059 855 1214 925; x_wconf 85' lang='grc' dir='ltr'>βάσιν</span> <span class='ocrx_word' id='word_1_46' title='bbox 1264 855 1357 909; x_wconf 80' lang='grc' dir='ltr'>τοῦ</span> <span class='ocrx_word' id='word_1_47' title='bbox 1402 856 1786 928; x_wconf 83' lang='grc' dir='ltr'>θυσιαστηρίου</span> <span class='ocrx_word' id='word_1_48' title='bbox 1835 857 1942 910; x_wconf 84' lang='grc' dir='ltr'>τῶν</span> 
     </span>
    </p>
   </div>
   <div class='ocr_carea' id='block_1_7' title="bbox 360 946 1939 1020">
    <p class='ocr_par' dir='ltr' id='par_1_7' title="bbox 360 946 1939 1020">
     <span class='ocr_line' id='line_1_7' title="bbox 360 946 1939 1020; baseline 0.002 -21"><span class='ocrx_word' id='word_1_49' title='bbox 360 948 767 1018; x_wconf 85' lang='grc' dir='ltr'>καρπωμάτων,</span> <span class='ocrx_word' id='word_1_50' title='bbox 803 946 863 999; x_wconf 91' lang='lat'>16</span> <span class='ocrx_word' id='word_1_51' title='bbox 913 946 972 1001; x_wconf 82' lang='grc' dir='ltr'>ὃν</span> <span class='ocrx_word' id='word_1_52' title='bbox 1014 948 1152 1019; x_wconf 83' lang='grc' dir='ltr'>πρὸς</span> <span class='ocrx_word' id='word_1_53' title='bbox 1207 951 1274 1020; x_wconf 84' lang='grc' dir='ltr'>τῇ</span> <span class='ocrx_word' id='word_1_54' title='bbox 1307 947 1448 1019; x_wconf 65' lang='grc' dir='ltr'>θύρᾳ.</span> <span class='ocrx_word' id='word_1_55' title='bbox 1473 949 1572 1020; x_wconf 86' lang='grc' dir='ltr'>τῆς</span> <span class='ocrx_word' id='word_1_56' title='bbox 1609 950 1813 1019; x_wconf 83' lang='grc' dir='ltr'>σκηνῆς</span> <span class='ocrx_word' id='word_1_57' title='bbox 1845 949 1939 1002; x_wconf 79' lang='grc' dir='ltr'>τοῦ</span> 
     </span>
    </p>
   </div>
   <div class='ocr_carea' id='block_1_8' title="bbox 365 1037 1939 1111">
    <p class='ocr_par' dir='ltr' id='par_1_8' title="bbox 365 1037 1939 1111">
     <span class='ocr_line' id='line_1_8' title="bbox 365 1037 1939 1111; baseline 0.003 -22"><span class='ocrx_word' id='word_1_58' title='bbox 365 1037 681 1107; x_wconf 80' lang='grc' dir='ltr'>μαρτυρίου.</span> <span class='ocrx_word' id='word_1_59' title='bbox 708 1037 793 1091; x_wconf 84' lang='grc'>19.</span> <span class='ocrx_word' id='word_1_60' title='bbox 823 1037 936 1091; x_wconf 76' lang='grc' dir='ltr'>Καὶ</span> <span class='ocrx_word' id='word_1_61' title='bbox 963 1039 1022 1092; x_wconf 90' lang='lat'>16</span> <span class='ocrx_word' id='word_1_62' title='bbox 1052 1041 1157 1093; x_wconf 83' lang='grc' dir='ltr'>πᾶν</span> <span class='ocrx_word' id='word_1_63' title='bbox 1199 1039 1364 1109; x_wconf 80' lang='grc' dir='ltr'>στέαρ</span> <span class='ocrx_word' id='word_1_64' title='bbox 1392 1037 1555 1092; x_wconf 82' lang='grc' dir='ltr'>αὐτοῦ</span> <span class='ocrx_word' id='word_1_65' title='bbox 1584 1039 1825 1111; x_wconf 88' lang='grc' dir='ltr'>περιελεῖ</span> <span class='ocrx_word' id='word_1_66' title='bbox 1846 1041 1939 1093; x_wconf 79' lang='grc' dir='ltr'>ἀπ’</span> 
     </span>
    </p>
   </div>
   <div class='ocr_carea' id='block_1_9' title="bbox 362 1127 1943 1202">
    <p class='ocr_par' dir='ltr' id='par_1_9' title="bbox 362 1127 1943 1202">
     <span class='ocr_line' id='line_1_9' title="bbox 362 1127 1943 1202; baseline 0.002 -22"><span class='ocrx_word' id='word_1_67' title='bbox 362 1127 550 1189; x_wconf 80' lang='grc' dir='ltr'>αὑτοῦ.</span> <span class='ocrx_word' id='word_1_68' title='bbox 598 1129 692 1182; x_wconf 76' lang='grc' dir='ltr'>καὶ</span> <span class='ocrx_word' id='word_1_69' title='bbox 738 1129 942 1182; x_wconf 81' lang='grc' dir='ltr'>ἀνοίσει</span> <span class='ocrx_word' id='word_1_70' title='bbox 995 1129 1089 1183; x_wconf 74' lang='grc' dir='ltr'>ἐπὶ</span> <span class='ocrx_word' id='word_1_71' title='bbox 1140 1130 1200 1184; x_wconf 87' lang='grc' dir='ltr'>τὸ</span> <span class='ocrx_word' id='word_1_72' title='bbox 1253 1129 1657 1202; x_wconf 88' lang='grc' dir='ltr'>θυσιαστήριον.</span> <span class='ocrx_word' id='word_1_73' title='bbox 1711 1130 1803 1186; x_wconf 86' lang='grc'>20.</span> <span class='ocrx_word' id='word_1_74' title='bbox 1832 1131 1943 1184; x_wconf 80' lang='grc' dir='ltr'>Καὶ</span> 
     </span>
    </p>
   </div>
   <div class='ocr_carea' id='block_1_10' title="bbox 363 1218 1940 1291">
    <p class='ocr_par' dir='ltr' id='par_1_10' title="bbox 363 1218 1940 1291">
     <span class='ocr_line' id='line_1_10' title="bbox 363 1218 1940 1291; baseline 0.002 -20"><span class='ocrx_word' id='word_1_75' title='bbox 363 1221 578 1290; x_wconf 81' lang='grc' dir='ltr'>ποιήσει</span> <span class='ocrx_word' id='word_1_76' title='bbox 619 1218 710 1273; x_wconf 80' lang='grc' dir='ltr'>τὸν</span> <span class='ocrx_word' id='word_1_77' title='bbox 749 1220 968 1291; x_wconf 87' lang='grc' dir='ltr'>μόσχον.</span> <span class='ocrx_word' id='word_1_78' title='bbox 1051 1260 1067 1275; x_wconf 96' lang='grc'>.</span> <span class='ocrx_word' id='word_1_79' title='bbox 1149 1261 1163 1275; x_wconf 96' lang='grc'>.</span> <span class='ocrx_word' id='word_1_80' title='bbox 1246 1261 1260 1274; x_wconf 98' lang='grc'>.</span> <span class='ocrx_word' id='word_1_81' title='bbox 1344 1261 1358 1276; x_wconf 95' lang='grc'>.</span> <span class='ocrx_word' id='word_1_82' title='bbox 1440 1260 1455 1274; x_wconf 94' lang='grc'>.</span> <span class='ocrx_word' id='word_1_83' title='bbox 1538 1261 1551 1273; x_wconf 97' lang='grc'>.</span> <span class='ocrx_word' id='word_1_84' title='bbox 1634 1259 1649 1273; x_wconf 95' lang='grc'>.</span> <span class='ocrx_word' id='word_1_85' title='bbox 1731 1257 1746 1272; x_wconf 96' lang='grc'>.</span> <span class='ocrx_word' id='word_1_86' title='bbox 1830 1261 1842 1273; x_wconf 97' lang='grc'>.</span> <span class='ocrx_word' id='word_1_87' title='bbox 1927 1261 1940 1274; x_wconf 93' lang='grc'>.</span> 
     </span>
    </p>
   </div>
   <div class='ocr_carea' id='block_1_11' title="bbox 364 1403 1945 1479">
    <p class='ocr_par' dir='ltr' id='par_1_11' title="bbox 364 1403 1945 1479">
     <span class='ocr_line' id='line_1_11' title="bbox 364 1403 1945 1479; baseline 0.001 -23"><span class='ocrx_word' id='word_1_88' title='bbox 364 1404 459 1458; x_wconf 74' lang='grc' dir='ltr'>καὶ</span> <span class='ocrx_word' id='word_1_89' title='bbox 488 1403 791 1471; x_wconf 81' lang='grc' dir='ltr'>ὲξιλάσεται</span> <span class='ocrx_word' id='word_1_90' title='bbox 821 1406 952 1477; x_wconf 74' lang='grc' dir='ltr'>περὶ</span> <span class='ocrx_word' id='word_1_91' title='bbox 977 1407 1157 1462; x_wconf 79' lang='grc' dir='ltr'>αὐτῶν</span> <span class='ocrx_word' id='word_1_92' title='bbox 1187 1410 1215 1462; x_wconf 89' lang='lat'>6</span> <span class='ocrx_word' id='word_1_93' title='bbox 1263 1407 1462 1479; x_wconf 78' lang='grc' dir='ltr'>ἱερεὺς,</span> <span class='ocrx_word' id='word_1_94' title='bbox 1495 1407 1588 1459; x_wconf 59' lang='grc' dir='ltr'>καί¹</span> <span class='ocrx_word' id='word_1_95' title='bbox 1613 1407 1945 1477; x_wconf 77' lang='grc' dir='ltr'>ἀφεθήσεται</span> 
     </span>
    </p>
   </div>
   <div class='ocr_carea' id='block_1_12' title="bbox 365 1497 1947 1570">
    <p class='ocr_par' dir='ltr' id='par_1_12' title="bbox 365 1497 1947 1570">
     <span class='ocr_line' id='line_1_12' title="bbox 365 1497 1947 1570; baseline -0.001 -20"><span class='ocrx_word' id='word_1_96' title='bbox 365 1499 548 1563; x_wconf 81' lang='grc' dir='ltr'>αὐτοῖς</span> <span class='ocrx_word' id='word_1_97' title='bbox 576 1513 636 1554; x_wconf 77' lang='grc' dir='ltr'>οε-</span> <span class='ocrx_word' id='word_1_98' title='bbox 663 1501 696 1569; x_wconf 83' lang='grc' dir='ltr'>ή</span> <span class='ocrx_word' id='word_1_99' title='bbox 724 1500 966 1570; x_wconf 83' lang='grc' dir='ltr'>ἁμαρτία</span> <span class='ocrx_word' id='word_1_100' title='bbox 1003 1501 1024 1569; x_wconf 96' lang='lat'><strong>1</strong></span> <span class='ocrx_word' id='word_1_101' title='bbox 1054 1499 1143 1554; x_wconf 79' lang='grc'>21.</span> <span class='ocrx_word' id='word_1_102' title='bbox 1175 1498 1288 1553; x_wconf 69' lang='grc' dir='ltr'>Καὶ</span> <span class='ocrx_word' id='word_1_103' title='bbox 1312 1497 1607 1551; x_wconf 74' lang='grc' dir='ltr'>ἐξοίσουσιν</span> <span class='ocrx_word' id='word_1_104' title='bbox 1631 1497 1721 1550; x_wconf 84' lang='lat' dir='ltr'><em>16v</em></span> <span class='ocrx_word' id='word_1_105' title='bbox 1747 1497 1947 1567; x_wconf 81' lang='grc' dir='ltr'>μόσχον</span> 
     </span>
    </p>
   </div>
   <div class='ocr_carea' id='block_1_13' title="bbox 369 1589 1947 1665">
    <p class='ocr_par' dir='ltr' id='par_1_13' title="bbox 369 1589 1947 1665">
     <span class='ocr_line' id='line_1_13' title="bbox 369 1589 1947 1665; baseline 0 -21"><span class='ocrx_word' id='word_1_106' title='bbox 369 1605 432 1644; x_wconf 76' lang='grc' dir='ltr'>αε-</span> <span class='ocrx_word' id='word_1_107' title='bbox 467 1589 586 1644; x_wconf 86' lang='grc' dir='ltr'>ὂλον</span> <span class='ocrx_word' id='word_1_108' title='bbox 615 1590 638 1659; x_wconf 92' lang='lat'><strong>1</strong></span> <span class='ocrx_word' id='word_1_109' title='bbox 668 1589 772 1656; x_wconf 80' lang='grc' dir='ltr'>ἔξω</span> <span class='ocrx_word' id='word_1_110' title='bbox 821 1592 923 1662; x_wconf 88' lang='grc' dir='ltr'>τῆς</span> <span class='ocrx_word' id='word_1_111' title='bbox 951 1591 1324 1665; x_wconf 79' lang='grc' dir='ltr'>παρεμϐολῆς.</span> <span class='ocrx_word' id='word_1_112' title='bbox 1376 1591 1487 1644; x_wconf 76' lang='grc' dir='ltr'>Καὶ</span> <span class='ocrx_word' id='word_1_113' title='bbox 1514 1590 1947 1645; x_wconf 82' lang='grc' dir='ltr'>κατακαύσουσιν</span> 
     </span>
    </p>
   </div>
   <div class='ocr_carea' id='block_1_14' title="bbox 363 1679 1946 1755">
    <p class='ocr_par' dir='ltr' id='par_1_14' title="bbox 363 1679 1946 1755">
     <span class='ocr_line' id='line_1_14' title="bbox 363 1679 1946 1755; baseline 0.003 -23"><span class='ocrx_word' id='word_1_114' title='bbox 363 1679 454 1732; x_wconf 80' lang='grc' dir='ltr'>τὸν</span> <span class='ocrx_word' id='word_1_115' title='bbox 486 1681 702 1751; x_wconf 85' lang='grc' dir='ltr'>μόσχον,</span> <span class='ocrx_word' id='word_1_116' title='bbox 731 1682 789 1735; x_wconf 87' lang='grc' dir='ltr'>ὂν</span> <span class='ocrx_word' id='word_1_117' title='bbox 842 1683 1042 1754; x_wconf 79' lang='grc' dir='ltr'>τρόπον</span> <span class='ocrx_word' id='word_1_118' title='bbox 1095 1681 1442 1737; x_wconf 82' lang='grc' dir='ltr'>κατέκαυσαν</span> <span class='ocrx_word' id='word_1_119' title='bbox 1489 1685 1580 1738; x_wconf 87' lang='grc' dir='ltr'>τὸν</span> <span class='ocrx_word' id='word_1_120' title='bbox 1631 1683 1832 1755; x_wconf 86' lang='grc' dir='ltr'>μόσχον</span> <span class='ocrx_word' id='word_1_121' title='bbox 1857 1681 1946 1736; x_wconf 88' lang='grc' dir='ltr'>τὸν</span> 
     </span>
    </p>
   </div>
   <div class='ocr_carea' id='block_1_15' title="bbox 365 1772 1495 1846">
    <p class='ocr_par' dir='ltr' id='par_1_15' title="bbox 365 1772 1495 1846">
     <span class='ocr_line' id='line_1_15' title="bbox 365 1772 1495 1846; baseline 0.004 -22"><span class='ocrx_word' id='word_1_122' title='bbox 365 1772 649 1844; x_wconf 80' lang='grc' dir='ltr'>πρότερον-</span> <span class='ocrx_word' id='word_1_123' title='bbox 683 1774 956 1844; x_wconf 87' lang='grc' dir='ltr'>ἁμαρτίας</span> <span class='ocrx_word' id='word_1_124' title='bbox 982 1776 1298 1846; x_wconf 82' lang='grc' dir='ltr'>συναγωγῆς</span> <span class='ocrx_word' id='word_1_125' title='bbox 1328 1777 1495 1831; x_wconf 72' lang='grc' dir='ltr'>ἐστιν.</span> 
     </span>
    </p>
   </div>
   <div class='ocr_carea' id='block_1_16' title="bbox 435 1863 1948 1939">
    <p class='ocr_par' dir='ltr' id='par_1_16' title="bbox 435 1863 1948 1939">
     <span class='ocr_line' id='line_1_16' title="bbox 435 1863 1948 1939; baseline 0.003 -23"><span class='ocrx_word' id='word_1_126' title='bbox 435 1863 524 1918; x_wconf 81' lang='grc'>22.</span> <span class='ocrx_word' id='word_1_127' title='bbox 565 1865 688 1918; x_wconf 85' lang='grc' dir='ltr'>Ἐὰν</span> <span class='ocrx_word' id='word_1_128' title='bbox 712 1865 771 1918; x_wconf 81' lang='grc' dir='ltr'>δὲ</span> <span class='ocrx_word' id='word_1_129' title='bbox 801 1866 830 1917; x_wconf 89' lang='lat'>6</span> <span class='ocrx_word' id='word_1_130' title='bbox 861 1865 1042 1936; x_wconf 84' lang='grc' dir='ltr'>ἄρχων</span> <span class='ocrx_word' id='word_1_131' title='bbox 1068 1866 1290 1939; x_wconf 83' lang='grc' dir='ltr'>ἁμάρτῃ</span> <span class='ocrx_word' id='word_1_132' title='bbox 1314 1869 1409 1921; x_wconf 76' lang='grc' dir='ltr'>καὶ</span> <span class='ocrx_word' id='word_1_133' title='bbox 1449 1867 1648 1939; x_wconf 79' lang='grc' dir='ltr'>ποιήσῃ</span> <span class='ocrx_word' id='word_1_134' title='bbox 1682 1867 1808 1938; x_wconf 89' lang='grc' dir='ltr'>μίαν</span> <span class='ocrx_word' id='word_1_135' title='bbox 1840 1868 1948 1921; x_wconf 87' lang='grc' dir='ltr'>ἀπὸ</span> 
     </span>
    </p>
   </div>
   <div class='ocr_carea' id='block_1_17' title="bbox 366 1954 1947 2028">
    <p class='ocr_par' dir='ltr' id='par_1_17' title="bbox 366 1954 1947 2028">
     <span class='ocr_line' id='line_1_17' title="bbox 366 1954 1947 2028; baseline 0.002 -21"><span class='ocrx_word' id='word_1_136' title='bbox 366 1955 556 2008; x_wconf 85' lang='grc' dir='ltr'>πασῶν</span> <span class='ocrx_word' id='word_1_137' title='bbox 580 1955 686 2008; x_wconf 88' lang='grc' dir='ltr'>τῶν</span> <span class='ocrx_word' id='word_1_138' title='bbox 727 1954 954 2009; x_wconf 75' lang='grc' dir='ltr'>ἐντολῶν</span> <span class='ocrx_word' id='word_1_139' title='bbox 1001 1955 1209 2026; x_wconf 85' lang='grc' dir='ltr'>Κυρίου</span> <span class='ocrx_word' id='word_1_140' title='bbox 1255 1954 1349 2009; x_wconf 78' lang='grc' dir='ltr'>τοῦ</span> <span class='ocrx_word' id='word_1_141' title='bbox 1398 1957 1532 2010; x_wconf 82' lang='grc' dir='ltr'>Θεοῦ</span> <span class='ocrx_word' id='word_1_142' title='bbox 1591 1957 1776 2022; x_wconf 81' lang='grc' dir='ltr'>αὐτοῦ,</span> <span class='ocrx_word' id='word_1_143' title='bbox 1817 1958 1852 2028; x_wconf 83' lang='grc' dir='ltr'><strong>ἥ</strong></span> <span class='ocrx_word' id='word_1_144' title='bbox 1885 1958 1947 2011; x_wconf 87' lang='grc' dir='ltr'>οὐ</span> 
     </span>
    </p>
   </div>
   <div class='ocr_carea' id='block_1_18' title="bbox 365 2046 1949 2121">
    <p class='ocr_par' dir='ltr' id='par_1_18' title="bbox 365 2046 1949 2121">
     <span class='ocr_line' id='line_1_18' title="bbox 365 2046 1949 2121; baseline 0.001 -23"><span class='ocrx_word' id='word_1_145' title='bbox 365 2046 744 2117; x_wconf 86' lang='grc' dir='ltr'>ποιηθήσεται,</span> <span class='ocrx_word' id='word_1_146' title='bbox 802 2048 1092 2110; x_wconf 80' lang='grc' dir='ltr'>ἀκουσίως,</span> <span class='ocrx_word' id='word_1_147' title='bbox 1128 2049 1224 2101; x_wconf 60' lang='grc' dir='ltr'>καὶ⁵</span> <span class='ocrx_word' id='word_1_148' title='bbox 1278 2048 1668 2121; x_wconf 83' lang='grc' dir='ltr'>πλημμεληθῇ.</span> <span class='ocrx_word' id='word_1_149' title='bbox 1715 2048 1805 2103; x_wconf 79' lang='grc'>25.</span> <span class='ocrx_word' id='word_1_150' title='bbox 1838 2049 1949 2102; x_wconf 74' lang='grc' dir='ltr'>Καὶ</span> 
     </span>
    </p>
   </div>
   <div class='ocr_carea' id='block_1_19' title="bbox 365 2139 1949 2213">
    <p class='ocr_par' dir='ltr' id='par_1_19' title="bbox 365 2139 1949 2213">
     <span class='ocr_line' id='line_1_19' title="bbox 365 2139 1949 2213; baseline 0.001 -21"><span class='ocrx_word' id='word_1_151' title='bbox 365 2139 580 2210; x_wconf 80' lang='grc' dir='ltr'>γνωσθῇ</span> <span class='ocrx_word' id='word_1_152' title='bbox 613 2140 761 2211; x_wconf 84' lang='grc' dir='ltr'>αὐτῷ</span> <span class='ocrx_word' id='word_1_153' title='bbox 808 2143 841 2211; x_wconf 85' lang='grc' dir='ltr'>ὴ</span> <span class='ocrx_word' id='word_1_154' title='bbox 891 2140 1134 2211; x_wconf 88' lang='grc' dir='ltr'>ἁμαρτία</span> <span class='ocrx_word' id='word_1_155' title='bbox 1175 2142 1242 2212; x_wconf 85' lang='grc' dir='ltr'>ἢν</span> <span class='ocrx_word' id='word_1_156' title='bbox 1288 2142 1534 2213; x_wconf 77' lang='grc' dir='ltr'>ἥμαρτεν</span> <span class='ocrx_word' id='word_1_157' title='bbox 1574 2143 1633 2194; x_wconf 82' lang='grc' dir='ltr'>ὲν</span> <span class='ocrx_word' id='word_1_158' title='bbox 1661 2141 1820 2212; x_wconf 73' lang='grc' dir='ltr'>αὐτῇο</span> <span class='ocrx_word' id='word_1_159' title='bbox 1853 2140 1949 2194; x_wconf 76' lang='grc' dir='ltr'>καὶ</span> 
     </span>
    </p>
   </div>
   <div class='ocr_carea' id='block_1_20' title="bbox 366 2227 1944 2301">
    <p class='ocr_par' dir='ltr' id='par_1_20' title="bbox 366 2227 1944 2301">
     <span class='ocr_line' id='line_1_20' title="bbox 366 2227 1944 2301; baseline 0.003 -21"><span class='ocrx_word' id='word_1_160' title='bbox 366 2230 645 2298; x_wconf 86' lang='grc' dir='ltr'>προσοίσει</span> <span class='ocrx_word' id='word_1_161' title='bbox 669 2227 730 2281; x_wconf 82' lang='grc' dir='ltr'>τὸ</span> <span class='ocrx_word' id='word_1_162' title='bbox 753 2228 923 2300; x_wconf 89' lang='grc' dir='ltr'>δῶρον</span> <span class='ocrx_word' id='word_1_163' title='bbox 946 2227 1106 2282; x_wconf 77' lang='grc' dir='ltr'>αὐτοῦ</span> <span class='ocrx_word' id='word_1_164' title='bbox 1140 2229 1392 2301; x_wconf 85' lang='grc' dir='ltr'>χίμαρον.</span> <span class='ocrx_word' id='word_1_165' title='bbox 1441 2269 1453 2283; x_wconf 94' lang='grc'>.</span> <span class='ocrx_word' id='word_1_166' title='bbox 1537 2269 1552 2283; x_wconf 95' lang='grc'>.</span> <span class='ocrx_word' id='word_1_167' title='bbox 1634 2272 1648 2286; x_wconf 96' lang='grc'>.</span> <span class='ocrx_word' id='word_1_168' title='bbox 1732 2269 1746 2284; x_wconf 96' lang='grc'>.</span> <span class='ocrx_word' id='word_1_169' title='bbox 1830 2271 1846 2284; x_wconf 92' lang='grc'>.</span> <span class='ocrx_word' id='word_1_170' title='bbox 1929 2269 1944 2284; x_wconf 95' lang='grc'>.</span> 
     </span>
    </p>
   </div>
   <div class='ocr_carea' id='block_1_21' title="bbox 437 2405 1947 2484">
    <p class='ocr_par' dir='ltr' id='par_1_21' title="bbox 437 2405 1947 2484">
     <span class='ocr_line' id='line_1_21' title="bbox 437 2405 1947 2484; baseline 0 -20"><span class='ocrx_word' id='word_1_171' title='bbox 437 2412 529 2466; x_wconf 75' lang='grc'>24.</span> <span class='ocrx_word' id='word_1_172' title='bbox 640 2410 735 2465; x_wconf 76' lang='grc' dir='ltr'>τοῦ</span> <span class='ocrx_word' id='word_1_173' title='bbox 757 2431 809 2482; x_wconf 89' lang='grc' dir='ltr'>χι</span> <span class='ocrx_word' id='word_1_174' title='bbox 818 2412 1013 2484; x_wconf 85' lang='grc' dir='ltr'>μάρου,</span> <span class='ocrx_word' id='word_1_175' title='bbox 1041 2414 1136 2467; x_wconf 75' lang='grc' dir='ltr'>καὶ</span> <span class='ocrx_word' id='word_1_176' title='bbox 1161 2414 1453 2482; x_wconf 81' lang='grc' dir='ltr'>σφάξουσιν</span> <span class='ocrx_word' id='word_1_177' title='bbox 1469 2413 1631 2467; x_wconf 82' lang='grc' dir='ltr'>αὐτὸν</span> <span class='ocrx_word' id='word_1_178' title='bbox 1647 2415 1703 2468; x_wconf 82' lang='grc' dir='ltr'>ὲν</span> <span class='ocrx_word' id='word_1_179' title='bbox 1718 2413 1866 2483; x_wconf 84' lang='grc' dir='ltr'>τόπῳ</span> <span class='ocrx_word' id='word_1_180' title='bbox 1885 2405 1947 2466; x_wconf 77' lang='grc' dir='ltr'>οὗ</span> 
     </span>
    </p>
   </div>
   <div class='ocr_carea' id='block_1_22' title="bbox 369 2502 1945 2577">
    <p class='ocr_par' dir='ltr' id='par_1_22' title="bbox 369 2502 1945 2577">
     <span class='ocr_line' id='line_1_22' title="bbox 369 2502 1945 2577; baseline 0.002 -22"><span class='ocrx_word' id='word_1_181' title='bbox 369 2502 660 2570; x_wconf 76' lang='grc' dir='ltr'>σφάζουσιν</span> <span class='ocrx_word' id='word_1_182' title='bbox 685 2504 751 2557; x_wconf 88' lang='grc' dir='ltr'>τά</span> <span class='ocrx_word' id='word_1_183' title='bbox 777 2504 1202 2576; x_wconf 79' lang='grc' dir='ltr'>ὁλοκαυτώματα</span> <span class='ocrx_word' id='word_1_184' title='bbox 1233 2506 1462 2560; x_wconf 77' lang='grc' dir='ltr'>ἐνώπιον</span> <span class='ocrx_word' id='word_1_185' title='bbox 1507 2506 1732 2575; x_wconf 87' lang='grc' dir='ltr'>Κυρίου·</span> <span class='ocrx_word' id='word_1_186' title='bbox 1765 2507 1945 2577; x_wconf 85' lang='grc' dir='ltr'>ἀμαρ-</span> 
     </span>
    </p>
   </div>
   <div class='ocr_carea' id='block_1_23' title="bbox 367 2594 1950 2668">
    <p class='ocr_par' dir='ltr' id='par_1_23' title="bbox 367 2594 1950 2668">
     <span class='ocr_line' id='line_1_23' title="bbox 367 2594 1950 2668; baseline 0.002 -22"><span class='ocrx_word' id='word_1_187' title='bbox 367 2595 489 2658; x_wconf 88' lang='grc' dir='ltr'>τίας</span> <span class='ocrx_word' id='word_1_188' title='bbox 515 2596 681 2647; x_wconf 76' lang='grc' dir='ltr'>ἐστιν’</span> <span class='ocrx_word' id='word_1_189' title='bbox 712 2594 802 2648; x_wconf 84' lang='grc'>25.</span> <span class='ocrx_word' id='word_1_190' title='bbox 824 2596 935 2648; x_wconf 72' lang='grc' dir='ltr'>Καὶ</span> <span class='ocrx_word' id='word_1_191' title='bbox 967 2595 1217 2666; x_wconf 76' lang='grc' dir='ltr'>ἐπιθήσει</span> <span class='ocrx_word' id='word_1_192' title='bbox 1269 2598 1297 2648; x_wconf 90' lang='lat'>6</span> <span class='ocrx_word' id='word_1_193' title='bbox 1329 2598 1508 2668; x_wconf 75' lang='grc' dir='ltr'>ἱερεὺς</span> <span class='ocrx_word' id='word_1_194' title='bbox 1539 2597 1648 2650; x_wconf 86' lang='grc' dir='ltr'>ἀπὸ</span> <span class='ocrx_word' id='word_1_195' title='bbox 1671 2595 1765 2650; x_wconf 83' lang='grc' dir='ltr'>τοῦ</span> <span class='ocrx_word' id='word_1_196' title='bbox 1787 2597 1950 2666; x_wconf 81' lang='grc' dir='ltr'>αἵμα-</span> 
     </span>
    </p>
   </div>
   <div class='ocr_carea' id='block_1_24' title="bbox 367 2685 1946 2758">
    <p class='ocr_par' dir='ltr' id='par_1_24' title="bbox 367 2685 1946 2758">
     <span class='ocr_line' id='line_1_24' title="bbox 367 2685 1946 2758; baseline 0.002 -21"><span class='ocrx_word' id='word_1_197' title='bbox 367 2703 458 2750; x_wconf 86' lang='grc' dir='ltr'>τος</span> <span class='ocrx_word' id='word_1_198' title='bbox 484 2685 574 2739; x_wconf 76' lang='grc' dir='ltr'>τοῦ</span> <span class='ocrx_word' id='word_1_199' title='bbox 602 2686 702 2756; x_wconf 86' lang='grc' dir='ltr'>τῆς</span> <span class='ocrx_word' id='word_1_200' title='bbox 731 2685 1003 2755; x_wconf 86' lang='grc' dir='ltr'>ἁμαρτίας</span> <span class='ocrx_word' id='word_1_201' title='bbox 1028 2685 1105 2756; x_wconf 83' lang='grc' dir='ltr'>τῷ</span> <span class='ocrx_word' id='word_1_202' title='bbox 1137 2685 1384 2758; x_wconf 81' lang='grc' dir='ltr'>δακτύλῳ</span> <span class='ocrx_word' id='word_1_203' title='bbox 1408 2687 1594 2751; x_wconf 82' lang='grc' dir='ltr'>αὐτοῦ,</span> <span class='ocrx_word' id='word_1_204' title='bbox 1625 2688 1720 2740; x_wconf 73' lang='grc' dir='ltr'>καὶ</span> <span class='ocrx_word' id='word_1_205' title='bbox 1750 2701 1810 2743; x_wconf 71' lang='grc' dir='ltr'>-Ξ-</span> <span class='ocrx_word' id='word_1_206' title='bbox 1841 2687 1946 2740; x_wconf 87' lang='grc' dir='ltr'>δώ-</span> 
     </span>
    </p>
   </div>
   <div class='ocr_carea' id='block_1_25' title="bbox 371 2775 1949 2848">
    <p class='ocr_par' dir='ltr' id='par_1_25' title="bbox 371 2775 1949 2848">
     <span class='ocr_line' id='line_1_25' title="bbox 371 2775 1949 2848; baseline 0.001 -19"><span class='ocrx_word' id='word_1_207' title='bbox 371 2793 452 2830; x_wconf 89' lang='grc' dir='ltr'>σει</span> <span class='ocrx_word' id='word_1_208' title='bbox 487 2776 510 2845; x_wconf 91' lang='lat'><strong>1</strong></span> <span class='ocrx_word' id='word_1_209' title='bbox 559 2778 650 2830; x_wconf 75' lang='grc' dir='ltr'>ἐπὶ</span> <span class='ocrx_word' id='word_1_210' title='bbox 673 2775 744 2829; x_wconf 86' lang='grc' dir='ltr'>τά</span> <span class='ocrx_word' id='word_1_211' title='bbox 771 2777 978 2846; x_wconf 90' lang='grc' dir='ltr'>κέρατα</span> <span class='ocrx_word' id='word_1_212' title='bbox 1023 2777 1117 2830; x_wconf 85' lang='grc' dir='ltr'>τοῦ</span> <span class='ocrx_word' id='word_1_213' title='bbox 1147 2777 1534 2848; x_wconf 87' lang='grc' dir='ltr'>θυσιαστηρίου</span> <span class='ocrx_word' id='word_1_214' title='bbox 1583 2777 1692 2832; x_wconf 89' lang='grc' dir='ltr'>τῶν</span> <span class='ocrx_word' id='word_1_215' title='bbox 1719 2778 1949 2831; x_wconf 79' lang='grc' dir='ltr'>ὁλοκαυ-</span> 
     </span>
    </p>
   </div>
   <div class='ocr_carea' id='block_1_26' title="bbox 368 2864 1946 2941">
    <p class='ocr_par' dir='ltr' id='par_1_26' title="bbox 368 2864 1946 2941">
     <span class='ocr_line' id='line_1_26' title="bbox 368 2864 1946 2941; baseline 0.003 -22"><span class='ocrx_word' id='word_1_216' title='bbox 368 2867 654 2939; x_wconf 83' lang='grc' dir='ltr'>τωμάτων,</span> <span class='ocrx_word' id='word_1_217' title='bbox 681 2869 774 2923; x_wconf 72' lang='grc' dir='ltr'>καὶ</span> <span class='ocrx_word' id='word_1_218' title='bbox 803 2869 912 2921; x_wconf 81' lang='grc' dir='ltr'>πᾶν</span> <span class='ocrx_word' id='word_1_219' title='bbox 939 2868 1001 2921; x_wconf 91' lang='lat'>16</span> <span class='ocrx_word' id='word_1_220' title='bbox 1029 2864 1168 2940; x_wconf 72' lang='grc' dir='ltr'>αἷμα</span> <span class='ocrx_word' id='word_1_221' title='bbox 1216 2868 1381 2923; x_wconf 80' lang='grc' dir='ltr'>αὐτοῦ</span> <span class='ocrx_word' id='word_1_222' title='bbox 1409 2871 1590 2940; x_wconf 83' lang='grc' dir='ltr'>ὲκχεεῖ</span> <span class='ocrx_word' id='word_1_223' title='bbox 1643 2869 1795 2941; x_wconf 90' lang='grc' dir='ltr'>παρά</span> <span class='ocrx_word' id='word_1_224' title='bbox 1846 2869 1946 2940; x_wconf 78' lang='grc' dir='ltr'>τὴν</span> 
     </span>
    </p>
   </div>
   <div class='ocr_carea' id='block_1_27' title="bbox 371 2959 1948 3034">
    <p class='ocr_par' dir='ltr' id='par_1_27' title="bbox 371 2959 1948 3034">
     <span class='ocr_line' id='line_1_27' title="bbox 371 2959 1948 3034; baseline 0.002 -23"><span class='ocrx_word' id='word_1_225' title='bbox 371 2959 526 3029; x_wconf 82' lang='grc' dir='ltr'>βάσιν</span> <span class='ocrx_word' id='word_1_226' title='bbox 552 2960 645 3013; x_wconf 81' lang='grc' dir='ltr'>τοῦ</span> <span class='ocrx_word' id='word_1_227' title='bbox 675 2959 1063 3032; x_wconf 85' lang='grc' dir='ltr'>θυσιαστηρίου</span> <span class='ocrx_word' id='word_1_228' title='bbox 1090 2960 1196 3015; x_wconf 88' lang='grc' dir='ltr'>τῶν</span> <span class='ocrx_word' id='word_1_229' title='bbox 1225 2961 1817 3034; x_wconf 83' lang='grc' dir='ltr'>ὁλοκαυτωμάτων,26.</span> <span class='ocrx_word' id='word_1_230' title='bbox 1837 2961 1948 3016; x_wconf 75' lang='lat' dir='ltr'><strong>Kal.</strong></span> 
     </span>
    </p>
   </div>
   <div class='ocr_carea' id='block_1_28' title="bbox 368 3051 1945 3126">
    <p class='ocr_par' dir='ltr' id='par_1_28' title="bbox 368 3051 1945 3126">
     <span class='ocr_line' id='line_1_28' title="bbox 368 3051 1945 3126; baseline 0.003 -24"><span class='ocrx_word' id='word_1_231' title='bbox 368 3052 478 3104; x_wconf 77' lang='grc' dir='ltr'>πᾶν</span> <span class='ocrx_word' id='word_1_232' title='bbox 503 3051 564 3104; x_wconf 90' lang='lat'>16</span> <span class='ocrx_word' id='word_1_233' title='bbox 591 3052 757 3124; x_wconf 88' lang='grc' dir='ltr'>στέαρ</span> <span class='ocrx_word' id='word_1_234' title='bbox 795 3052 958 3107; x_wconf 77' lang='grc' dir='ltr'>αὐτοῦ</span> <span class='ocrx_word' id='word_1_235' title='bbox 1013 3052 1215 3107; x_wconf 88' lang='grc' dir='ltr'>ἀνοίσει</span> <span class='ocrx_word' id='word_1_236' title='bbox 1269 3054 1361 3107; x_wconf 72' lang='grc' dir='ltr'>ἐπὶ</span> <span class='ocrx_word' id='word_1_237' title='bbox 1413 3054 1474 3108; x_wconf 90' lang='lat'>16</span> <span class='ocrx_word' id='word_1_238' title='bbox 1529 3053 1945 3126; x_wconf 80' lang='grc' dir='ltr'>θυσιαστήριον,</span> 
     </span>
    </p>
   </div>
   <div class='ocr_carea' id='block_1_29' title="bbox 368 3139 1949 3222">
    <p class='ocr_par' dir='ltr' id='par_1_29' title="bbox 368 3139 1949 3222">
     <span class='ocr_line' id='line_1_29' title="bbox 368 3139 1949 3222; baseline 0.003 -28"><span class='ocrx_word' id='word_1_239' title='bbox 368 3139 556 3214; x_wconf 84' lang='grc' dir='ltr'>ὥσπερ</span> <span class='ocrx_word' id='word_1_240' title='bbox 607 3142 668 3196; x_wconf 90' lang='lat'>16</span> <span class='ocrx_word' id='word_1_241' title='bbox 719 3143 885 3214; x_wconf 86' lang='grc' dir='ltr'>στέαρ</span> <span class='ocrx_word' id='word_1_242' title='bbox 923 3143 1114 3208; x_wconf 88' lang='grc' dir='ltr'>Θυσίας</span> <span class='ocrx_word' id='word_1_243' title='bbox 1148 3143 1439 3216; x_wconf 85' lang='grc' dir='ltr'>σωτηρίου.</span> <span class='ocrx_word' id='word_1_244' title='bbox 1498 3145 1949 3222; x_wconf 52' lang='grc' dir='ltr'>Καιὲξιλάσεται</span> 
     </span>
    </p>
   </div>
   <div class='ocr_carea' id='block_1_30' title="bbox 369 3234 1942 3306">
    <p class='ocr_par' dir='ltr' id='par_1_30' title="bbox 369 3234 1942 3306">
     <span class='ocr_line' id='line_1_30' title="bbox 369 3234 1942 3306; baseline 0 -17"><span class='ocrx_word' id='word_1_245' title='bbox 369 3234 1942 3306; x_wconf 83' lang='grc' dir='ltr'>περί................</span> 
     </span>
    </p>
   </div>
   <div class='ocr_carea' id='block_1_31' title="bbox 1597 369 2226 429">
    <p class='ocr_par' dir='ltr' id='par_1_31' title="bbox 1597 369 2226 429">
     <span class='ocr_line' id='line_1_31' title="bbox 1597 369 2226 429; baseline 0.003 -3"><span class='ocrx_word' id='word_1_246' title='bbox 1597 369 1904 428; x_wconf 81' lang='lat' dir='ltr'>LEVITICI</span> <span class='ocrx_word' id='word_1_247' title='bbox 1941 372 2097 428; x_wconf 80' lang='lat' dir='ltr'>CAP.</span> <span class='ocrx_word' id='word_1_248' title='bbox 2139 372 2226 429; x_wconf 85' lang='lat' dir='ltr'><strong>IV.</strong></span> 
     </span>
    </p>
   </div>
   <div class='ocr_carea' id='block_1_32' title="bbox 3498 373 3604 432">
    <p class='ocr_par' dir='ltr' id='par_1_32' title="bbox 3498 373 3604 432">
     <span class='ocr_line' id='line_1_32' title="bbox 3498 373 3604 432; baseline -0.028 -1"><span class='ocrx_word' id='word_1_249' title='bbox 3498 373 3604 432; x_wconf 65' lang='lat'><em>566</em></span> 
     </span>
    </p>
   </div>
   <div class='ocr_carea' id='block_1_33' title="bbox 2044 489 3618 561">
    <p class='ocr_par' dir='ltr' id='par_1_33' title="bbox 2044 489 3618 561">
     <span class='ocr_line' id='line_1_33' title="bbox 2044 489 3618 561; baseline -0.002 -14"><span class='ocrx_word' id='word_1_250' title='bbox 2044 490 2308 561; x_wconf 80' lang='lat' dir='ltr'>sanguine</span> <span class='ocrx_word' id='word_1_251' title='bbox 2341 491 2584 560; x_wconf 77' lang='lat' dir='ltr'>imponet</span> <span class='ocrx_word' id='word_1_252' title='bbox 2613 503 2675 545; x_wconf 84' lang='grc' dir='ltr'>-ι-</span> <span class='ocrx_word' id='word_1_253' title='bbox 2705 491 2962 547; x_wconf 84' lang='lat' dir='ltr'>sacerdos</span> <span class='ocrx_word' id='word_1_254' title='bbox 2991 489 3015 560; x_wconf 94' lang='lat'><strong>1</strong></span> <span class='ocrx_word' id='word_1_255' title='bbox 3052 506 3217 561; x_wconf 88' lang='lat' dir='ltr'>super</span> <span class='ocrx_word' id='word_1_256' title='bbox 3236 505 3441 545; x_wconf 87' lang='lat' dir='ltr'>cornua</span> <span class='ocrx_word' id='word_1_257' title='bbox 3475 490 3618 545; x_wconf 86' lang='lat' dir='ltr'><strong>alta-</strong></span> 
     </span>
    </p>
   </div>
   <div class='ocr_carea' id='block_1_34' title="bbox 2043 581 3620 652">
    <p class='ocr_par' dir='ltr' id='par_1_34' title="bbox 2043 581 3620 652">
     <span class='ocr_line' id='line_1_34' title="bbox 2043 581 3620 652; baseline -0.001 -16"><span class='ocrx_word' id='word_1_258' title='bbox 2043 583 2119 636; x_wconf 89' lang='lat' dir='ltr'>ris</span> <span class='ocrx_word' id='word_1_259' title='bbox 2151 581 2567 652; x_wconf 85' lang='lat' dir='ltr'><strong>thymiamatum</strong></span> <span class='ocrx_word' id='word_1_260' title='bbox 2594 594 2656 634; x_wconf 76' lang='lat'><strong><em>+</em></strong></span> <span class='ocrx_word' id='word_1_261' title='bbox 2696 581 3108 650; x_wconf 73' lang='lat' dir='ltr'>compositionis</span> <span class='ocrx_word' id='word_1_262' title='bbox 3165 581 3188 647; x_wconf 95' lang='lat'><strong>1</strong></span> <span class='ocrx_word' id='word_1_263' title='bbox 3238 581 3383 650; x_wconf 90' lang='lat' dir='ltr'><strong>quod</strong></span> <span class='ocrx_word' id='word_1_264' title='bbox 3409 588 3494 634; x_wconf 89' lang='lat' dir='ltr'>est</span> <span class='ocrx_word' id='word_1_265' title='bbox 3523 596 3620 634; x_wconf 87' lang='lat' dir='ltr'><strong>co-</strong></span> 
     </span>
    </p>
   </div>
   <div class='ocr_carea' id='block_1_35' title="bbox 2041 671 3618 745">
    <p class='ocr_par' dir='ltr' id='par_1_35' title="bbox 2041 671 3618 745">
     <span class='ocr_line' id='line_1_35' title="bbox 2041 671 3618 745; baseline 0.001 -19"><span class='ocrx_word' id='word_1_266' title='bbox 2041 688 2160 727; x_wconf 85' lang='lat' dir='ltr'>ram</span> <span class='ocrx_word' id='word_1_267' title='bbox 2193 671 2445 738; x_wconf 85' lang='lat' dir='ltr'><strong>Domino,</strong></span> <span class='ocrx_word' id='word_1_268' title='bbox 2475 673 2618 742; x_wconf 84' lang='lat' dir='ltr'><strong>quod</strong></span> <span class='ocrx_word' id='word_1_269' title='bbox 2664 681 2746 727; x_wconf 88' lang='lat' dir='ltr'>est</span> <span class='ocrx_word' id='word_1_270' title='bbox 2791 673 2849 725; x_wconf 83' lang='lat' dir='ltr'>in</span> <span class='ocrx_word' id='word_1_271' title='bbox 2897 672 3249 745; x_wconf 84' lang='lat' dir='ltr'><strong>tabernaculo</strong></span> <span class='ocrx_word' id='word_1_272' title='bbox 3300 671 3618 728; x_wconf 79' lang='lat' dir='ltr'><strong>testimonii.</strong></span> 
     </span>
    </p>
   </div>
   <div class='ocr_carea' id='block_1_36' title="bbox 2042 760 3620 832">
    <p class='ocr_par' dir='ltr' id='par_1_36' title="bbox 2042 760 3620 832">
     <span class='ocr_line' id='line_1_36' title="bbox 2042 760 3620 832; baseline 0.001 -18"><span class='ocrx_word' id='word_1_273' title='bbox 2042 760 2111 815; x_wconf 88' lang='lat' dir='ltr'><strong>Et</strong></span> <span class='ocrx_word' id='word_1_274' title='bbox 2143 777 2358 816; x_wconf 89' lang='lat' dir='ltr'><strong>omnem</strong></span> <span class='ocrx_word' id='word_1_275' title='bbox 2389 763 2709 832; x_wconf 80' lang='lat' dir='ltr'><strong>sanguinem</strong></span> <span class='ocrx_word' id='word_1_276' title='bbox 2736 761 2975 815; x_wconf 82' lang='lat' dir='ltr'><strong>eli‘undet</strong></span> <span class='ocrx_word' id='word_1_277' title='bbox 3004 761 3069 814; x_wconf 89' lang='lat' dir='ltr'>ad</span> <span class='ocrx_word' id='word_1_278' title='bbox 3096 762 3271 815; x_wconf 81' lang='lat' dir='ltr'><strong>basim</strong></span> <span class='ocrx_word' id='word_1_279' title='bbox 3304 761 3491 816; x_wconf 88' lang='lat' dir='ltr'><strong>altaris</strong></span> <span class='ocrx_word' id='word_1_280' title='bbox 3519 763 3620 816; x_wconf 56' lang='lat' dir='ltr'><strong>hoc</strong></span> 
     </span>
    </p>
   </div>
   <div class='ocr_carea' id='block_1_37' title="bbox 2045 853 3621 923">
    <p class='ocr_par' dir='ltr' id='par_1_37' title="bbox 2045 853 3621 923">
     <span class='ocr_line' id='line_1_37' title="bbox 2045 853 3621 923; baseline -0.001 -16"><span class='ocrx_word' id='word_1_281' title='bbox 2045 854 2440 917; x_wconf 76' lang='lat' dir='ltr'><strong>locaustorum,</strong></span> <span class='ocrx_word' id='word_1_282' title='bbox 2462 854 2608 923; x_wconf 88' lang='lat' dir='ltr'><strong>quod</strong></span> <span class='ocrx_word' id='word_1_283' title='bbox 2627 863 2710 908; x_wconf 92' lang='lat' dir='ltr'>est</span> <span class='ocrx_word' id='word_1_284' title='bbox 2733 853 2875 923; x_wconf 86' lang='lat' dir='ltr'><strong>apud</strong></span> <span class='ocrx_word' id='word_1_285' title='bbox 2899 855 3102 907; x_wconf 91' lang='lat' dir='ltr'><strong>ostium</strong></span> <span class='ocrx_word' id='word_1_286' title='bbox 3126 855 3459 908; x_wconf 77' lang='lat' dir='ltr'><strong>tabernaculi</strong></span> <span class='ocrx_word' id='word_1_287' title='bbox 3477 855 3621 909; x_wconf 73' lang='lat' dir='ltr'><strong>tecti-</strong></span> 
     </span>
    </p>
   </div>
   <div class='ocr_carea' id='block_1_38' title="bbox 2043 945 3623 1014">
    <p class='ocr_par' dir='ltr' id='par_1_38' title="bbox 2043 945 3623 1014">
     <span class='ocr_line' id='line_1_38' title="bbox 2043 945 3623 1014; baseline 0 -14"><span class='ocrx_word' id='word_1_288' title='bbox 2043 946 2234 1000; x_wconf 88' lang='lat' dir='ltr'><strong>monii.</strong></span> <span class='ocrx_word' id='word_1_289' title='bbox 2266 945 2353 999; x_wconf 75' lang='lat' dir='ltr'><strong>l9.</strong></span> <span class='ocrx_word' id='word_1_290' title='bbox 2389 945 2455 999; x_wconf 88' lang='lat' dir='ltr'><strong>Et</strong></span> <span class='ocrx_word' id='word_1_291' title='bbox 2484 961 2700 1000; x_wconf 87' lang='lat' dir='ltr'><strong>omnem</strong></span> <span class='ocrx_word' id='word_1_292' title='bbox 2728 945 2941 1014; x_wconf 84' lang='lat' dir='ltr'><strong>adipem</strong></span> <span class='ocrx_word' id='word_1_293' title='bbox 2975 945 3185 1000; x_wconf 81' lang='lat' dir='ltr'><strong>auferet</strong></span> <span class='ocrx_word' id='word_1_294' title='bbox 3214 946 3334 1014; x_wconf 86' lang='lat' dir='ltr'><strong>ejus</strong></span> <span class='ocrx_word' id='word_1_295' title='bbox 3357 945 3426 999; x_wconf 88' lang='lat' dir='ltr'>ab</span> <span class='ocrx_word' id='word_1_296' title='bbox 3449 960 3536 1012; x_wconf 85' lang='lat' dir='ltr'>eo,</span> <span class='ocrx_word' id='word_1_297' title='bbox 3567 955 3623 1000; x_wconf 88' lang='lat' dir='ltr'>et</span> 
     </span>
    </p>
   </div>
   <div class='ocr_carea' id='block_1_39' title="bbox 2045 1037 3618 1108">
    <p class='ocr_par' dir='ltr' id='par_1_39' title="bbox 2045 1037 3618 1108">
     <span class='ocr_line' id='line_1_39' title="bbox 2045 1037 3618 1108; baseline -0.003 -14"><span class='ocrx_word' id='word_1_298' title='bbox 2045 1038 2233 1094; x_wconf 73' lang='lat' dir='ltr'><strong>oﬂ‘erct</strong></span> <span class='ocrx_word' id='word_1_299' title='bbox 2256 1054 2420 1108; x_wconf 82' lang='lat' dir='ltr'><strong>super</strong></span> <span class='ocrx_word' id='word_1_300' title='bbox 2447 1038 2640 1094; x_wconf 88' lang='lat' dir='ltr'><strong>altare.</strong></span> <span class='ocrx_word' id='word_1_301' title='bbox 2673 1037 2765 1093; x_wconf 83' lang='grc'>20.</span> <span class='ocrx_word' id='word_1_302' title='bbox 2793 1037 2860 1093; x_wconf 86' lang='grc' dir='ltr'>Ει</span> <span class='ocrx_word' id='word_1_303' title='bbox 2884 1037 3048 1093; x_wconf 78' lang='lat' dir='ltr'><strong>faciet</strong></span> <span class='ocrx_word' id='word_1_304' title='bbox 3083 1039 3337 1093; x_wconf 85' lang='lat' dir='ltr'><strong>vitulum.</strong></span> <span class='ocrx_word' id='word_1_305' title='bbox 3412 1075 3428 1091; x_wconf 96' lang='lat'>.</span> <span class='ocrx_word' id='word_1_306' title='bbox 3507 1075 3522 1090; x_wconf 93' lang='lat'>.</span> <span class='ocrx_word' id='word_1_307' title='bbox 3601 1075 3618 1090; x_wconf 91' lang='lat'>.</span> 
     </span>
    </p>
   </div>
   <div class='ocr_carea' id='block_1_40' title="bbox 2045 1222 3626 1299">
    <p class='ocr_par' dir='ltr' id='par_1_40' title="bbox 2045 1222 3626 1299">
     <span class='ocr_line' id='line_1_40' title="bbox 2045 1222 3626 1299; baseline -0.004 -15"><span class='ocrx_word' id='word_1_308' title='bbox 2045 1237 2099 1284; x_wconf 86' lang='lat' dir='ltr'>et</span> <span class='ocrx_word' id='word_1_309' title='bbox 2126 1229 2514 1299; x_wconf 87' lang='lat' dir='ltr'><strong>depropitiabit</strong></span> <span class='ocrx_word' id='word_1_310' title='bbox 2543 1243 2642 1298; x_wconf 90' lang='lat' dir='ltr'>pro</span> <span class='ocrx_word' id='word_1_311' title='bbox 2691 1228 2774 1283; x_wconf 89' lang='lat' dir='ltr'>eis</span> <span class='ocrx_word' id='word_1_312' title='bbox 2809 1226 3070 1283; x_wconf 88' lang='lat' dir='ltr'><strong>sacerdos</strong></span> <span class='ocrx_word' id='word_1_313' title='bbox 3125 1234 3179 1279; x_wconf 91' lang='lat' dir='ltr'>et</span> <span class='ocrx_word' id='word_1_314' title='bbox 3205 1223 3510 1279; x_wconf 86' lang='lat' dir='ltr'><strong>dimittetur</strong></span> <span class='ocrx_word' id='word_1_315' title='bbox 3542 1222 3626 1278; x_wconf 83' lang='lat' dir='ltr'>eis</span> 
     </span>
    </p>
   </div>
   <div class='ocr_carea' id='block_1_41' title="bbox 2049 1315 3622 1390">
    <p class='ocr_par' dir='ltr' id='par_1_41' title="bbox 2049 1315 3622 1390">
     <span class='ocr_line' id='line_1_41' title="bbox 2049 1315 3622 1390; baseline -0.005 -14"><span class='ocrx_word' id='word_1_316' title='bbox 2049 1336 2112 1376; x_wconf 48' lang='grc' dir='ltr'>σε</span> <span class='ocrx_word' id='word_1_317' title='bbox 2142 1331 2424 1390; x_wconf 88' lang='lat' dir='ltr'><strong>peccatum</strong></span> <span class='ocrx_word' id='word_1_318' title='bbox 2470 1321 2492 1388; x_wconf 97' lang='lat'><strong>1</strong></span> <span class='ocrx_word' id='word_1_319' title='bbox 2535 1321 2625 1374; x_wconf 85' lang='grc'>21.</span> <span class='ocrx_word' id='word_1_320' title='bbox 2661 1319 2727 1374; x_wconf 88' lang='grc' dir='ltr'>Ει</span> <span class='ocrx_word' id='word_1_321' title='bbox 2777 1319 3004 1375; x_wconf 72' lang='lat' dir='ltr'><strong>etferent</strong></span> <span class='ocrx_word' id='word_1_322' title='bbox 3031 1317 3260 1372; x_wconf 77' lang='lat' dir='ltr'><strong>vitulum</strong></span> <span class='ocrx_word' id='word_1_323' title='bbox 3290 1329 3353 1371; x_wconf 78' lang='grc' dir='ltr'>-ι-</span> <span class='ocrx_word' id='word_1_324' title='bbox 3383 1323 3556 1370; x_wconf 88' lang='lat' dir='ltr'><strong>totum</strong></span> <span class='ocrx_word' id='word_1_325' title='bbox 3598 1315 3622 1384; x_wconf 94' lang='lat'><strong>1</strong></span> 
     </span>
    </p>
   </div>
   <div class='ocr_carea' id='block_1_42' title="bbox 2045 1405 3624 1475">
    <p class='ocr_par' dir='ltr' id='par_1_42' title="bbox 2045 1405 3624 1475">
     <span class='ocr_line' id='line_1_42' title="bbox 2045 1405 3624 1475; baseline -0.004 -12"><span class='ocrx_word' id='word_1_326' title='bbox 2045 1419 2198 1463; x_wconf 84' lang='lat' dir='ltr'><strong>extra</strong></span> <span class='ocrx_word' id='word_1_327' title='bbox 2221 1417 2420 1464; x_wconf 84' lang='lat' dir='ltr'><strong>castra.</strong></span> <span class='ocrx_word' id='word_1_328' title='bbox 2449 1409 2516 1463; x_wconf 86' lang='lat' dir='ltr'><strong>Et</strong></span> <span class='ocrx_word' id='word_1_329' title='bbox 2538 1409 2860 1464; x_wconf 87' lang='lat' dir='ltr'><strong>comburent</strong></span> <span class='ocrx_word' id='word_1_330' title='bbox 2881 1408 3136 1472; x_wconf 86' lang='lat' dir='ltr'><strong>vitulum,</strong></span> <span class='ocrx_word' id='word_1_331' title='bbox 3161 1405 3624 1475; x_wconf 86' lang='lat' dir='ltr'><strong>quemadmodum</strong></span> 
     </span>
    </p>
   </div>
   <div class='ocr_carea' id='block_1_43' title="bbox 2047 1493 3625 1566">
    <p class='ocr_par' dir='ltr' id='par_1_43' title="bbox 2047 1493 3625 1566">
     <span class='ocr_line' id='line_1_43' title="bbox 2047 1493 3625 1566; baseline -0.001 -18"><span class='ocrx_word' id='word_1_332' title='bbox 2047 1495 2470 1551; x_wconf 87' lang='lat' dir='ltr'><strong>combusserunt</strong></span> <span class='ocrx_word' id='word_1_333' title='bbox 2498 1496 2727 1551; x_wconf 84' lang='lat' dir='ltr'><strong>vitulum</strong></span> <span class='ocrx_word' id='word_1_334' title='bbox 2759 1495 2994 1566; x_wconf 88' lang='lat' dir='ltr'><strong>priorem</strong></span> <span class='ocrx_word' id='word_1_335' title='bbox 3025 1513 3039 1549; x_wconf 92' lang='lat'>:</span> <span class='ocrx_word' id='word_1_336' title='bbox 3075 1495 3286 1566; x_wconf 88' lang='lat' dir='ltr'><strong>peccati</strong></span> <span class='ocrx_word' id='word_1_337' title='bbox 3324 1493 3625 1565; x_wconf 68' lang='lat' dir='ltr'><strong>Synagoga:</strong></span> 
     </span>
    </p>
   </div>
   <div class='ocr_carea' id='block_1_44' title="bbox 2047 1596 2151 1642">
    <p class='ocr_par' dir='ltr' id='par_1_44' title="bbox 2047 1596 2151 1642">
     <span class='ocr_line' id='line_1_44' title="bbox 2047 1596 2151 1642; baseline -0.01 -1"><span class='ocrx_word' id='word_1_338' title='bbox 2047 1596 2151 1642; x_wconf 90' lang='lat' dir='ltr'><strong>est.</strong></span> 
     </span>
    </p>
   </div>
   <div class='ocr_carea' id='block_1_45' title="bbox 2119 1868 3628 1940">
    <p class='ocr_par' dir='ltr' id='par_1_45' title="bbox 2119 1868 3628 1940">
     <span class='ocr_line' id='line_1_45' title="bbox 2119 1868 3628 1940; baseline 0.001 -17"><span class='ocrx_word' id='word_1_339' title='bbox 2119 1870 2208 1924; x_wconf 88' lang='grc'>22.</span> <span class='ocrx_word' id='word_1_340' title='bbox 2241 1868 2296 1924; x_wconf 90' lang='lat' dir='ltr'><strong>Si</strong></span> <span class='ocrx_word' id='word_1_341' title='bbox 2323 1877 2503 1924; x_wconf 86' lang='lat' dir='ltr'><strong>autem</strong></span> <span class='ocrx_word' id='word_1_342' title='bbox 2529 1869 2783 1939; x_wconf 90' lang='lat' dir='ltr'><strong>princeps</strong></span> <span class='ocrx_word' id='word_1_343' title='bbox 2806 1871 3132 1940; x_wconf 85' lang='lat' dir='ltr'><strong>peccaverit,</strong></span> <span class='ocrx_word' id='word_1_344' title='bbox 3164 1878 3220 1926; x_wconf 91' lang='lat' dir='ltr'>ct</span> <span class='ocrx_word' id='word_1_345' title='bbox 3245 1869 3436 1927; x_wconf 84' lang='lat' dir='ltr'><strong>fecerit</strong></span> <span class='ocrx_word' id='word_1_346' title='bbox 3457 1884 3628 1925; x_wconf 89' lang='lat' dir='ltr'><strong>unum</strong></span> 
     </span>
    </p>
   </div>
   <div class='ocr_carea' id='block_1_46' title="bbox 2049 1959 3626 2032">
    <p class='ocr_par' dir='ltr' id='par_1_46' title="bbox 2049 1959 3626 2032">
     <span class='ocr_line' id='line_1_46' title="bbox 2049 1959 3626 2032; baseline 0 -17"><span class='ocrx_word' id='word_1_347' title='bbox 2049 1959 2117 2016; x_wconf 92' lang='lat' dir='ltr'>de</span> <span class='ocrx_word' id='word_1_348' title='bbox 2138 1961 2394 2016; x_wconf 89' lang='lat' dir='ltr'><strong>omnibus</strong></span> <span class='ocrx_word' id='word_1_349' title='bbox 2421 1961 2694 2016; x_wconf 73' lang='lat' dir='ltr'><strong>mandatis</strong></span> <span class='ocrx_word' id='word_1_350' title='bbox 2718 1959 2933 2015; x_wconf 90' lang='lat' dir='ltr'><strong>Domini</strong></span> <span class='ocrx_word' id='word_1_351' title='bbox 2957 1960 3051 2016; x_wconf 90' lang='lat' dir='ltr'><strong>Dei</strong></span> <span class='ocrx_word' id='word_1_352' title='bbox 3073 1962 3182 2029; x_wconf 89' lang='lat' dir='ltr'><strong>sui,</strong></span> <span class='ocrx_word' id='word_1_353' title='bbox 3205 1961 3351 2032; x_wconf 88' lang='lat' dir='ltr'><strong>quod</strong></span> <span class='ocrx_word' id='word_1_354' title='bbox 3381 1976 3491 2016; x_wconf 89' lang='lat' dir='ltr'>non</span> <span class='ocrx_word' id='word_1_355' title='bbox 3512 1961 3626 2025; x_wconf 83' lang='lat' dir='ltr'><strong>ﬁet,</strong></span> 
     </span>
    </p>
   </div>
   <div class='ocr_carea' id='block_1_47' title="bbox 2049 2051 3628 2123">
    <p class='ocr_par' dir='ltr' id='par_1_47' title="bbox 2049 2051 3628 2123">
     <span class='ocr_line' id='line_1_47' title="bbox 2049 2051 3628 2123; baseline 0 -17"><span class='ocrx_word' id='word_1_356' title='bbox 2049 2068 2158 2107; x_wconf 92' lang='lat' dir='ltr'>non</span> <span class='ocrx_word' id='word_1_357' title='bbox 2194 2061 2406 2121; x_wconf 89' lang='lat' dir='ltr'><strong>sponte,</strong></span> <span class='ocrx_word' id='word_1_358' title='bbox 2439 2061 2493 2107; x_wconf 89' lang='lat' dir='ltr'>et</span> <span class='ocrx_word' id='word_1_359' title='bbox 2529 2051 2840 2122; x_wconf 83' lang='lat' dir='ltr'><strong>deliquerit,</strong></span> <span class='ocrx_word' id='word_1_360' title='bbox 2876 2053 2965 2107; x_wconf 77' lang='grc'>25.</span> <span class='ocrx_word' id='word_1_361' title='bbox 3003 2051 3069 2107; x_wconf 84' lang='grc' dir='ltr'>Ει</span> <span class='ocrx_word' id='word_1_362' title='bbox 3101 2053 3402 2108; x_wconf 84' lang='lat' dir='ltr'><strong>innotuerit</strong></span> <span class='ocrx_word' id='word_1_363' title='bbox 3424 2053 3474 2107; x_wconf 90' lang='lat' dir='ltr'>ei</span> <span class='ocrx_word' id='word_1_364' title='bbox 3498 2067 3628 2123; x_wconf 92' lang='lat' dir='ltr'><strong>pec-</strong></span> 
     </span>
    </p>
   </div>
   <div class='ocr_carea' id='block_1_48' title="bbox 2049 2145 3631 2216">
    <p class='ocr_par' dir='ltr' id='par_1_48' title="bbox 2049 2145 3631 2216">
     <span class='ocr_line' id='line_1_48' title="bbox 2049 2145 3631 2216; baseline -0.001 -17"><span class='ocrx_word' id='word_1_365' title='bbox 2049 2154 2251 2212; x_wconf 82' lang='lat' dir='ltr'><strong>catum,</strong></span> <span class='ocrx_word' id='word_1_366' title='bbox 2286 2146 2431 2216; x_wconf 90' lang='lat' dir='ltr'><strong>quod</strong></span> <span class='ocrx_word' id='word_1_367' title='bbox 2465 2145 2707 2215; x_wconf 74' lang='lat' dir='ltr'><strong>peccavit</strong></span> <span class='ocrx_word' id='word_1_368' title='bbox 2728 2145 2784 2200; x_wconf 89' lang='lat' dir='ltr'>in</span> <span class='ocrx_word' id='word_1_369' title='bbox 2816 2161 2902 2213; x_wconf 89' lang='lat' dir='ltr'>eo,</span> <span class='ocrx_word' id='word_1_370' title='bbox 2933 2154 2987 2201; x_wconf 91' lang='lat' dir='ltr'>et</span> <span class='ocrx_word' id='word_1_371' title='bbox 3021 2145 3210 2200; x_wconf 79' lang='lat' dir='ltr'><strong>oﬂ&#39;eret</strong></span> <span class='ocrx_word' id='word_1_372' title='bbox 3239 2161 3442 2200; x_wconf 89' lang='lat' dir='ltr'><strong>munus</strong></span> <span class='ocrx_word' id='word_1_373' title='bbox 3468 2159 3631 2200; x_wconf 87' lang='lat' dir='ltr'><strong>suum</strong></span> 
     </span>
    </p>
   </div>
   <div class='ocr_carea' id='block_1_49' title="bbox 2050 2235 2580 2292">
    <p class='ocr_par' dir='ltr' id='par_1_49' title="bbox 2050 2235 2580 2292">
     <span class='ocr_line' id='line_1_49' title="bbox 2050 2235 2580 2292; baseline 0.006 -3"><span class='ocrx_word' id='word_1_374' title='bbox 2050 2235 2285 2291; x_wconf 88' lang='lat' dir='ltr'><strong>hircum.</strong></span> <span class='ocrx_word' id='word_1_375' title='bbox 2375 2276 2392 2291; x_wconf 94' lang='lat'>.</span> <span class='ocrx_word' id='word_1_376' title='bbox 2473 2276 2488 2292; x_wconf 93' lang='lat'>.</span> <span class='ocrx_word' id='word_1_377' title='bbox 2566 2277 2580 2292; x_wconf 97' lang='lat'>.</span> 
     </span>
    </p>
   </div>
   <div class='ocr_carea' id='block_1_50' title="bbox 2118 2418 3634 2491">
    <p class='ocr_par' dir='ltr' id='par_1_50' title="bbox 2118 2418 3634 2491">
     <span class='ocr_line' id='line_1_50' title="bbox 2118 2418 3634 2491; baseline -0.001 -17"><span class='ocrx_word' id='word_1_378' title='bbox 2118 2421 2256 2476; x_wconf 72' lang='lat'><strong>24...</strong></span> <span class='ocrx_word' id='word_1_379' title='bbox 2282 2421 2442 2486; x_wconf 85' lang='lat' dir='ltr'><strong>hirci,</strong></span> <span class='ocrx_word' id='word_1_380' title='bbox 2461 2428 2515 2475; x_wconf 90' lang='lat' dir='ltr'>et</span> <span class='ocrx_word' id='word_1_381' title='bbox 2533 2420 2861 2491; x_wconf 84' lang='lat' dir='ltr'><strong>jugulabunt</strong></span> <span class='ocrx_word' id='word_1_382' title='bbox 2877 2435 3000 2475; x_wconf 92' lang='lat' dir='ltr'>eum</span> <span class='ocrx_word' id='word_1_383' title='bbox 3020 2420 3074 2474; x_wconf 94' lang='lat' dir='ltr'>in</span> <span class='ocrx_word' id='word_1_384' title='bbox 3101 2420 3242 2484; x_wconf 91' lang='lat' dir='ltr'><strong>loco,</strong></span> <span class='ocrx_word' id='word_1_385' title='bbox 3261 2419 3354 2473; x_wconf 93' lang='lat' dir='ltr'>ubi</span> <span class='ocrx_word' id='word_1_386' title='bbox 3377 2418 3634 2489; x_wconf 73' lang='lat' dir='ltr'><strong>iugulant</strong></span> 
     </span>
    </p>
   </div>
   <div class='ocr_carea' id='block_1_51' title="bbox 2049 2506 3631 2578">
    <p class='ocr_par' dir='ltr' id='par_1_51' title="bbox 2049 2506 3631 2578">
     <span class='ocr_line' id='line_1_51' title="bbox 2049 2506 3631 2578; baseline 0.003 -18"><span class='ocrx_word' id='word_1_387' title='bbox 2049 2506 2492 2562; x_wconf 88' lang='lat' dir='ltr'><strong>holocautomata</strong></span> <span class='ocrx_word' id='word_1_388' title='bbox 2524 2522 2709 2562; x_wconf 90' lang='lat' dir='ltr'><strong>coram</strong></span> <span class='ocrx_word' id='word_1_389' title='bbox 2746 2507 2976 2562; x_wconf 88' lang='lat' dir='ltr'><strong>Domino</strong></span> <span class='ocrx_word' id='word_1_390' title='bbox 3011 2525 3024 2562; x_wconf 90' lang='lat'><strong>:</strong></span> <span class='ocrx_word' id='word_1_391' title='bbox 3058 2508 3270 2578; x_wconf 84' lang='lat' dir='ltr'><strong>peccati</strong></span> <span class='ocrx_word' id='word_1_392' title='bbox 3313 2517 3416 2563; x_wconf 91' lang='lat' dir='ltr'><strong>est.</strong></span> <span class='ocrx_word' id='word_1_393' title='bbox 3443 2507 3537 2563; x_wconf 79' lang='lat'>25.</span> <span class='ocrx_word' id='word_1_394' title='bbox 3566 2507 3631 2564; x_wconf 80' lang='lat' dir='ltr'><strong>Et</strong></span> 
     </span>
    </p>
   </div>
   <div class='ocr_carea' id='block_1_52' title="bbox 2049 2593 3631 2666">
    <p class='ocr_par' dir='ltr' id='par_1_52' title="bbox 2049 2593 3631 2666">
     <span class='ocr_line' id='line_1_52' title="bbox 2049 2593 3631 2666; baseline 0.004 -20"><span class='ocrx_word' id='word_1_395' title='bbox 2049 2593 2293 2662; x_wconf 90' lang='lat' dir='ltr'><strong>imponet</strong></span> <span class='ocrx_word' id='word_1_396' title='bbox 2319 2595 2576 2649; x_wconf 88' lang='lat' dir='ltr'><strong>sacerdos</strong></span> <span class='ocrx_word' id='word_1_397' title='bbox 2605 2595 2672 2649; x_wconf 89' lang='lat' dir='ltr'>de</span> <span class='ocrx_word' id='word_1_398' title='bbox 2703 2596 2993 2666; x_wconf 79' lang='lat' dir='ltr'><strong>sanguine,</strong></span> <span class='ocrx_word' id='word_1_399' title='bbox 3027 2597 3122 2666; x_wconf 91' lang='lat' dir='ltr'>qui</span> <span class='ocrx_word' id='word_1_400' title='bbox 3163 2597 3373 2666; x_wconf 90' lang='lat' dir='ltr'><strong>peccati</strong></span> <span class='ocrx_word' id='word_1_401' title='bbox 3409 2605 3513 2660; x_wconf 91' lang='lat' dir='ltr'><strong>est,</strong></span> <span class='ocrx_word' id='word_1_402' title='bbox 3545 2596 3631 2652; x_wconf 82' lang='lat' dir='ltr'><strong>di-</strong></span> 
     </span>
    </p>
   </div>
   <div class='ocr_carea' id='block_1_53' title="bbox 2049 2682 3637 2756">
    <p class='ocr_par' dir='ltr' id='par_1_53' title="bbox 2049 2682 3637 2756">
     <span class='ocr_line' id='line_1_53' title="bbox 2049 2682 3637 2756; baseline 0.003 -21"><span class='ocrx_word' id='word_1_403' title='bbox 2049 2682 2162 2752; x_wconf 85' lang='lat' dir='ltr'><strong>gito</strong></span> <span class='ocrx_word' id='word_1_404' title='bbox 2197 2698 2318 2746; x_wconf 92' lang='lat' dir='ltr'><strong>suo,</strong></span> <span class='ocrx_word' id='word_1_405' title='bbox 2352 2692 2407 2738; x_wconf 93' lang='lat' dir='ltr'>et</span> <span class='ocrx_word' id='word_1_406' title='bbox 2431 2698 2494 2739; x_wconf 82' lang='grc' dir='ltr'>-ι-</span> <span class='ocrx_word' id='word_1_407' title='bbox 2520 2684 2672 2740; x_wconf 88' lang='lat' dir='ltr'><strong>dabit</strong></span> <span class='ocrx_word' id='word_1_408' title='bbox 2721 2686 2741 2754; x_wconf 87' lang='lat'><strong>1</strong></span> <span class='ocrx_word' id='word_1_409' title='bbox 2793 2702 2959 2756; x_wconf 88' lang='lat' dir='ltr'><strong>super</strong></span> <span class='ocrx_word' id='word_1_410' title='bbox 3007 2703 3216 2743; x_wconf 89' lang='lat' dir='ltr'><strong>cornua</strong></span> <span class='ocrx_word' id='word_1_411' title='bbox 3263 2687 3452 2743; x_wconf 86' lang='lat' dir='ltr'><strong>altaris</strong></span> <span class='ocrx_word' id='word_1_412' title='bbox 3480 2687 3637 2742; x_wconf 82' lang='lat' dir='ltr'><strong>holo-</strong></span> 
     </span>
    </p>
   </div>
   <div class='ocr_carea' id='block_1_54' title="bbox 2048 2778 3637 2848">
    <p class='ocr_par' dir='ltr' id='par_1_54' title="bbox 2048 2778 3637 2848">
     <span class='ocr_line' id='line_1_54' title="bbox 2048 2778 3637 2848; baseline 0.004 -20"><span class='ocrx_word' id='word_1_413' title='bbox 2048 2783 2420 2829; x_wconf 81' lang='lat' dir='ltr'><strong>cautomatum</strong></span> <span class='ocrx_word' id='word_1_414' title='bbox 2458 2784 2558 2831; x_wconf 90' lang='lat' dir='ltr'><strong>:et</strong></span> <span class='ocrx_word' id='word_1_415' title='bbox 2605 2791 2827 2832; x_wconf 90' lang='lat' dir='ltr'><strong>omnem</strong></span> <span class='ocrx_word' id='word_1_416' title='bbox 2894 2779 3218 2848; x_wconf 83' lang='lat' dir='ltr'><strong>sanguinem</strong></span> <span class='ocrx_word' id='word_1_417' title='bbox 3278 2778 3399 2848; x_wconf 84' lang='lat' dir='ltr'><strong>ejus</strong></span> <span class='ocrx_word' id='word_1_418' title='bbox 3458 2778 3637 2834; x_wconf 77' lang='lat' dir='ltr'><strong>effun-</strong></span> 
     </span>
    </p>
   </div>
   <div class='ocr_carea' id='block_1_55' title="bbox 2050 2865 3635 2924">
    <p class='ocr_par' dir='ltr' id='par_1_55' title="bbox 2050 2865 3635 2924">
     <span class='ocr_line' id='line_1_55' title="bbox 2050 2865 3635 2924; baseline 0.003 -5"><span class='ocrx_word' id='word_1_419' title='bbox 2050 2865 2140 2919; x_wconf 87' lang='lat' dir='ltr'>det</span> <span class='ocrx_word' id='word_1_420' title='bbox 2166 2866 2234 2920; x_wconf 87' lang='lat' dir='ltr'>ad</span> <span class='ocrx_word' id='word_1_421' title='bbox 2259 2866 2433 2920; x_wconf 85' lang='lat' dir='ltr'><strong>basim</strong></span> <span class='ocrx_word' id='word_1_422' title='bbox 2469 2867 2660 2922; x_wconf 85' lang='lat' dir='ltr'><strong>altaris</strong></span> <span class='ocrx_word' id='word_1_423' title='bbox 2715 2867 3216 2922; x_wconf 88' lang='lat' dir='ltr'><strong>bolocautomatum</strong></span> <span class='ocrx_word' id='word_1_424' title='bbox 3255 2868 3388 2924; x_wconf 73' lang='lat'><strong>:26.</strong></span> <span class='ocrx_word' id='word_1_425' title='bbox 3410 2865 3476 2922; x_wconf 89' lang='lat' dir='ltr'><strong>Et</strong></span> <span class='ocrx_word' id='word_1_426' title='bbox 3513 2883 3635 2923; x_wconf 90' lang='lat' dir='ltr'><strong>om-</strong></span> 
     </span>
    </p>
   </div>
   <div class='ocr_carea' id='block_1_56' title="bbox 2051 2954 3628 3030">
    <p class='ocr_par' dir='ltr' id='par_1_56' title="bbox 2051 2954 3628 3030">
     <span class='ocr_line' id='line_1_56' title="bbox 2051 2954 3628 3030; baseline 0.001 -18"><span class='ocrx_word' id='word_1_427' title='bbox 2051 2972 2176 3012; x_wconf 89' lang='lat' dir='ltr'>nem</span> <span class='ocrx_word' id='word_1_428' title='bbox 2204 2957 2416 3027; x_wconf 88' lang='lat' dir='ltr'><strong>adipem</strong></span> <span class='ocrx_word' id='word_1_429' title='bbox 2441 2957 2562 3026; x_wconf 87' lang='lat' dir='ltr'><strong>ejus</strong></span> <span class='ocrx_word' id='word_1_430' title='bbox 2589 2957 2779 3013; x_wconf 78' lang='lat' dir='ltr'><strong>oﬂ‘eret</strong></span> <span class='ocrx_word' id='word_1_431' title='bbox 2811 2974 2976 3028; x_wconf 90' lang='lat' dir='ltr'><strong>super</strong></span> <span class='ocrx_word' id='word_1_432' title='bbox 2996 2954 3208 3027; x_wconf 88' lang='lat' dir='ltr'><strong>altare,</strong></span> <span class='ocrx_word' id='word_1_433' title='bbox 3240 2959 3383 3016; x_wconf 89' lang='lat' dir='ltr'><strong>sicut</strong></span> <span class='ocrx_word' id='word_1_434' title='bbox 3411 2960 3628 3030; x_wconf 88' lang='lat' dir='ltr'><strong>adipem</strong></span> 
     </span>
    </p>
   </div>
   <div class='ocr_carea' id='block_1_57' title="bbox 2055 3049 3634 3124">
    <p class='ocr_par' dir='ltr' id='par_1_57' title="bbox 2055 3049 3634 3124">
     <span class='ocr_line' id='line_1_57' title="bbox 2055 3049 3634 3124; baseline 0.003 -18"><span class='ocrx_word' id='word_1_435' title='bbox 2055 3049 2311 3108; x_wconf 81' lang='lat' dir='ltr'><strong>sacriﬁcii</strong></span> <span class='ocrx_word' id='word_1_436' title='bbox 2345 3051 2622 3109; x_wconf 84' lang='lat' dir='ltr'><strong>salutaris.</strong></span> <span class='ocrx_word' id='word_1_437' title='bbox 2648 3049 2716 3107; x_wconf 88' lang='lat' dir='ltr'><strong>Et</strong></span> <span class='ocrx_word' id='word_1_438' title='bbox 2737 3051 3124 3123; x_wconf 87' lang='lat' dir='ltr'><strong>depropitiabit</strong></span> <span class='ocrx_word' id='word_1_439' title='bbox 3143 3068 3264 3124; x_wconf 89' lang='lat' dir='ltr'><strong>pro.</strong></span> <span class='ocrx_word' id='word_1_440' title='bbox 3329 3094 3343 3108; x_wconf 95' lang='lat'>.</span> <span class='ocrx_word' id='word_1_441' title='bbox 3421 3094 3437 3110; x_wconf 98' lang='lat'>.</span> <span class='ocrx_word' id='word_1_442' title='bbox 3521 3090 3538 3106; x_wconf 98' lang='lat'>.</span> <span class='ocrx_word' id='word_1_443' title='bbox 3625 3090 3634 3110; x_wconf 89' lang='lat'>.</span> 
     </span>
    </p>
   </div>
   <div class='ocr_carea' id='block_1_58' title="bbox 2061 3176 3634 3208">
    <p class='ocr_par' dir='ltr' id='par_1_58' title="bbox 2061 3176 3634 3208">
     <span class='ocr_line' id='line_1_58' title="bbox 2061 3176 3634 3208; baseline 0.006 -11"><span class='ocrx_word' id='word_1_444' title='bbox 2061 3183 2076 3197; x_wconf 78' lang='grc' dir='ltr'>ο</span> <span class='ocrx_word' id='word_1_445' title='bbox 2156 3182 2171 3198; x_wconf 76' lang='grc' dir='ltr'>ο</span> <span class='ocrx_word' id='word_1_446' title='bbox 2250 3183 2266 3198; x_wconf 80' lang='grc' dir='ltr'>ο</span> <span class='ocrx_word' id='word_1_447' title='bbox 2345 3185 2359 3198; x_wconf 79' lang='grc' dir='ltr'>ο</span> <span class='ocrx_word' id='word_1_448' title='bbox 2438 3181 2454 3197; x_wconf 89' lang='lat'>0</span> <span class='ocrx_word' id='word_1_449' title='bbox 2534 3184 2550 3199; x_wconf 79' lang='grc' dir='ltr'>ο</span> <span class='ocrx_word' id='word_1_450' title='bbox 2634 3182 2649 3196; x_wconf 83' lang='lat'>0</span> <span class='ocrx_word' id='word_1_451' title='bbox 2728 3183 2743 3199; x_wconf 78' lang='grc' dir='ltr'>ο</span> <span class='ocrx_word' id='word_1_452' title='bbox 2827 3183 2844 3199; x_wconf 80' lang='grc' dir='ltr'>ο</span> <span class='ocrx_word' id='word_1_453' title='bbox 2937 3187 2951 3200; x_wconf 76' lang='grc' dir='ltr'>ο</span> <span class='ocrx_word' id='word_1_454' title='bbox 3029 3182 3044 3198; x_wconf 74' lang='grc' dir='ltr'>ο</span> <span class='ocrx_word' id='word_1_455' title='bbox 3124 3184 3140 3199; x_wconf 87' lang='lat'>0</span> <span class='ocrx_word' id='word_1_456' title='bbox 3219 3186 3234 3202; x_wconf 80' lang='grc' dir='ltr'>ο</span> <span class='ocrx_word' id='word_1_457' title='bbox 3318 3186 3332 3201; x_wconf 77' lang='lat'>0</span> <span class='ocrx_word' id='word_1_458' title='bbox 3416 3184 3433 3199; x_wconf 85' lang='lat'>0</span> <span class='ocrx_word' id='word_1_459' title='bbox 3512 3180 3535 3205; x_wconf 64' lang='grc' dir='ltr'>ὖ</span> <span class='ocrx_word' id='word_1_460' title='bbox 3614 3176 3634 3208; x_wconf 63' lang='grc' dir='ltr'><em>Ἄ</em></span> 
     </span>
    </p>
   </div>
   <div class='ocr_carea' id='block_1_59' title="bbox 2021 3273 3612 3294">
    <p class='ocr_par' dir='ltr' id='par_1_59' title="bbox 2021 3273 3612 3294">
     <span class='ocr_line' id='line_1_59' title="bbox 2021 3273 3612 3294; baseline 0.003 -5"><span class='ocrx_word' id='word_1_461' title='bbox 2021 3277 2037 3291; x_wconf 70' lang='grc' dir='ltr'>ο</span> <span class='ocrx_word' id='word_1_462' title='bbox 2120 3277 2133 3290; x_wconf 75' lang='grc' dir='ltr'>α</span> <span class='ocrx_word' id='word_1_463' title='bbox 2217 3273 2231 3289; x_wconf 92' lang='lat'>0</span> <span class='ocrx_word' id='word_1_464' title='bbox 2313 3275 2328 3288; x_wconf 89' lang='lat'>0</span> <span class='ocrx_word' id='word_1_465' title='bbox 2411 3274 2426 3288; x_wconf 97' lang='lat'>0</span> <span class='ocrx_word' id='word_1_466' title='bbox 2508 3277 2524 3290; x_wconf 80' lang='grc' dir='ltr'>ο</span> <span class='ocrx_word' id='word_1_467' title='bbox 2607 3273 2624 3289; x_wconf 89' lang='lat'>0</span> <span class='ocrx_word' id='word_1_468' title='bbox 2705 3273 2722 3288; x_wconf 88' lang='lat'>0</span> <span class='ocrx_word' id='word_1_469' title='bbox 2802 3273 2818 3290; x_wconf 84' lang='lat'>0</span> <span class='ocrx_word' id='word_1_470' title='bbox 2898 3275 2917 3291; x_wconf 67' lang='grc' dir='ltr'><strong><em>Δ</em></strong></span> <span class='ocrx_word' id='word_1_471' title='bbox 2998 3276 3012 3289; x_wconf 87' lang='lat'>0</span> <span class='ocrx_word' id='word_1_472' title='bbox 3097 3274 3111 3289; x_wconf 88' lang='lat'>0</span> <span class='ocrx_word' id='word_1_473' title='bbox 3192 3273 3208 3290; x_wconf 75' lang='grc' dir='ltr'>ο</span> <span class='ocrx_word' id='word_1_474' title='bbox 3289 3277 3305 3294; x_wconf 75' lang='grc' dir='ltr'>ο</span> <span class='ocrx_word' id='word_1_475' title='bbox 3387 3276 3402 3293; x_wconf 80' lang='lat'>0</span> <span class='ocrx_word' id='word_1_476' title='bbox 3483 3275 3501 3291; x_wconf 70' lang='grc' dir='ltr'><strong>ο</strong></span> <span class='ocrx_word' id='word_1_477' title='bbox 3577 3273 3612 3293; x_wconf 62' lang='grc' dir='ltr'>οι</span> 
     </span>
    </p>
   </div>
   <div class='ocr_carea' id='block_1_60' title="bbox 684 3411 1944 3476">
    <p class='ocr_par' dir='ltr' id='par_1_60' title="bbox 684 3417 1089 3472">
     <span class='ocr_line' id='line_1_60' title="bbox 684 3417 1089 3472; baseline -0.002 -3"><span class='ocrx_word' id='word_1_478' title='bbox 684 3417 1089 3472; x_wconf 74' lang='grc' dir='ltr'>ΣΥΜΜΑΧΟΣ.</span> 
     </span>
    </p>
   </div>
   <div class='ocr_carea' id='block_1_61' title="bbox 2046 3411 3317 3476">
    <p class='ocr_par' dir='ltr' id='par_1_61' title="bbox 2046 3411 3317 3476">
     <span class='ocr_line' id='line_1_61' title="bbox 2046 3411 3317 3476; baseline 0.01 -18"><span class='ocrx_word' id='word_1_479' title='bbox 2046 3454 2051 3467; x_wconf 88' lang='grc'>,</span> <span class='ocrx_word' id='word_1_480' title='bbox 2914 3411 3317 3476; x_wconf 68' lang='grc' dir='ltr'>ΘΕΟΔΟΤῙΩΝ.</span> 
     </span>
    </p>
   </div>
   <div class='ocr_carea' id='block_1_62' title="bbox 437 3577 2724 3654">
    <p class='ocr_par' dir='ltr' id='par_1_62' title="bbox 437 3577 2724 3654">
     <span class='ocr_line' id='line_1_62' title="bbox 437 3577 2724 3654; baseline -0 -20"><span class='ocrx_word' id='word_1_481' title='bbox 437 3581 493 3634; x_wconf 74' lang='grc'>2.</span> <span class='ocrx_word' id='word_1_482' title='bbox 539 3582 627 3636; x_wconf 85' lang='grc' dir='ltr'>Ἐν</span> <span class='ocrx_word' id='word_1_483' title='bbox 658 3581 872 3654; x_wconf 79' lang='grc' dir='ltr'>ἀγνοίᾳ.</span> <span class='ocrx_word' id='word_1_484' title='bbox 1547 3580 1604 3634; x_wconf 82' lang='grc'>2.</span> <span class='ocrx_word' id='word_1_485' title='bbox 1646 3579 1956 3643; x_wconf 83' lang='grc' dir='ltr'>Ἀκουσίως.</span> <span class='ocrx_word' id='word_1_486' title='bbox 2666 3577 2724 3633; x_wconf 76' lang='grc'>2.</span> 
     </span>
    </p>
   </div>
   <div class='ocr_carea' id='block_1_63' title="bbox 442 3670 2724 3741">
    <p class='ocr_par' dir='ltr' id='par_1_63' title="bbox 442 3670 2724 3741">
     <span class='ocr_line' id='line_1_63' title="bbox 442 3670 2724 3741; baseline -0 -16"><span class='ocrx_word' id='word_1_487' title='bbox 442 3671 496 3726; x_wconf 76' lang='lat'><strong>3.</strong></span> <span class='ocrx_word' id='word_1_488' title='bbox 1552 3672 1606 3727; x_wconf 80' lang='grc'>5.</span> <span class='ocrx_word' id='word_1_489' title='bbox 1639 3670 1745 3724; x_wconf 84' lang='grc' dir='ltr'>Τοῦ</span> <span class='ocrx_word' id='word_1_490' title='bbox 1771 3671 1859 3724; x_wconf 83' lang='grc' dir='ltr'>τὸν</span> <span class='ocrx_word' id='word_1_491' title='bbox 1887 3670 2015 3724; x_wconf 80' lang='grc' dir='ltr'>λαὸν</span> <span class='ocrx_word' id='word_1_492' title='bbox 2038 3670 2322 3741; x_wconf 85' lang='grc' dir='ltr'>ἁμαρτεῖν.</span> <span class='ocrx_word' id='word_1_493' title='bbox 2669 3671 2724 3724; x_wconf 78' lang='lat'><strong>3.</strong></span> 
     </span>
    </p>
   </div>
   <div class='ocr_carea' id='block_1_64' title="bbox 1553 3756 2525 3830">
    <p class='ocr_par' dir='ltr' id='par_1_64' title="bbox 1553 3756 2525 3830">
     <span class='ocr_line' id='line_1_64' title="bbox 1553 3756 2525 3830; baseline -0.004 -17"><span class='ocrx_word' id='word_1_494' title='bbox 1553 3759 1691 3830; x_wconf 68' lang='grc' dir='ltr'>Περὶ</span> <span class='ocrx_word' id='word_1_495' title='bbox 1715 3759 1814 3829; x_wconf 85' lang='grc' dir='ltr'>τῆς</span> <span class='ocrx_word' id='word_1_496' title='bbox 1837 3758 2132 3830; x_wconf 84' lang='grc' dir='ltr'>ἁμαρτίας.</span> <span class='ocrx_word' id='word_1_497' title='bbox 2180 3758 2425 3821; x_wconf 75' lang='grc' dir='ltr'>Ἀλλος,</span> <span class='ocrx_word' id='word_1_498' title='bbox 2442 3756 2525 3819; x_wconf 88' lang='grc' dir='ltr'>είς</span> 
     </span>
    </p>
   </div>
   <div class='ocr_carea' id='block_1_65' title="bbox 1491 3829 1906 3902">
    <p class='ocr_par' dir='ltr' id='par_1_65' title="bbox 1491 3829 1906 3902">
     <span class='ocr_line' id='line_1_65' title="bbox 1491 3829 1906 3902; baseline -0.002 -19"><span class='ocrx_word' id='word_1_499' title='bbox 1491 3829 1581 3902; x_wconf 80' lang='grc' dir='ltr'>τὴν</span> <span class='ocrx_word' id='word_1_500' title='bbox 1610 3829 1906 3901; x_wconf 82' lang='grc' dir='ltr'>ἁμαρτίαν.</span> 
     </span>
    </p>
   </div>
   <div class='ocr_carea' id='block_1_66' title="bbox 442 3915 2718 3991">
    <p class='ocr_par' dir='ltr' id='par_1_66' title="bbox 442 3915 2718 3991">
     <span class='ocr_line' id='line_1_66' title="bbox 442 3915 2718 3991; baseline -0.004 -13"><span class='ocrx_word' id='word_1_501' title='bbox 442 3921 501 3982; x_wconf 71' lang='grc'>4.</span> <span class='ocrx_word' id='word_1_502' title='bbox 1549 3919 1606 3972; x_wconf 76' lang='grc'>4.</span> <span class='ocrx_word' id='word_1_503' title='bbox 1633 3916 1920 3991; x_wconf 83' lang='grc' dir='ltr'>Προσάξει.</span> <span class='ocrx_word' id='word_1_504' title='bbox 1946 3917 2190 3982; x_wconf 77' lang='grc' dir='ltr'>Ἀλλος,</span> <span class='ocrx_word' id='word_1_505' title='bbox 2223 3915 2520 3988; x_wconf 90' lang='grc' dir='ltr'>προσοίσει.</span> <span class='ocrx_word' id='word_1_506' title='bbox 2665 3922 2718 3978; x_wconf 70' lang='grc'>4,</span> 
     </span>
    </p>
   </div>
   <div class='ocr_carea' id='block_1_67' title="bbox 440 4005 2716 4073">
    <p class='ocr_par' dir='ltr' id='par_1_67' title="bbox 440 4005 2716 4073">
     <span class='ocr_line' id='line_1_67' title="bbox 440 4005 2716 4073; baseline 0 -15"><span class='ocrx_word' id='word_1_507' title='bbox 440 4013 499 4073; x_wconf 82' lang='grc'>6,</span> <span class='ocrx_word' id='word_1_508' title='bbox 1551 4008 1604 4062; x_wconf 86' lang='grc'>6.</span> <span class='ocrx_word' id='word_1_509' title='bbox 1628 4008 1786 4061; x_wconf 84' lang='grc' dir='ltr'>Κατὰ</span> <span class='ocrx_word' id='word_1_510' title='bbox 1830 4006 1894 4059; x_wconf 84' lang='grc' dir='ltr'>τὸ</span> <span class='ocrx_word' id='word_1_511' title='bbox 1939 4006 2356 4073; x_wconf 83' lang='grc' dir='ltr'>καταπέτασμα.</span> <span class='ocrx_word' id='word_1_512' title='bbox 2391 4005 2527 4058; x_wconf 77' lang='grc' dir='ltr'>Ἀλ-</span> <span class='ocrx_word' id='word_1_513' title='bbox 2666 4013 2716 4071; x_wconf 84' lang='grc'>6,</span> 
     </span>
    </p>
   </div>
   <div class='ocr_carea' id='block_1_68' title="bbox 1481 4074 2526 4149">
    <p class='ocr_par' dir='ltr' id='par_1_68' title="bbox 1481 4074 2526 4149">
     <span class='ocr_line' id='line_1_68' title="bbox 1481 4074 2526 4149; baseline -0.007 -16"><span class='ocrx_word' id='word_1_514' title='bbox 1481 4081 1612 4144; x_wconf 74' lang='grc' dir='ltr'>λος,</span> <span class='ocrx_word' id='word_1_515' title='bbox 1653 4079 1748 4132; x_wconf 77' lang='grc' dir='ltr'>σὺν</span> <span class='ocrx_word' id='word_1_516' title='bbox 1777 4076 1854 4148; x_wconf 80' lang='grc' dir='ltr'>τῷ</span> <span class='ocrx_word' id='word_1_517' title='bbox 1904 4075 2180 4149; x_wconf 85' lang='grc' dir='ltr'>προσώπῳ</span> <span class='ocrx_word' id='word_1_518' title='bbox 2227 4074 2322 4128; x_wconf 82' lang='grc' dir='ltr'>τοῦ</span> <span class='ocrx_word' id='word_1_519' title='bbox 2358 4091 2526 4128; x_wconf 89' lang='grc' dir='ltr'>κατα-</span> 
     </span>
    </p>
   </div>
   <div class='ocr_carea' id='block_1_69' title="bbox 1481 4149 1853 4218">
    <p class='ocr_par' dir='ltr' id='par_1_69' title="bbox 1481 4149 1853 4218">
     <span class='ocr_line' id='line_1_69' title="bbox 1481 4149 1853 4218; baseline 0 -17"><span class='ocrx_word' id='word_1_520' title='bbox 1481 4149 1853 4218; x_wconf 81' lang='grc' dir='ltr'>πετάσματος.</span> 
     </span>
    </p>
   </div>
   <div class='ocr_carea' id='block_1_70' title="bbox 443 4236 2721 4310">
    <p class='ocr_par' dir='ltr' id='par_1_70' title="bbox 443 4236 2721 4310">
     <span class='ocr_line' id='line_1_70' title="bbox 443 4236 2721 4310; baseline -0.005 -10"><span class='ocrx_word' id='word_1_521' title='bbox 443 4241 502 4302; x_wconf 79' lang='grc'>7.</span> <span class='ocrx_word' id='word_1_522' title='bbox 1495 4308 1504 4310; x_wconf 79' lang='lat'><strong><em>_</em></strong></span> <span class='ocrx_word' id='word_1_523' title='bbox 1553 4240 1606 4294; x_wconf 93' lang='lat'><strong>7.</strong></span> <span class='ocrx_word' id='word_1_524' title='bbox 1633 4241 1744 4310; x_wconf 86' lang='grc' dir='ltr'>Τῆς</span> <span class='ocrx_word' id='word_1_525' title='bbox 1784 4238 2108 4302; x_wconf 86' lang='grc' dir='ltr'>συνθέσεως.</span> <span class='ocrx_word' id='word_1_526' title='bbox 2143 4239 2386 4303; x_wconf 75' lang='grc' dir='ltr'>Ἄλλος,</span> <span class='ocrx_word' id='word_1_527' title='bbox 2416 4236 2524 4290; x_wconf 88' lang='grc' dir='ltr'>τῶν</span> <span class='ocrx_word' id='word_1_528' title='bbox 2665 4241 2721 4298; x_wconf 86' lang='grc'>7,</span> 
     </span>
    </p>
   </div>
   <div class='ocr_carea' id='block_1_71' title="bbox 1482 4308 1814 4382">
    <p class='ocr_par' dir='ltr' id='par_1_71' title="bbox 1482 4308 1814 4382">
     <span class='ocr_line' id='line_1_71' title="bbox 1482 4308 1814 4382; baseline -0.006 -19"><span class='ocrx_word' id='word_1_529' title='bbox 1482 4308 1814 4382; x_wconf 81' lang='grc' dir='ltr'>ἀρωμάτων.</span> 
     </span>
    </p>
   </div>
   <div class='ocr_carea' id='block_1_72' title="bbox 1557 4408 2523 4479">
    <p class='ocr_par' dir='ltr' id='par_1_72' title="bbox 1557 4408 2523 4479">
     <span class='ocr_line' id='line_1_72' title="bbox 1557 4408 2523 4479; baseline -0.003 -16"><span class='ocrx_word' id='word_1_530' title='bbox 1557 4410 1679 4463; x_wconf 86' lang='grc' dir='ltr'>Τῶν</span> <span class='ocrx_word' id='word_1_531' title='bbox 1733 4408 2216 4479; x_wconf 85' lang='grc' dir='ltr'>ὁλοκαυτωμάτων.</span> <span class='ocrx_word' id='word_1_532' title='bbox 2278 4408 2523 4479; x_wconf 38' lang='grc' dir='ltr'>Ἄλλο-ς,</span> 
     </span>
    </p>
   </div>
   <div class='ocr_carea' id='block_1_73' title="bbox 1483 4477 2526 4566">
    <p class='ocr_par' dir='ltr' id='par_1_73' title="bbox 1483 4477 2526 4566">
     <span class='ocr_line' id='line_1_73' title="bbox 1483 4477 2526 4566; baseline -0.005 -33"><span class='ocrx_word' id='word_1_533' title='bbox 1483 4479 1581 4549; x_wconf 87' lang='grc' dir='ltr'>τῆς</span> <span class='ocrx_word' id='word_1_534' title='bbox 1633 4477 2066 4566; x_wconf 61' lang='grc' dir='ltr'>ἀλοκαυτώσεως.</span> <span class='ocrx_word' id='word_1_535' title='bbox 2117 4479 2362 4543; x_wconf 70' lang='grc' dir='ltr'>Ἄλλος,</span> <span class='ocrx_word' id='word_1_536' title='bbox 2425 4477 2526 4546; x_wconf 85' lang='grc' dir='ltr'>τῆς</span> 
     </span>
    </p>
   </div>
   <div class='ocr_carea' id='block_1_74' title="bbox 1483 4566 1841 4620">
    <p class='ocr_par' dir='ltr' id='par_1_74' title="bbox 1483 4566 1841 4620">
     <span class='ocr_line' id='line_1_74' title="bbox 1483 4566 1841 4620; baseline 0.008 -19"><span class='ocrx_word' id='word_1_537' title='bbox 1483 4566 1841 4620; x_wconf 90' lang='grc' dir='ltr'>καρπωσεως.</span> 
     </span>
    </p>
   </div>
   <div class='ocr_carea' id='block_1_75' title="bbox 1558 4634 2516 4710">
    <p class='ocr_par' dir='ltr' id='par_1_75' title="bbox 1558 4634 2516 4710">
     <span class='ocr_line' id='line_1_75' title="bbox 1558 4634 2516 4710; baseline -0.005 -19"><span class='ocrx_word' id='word_1_538' title='bbox 1558 4640 1716 4710; x_wconf 74' lang='grc' dir='ltr'>Παρὰ</span> <span class='ocrx_word' id='word_1_539' title='bbox 1741 4709 1744 4710; x_wconf 15' lang='grc' dir='ltr'><em>ν</em></span> <span class='ocrx_word' id='word_1_540' title='bbox 1770 4638 1867 4710; x_wconf 76' lang='grc' dir='ltr'>τὴν</span> <span class='ocrx_word' id='word_1_541' title='bbox 1933 4638 2111 4709; x_wconf 86' lang='grc' dir='ltr'>βάσιν.</span> <span class='ocrx_word' id='word_1_542' title='bbox 2145 4638 2392 4702; x_wconf 75' lang='grc' dir='ltr'>Ἀλλος,</span> <span class='ocrx_word' id='word_1_543' title='bbox 2421 4634 2516 4687; x_wconf 75' lang='grc' dir='ltr'>ἐπὶ</span> 
     </span>
    </p>
   </div>
   <div class='ocr_carea' id='block_1_76' title="bbox 1483 4707 1867 4780">
    <p class='ocr_par' dir='ltr' id='par_1_76' title="bbox 1483 4707 1867 4780">
     <span class='ocr_line' id='line_1_76' title="bbox 1483 4707 1867 4780; baseline 0.003 -19"><span class='ocrx_word' id='word_1_544' title='bbox 1483 4707 1574 4761; x_wconf 82' lang='grc' dir='ltr'>τὸν</span> <span class='ocrx_word' id='word_1_545' title='bbox 1599 4707 1867 4780; x_wconf 76' lang='grc' dir='ltr'>θεμέλιον.</span> 
     </span>
    </p>
   </div>
   <div class='ocr_carea' id='block_1_77' title="bbox 671 4819 3292 4884">
    <p class='ocr_par' dir='ltr' id='par_1_77' title="bbox 671 4819 3292 4884">
     <span class='ocr_line' id='line_1_77' title="bbox 671 4819 3292 4884; baseline -0 -3"><span class='ocrx_word' id='word_1_546' title='bbox 671 4823 1052 4884; x_wconf 78' lang='lat' dir='ltr'>SYMMACHU</span> <span class='ocrx_word' id='word_1_547' title='bbox 1063 4823 1122 4883; x_wconf 90' lang='lat' dir='ltr'><strong>S.</strong></span> <span class='ocrx_word' id='word_1_548' title='bbox 1652 4825 1796 4881; x_wconf 73' lang='lat' dir='ltr'>LXX</span> <span class='ocrx_word' id='word_1_549' title='bbox 1831 4825 2334 4882; x_wconf 81' lang='lat' dir='ltr'>INTERPRETES.</span> <span class='ocrx_word' id='word_1_550' title='bbox 2898 4819 3292 4880; x_wconf 79' lang='lat' dir='ltr'>THEODOTIO</span> 
     </span>
    </p>
   </div>
   <div class='ocr_carea' id='block_1_78' title="bbox 446 4940 2725 5016">
    <p class='ocr_par' dir='ltr' id='par_1_78' title="bbox 446 4940 2725 5016">
     <span class='ocr_line' id='line_1_78' title="bbox 446 4940 2725 5016; baseline 0.002 -18"><span class='ocrx_word' id='word_1_551' title='bbox 446 4942 502 4999; x_wconf 80' lang='grc'>2.</span> <span class='ocrx_word' id='word_1_552' title='bbox 541 4941 601 5000; x_wconf 87' lang='lat' dir='ltr'><strong>In</strong></span> <span class='ocrx_word' id='word_1_553' title='bbox 637 4945 960 5016; x_wconf 76' lang='lat' dir='ltr'><strong>ignorantia.</strong></span> <span class='ocrx_word' id='word_1_554' title='bbox 1552 4945 1608 4999; x_wconf 85' lang='grc'>2.</span> <span class='ocrx_word' id='word_1_555' title='bbox 1631 4943 1748 4999; x_wconf 87' lang='lat' dir='ltr'><strong>Non</strong></span> <span class='ocrx_word' id='word_1_556' title='bbox 1781 4955 1993 5016; x_wconf 90' lang='lat' dir='ltr'><strong>sponte.</strong></span> <span class='ocrx_word' id='word_1_557' title='bbox 2669 4940 2725 4995; x_wconf 74' lang='grc'>2.</span> 
     </span>
    </p>
   </div>
   <div class='ocr_carea' id='block_1_79' title="bbox 449 5031 2720 5104">
    <p class='ocr_par' dir='ltr' id='par_1_79' title="bbox 449 5031 2720 5104">
     <span class='ocr_line' id='line_1_79' title="bbox 449 5031 2720 5104; baseline 0 -15"><span class='ocrx_word' id='word_1_558' title='bbox 449 5031 504 5090; x_wconf 74' lang='grc' dir='ltr'>ὅ.</span> <span class='ocrx_word' id='word_1_559' title='bbox 1553 5034 1608 5088; x_wconf 76' lang='lat'>&#39;5.</span> <span class='ocrx_word' id='word_1_560' title='bbox 1647 5032 1718 5088; x_wconf 92' lang='lat' dir='ltr'><strong>Ut</strong></span> <span class='ocrx_word' id='word_1_561' title='bbox 1749 5036 1984 5103; x_wconf 89' lang='lat' dir='ltr'><strong>populus</strong></span> <span class='ocrx_word' id='word_1_562' title='bbox 2014 5040 2284 5104; x_wconf 89' lang='lat' dir='ltr'><strong>peccaret.</strong></span> <span class='ocrx_word' id='word_1_563' title='bbox 2665 5035 2720 5093; x_wconf 77' lang='grc'>5.</span> 
     </span>
    </p>
   </div>
   <div class='ocr_carea' id='block_1_80' title="bbox 1554 5122 2514 5196">
    <p class='ocr_par' dir='ltr' id='par_1_80' title="bbox 1554 5122 2514 5196">
     <span class='ocr_line' id='line_1_80' title="bbox 1554 5122 2514 5196; baseline -0.007 -16"><span class='ocrx_word' id='word_1_564' title='bbox 1554 5122 1662 5180; x_wconf 89' lang='lat' dir='ltr'><strong>Pro</strong></span> <span class='ocrx_word' id='word_1_565' title='bbox 1683 5135 1921 5196; x_wconf 86' lang='lat' dir='ltr'><strong>peccato.</strong></span> <span class='ocrx_word' id='word_1_566' title='bbox 1941 5126 2115 5188; x_wconf 82' lang='lat' dir='ltr'><strong>Alius,</strong></span> <span class='ocrx_word' id='word_1_567' title='bbox 2141 5125 2194 5178; x_wconf 88' lang='lat' dir='ltr'>in</span> <span class='ocrx_word' id='word_1_568' title='bbox 2213 5131 2514 5193; x_wconf 83' lang='lat' dir='ltr'><strong>peccatum.</strong></span> 
     </span>
    </p>
   </div>
   <div class='ocr_carea' id='block_1_81' title="bbox 443 5213 2722 5283">
    <p class='ocr_par' dir='ltr' id='par_1_81' title="bbox 443 5213 2722 5283">
     <span class='ocr_line' id='line_1_81' title="bbox 443 5213 2722 5283; baseline -0.002 -10"><span class='ocrx_word' id='word_1_569' title='bbox 443 5213 498 5267; x_wconf 68' lang='grc' dir='ltr'><strong>4ο</strong></span> <span class='ocrx_word' id='word_1_570' title='bbox 1555 5218 1612 5271; x_wconf 76' lang='grc'>4.</span> <span class='ocrx_word' id='word_1_571' title='bbox 1638 5217 1903 5271; x_wconf 84' lang='lat' dir='ltr'><strong>Adducet.</strong></span> <span class='ocrx_word' id='word_1_572' title='bbox 1929 5217 2104 5283; x_wconf 83' lang='lat' dir='ltr'><strong>Alius,</strong></span> <span class='ocrx_word' id='word_1_573' title='bbox 2131 5215 2354 5271; x_wconf 81' lang='lat' dir='ltr'><strong>adferet.</strong></span> <span class='ocrx_word' id='word_1_574' title='bbox 2666 5213 2722 5270; x_wconf 69' lang='grc'>4.</span> 
     </span>
    </p>
   </div>
   <div class='ocr_carea' id='block_1_82' title="bbox 446 5299 2719 5372">
    <p class='ocr_par' dir='ltr' id='par_1_82' title="bbox 446 5299 2719 5372">
     <span class='ocr_line' id='line_1_82' title="bbox 446 5299 2719 5372; baseline 0.003 -16"><span class='ocrx_word' id='word_1_575' title='bbox 446 5299 500 5356; x_wconf 79' lang='lat'><em>6.</em></span> <span class='ocrx_word' id='word_1_576' title='bbox 1029 5301 1037 5308; x_wconf 83' lang='grc'><em>’</em></span> <span class='ocrx_word' id='word_1_577' title='bbox 1557 5305 1707 5360; x_wconf 82' lang='lat' dir='ltr'><strong>6.Ad</strong></span> <span class='ocrx_word' id='word_1_578' title='bbox 1723 5306 2227 5372; x_wconf 69' lang='lat' dir='ltr'><strong>velum.Alius,cum</strong></span> <span class='ocrx_word' id='word_1_579' title='bbox 2244 5304 2518 5361; x_wconf 85' lang='lat' dir='ltr'><strong>facieveli.</strong></span> <span class='ocrx_word' id='word_1_580' title='bbox 2664 5305 2719 5363; x_wconf 89' lang='lat'><em>6.</em></span> 
     </span>
    </p>
   </div>
   <div class='ocr_carea' id='block_1_83' title="bbox 461 5388 2716 5466">
    <p class='ocr_par' dir='ltr' id='par_1_83' title="bbox 461 5388 2716 5466">
     <span class='ocr_line' id='line_1_83' title="bbox 461 5388 2716 5466; baseline 0.002 -16"><span class='ocrx_word' id='word_1_581' title='bbox 461 5388 524 5452; x_wconf 82' lang='grc'>7.</span> <span class='ocrx_word' id='word_1_582' title='bbox 1557 5395 1612 5451; x_wconf 88' lang='lat'><strong>7.</strong></span> <span class='ocrx_word' id='word_1_583' title='bbox 1630 5396 2072 5466; x_wconf 88' lang='lat' dir='ltr'><strong>Compositionis.</strong></span> <span class='ocrx_word' id='word_1_584' title='bbox 2101 5397 2278 5464; x_wconf 80' lang='lat' dir='ltr'><strong>Alius,</strong></span> <span class='ocrx_word' id='word_1_585' title='bbox 2306 5411 2520 5453; x_wconf 90' lang='lat' dir='ltr'><strong>aroma-</strong></span> <span class='ocrx_word' id='word_1_586' title='bbox 2659 5393 2716 5456; x_wconf 87' lang='grc'>7.</span> 
     </span>
    </p>
   </div>
   <div class='ocr_carea' id='block_1_84' title="bbox 1485 5473 1626 5522">
    <p class='ocr_par' dir='ltr' id='par_1_84' title="bbox 1485 5473 1626 5522">
     <span class='ocr_line' id='line_1_84' title="bbox 1485 5473 1626 5522; baseline -0.021 0"><span class='ocrx_word' id='word_1_587' title='bbox 1485 5473 1626 5522; x_wconf 91' lang='lat' dir='ltr'><strong>tum.</strong></span> 
     </span>
    </p>
   </div>
   <div class='ocr_carea' id='block_1_85' title="bbox 1562 5555 2517 5623">
    <p class='ocr_par' dir='ltr' id='par_1_85' title="bbox 1562 5555 2517 5623">
     <span class='ocr_line' id='line_1_85' title="bbox 1562 5555 2517 5623; baseline 0.006 -15"><span class='ocrx_word' id='word_1_588' title='bbox 1562 5555 2043 5611; x_wconf 79' lang='lat' dir='ltr'><strong>Holocaustorum.</strong></span> <span class='ocrx_word' id='word_1_589' title='bbox 2071 5558 2185 5623; x_wconf 77' lang='lat' dir='ltr'>AL,</span> <span class='ocrx_word' id='word_1_590' title='bbox 2222 5558 2517 5614; x_wconf 83' lang='lat' dir='ltr'><strong>oblationis</strong></span> 
     </span>
    </p>
   </div>
   <div class='ocr_carea' id='block_1_86' title="bbox 1481 5625 2359 5696">
    <p class='ocr_par' dir='ltr' id='par_1_86' title="bbox 1481 5625 2359 5696">
     <span class='ocr_line' id='line_1_86' title="bbox 1481 5625 2359 5696; baseline 0.005 -16"><span class='ocrx_word' id='word_1_591' title='bbox 1481 5625 1811 5682; x_wconf 86' lang='lat' dir='ltr'><strong>holocausti.</strong></span> <span class='ocrx_word' id='word_1_592' title='bbox 1843 5627 2022 5696; x_wconf 74' lang='lat' dir='ltr'><strong>Alius,</strong></span> <span class='ocrx_word' id='word_1_593' title='bbox 2047 5629 2359 5685; x_wconf 86' lang='lat' dir='ltr'><strong>oblationis.</strong></span> 
     </span>
    </p>
   </div>
   <div class='ocr_carea' id='block_1_87' title="bbox 1553 5716 2522 5788">
    <p class='ocr_par' dir='ltr' id='par_1_87' title="bbox 1553 5716 2522 5788">
     <span class='ocr_line' id='line_1_87' title="bbox 1553 5716 2522 5788; baseline 0.008 -20"><span class='ocrx_word' id='word_1_594' title='bbox 1553 5716 1635 5769; x_wconf 84' lang='lat' dir='ltr'><strong>Ad</strong></span> <span class='ocrx_word' id='word_1_595' title='bbox 1698 5716 1897 5778; x_wconf 87' lang='lat' dir='ltr'><strong>basim.</strong></span> <span class='ocrx_word' id='word_1_596' title='bbox 1953 5717 2127 5788; x_wconf 77' lang='lat' dir='ltr'><strong>Alius,</strong></span> <span class='ocrx_word' id='word_1_597' title='bbox 2190 5719 2258 5776; x_wconf 89' lang='lat' dir='ltr'>ad</span> <span class='ocrx_word' id='word_1_598' title='bbox 2321 5718 2522 5778; x_wconf 77' lang='lat' dir='ltr'><strong>funda-</strong></span> 
     </span>
    </p>
   </div>
   <div class='ocr_carea' id='block_1_88' title="bbox 1479 5793 1750 5844">
    <p class='ocr_par' dir='ltr' id='par_1_88' title="bbox 1479 5793 1750 5844">
     <span class='ocr_line' id='line_1_88' title="bbox 1479 5793 1750 5844; baseline 0.004 -1"><span class='ocrx_word' id='word_1_599' title='bbox 1479 5793 1750 5844; x_wconf 84' lang='lat' dir='ltr'><strong>mentum.</strong></span> 
     </span>
    </p>
   </div>
  </div>
