4158 6420
409 368 516 426 M9

731 488 1135 546 ΣΥΜΜΑΧΟΣ.

467 1337 558 1394 10.

465 1500 558 1556 11.

459 1660 551 1718 13.

463 1823 530 1878 ﬂ

395 2313 398 2317 ’
456 2305 544 2360 17.

454 2467 540 2524 18.

446 2953 539 3011 20.

440 3278 530 3334 21.

434 3436 527 3494 22.
569 3439 658 3496 Ἑν
685 3441 896 3514 ἀγνοίᾳ.

665 3553 1116 3612 SYMMACHUS.

435 4124 524 4183 10.

435 4217 522 4275 11.

428 4379 516 4438 15.

424 4538 516 4598 14.

421 4883 501 4940 17.

419 5043 500 5104 18.

412 5459 497 5525 20,

532 5731 590 5786 in
616 5731 940 5805 ignorantia.

1719 377 2015 436 LEVlTlCl
2055 379 2214 438 CAP.
2256 377 2325 437 Π

2023 502 2094 553 0’.

1601 657 1653 712 8.
1686 657 1801 738 Τῇς
1855 657 2151 729 ἁμαρτίας.
2215 660 2451 725 Ἄλλος,
2479 658 2572 713 τοῦ

1531 729 1784 800 ἱλασμοῦ.

1596 819 1866 891 Περιελεῖ.
1922 820 2165 886 Ἀλλος,
2209 819 2432 891 ὑψώσει.

1598 911 1682 964 Τὰ
1707 910 1974 967 ἐνδόσθια.
2036 913 2282 979 Ἀλλος,
2330 914 2428 986 τὴν
2465 931 2573 967 κοι-
2622 912 2625 914 ’

1523 981 1660 1034 λίαν.

1518 1143 1571 1196 λι
1587 1072 1708 1126 Τῶν
1739 1073 2044 1128 ὲνδοσθίων.
2064 1075 2306 1142 Ἄλλος,
2333 1075 2431 1146 τῆς
2465 1094 2570 1130 κοι-

1575 1161 1662 1196 ac.

1575 1161 1662 1207 ας.

1588 1237 1642 1291 9.
1675 1235 1931 1307 Μηρίων.
1962 1236 2211 1302 Ἀλλος,
2240 1236 2499 1306 λαγόνων.

1587 1327 1674 1381 10.
1708 1325 1814 1398 Τοῦ
1856 1327 2148 1398 σωτηρίου.
2187 1328 2424 1394 Ἄλλοι,
2455 1328 2566 1383 τῶν

1511 1397 1823 1468 εἰρηνικῶν.

1584 1489 1674 1544 11.
1710 1489 1835 1554 Τοῖς
1876 1489 2253 1560 ἀκροτηρίοις.
2313 1491 2559 1558 Ἀλλος,

1511 1560 1622 1622 τοῖς
1649 1560 1807 1612 ποσὶν
1841 1559 2025 1614 αὑτοῦ.
2077 1559 2103 1560 7’
2460 1561 2464 1564 ’

1581 1651 1670 1724 15.
1706 1650 2008 1724 Καὶ-ξιάβῃᾲ
2060 1653 2230 1724 ῥῆμα.
2303 1654 2558 1721 Ἀλλως,

1513 1721 1608 1773 καὶ
1636 1720 1924 1795 παροράθῃ
1953 1720 2129 1790 λόγος.

1584 1811 1676 1886 11.
1717 1813 1784 1886 '_H
1851 1815 2161 1884 συναγωγή.
2213 1816 2471 1881 Ἀλλος,
2521 1816 2556 1886 ἡ

1511 1883 1798 1953 ἐκκλησία.

1579 1976 1716 2099 Ιέερὶ
1740 1976 1838 2047 τῆς
1860 1975 2362 2047 ἁμαρτίας.¹Ἀλλ.,
2385 1977 2558 2046 ἐξιλα-

1579 2087 1585 2098 .
1620 2064 1668 2099 ν.

1511 2063 1668 2100 σμον.

1588 2063 1668 2100 ον.

1547 2063 1870 2213 μΠροσάξει.
1932 2141 2189 2207 Ἄλλος,
2240 2141 2550 2214 προσάξου-

1506 2227 1612 2265 σιν.

1579 2303 1668 2357 17.
1704 2301 2080 2358 Κατενώπιον.
2135 2303 2380 2371 Ἀλλος,
2410 2304 2551 2360 κατὰ

1508 2374 1814 2446 ..ρόσωπον.

1572 2464 1660 2519 18.
1678 2465 1806 2520 ·Τῶν
1835 2464 2548 2536 θυμιαμάτων.”Αλλ.,τῶν

1499 2536 1830 2607 ἀρωμάτων.

1568 2627 1713 2698 Πρὸς
1742 2627 1840 2698 τὴν
1877 2626 2056 2698 βάσιν.
2114 2627 2312 2693 Ἀλλ.,
2348 2629 2430 2691 εἰς
2452 2627 2545 2681 τὸν

1498 2697 1766 2769 θεμέλιον.

1571 2789 1694 2861 Τῶν
1752 2788 2116 2861 καρπώσεων.
2153 2789 2397 2856 Ἀλλος,
2425 2789 2545 2845 ὁλο-

1499 2860 1845 2925 καυτώσεως.

1568 2953 1660 3009 20.
1693 2953 1797 3006 Τὸν
1826 2951 2043 3025 μόσχον.
2106 2951 2348 3018 Ἄλλος,
2386 2952 2415 3005 ὁ
2444 2952 2543 3023 μό-

1500 3041 1678 3198 σχὲἒς
1726 3117 2019 3188 ἁμαρτίας.
2070 3116 2324 3183 Ἀλλος,
2363 3112 2542 3179 ἐξιλα-

1495 3205 1656 3260 σμου.

1532 3280 1656 3405 ι21.
1688 3279 2040 3351 Συναγωγῆς.
2073 3279 2318 3344 Ἀλλος,
2343 3275 2538 3347 ἐκκλη-

1550 3369 1636 3405 ας.

1493 3367 1636 3415 σιας.

1559 3440 1649 3496 22.
1691 3441 2008 3504 ’Δκουσίως.

1665 3554 1809 3610 LXX
1849 3544 2336 3610 INTERPRETES

1558 3672 1613 3730 8.
1636 3670 1871 3730 Peccati.
1909 3670 2086 3738 Alius,
2115 3664 2531 3741 propitiationis.

1554 3764 1799 3821 Auferet.
1838 3765 2014 3830 Alius,
2045 3764 2267 3819 levabit.

1554 3854 1838 3912 Intestina.
1866 3855 2045 3922 Alius,
2092 3865 2368 3913 ventrem.

1419 3939 1454 3956 ”’
1552 3946 1836 4004 Intestina.
1867 3947 2047 4013 Alius,
2081 3955 2346 4003 ventrem.

1554 4038 1606 4094 9.
1647 4038 1902 4094 chora.
1941 4037 2118 4105 Alius,
2151 4039 2265 4094 ilia.

1552 4127 1642 4185 10.
1669 4126 1960 4185 Salutaris.
1988 4127 2121 4194 Alii,
2145 4127 2499 4198 paciﬁcorum

1552 4219 1643 4274 11.
1686 4219 2160 4292 Extremitatibus.
2199 4220 2376 4288 Alius,
2421 4237 2520 4292 pe-

1476 4287 1641 4345 dibus
1673 4291 1814 4360 ejus.

1550 4381 1640 4436 15.
1681 4380 1750 4435 Ει
1772 4382 1992 4437 latuerit
2049 4383 2300 4452 verbum.
2327 4384 2518 4452 Aliter,

1475 4458 1532 4506 et
1554 4452 1863 4522 neglectum
1896 4452 2061 4507 fuerit
2089 4451 2340 4508 verbum.

1551 4542 1640 4598 M.
1675 4541 1981 4614 Synagoga.
2005 4542 2118 4606 AL,
2144 4543 2409 4601 Ecclesia.

1499 4703 1512 4716 _
1549 4633 1658 4689 Pro
1721 4645 1965 4705 peccato.
2011 4634 2198 4702 Alius,
2250 4636 2516 4708 propitia-

1473 4712 1701 4760 tionem.

1544 4796 1811 4853 Adducet.
1840 4797 2014 4863 Alius,
2049 4796 2341 4853 adducent.

1542 4889 1634 4943 17.
1667 4887 1726 4942 ln
1773 4897 2088 4959 conspectu.
2130 4890 2305 4955 Alius,
2329 4888 2398 4945 ad
2426 4888 2513 4946 fa-

1454 4945 1608 5015 'ciem

1543 5051 1636 5106 18.
1666 5050 2133 5123 Tbymiamatum.
2187 5051 2362 5117 Alius,
2395 5065 2513 5107 aro-

1465 5130 1696 5177 matum.

1535 5210 1620 5266 Ad
1641 5211 1839 5267 basim.
1863 5211 1975 5280 AL,
1992 5211 2047 5266 in
2071 5209 2500 5267 fundamentum.

1539 5301 1914 5358 Oblationum.
1971 5303 2150 5372 Alius,
2215 5303 2505 5361 oblationis

1463 5369 1938 5430 holocaustorum.

1536 5463 1630 5519 20.
1665 5462 1936 5520 Vitulum.
1971 5464 2144 5532 Alius,
2170 5465 2396 5522 vitulus.

1533 5555 1774 5613 Peccati.
1805 5558 1981 5624 Alius,
2004 5558 2428 5630 propitiationis.

1533 5647 1627 5704 21.
1694 5649 2018 5723 Synagogae.
2068 5653 2184 5711 ΑΙ..
2225 5649 2498 5710 Ecclesiae.

1528 5737 1621 5795 22.
1655 5737 1776 5798 Non
1801 5748 2014 5813 sponte.

2710 1342 2803 1396 10.

2707 1503 2797 1558 ll.

2707 1662 2794 1716 15.

2706 1824 2793 1879 14.

2696 2306 2787 2366 17.

2695 2467 2782 2523 18.

2687 2950 2776 3006 20.

2686 3274 2776 3328 21.

2681 3433 2770 3490 22.

2668 4124 2755 4179 10.

2669 4217 2755 4271 11.

2665 4378 2752 4435 15.

2663 4541 2751 4597 14.

2657 4887 2746 4944 17.

2653 5047 2745 5106 18.

2645 5466 2734 5520 20.

2973 503 3348 562 ΘΕΟΔΟΤῘΩΝ

2919 3549 3337 3613 ΤΗΕΟΒΟΤΙΟ.

3592 395 3697 451 550
