  <div class='ocr_page' id='page_1' title='image "/cluster/home/n/w/nwhite01/storage/ocr_20150623/15:no.5/coo.31924054872936/319.png"; bbox 0 0 4158 6410; ppageno 0'>
   <div class='ocr_carea' id='block_1_1' title="bbox 484 400 586 448">
    <p class='ocr_par' dir='ltr' id='par_1_1' title="bbox 484 400 586 448">
     <span class='ocr_line' id='line_1_1' title="bbox 484 400 586 448; baseline -0.039 0"><span class='ocrx_word' id='word_1_1' title='bbox 484 400 586 448; x_wconf 76' lang='lat' dir='ltr'><strong>om</strong></span> 
     </span>
    </p>
   </div>
   <div class='ocr_carea' id='block_1_2' title="bbox 485 506 2060 578">
    <p class='ocr_par' dir='ltr' id='par_1_2' title="bbox 485 506 2060 578">
     <span class='ocr_line' id='line_1_2' title="bbox 485 506 2060 578; baseline -0.001 -14"><span class='ocrx_word' id='word_1_2' title='bbox 485 513 669 565; x_wconf 85' lang='lat' dir='ltr'><strong>domo.</strong></span> <span class='ocrx_word' id='word_1_3' title='bbox 699 509 788 564; x_wconf 87' lang='grc'><strong>56.</strong></span> <span class='ocrx_word' id='word_1_4' title='bbox 818 507 884 563; x_wconf 89' lang='lat' dir='ltr'><strong>Et</strong></span> <span class='ocrx_word' id='word_1_5' title='bbox 907 506 1181 578; x_wconf 74' lang='lat' dir='ltr'><strong>praecipiet</strong></span> <span class='ocrx_word' id='word_1_6' title='bbox 1217 507 1470 563; x_wconf 85' lang='lat' dir='ltr'><strong>sacerdos</strong></span> <span class='ocrx_word' id='word_1_7' title='bbox 1505 509 1652 564; x_wconf 84' lang='lat' dir='ltr'><strong>vasis</strong></span> <span class='ocrx_word' id='word_1_8' title='bbox 1682 525 1916 564; x_wconf 81' lang='lat' dir='ltr'><strong>vacuare</strong></span> <span class='ocrx_word' id='word_1_9' title='bbox 1962 509 2060 564; x_wconf 89' lang='lat' dir='ltr'><strong>do—</strong></span> 
     </span>
    </p>
   </div>
   <div class='ocr_carea' id='block_1_3' title="bbox 487 599 2058 670">
    <p class='ocr_par' dir='ltr' id='par_1_3' title="bbox 487 599 2058 670">
     <span class='ocr_line' id='line_1_3' title="bbox 487 599 2058 670; baseline 0 -16"><span class='ocrx_word' id='word_1_10' title='bbox 487 617 660 666; x_wconf 85' lang='lat' dir='ltr'><strong>mum,</strong></span> <span class='ocrx_word' id='word_1_11' title='bbox 687 601 1004 669; x_wconf 83' lang='lat' dir='ltr'><strong>priusquam</strong></span> <span class='ocrx_word' id='word_1_12' title='bbox 1033 599 1312 670; x_wconf 76' lang='lat' dir='ltr'><strong>iugressus</strong></span> <span class='ocrx_word' id='word_1_13' title='bbox 1341 600 1597 655; x_wconf 83' lang='lat' dir='ltr'><strong>sacerdos</strong></span> <span class='ocrx_word' id='word_1_14' title='bbox 1625 601 1806 655; x_wconf 77' lang='lat' dir='ltr'><strong>videat</strong></span> <span class='ocrx_word' id='word_1_15' title='bbox 1834 612 2058 667; x_wconf 90' lang='lat' dir='ltr'><strong>tactum,</strong></span> 
     </span>
    </p>
   </div>
   <div class='ocr_carea' id='block_1_4' title="bbox 485 691 2059 762">
    <p class='ocr_par' dir='ltr' id='par_1_4' title="bbox 485 691 2059 762">
     <span class='ocr_line' id='line_1_4' title="bbox 485 691 2059 762; baseline -0.001 -16"><span class='ocrx_word' id='word_1_16' title='bbox 485 702 542 746; x_wconf 87' lang='lat' dir='ltr'><strong>et</strong></span> <span class='ocrx_word' id='word_1_17' title='bbox 575 707 685 745; x_wconf 88' lang='lat' dir='ltr'><strong>non</strong></span> <span class='ocrx_word' id='word_1_18' title='bbox 717 691 828 746; x_wconf 91' lang='lat' dir='ltr'><strong>sint</strong></span> <span class='ocrx_word' id='word_1_19' title='bbox 859 691 1140 746; x_wconf 87' lang='lat' dir='ltr'><strong>immunda</strong></span> <span class='ocrx_word' id='word_1_20' title='bbox 1176 707 1515 762; x_wconf 65' lang='lat' dir='ltr'><strong>quaecunque</strong></span> <span class='ocrx_word' id='word_1_21' title='bbox 1549 691 1750 748; x_wconf 81' lang='lat' dir='ltr'><strong>fuerint</strong></span> <span class='ocrx_word' id='word_1_22' title='bbox 1784 693 1837 746; x_wconf 94' lang='lat' dir='ltr'><strong>in</strong></span> <span class='ocrx_word' id='word_1_23' title='bbox 1873 691 2059 746; x_wconf 90' lang='lat' dir='ltr'><strong>domo.</strong></span> 
     </span>
    </p>
   </div>
   <div class='ocr_carea' id='block_1_5' title="bbox 489 784 2060 855">
    <p class='ocr_par' dir='ltr' id='par_1_5' title="bbox 489 784 2060 855">
     <span class='ocr_line' id='line_1_5' title="bbox 489 784 2060 855; baseline 0.001 -19"><span class='ocrx_word' id='word_1_24' title='bbox 489 784 553 837; x_wconf 81' lang='lat' dir='ltr'><strong>Et</strong></span> <span class='ocrx_word' id='word_1_25' title='bbox 582 793 705 853; x_wconf 87' lang='lat' dir='ltr'><strong>post</strong></span> <span class='ocrx_word' id='word_1_26' title='bbox 731 784 845 838; x_wconf 81' lang='lat' dir='ltr'><strong>haec</strong></span> <span class='ocrx_word' id='word_1_27' title='bbox 878 784 1216 852; x_wconf 77' lang='lat' dir='ltr'><strong>ingredietur</strong></span> <span class='ocrx_word' id='word_1_28' title='bbox 1239 786 1495 840; x_wconf 85' lang='lat' dir='ltr'><strong>sacerdos</strong></span> <span class='ocrx_word' id='word_1_29' title='bbox 1526 785 1592 839; x_wconf 91' lang='lat' dir='ltr'><strong>ad</strong></span> <span class='ocrx_word' id='word_1_30' title='bbox 1624 785 2060 855; x_wconf 83' lang='lat' dir='ltr'><strong>cognoscendam</strong></span> 
     </span>
    </p>
   </div>
   <div class='ocr_carea' id='block_1_6' title="bbox 485 875 2057 945">
    <p class='ocr_par' dir='ltr' id='par_1_6' title="bbox 485 875 2057 945">
     <span class='ocr_line' id='line_1_6' title="bbox 485 875 2057 945; baseline 0.001 -16"><span class='ocrx_word' id='word_1_31' title='bbox 485 877 730 929; x_wconf 90' lang='lat' dir='ltr'><strong>domum.</strong></span> <span class='ocrx_word' id='word_1_32' title='bbox 778 875 868 930; x_wconf 86' lang='grc'><strong>57.</strong></span> <span class='ocrx_word' id='word_1_33' title='bbox 911 875 978 930; x_wconf 88' lang='lat' dir='ltr'><strong>Et</strong></span> <span class='ocrx_word' id='word_1_34' title='bbox 1011 876 1238 945; x_wconf 75' lang='lat' dir='ltr'><strong>aspiciet</strong></span> <span class='ocrx_word' id='word_1_35' title='bbox 1270 885 1473 932; x_wconf 89' lang='lat' dir='ltr'><strong>tactum</strong></span> <span class='ocrx_word' id='word_1_36' title='bbox 1502 895 1515 930; x_wconf 93' lang='lat'>:</span> <span class='ocrx_word' id='word_1_37' title='bbox 1550 888 1605 932; x_wconf 89' lang='lat' dir='ltr'><strong>et</strong></span> <span class='ocrx_word' id='word_1_38' title='bbox 1637 893 1766 932; x_wconf 91' lang='lat' dir='ltr'><strong>ecce</strong></span> <span class='ocrx_word' id='word_1_39' title='bbox 1795 886 1973 933; x_wconf 90' lang='lat' dir='ltr'><strong>tactus</strong></span> <span class='ocrx_word' id='word_1_40' title='bbox 2003 877 2057 931; x_wconf 86' lang='lat' dir='ltr'><strong>in</strong></span> 
     </span>
    </p>
   </div>
   <div class='ocr_carea' id='block_1_7' title="bbox 486 963 2058 1034">
    <p class='ocr_par' dir='ltr' id='par_1_7' title="bbox 486 963 2058 1034">
     <span class='ocr_line' id='line_1_7' title="bbox 486 963 2058 1034; baseline 0.002 -16"><span class='ocrx_word' id='word_1_41' title='bbox 486 963 786 1034; x_wconf 78' lang='lat' dir='ltr'><strong>parietibus</strong></span> <span class='ocrx_word' id='word_1_42' title='bbox 823 964 1040 1029; x_wconf 85' lang='lat' dir='ltr'><strong>domus,</strong></span> <span class='ocrx_word' id='word_1_43' title='bbox 1096 966 1358 1022; x_wconf 85' lang='lat' dir='ltr'><strong>cavitates</strong></span> <span class='ocrx_word' id='word_1_44' title='bbox 1409 967 1709 1024; x_wconf 89' lang='lat' dir='ltr'><strong>viridantes</strong></span> <span class='ocrx_word' id='word_1_45' title='bbox 1764 969 1845 1022; x_wconf 85' lang='lat' dir='ltr'><strong>vel</strong></span> <span class='ocrx_word' id='word_1_46' title='bbox 1897 968 2058 1023; x_wconf 87' lang='lat' dir='ltr'><strong>rube-</strong></span> 
     </span>
    </p>
   </div>
   <div class='ocr_carea' id='block_1_8' title="bbox 487 1057 2056 1128">
    <p class='ocr_par' dir='ltr' id='par_1_8' title="bbox 487 1057 2056 1128">
     <span class='ocr_line' id='line_1_8' title="bbox 487 1057 2056 1128; baseline 0.003 -20"><span class='ocrx_word' id='word_1_47' title='bbox 487 1064 722 1117; x_wconf 85' lang='lat' dir='ltr'><strong>sccntcs.</strong></span> <span class='ocrx_word' id='word_1_48' title='bbox 753 1063 808 1109; x_wconf 88' lang='lat' dir='ltr'><strong>et</strong></span> <span class='ocrx_word' id='word_1_49' title='bbox 835 1065 1088 1125; x_wconf 87' lang='lat' dir='ltr'><strong>aspectus</strong></span> <span class='ocrx_word' id='word_1_50' title='bbox 1113 1070 1304 1112; x_wconf 89' lang='lat' dir='ltr'><strong>eorum</strong></span> <span class='ocrx_word' id='word_1_51' title='bbox 1336 1057 1595 1111; x_wconf 84' lang='lat' dir='ltr'><strong>humilior</strong></span> <span class='ocrx_word' id='word_1_52' title='bbox 1616 1058 1938 1128; x_wconf 84' lang='lat' dir='ltr'><strong>parietibus.</strong></span> <span class='ocrx_word' id='word_1_53' title='bbox 1966 1057 2056 1113; x_wconf 87' lang='grc'><strong>58.</strong></span> 
     </span>
    </p>
   </div>
   <div class='ocr_carea' id='block_1_9' title="bbox 485 1147 2061 1218">
    <p class='ocr_par' dir='ltr' id='par_1_9' title="bbox 485 1147 2061 1218">
     <span class='ocr_line' id='line_1_9' title="bbox 485 1147 2061 1218; baseline 0.003 -17"><span class='ocrx_word' id='word_1_54' title='bbox 485 1147 552 1202; x_wconf 81' lang='lat' dir='ltr'><strong>Et</strong></span> <span class='ocrx_word' id='word_1_55' title='bbox 580 1163 832 1218; x_wconf 79' lang='lat' dir='ltr'><strong>egressus</strong></span> <span class='ocrx_word' id='word_1_56' title='bbox 860 1151 1114 1205; x_wconf 88' lang='lat' dir='ltr'><strong>sacerdos</strong></span> <span class='ocrx_word' id='word_1_57' title='bbox 1152 1165 1183 1205; x_wconf 90' lang='lat' dir='ltr'><strong>e</strong></span> <span class='ocrx_word' id='word_1_58' title='bbox 1215 1151 1378 1205; x_wconf 93' lang='lat' dir='ltr'><strong>domo</strong></span> <span class='ocrx_word' id='word_1_59' title='bbox 1423 1151 1490 1204; x_wconf 90' lang='lat' dir='ltr'><strong>od</strong></span> <span class='ocrx_word' id='word_1_60' title='bbox 1523 1153 1723 1206; x_wconf 85' lang='lat' dir='ltr'><strong>ostium</strong></span> <span class='ocrx_word' id='word_1_61' title='bbox 1753 1153 1973 1215; x_wconf 89' lang='lat' dir='ltr'><strong>domus,</strong></span> <span class='ocrx_word' id='word_1_62' title='bbox 2005 1160 2061 1206; x_wconf 91' lang='lat' dir='ltr'><strong>et</strong></span> 
     </span>
    </p>
   </div>
   <div class='ocr_carea' id='block_1_10' title="bbox 486 1238 2064 1310">
    <p class='ocr_par' dir='ltr' id='par_1_10' title="bbox 486 1238 2064 1310">
     <span class='ocr_line' id='line_1_10' title="bbox 486 1238 2064 1310; baseline 0.001 -18"><span class='ocrx_word' id='word_1_63' title='bbox 486 1238 795 1308; x_wconf 81' lang='lat' dir='ltr'><strong>segregabit</strong></span> <span class='ocrx_word' id='word_1_64' title='bbox 849 1241 1108 1295; x_wconf 83' lang='lat' dir='ltr'><strong>sacerdos</strong></span> <span class='ocrx_word' id='word_1_65' title='bbox 1138 1240 1362 1295; x_wconf 89' lang='lat' dir='ltr'><strong>domum</strong></span> <span class='ocrx_word' id='word_1_66' title='bbox 1413 1250 1616 1310; x_wconf 88' lang='lat' dir='ltr'><strong>septem</strong></span> <span class='ocrx_word' id='word_1_67' title='bbox 1669 1241 1805 1295; x_wconf 88' lang='lat' dir='ltr'><strong>dies.</strong></span> <span class='ocrx_word' id='word_1_68' title='bbox 1858 1241 1945 1296; x_wconf 85' lang='grc'><strong>59.</strong></span> <span class='ocrx_word' id='word_1_69' title='bbox 1998 1239 2064 1294; x_wconf 81' lang='lat' dir='ltr'><strong>Et</strong></span> 
     </span>
    </p>
   </div>
   <div class='ocr_carea' id='block_1_11' title="bbox 485 1328 2056 1400">
    <p class='ocr_par' dir='ltr' id='par_1_11' title="bbox 485 1328 2056 1400">
     <span class='ocr_line' id='line_1_11' title="bbox 485 1328 2056 1400; baseline 0.002 -19"><span class='ocrx_word' id='word_1_70' title='bbox 485 1328 680 1382; x_wconf 86' lang='lat' dir='ltr'><strong>redibit</strong></span> <span class='ocrx_word' id='word_1_71' title='bbox 701 1328 954 1382; x_wconf 87' lang='lat' dir='ltr'><strong>sacerdos</strong></span> <span class='ocrx_word' id='word_1_72' title='bbox 977 1329 1064 1383; x_wconf 89' lang='lat' dir='ltr'><strong>die</strong></span> <span class='ocrx_word' id='word_1_73' title='bbox 1086 1329 1336 1398; x_wconf 85' lang='lat' dir='ltr'><strong>septimo,</strong></span> <span class='ocrx_word' id='word_1_74' title='bbox 1364 1339 1420 1383; x_wconf 86' lang='lat' dir='ltr'><strong>et</strong></span> <span class='ocrx_word' id='word_1_75' title='bbox 1437 1330 1664 1400; x_wconf 87' lang='lat' dir='ltr'><strong>aspiciet</strong></span> <span class='ocrx_word' id='word_1_76' title='bbox 1687 1343 1748 1385; x_wconf 64' lang='grc' dir='ltr'><strong>σε·</strong></span> <span class='ocrx_word' id='word_1_77' title='bbox 1774 1330 1998 1385; x_wconf 85' lang='lat' dir='ltr'><strong>domum</strong></span> <span class='ocrx_word' id='word_1_78' title='bbox 2033 1330 2056 1400; x_wconf 71' lang='grc' dir='ltr'>ζ</span> 
     </span>
    </p>
   </div>
   <div class='ocr_carea' id='block_1_12' title="bbox 484 1421 2058 1508">
    <p class='ocr_par' dir='ltr' id='par_1_12' title="bbox 484 1421 2058 1508">
     <span class='ocr_line' id='line_1_12' title="bbox 484 1421 2058 1508; baseline 0.001 -34"><span class='ocrx_word' id='word_1_79' title='bbox 484 1430 540 1474; x_wconf 88' lang='lat' dir='ltr'><strong>ct</strong></span> <span class='ocrx_word' id='word_1_80' title='bbox 571 1437 697 1476; x_wconf 88' lang='lat' dir='ltr'><strong>ecce</strong></span> <span class='ocrx_word' id='word_1_81' title='bbox 725 1421 955 1478; x_wconf 76' lang='lat' dir='ltr'><strong>diﬂ‘usus</strong></span> <span class='ocrx_word' id='word_1_82' title='bbox 984 1432 1067 1478; x_wconf 88' lang='lat' dir='ltr'><strong>est</strong></span> <span class='ocrx_word' id='word_1_83' title='bbox 1096 1432 1274 1477; x_wconf 89' lang='lat' dir='ltr'><strong>tactus</strong></span> <span class='ocrx_word' id='word_1_84' title='bbox 1305 1424 1356 1476; x_wconf 89' lang='lat' dir='ltr'><strong>in</strong></span> <span class='ocrx_word' id='word_1_85' title='bbox 1390 1422 1689 1508; x_wconf 56' lang='lat' dir='ltr'><strong>pa‘rietibus</strong></span> <span class='ocrx_word' id='word_1_86' title='bbox 1719 1423 1934 1478; x_wconf 89' lang='lat' dir='ltr'><strong>domus.</strong></span> <span class='ocrx_word' id='word_1_87' title='bbox 1967 1421 2058 1476; x_wconf 74' lang='grc'><strong>40.</strong></span> 
     </span>
    </p>
   </div>
   <div class='ocr_carea' id='block_1_13' title="bbox 486 1514 2060 1585">
    <p class='ocr_par' dir='ltr' id='par_1_13' title="bbox 486 1514 2060 1585">
     <span class='ocr_line' id='line_1_13' title="bbox 486 1514 2060 1585; baseline 0.001 -17"><span class='ocrx_word' id='word_1_88' title='bbox 486 1515 554 1568; x_wconf 84' lang='lat' dir='ltr'><strong>Et</strong></span> <span class='ocrx_word' id='word_1_89' title='bbox 587 1515 861 1584; x_wconf 64' lang='lat' dir='ltr'><strong>praacipiet</strong></span> <span class='ocrx_word' id='word_1_90' title='bbox 890 1516 1164 1581; x_wconf 86' lang='lat' dir='ltr'><strong>sacerdos,</strong></span> <span class='ocrx_word' id='word_1_91' title='bbox 1194 1525 1248 1568; x_wconf 84' lang='lat' dir='ltr'><strong>et</strong></span> <span class='ocrx_word' id='word_1_92' title='bbox 1279 1523 1470 1569; x_wconf 90' lang='lat' dir='ltr'><strong>eruent</strong></span> <span class='ocrx_word' id='word_1_93' title='bbox 1513 1514 1718 1582; x_wconf 81' lang='lat' dir='ltr'><strong>lapides</strong></span> <span class='ocrx_word' id='word_1_94' title='bbox 1750 1515 1806 1568; x_wconf 87' lang='lat' dir='ltr'><strong>in</strong></span> <span class='ocrx_word' id='word_1_95' title='bbox 1855 1515 2060 1585; x_wconf 87' lang='lat' dir='ltr'><strong>quibus</strong></span> 
     </span>
    </p>
   </div>
   <div class='ocr_carea' id='block_1_14' title="bbox 485 1605 2054 1676">
    <p class='ocr_par' dir='ltr' id='par_1_14' title="bbox 485 1605 2054 1676">
     <span class='ocr_line' id='line_1_14' title="bbox 485 1605 2054 1676; baseline -0.002 -14"><span class='ocrx_word' id='word_1_96' title='bbox 485 1616 570 1662; x_wconf 83' lang='lat' dir='ltr'><strong>est</strong></span> <span class='ocrx_word' id='word_1_97' title='bbox 595 1615 797 1672; x_wconf 89' lang='lat' dir='ltr'><strong>tactus,</strong></span> <span class='ocrx_word' id='word_1_98' title='bbox 827 1617 881 1662; x_wconf 89' lang='lat' dir='ltr'><strong>et</strong></span> <span class='ocrx_word' id='word_1_99' title='bbox 904 1608 1124 1676; x_wconf 88' lang='lat' dir='ltr'><strong>ejicient</strong></span> <span class='ocrx_word' id='word_1_100' title='bbox 1149 1622 1245 1663; x_wconf 90' lang='lat' dir='ltr'><strong>eos</strong></span> <span class='ocrx_word' id='word_1_101' title='bbox 1287 1619 1440 1662; x_wconf 82' lang='lat' dir='ltr'><strong>extra</strong></span> <span class='ocrx_word' id='word_1_102' title='bbox 1475 1605 1748 1661; x_wconf 87' lang='lat' dir='ltr'><strong>civitatem</strong></span> <span class='ocrx_word' id='word_1_103' title='bbox 1787 1607 1841 1660; x_wconf 88' lang='lat' dir='ltr'><strong>iu</strong></span> <span class='ocrx_word' id='word_1_104' title='bbox 1872 1607 2054 1660; x_wconf 91' lang='lat' dir='ltr'><strong>locum</strong></span> 
     </span>
    </p>
   </div>
   <div class='ocr_carea' id='block_1_15' title="bbox 486 1698 2059 1758">
    <p class='ocr_par' dir='ltr' id='par_1_15' title="bbox 486 1698 2059 1758">
     <span class='ocr_line' id='line_1_15' title="bbox 486 1698 2059 1758; baseline -0.002 -4"><span class='ocrx_word' id='word_1_105' title='bbox 486 1701 855 1758; x_wconf 88' lang='lat' dir='ltr'><strong>immundum.</strong></span> <span class='ocrx_word' id='word_1_106' title='bbox 879 1701 971 1754; x_wconf 77' lang='lat' dir='ltr'><strong>H.</strong></span> <span class='ocrx_word' id='word_1_107' title='bbox 1018 1699 1086 1755; x_wconf 82' lang='lat' dir='ltr'><strong>Et</strong></span> <span class='ocrx_word' id='word_1_108' title='bbox 1133 1701 1358 1756; x_wconf 91' lang='lat' dir='ltr'><strong>domum</strong></span> <span class='ocrx_word' id='word_1_109' title='bbox 1405 1700 1599 1755; x_wconf 90' lang='lat' dir='ltr'><strong>radent</strong></span> <span class='ocrx_word' id='word_1_110' title='bbox 1629 1699 1972 1754; x_wconf 79' lang='lat' dir='ltr'><strong>extrinsecus</strong></span> <span class='ocrx_word' id='word_1_111' title='bbox 2005 1698 2059 1751; x_wconf 91' lang='lat' dir='ltr'><strong>in</strong></span> 
     </span>
    </p>
   </div>
   <div class='ocr_carea' id='block_1_16' title="bbox 484 1790 2057 1862">
    <p class='ocr_par' dir='ltr' id='par_1_16' title="bbox 484 1790 2057 1862">
     <span class='ocr_line' id='line_1_16' title="bbox 484 1790 2057 1862; baseline -0.003 -16"><span class='ocrx_word' id='word_1_112' title='bbox 484 1791 737 1856; x_wconf 85' lang='lat' dir='ltr'><strong>circuitu,</strong></span> <span class='ocrx_word' id='word_1_113' title='bbox 767 1802 822 1846; x_wconf 89' lang='lat' dir='ltr'><strong>et</strong></span> <span class='ocrx_word' id='word_1_114' title='bbox 858 1792 1136 1848; x_wconf 80' lang='lat' dir='ltr'><strong>eﬂ‘undent</strong></span> <span class='ocrx_word' id='word_1_115' title='bbox 1164 1793 1442 1862; x_wconf 87' lang='lat' dir='ltr'><strong>pulverem</strong></span> <span class='ocrx_word' id='word_1_116' title='bbox 1478 1795 1545 1860; x_wconf 56' lang='grc' dir='ltr'><strong>Ἀ(</strong></span> <span class='ocrx_word' id='word_1_117' title='bbox 1573 1806 1733 1861; x_wconf 91' lang='lat' dir='ltr'><strong>quem</strong></span> <span class='ocrx_word' id='word_1_118' title='bbox 1759 1799 2010 1845; x_wconf 89' lang='lat' dir='ltr'><strong>raserunt</strong></span> <span class='ocrx_word' id='word_1_119' title='bbox 2036 1790 2057 1857; x_wconf 71' lang='grc' dir='ltr'>ζ</span> 
     </span>
    </p>
   </div>
   <div class='ocr_carea' id='block_1_17' title="bbox 485 1880 2064 1939">
    <p class='ocr_par' dir='ltr' id='par_1_17' title="bbox 485 1880 2064 1939">
     <span class='ocr_line' id='line_1_17' title="bbox 485 1880 2064 1939; baseline -0.002 -2"><span class='ocrx_word' id='word_1_120' title='bbox 485 1893 636 1938; x_wconf 81' lang='lat' dir='ltr'><strong>extra</strong></span> <span class='ocrx_word' id='word_1_121' title='bbox 668 1885 943 1939; x_wconf 88' lang='lat' dir='ltr'><strong>civitatem</strong></span> <span class='ocrx_word' id='word_1_122' title='bbox 995 1885 1050 1938; x_wconf 92' lang='lat' dir='ltr'><strong>in</strong></span> <span class='ocrx_word' id='word_1_123' title='bbox 1091 1885 1271 1939; x_wconf 90' lang='lat' dir='ltr'><strong>locum</strong></span> <span class='ocrx_word' id='word_1_124' title='bbox 1323 1883 1691 1939; x_wconf 88' lang='lat' dir='ltr'><strong>immundum.</strong></span> <span class='ocrx_word' id='word_1_125' title='bbox 1738 1881 1830 1937; x_wconf 73' lang='grc'><strong>42.</strong></span> <span class='ocrx_word' id='word_1_126' title='bbox 1866 1880 1933 1935; x_wconf 88' lang='lat' dir='ltr'><strong>Et</strong></span> <span class='ocrx_word' id='word_1_127' title='bbox 1971 1896 2064 1935; x_wconf 87' lang='lat' dir='ltr'><strong>su-</strong></span> 
     </span>
    </p>
   </div>
   <div class='ocr_carea' id='block_1_18' title="bbox 485 1972 2068 2049">
    <p class='ocr_par' dir='ltr' id='par_1_18' title="bbox 485 1972 2068 2049">
     <span class='ocr_line' id='line_1_18' title="bbox 485 1972 2068 2049; baseline -0.001 -19"><span class='ocrx_word' id='word_1_128' title='bbox 485 1985 637 2030; x_wconf 87' lang='lat' dir='ltr'><strong>ment</strong></span> <span class='ocrx_word' id='word_1_129' title='bbox 687 1977 895 2046; x_wconf 88' lang='lat' dir='ltr'><strong>lapides</strong></span> <span class='ocrx_word' id='word_1_130' title='bbox 931 1991 995 2034; x_wconf 78' lang='lat'><em>+</em></span> <span class='ocrx_word' id='word_1_131' title='bbox 1033 1980 1238 2049; x_wconf 69' lang='lat' dir='ltr'><strong>rasos:</strong></span> <span class='ocrx_word' id='word_1_132' title='bbox 1271 1978 1428 2044; x_wconf 86' lang='lat' dir='ltr'><strong>alios,</strong></span> <span class='ocrx_word' id='word_1_133' title='bbox 1465 1985 1522 2032; x_wconf 91' lang='lat' dir='ltr'><strong>et</strong></span> <span class='ocrx_word' id='word_1_134' title='bbox 1551 1985 1751 2047; x_wconf 89' lang='lat' dir='ltr'><strong>ponent</strong></span> <span class='ocrx_word' id='word_1_135' title='bbox 1799 1988 1898 2044; x_wconf 92' lang='lat' dir='ltr'><strong>pro</strong></span> <span class='ocrx_word' id='word_1_136' title='bbox 1930 1972 2068 2041; x_wconf 89' lang='lat' dir='ltr'><strong>lapi-</strong></span> 
     </span>
    </p>
   </div>
   <div class='ocr_carea' id='block_1_19' title="bbox 486 2066 2064 2140">
    <p class='ocr_par' dir='ltr' id='par_1_19' title="bbox 486 2066 2064 2140">
     <span class='ocr_line' id='line_1_19' title="bbox 486 2066 2064 2140; baseline -0.002 -18"><span class='ocrx_word' id='word_1_137' title='bbox 486 2069 689 2137; x_wconf 91' lang='lat' dir='ltr'><strong>dibus;</strong></span> <span class='ocrx_word' id='word_1_138' title='bbox 737 2079 790 2124; x_wconf 87' lang='lat' dir='ltr'><strong>ct</strong></span> <span class='ocrx_word' id='word_1_139' title='bbox 823 2071 1103 2140; x_wconf 87' lang='lat' dir='ltr'><strong>pulverem</strong></span> <span class='ocrx_word' id='word_1_140' title='bbox 1155 2071 1322 2126; x_wconf 88' lang='lat' dir='ltr'><strong>alium</strong></span> <span class='ocrx_word' id='word_1_141' title='bbox 1354 2079 1591 2136; x_wconf 88' lang='lat' dir='ltr'><strong>sument,</strong></span> <span class='ocrx_word' id='word_1_142' title='bbox 1645 2077 1700 2124; x_wconf 89' lang='lat' dir='ltr'><strong>et</strong></span> <span class='ocrx_word' id='word_1_143' title='bbox 1747 2068 1938 2122; x_wconf 89' lang='lat' dir='ltr'><strong>linient</strong></span> <span class='ocrx_word' id='word_1_144' title='bbox 1966 2066 2064 2120; x_wconf 85' lang='lat' dir='ltr'><strong>do-</strong></span> 
     </span>
    </p>
   </div>
   <div class='ocr_carea' id='block_1_20' title="bbox 487 2161 2063 2223">
    <p class='ocr_par' dir='ltr' id='par_1_20' title="bbox 487 2161 2063 2223">
     <span class='ocr_line' id='line_1_20' title="bbox 487 2161 2063 2223; baseline -0.001 -10"><span class='ocrx_word' id='word_1_145' title='bbox 487 2175 659 2215; x_wconf 85' lang='lat' dir='ltr'><strong>mum.</strong></span> <span class='ocrx_word' id='word_1_146' title='bbox 691 2161 782 2217; x_wconf 75' lang='grc'><strong>45.</strong></span> <span class='ocrx_word' id='word_1_147' title='bbox 832 2161 888 2216; x_wconf 91' lang='lat' dir='ltr'><strong>Si</strong></span> <span class='ocrx_word' id='word_1_148' title='bbox 922 2170 1106 2217; x_wconf 85' lang='lat' dir='ltr'><strong>autem</strong></span> <span class='ocrx_word' id='word_1_149' title='bbox 1138 2162 1362 2218; x_wconf 91' lang='lat' dir='ltr'><strong>redierit</strong></span> <span class='ocrx_word' id='word_1_150' title='bbox 1393 2177 1613 2217; x_wconf 88' lang='lat' dir='ltr'><strong>rursum</strong></span> <span class='ocrx_word' id='word_1_151' title='bbox 1661 2169 1856 2223; x_wconf 91' lang='lat' dir='ltr'><strong>tactus,</strong></span> <span class='ocrx_word' id='word_1_152' title='bbox 1889 2166 1943 2212; x_wconf 91' lang='lat' dir='ltr'><strong>et</strong></span> <span class='ocrx_word' id='word_1_153' title='bbox 1975 2173 2063 2211; x_wconf 90' lang='lat' dir='ltr'><strong>re-</strong></span> 
     </span>
    </p>
   </div>
   <div class='ocr_carea' id='block_1_21' title="bbox 487 2247 2057 2326">
    <p class='ocr_par' dir='ltr' id='par_1_21' title="bbox 487 2247 2057 2326">
     <span class='ocr_line' id='line_1_21' title="bbox 487 2247 2057 2326; baseline -0.003 -20"><span class='ocrx_word' id='word_1_154' title='bbox 487 2252 768 2321; x_wconf 86' lang='lat' dir='ltr'><strong>pullularit</strong></span> <span class='ocrx_word' id='word_1_155' title='bbox 791 2256 846 2307; x_wconf 88' lang='lat' dir='ltr'><strong>in</strong></span> <span class='ocrx_word' id='word_1_156' title='bbox 877 2253 1043 2310; x_wconf 90' lang='lat' dir='ltr'><strong>domo</strong></span> <span class='ocrx_word' id='word_1_157' title='bbox 1076 2263 1363 2326; x_wconf 85' lang='lat' dir='ltr'><strong>postquam</strong></span> <span class='ocrx_word' id='word_1_158' title='bbox 1395 2253 1536 2310; x_wconf 84' lang='lat' dir='ltr'><strong>eruti</strong></span> <span class='ocrx_word' id='word_1_159' title='bbox 1579 2253 1801 2310; x_wconf 81' lang='lat' dir='ltr'><strong>fuerunt</strong></span> <span class='ocrx_word' id='word_1_160' title='bbox 1828 2247 2057 2320; x_wconf 85' lang='lat' dir='ltr'><strong>lapides,</strong></span> 
     </span>
    </p>
   </div>
   <div class='ocr_carea' id='block_1_22' title="bbox 1467 391 2639 458">
    <p class='ocr_par' dir='ltr' id='par_1_22' title="bbox 1467 391 2639 458">
     <span class='ocr_line' id='line_1_22' title="bbox 1467 391 2639 458; baseline 0.004 -14"><span class='ocrx_word' id='word_1_161' title='bbox 1467 391 1947 448; x_wconf 73' lang='lat' dir='ltr'><strong>llEXAPLOllUM</strong></span> <span class='ocrx_word' id='word_1_162' title='bbox 1993 391 2160 458; x_wconf 70' lang='lat' dir='ltr'><strong>QUAS</strong></span> <span class='ocrx_word' id='word_1_163' title='bbox 2202 391 2639 450; x_wconf 65' lang='lat' dir='ltr'><strong>SUPEKSUNT.</strong></span> 
     </span>
    </p>
   </div>
   <div class='ocr_carea' id='block_1_23' title="bbox 3661 407 3759 464">
    <p class='ocr_par' dir='ltr' id='par_1_23' title="bbox 3661 407 3759 464">
     <span class='ocr_line' id='line_1_23' title="bbox 3661 407 3759 464; baseline 0.031 -3"><span class='ocrx_word' id='word_1_164' title='bbox 3661 407 3759 464; x_wconf 63' lang='lat'><strong>60!</strong></span> 
     </span>
    </p>
   </div>
   <div class='ocr_carea' id='block_1_24' title="bbox 2173 523 3754 604">
    <p class='ocr_par' dir='ltr' id='par_1_24' title="bbox 2173 523 3754 604">
     <span class='ocr_line' id='line_1_24' title="bbox 2173 523 3754 604; baseline 0.005 -25"><span class='ocrx_word' id='word_1_165' title='bbox 2173 525 2337 597; x_wconf 80' lang='grc' dir='ltr'><strong>οἰκίᾳ.</strong></span> <span class='ocrx_word' id='word_1_166' title='bbox 2373 523 2461 581; x_wconf 83' lang='grc'><strong>56.</strong></span> <span class='ocrx_word' id='word_1_167' title='bbox 2493 526 2604 580; x_wconf 76' lang='grc' dir='ltr'><strong>Καὶ</strong></span> <span class='ocrx_word' id='word_1_168' title='bbox 2631 524 2925 597; x_wconf 76' lang='grc' dir='ltr'><strong>προστάξει</strong></span> <span class='ocrx_word' id='word_1_169' title='bbox 2955 525 2984 578; x_wconf 98' lang='lat'><strong>6</strong></span> <span class='ocrx_word' id='word_1_170' title='bbox 3018 526 3196 598; x_wconf 74' lang='grc' dir='ltr'>ἰερεὺς</span> <span class='ocrx_word' id='word_1_171' title='bbox 3242 527 3620 584; x_wconf 85' lang='grc' dir='ltr'><strong>άποσκευασαι</strong></span> <span class='ocrx_word' id='word_1_172' title='bbox 3654 532 3754 604; x_wconf 82' lang='grc' dir='ltr'><strong>τὴν</strong></span> 
     </span>
    </p>
   </div>
   <div class='ocr_carea' id='block_1_25' title="bbox 2171 617 3753 696">
    <p class='ocr_par' dir='ltr' id='par_1_25' title="bbox 2171 617 3753 696">
     <span class='ocr_line' id='line_1_25' title="bbox 2171 617 3753 696; baseline 0.004 -26"><span class='ocrx_word' id='word_1_173' title='bbox 2171 617 2348 670; x_wconf 79' lang='grc' dir='ltr'><strong>οἰκίαν</strong></span> <span class='ocrx_word' id='word_1_174' title='bbox 2379 617 2486 690; x_wconf 76' lang='grc' dir='ltr'>πρὸ</span> <span class='ocrx_word' id='word_1_175' title='bbox 2516 617 2610 670; x_wconf 71' lang='grc' dir='ltr'><strong>τοῦ</strong></span> <span class='ocrx_word' id='word_1_176' title='bbox 2644 617 2953 670; x_wconf 77' lang='grc' dir='ltr'><strong>εἰσελθόντα</strong></span> <span class='ocrx_word' id='word_1_177' title='bbox 2976 618 3068 672; x_wconf 83' lang='grc' dir='ltr'><strong>τὸν</strong></span> <span class='ocrx_word' id='word_1_178' title='bbox 3115 619 3266 690; x_wconf 79' lang='grc' dir='ltr'><strong>ἱερέα</strong></span> <span class='ocrx_word' id='word_1_179' title='bbox 3301 619 3427 673; x_wconf 84' lang='grc' dir='ltr'><strong>ἰδεῖν</strong></span> <span class='ocrx_word' id='word_1_180' title='bbox 3464 620 3562 694; x_wconf 74' lang='grc' dir='ltr'><strong>τὴν</strong></span> <span class='ocrx_word' id='word_1_181' title='bbox 3590 622 3753 696; x_wconf 77' lang='grc' dir='ltr'><strong>ἁφὴν,</strong></span> 
     </span>
    </p>
   </div>
   <div class='ocr_carea' id='block_1_26' title="bbox 2173 709 3758 786">
    <p class='ocr_par' dir='ltr' id='par_1_26' title="bbox 2173 709 3758 786">
     <span class='ocr_line' id='line_1_26' title="bbox 2173 709 3758 786; baseline 0.004 -24"><span class='ocrx_word' id='word_1_182' title='bbox 2173 709 2265 762; x_wconf 73' lang='grc' dir='ltr'><strong>καὶ</strong></span> <span class='ocrx_word' id='word_1_183' title='bbox 2288 710 2350 762; x_wconf 82' lang='grc' dir='ltr'><strong>οὐ</strong></span> <span class='ocrx_word' id='word_1_184' title='bbox 2380 709 2454 780; x_wconf 82' lang='grc' dir='ltr'><strong>μὴ</strong></span> <span class='ocrx_word' id='word_1_185' title='bbox 2479 709 2767 780; x_wconf 82' lang='grc' dir='ltr'><strong>ἀκάθαρτα</strong></span> <span class='ocrx_word' id='word_1_186' title='bbox 2795 709 3022 780; x_wconf 82' lang='grc' dir='ltr'><strong>γένηται</strong></span> <span class='ocrx_word' id='word_1_187' title='bbox 3045 709 3148 764; x_wconf 83' lang='grc' dir='ltr'><strong>ὅσα</strong></span> <span class='ocrx_word' id='word_1_188' title='bbox 3170 710 3264 763; x_wconf 78' lang='grc' dir='ltr'><strong>ἐὰν</strong></span> <span class='ocrx_word' id='word_1_189' title='bbox 3288 712 3346 764; x_wconf 81' lang='grc' dir='ltr'><strong>ὲν</strong></span> <span class='ocrx_word' id='word_1_190' title='bbox 3361 713 3428 782; x_wconf 77' lang='grc' dir='ltr'><strong>τῇ</strong></span> <span class='ocrx_word' id='word_1_191' title='bbox 3454 713 3622 786; x_wconf 81' lang='grc' dir='ltr'><strong>οἰκίᾳ.</strong></span> <span class='ocrx_word' id='word_1_192' title='bbox 3645 715 3758 769; x_wconf 87' lang='lat' dir='ltr'><strong>Kal</strong></span> 
     </span>
    </p>
   </div>
   <div class='ocr_carea' id='block_1_27' title="bbox 2175 801 3758 878">
    <p class='ocr_par' dir='ltr' id='par_1_27' title="bbox 2175 801 3758 878">
     <span class='ocr_line' id='line_1_27' title="bbox 2175 801 3758 878; baseline 0.003 -23"><span class='ocrx_word' id='word_1_193' title='bbox 2175 803 2313 871; x_wconf 74' lang='grc' dir='ltr'><strong>μετὰ</strong></span> <span class='ocrx_word' id='word_1_194' title='bbox 2358 801 2532 856; x_wconf 82' lang='grc' dir='ltr'><strong>ταῦτα</strong></span> <span class='ocrx_word' id='word_1_195' title='bbox 2579 801 2947 854; x_wconf 80' lang='grc' dir='ltr'><strong>εἰσελεύσεται</strong></span> <span class='ocrx_word' id='word_1_196' title='bbox 2975 802 3005 855; x_wconf 91' lang='lat'><strong>6</strong></span> <span class='ocrx_word' id='word_1_197' title='bbox 3059 802 3239 873; x_wconf 77' lang='grc' dir='ltr'>ἱερεὺς</span> <span class='ocrx_word' id='word_1_198' title='bbox 3280 803 3618 874; x_wconf 74' lang='grc' dir='ltr'><strong>καταμαθεῖν</strong></span> <span class='ocrx_word' id='word_1_199' title='bbox 3657 805 3758 878; x_wconf 79' lang='grc' dir='ltr'><strong>τὴν</strong></span> 
     </span>
    </p>
   </div>
   <div class='ocr_carea' id='block_1_28' title="bbox 2169 893 3756 967">
    <p class='ocr_par' dir='ltr' id='par_1_28' title="bbox 2169 893 3756 967">
     <span class='ocr_line' id='line_1_28' title="bbox 2169 893 3756 967; baseline 0.002 -22"><span class='ocrx_word' id='word_1_200' title='bbox 2169 893 2366 947; x_wconf 83' lang='grc' dir='ltr'><strong>οἰκίαν.</strong></span> <span class='ocrx_word' id='word_1_201' title='bbox 2402 894 2490 950; x_wconf 85' lang='grc'><strong>57.</strong></span> <span class='ocrx_word' id='word_1_202' title='bbox 2523 893 2634 946; x_wconf 98' lang='lat' dir='ltr'><strong>Kal</strong></span> <span class='ocrx_word' id='word_1_203' title='bbox 2662 893 2855 962; x_wconf 66' lang='grc' dir='ltr'>ὄψεται</span> <span class='ocrx_word' id='word_1_204' title='bbox 2882 894 2981 963; x_wconf 82' lang='grc' dir='ltr'><strong>τὴν</strong></span> <span class='ocrx_word' id='word_1_205' title='bbox 3023 893 3190 964; x_wconf 81' lang='grc' dir='ltr'><strong>ἁφὴν,</strong></span> <span class='ocrx_word' id='word_1_206' title='bbox 3218 895 3312 948; x_wconf 73' lang='grc' dir='ltr'><strong>καὶ</strong></span> <span class='ocrx_word' id='word_1_207' title='bbox 3345 893 3454 949; x_wconf 79' lang='grc' dir='ltr'>ἰδοὺ</span> <span class='ocrx_word' id='word_1_208' title='bbox 3490 897 3524 967; x_wconf 78' lang='grc' dir='ltr'>ἠ</span> <span class='ocrx_word' id='word_1_209' title='bbox 3557 896 3669 967; x_wconf 82' lang='grc' dir='ltr'><strong>ἁφὴ</strong></span> <span class='ocrx_word' id='word_1_210' title='bbox 3699 899 3756 948; x_wconf 83' lang='grc' dir='ltr'><strong>ὲν</strong></span> 
     </span>
    </p>
   </div>
   <div class='ocr_carea' id='block_1_29' title="bbox 2170 985 3760 1062">
    <p class='ocr_par' dir='ltr' id='par_1_29' title="bbox 2170 985 3760 1062">
     <span class='ocr_line' id='line_1_29' title="bbox 2170 985 3760 1062; baseline 0.002 -23"><span class='ocrx_word' id='word_1_211' title='bbox 2170 990 2281 1050; x_wconf 84' lang='grc' dir='ltr'><strong>τοῖς</strong></span> <span class='ocrx_word' id='word_1_212' title='bbox 2309 987 2510 1057; x_wconf 77' lang='grc' dir='ltr'><strong>τοίχοις</strong></span> <span class='ocrx_word' id='word_1_213' title='bbox 2536 986 2636 1056; x_wconf 77' lang='grc' dir='ltr'><strong>τῆς</strong></span> <span class='ocrx_word' id='word_1_214' title='bbox 2664 988 2862 1051; x_wconf 82' lang='grc' dir='ltr'><strong>οἰκίας,</strong></span> <span class='ocrx_word' id='word_1_215' title='bbox 2893 985 3146 1050; x_wconf 83' lang='grc' dir='ltr'><strong>κοιλάδας</strong></span> <span class='ocrx_word' id='word_1_216' title='bbox 3163 985 3535 1058; x_wconf 79' lang='grc' dir='ltr'><strong>χλωριζούσας</strong></span> <span class='ocrx_word' id='word_1_217' title='bbox 3563 991 3596 1061; x_wconf 80' lang='grc' dir='ltr'>ἢ</span> <span class='ocrx_word' id='word_1_218' title='bbox 3625 993 3760 1062; x_wconf 78' lang='grc' dir='ltr'><strong>πυρο</strong></span> 
     </span>
    </p>
   </div>
   <div class='ocr_carea' id='block_1_30' title="bbox 2172 1076 3755 1152">
    <p class='ocr_par' dir='ltr' id='par_1_30' title="bbox 2172 1076 3755 1152">
     <span class='ocr_line' id='line_1_30' title="bbox 2172 1076 3755 1152; baseline 0.002 -23"><span class='ocrx_word' id='word_1_219' title='bbox 2172 1077 2447 1148; x_wconf 77' lang='grc' dir='ltr'><strong>ριζούσας,</strong></span> <span class='ocrx_word' id='word_1_220' title='bbox 2479 1079 2576 1130; x_wconf 74' lang='grc' dir='ltr'><strong>καὶ</strong></span> <span class='ocrx_word' id='word_1_221' title='bbox 2600 1079 2634 1148; x_wconf 80' lang='grc' dir='ltr'>ἡ</span> <span class='ocrx_word' id='word_1_222' title='bbox 2669 1077 2793 1147; x_wconf 73' lang='grc' dir='ltr'>ὄψις</span> <span class='ocrx_word' id='word_1_223' title='bbox 2813 1076 2994 1132; x_wconf 82' lang='grc' dir='ltr'><strong>αὐτῶν</strong></span> <span class='ocrx_word' id='word_1_224' title='bbox 3016 1079 3378 1150; x_wconf 83' lang='grc' dir='ltr'><strong>ταπεινοτέρα</strong></span> <span class='ocrx_word' id='word_1_225' title='bbox 3405 1077 3515 1134; x_wconf 82' lang='grc' dir='ltr'><strong>τῶν</strong></span> <span class='ocrx_word' id='word_1_226' title='bbox 3538 1081 3755 1152; x_wconf 82' lang='grc' dir='ltr'><strong>τοίχων,</strong></span> 
     </span>
    </p>
   </div>
   <div class='ocr_carea' id='block_1_31' title="bbox 2170 1168 3755 1245">
    <p class='ocr_par' dir='ltr' id='par_1_31' title="bbox 2170 1168 3755 1245">
     <span class='ocr_line' id='line_1_31' title="bbox 2170 1168 3755 1245; baseline 0.003 -22"><span class='ocrx_word' id='word_1_227' title='bbox 2170 1169 2257 1223; x_wconf 87' lang='grc'><strong>58.</strong></span> <span class='ocrx_word' id='word_1_228' title='bbox 2291 1171 2401 1224; x_wconf 81' lang='lat' dir='ltr'><strong>Kal</strong></span> <span class='ocrx_word' id='word_1_229' title='bbox 2429 1168 2660 1236; x_wconf 78' lang='grc' dir='ltr'><strong>ἐξελθὼν</strong></span> <span class='ocrx_word' id='word_1_230' title='bbox 2691 1171 2720 1223; x_wconf 90' lang='lat'><strong>6</strong></span> <span class='ocrx_word' id='word_1_231' title='bbox 2755 1171 2935 1242; x_wconf 84' lang='grc' dir='ltr'>ἱερεὺς</span> <span class='ocrx_word' id='word_1_232' title='bbox 2963 1171 3028 1224; x_wconf 87' lang='grc' dir='ltr'><strong>ὲκ</strong></span> <span class='ocrx_word' id='word_1_233' title='bbox 3055 1171 3156 1241; x_wconf 75' lang='grc' dir='ltr'><strong>τῆς</strong></span> <span class='ocrx_word' id='word_1_234' title='bbox 3189 1170 3368 1236; x_wconf 79' lang='grc' dir='ltr'><strong>οἰκίας</strong></span> <span class='ocrx_word' id='word_1_235' title='bbox 3404 1173 3499 1226; x_wconf 75' lang='grc' dir='ltr'><strong>ἐπὶ</strong></span> <span class='ocrx_word' id='word_1_236' title='bbox 3528 1173 3628 1245; x_wconf 81' lang='grc' dir='ltr'><strong>τὴν</strong></span> <span class='ocrx_word' id='word_1_237' title='bbox 3659 1172 3755 1226; x_wconf 80' lang='grc' dir='ltr'><strong>θύ-</strong></span> 
     </span>
    </p>
   </div>
   <div class='ocr_carea' id='block_1_32' title="bbox 2173 1263 3756 1336">
    <p class='ocr_par' dir='ltr' id='par_1_32' title="bbox 2173 1263 3756 1336">
     <span class='ocr_line' id='line_1_32' title="bbox 2173 1263 3756 1336; baseline 0.004 -22"><span class='ocrx_word' id='word_1_238' title='bbox 2173 1281 2271 1334; x_wconf 86' lang='grc' dir='ltr'><strong>ραν</strong></span> <span class='ocrx_word' id='word_1_239' title='bbox 2299 1263 2397 1332; x_wconf 88' lang='grc' dir='ltr'><strong>τῆς</strong></span> <span class='ocrx_word' id='word_1_240' title='bbox 2423 1263 2620 1327; x_wconf 90' lang='grc' dir='ltr'><strong>οἰκίας,</strong></span> <span class='ocrx_word' id='word_1_241' title='bbox 2643 1263 2736 1318; x_wconf 62' lang='grc' dir='ltr'><strong>καὶ</strong></span> <span class='ocrx_word' id='word_1_242' title='bbox 2765 1263 2984 1334; x_wconf 80' lang='grc' dir='ltr'>ἀφοριεί</span> <span class='ocrx_word' id='word_1_243' title='bbox 3008 1264 3038 1316; x_wconf 89' lang='lat'><strong>6</strong></span> <span class='ocrx_word' id='word_1_244' title='bbox 3068 1264 3248 1334; x_wconf 78' lang='grc' dir='ltr'>ἱερεὺς</span> <span class='ocrx_word' id='word_1_245' title='bbox 3278 1264 3376 1336; x_wconf 86' lang='grc' dir='ltr'><strong>τὴν</strong></span> <span class='ocrx_word' id='word_1_246' title='bbox 3404 1265 3584 1320; x_wconf 91' lang='grc' dir='ltr'><strong>οἰκίαν</strong></span> <span class='ocrx_word' id='word_1_247' title='bbox 3615 1265 3756 1320; x_wconf 77' lang='grc' dir='ltr'><strong>ἑπτὰ</strong></span> 
     </span>
    </p>
   </div>
   <div class='ocr_carea' id='block_1_33' title="bbox 2167 1352 3757 1429">
    <p class='ocr_par' dir='ltr' id='par_1_33' title="bbox 2167 1352 3757 1429">
     <span class='ocr_line' id='line_1_33' title="bbox 2167 1352 3757 1429; baseline 0.004 -24"><span class='ocrx_word' id='word_1_248' title='bbox 2167 1352 2399 1424; x_wconf 78' lang='grc' dir='ltr'><strong>ἡμέρας.</strong></span> <span class='ocrx_word' id='word_1_249' title='bbox 2431 1353 2517 1408; x_wconf 87' lang='grc'><strong>59.</strong></span> <span class='ocrx_word' id='word_1_250' title='bbox 2543 1353 2655 1407; x_wconf 81' lang='grc' dir='ltr'><strong>Καὶ</strong></span> <span class='ocrx_word' id='word_1_251' title='bbox 2677 1353 2938 1427; x_wconf 71' lang='grc' dir='ltr'><strong>ἐπανήξει</strong></span> <span class='ocrx_word' id='word_1_252' title='bbox 2979 1355 3009 1406; x_wconf 92' lang='lat'><strong>6</strong></span> <span class='ocrx_word' id='word_1_253' title='bbox 3047 1354 3312 1428; x_wconf 79' lang='grc' dir='ltr'><strong>ἰερεὺςτῇ</strong></span> <span class='ocrx_word' id='word_1_254' title='bbox 3347 1356 3532 1428; x_wconf 76' lang='grc' dir='ltr'><strong>ἡμέρᾳ</strong></span> <span class='ocrx_word' id='word_1_255' title='bbox 3570 1359 3638 1429; x_wconf 79' lang='grc' dir='ltr'><strong>τῇ</strong></span> <span class='ocrx_word' id='word_1_256' title='bbox 3667 1357 3757 1411; x_wconf 76' lang='grc' dir='ltr'><strong>ἑὸ-</strong></span> 
     </span>
    </p>
   </div>
   <div class='ocr_carea' id='block_1_34' title="bbox 2167 1442 3756 1522">
    <p class='ocr_par' dir='ltr' id='par_1_34' title="bbox 2167 1442 3756 1522">
     <span class='ocr_line' id='line_1_34' title="bbox 2167 1442 3756 1522; baseline 0.004 -27"><span class='ocrx_word' id='word_1_257' title='bbox 2167 1442 2326 1516; x_wconf 78' lang='grc' dir='ltr'><strong>δὸμῃ,</strong></span> <span class='ocrx_word' id='word_1_258' title='bbox 2349 1445 2444 1498; x_wconf 68' lang='grc' dir='ltr'><strong>καὶ</strong></span> <span class='ocrx_word' id='word_1_259' title='bbox 2476 1443 2667 1514; x_wconf 72' lang='grc' dir='ltr'>ὄψεται</span> <span class='ocrx_word' id='word_1_260' title='bbox 2700 1459 2762 1501; x_wconf 78' lang='grc' dir='ltr'>σι-</span> <span class='ocrx_word' id='word_1_261' title='bbox 2799 1446 2900 1517; x_wconf 79' lang='grc' dir='ltr'><strong>τὴν</strong></span> <span class='ocrx_word' id='word_1_262' title='bbox 2945 1445 3123 1500; x_wconf 89' lang='grc' dir='ltr'><strong>οἰκίαν</strong></span> <span class='ocrx_word' id='word_1_263' title='bbox 3158 1445 3304 1514; x_wconf 70' lang='grc' dir='ltr'>ζκαί</span> <span class='ocrx_word' id='word_1_264' title='bbox 3331 1447 3440 1502; x_wconf 84' lang='grc' dir='ltr'><strong>ἰδοὺ</strong></span> <span class='ocrx_word' id='word_1_265' title='bbox 3468 1447 3688 1521; x_wconf 82' lang='grc' dir='ltr'><strong>διεχύθη</strong></span> <span class='ocrx_word' id='word_1_266' title='bbox 3721 1452 3756 1522; x_wconf 80' lang='grc' dir='ltr'><strong>ή</strong></span> 
     </span>
    </p>
   </div>
   <div class='ocr_carea' id='block_1_35' title="bbox 2168 1536 3757 1610">
    <p class='ocr_par' dir='ltr' id='par_1_35' title="bbox 2168 1536 3757 1610">
     <span class='ocr_line' id='line_1_35' title="bbox 2168 1536 3757 1610; baseline 0.004 -21"><span class='ocrx_word' id='word_1_267' title='bbox 2168 1536 2280 1606; x_wconf 82' lang='grc' dir='ltr'><strong>ἁφὴ</strong></span> <span class='ocrx_word' id='word_1_268' title='bbox 2314 1539 2371 1590; x_wconf 85' lang='grc' dir='ltr'><strong>ὲν</strong></span> <span class='ocrx_word' id='word_1_269' title='bbox 2400 1540 2512 1600; x_wconf 86' lang='grc' dir='ltr'><strong>τοῖς</strong></span> <span class='ocrx_word' id='word_1_270' title='bbox 2544 1538 2746 1608; x_wconf 79' lang='grc' dir='ltr'><strong>τοίχοις</strong></span> <span class='ocrx_word' id='word_1_271' title='bbox 2777 1538 2876 1609; x_wconf 84' lang='grc' dir='ltr'><strong>τῆς</strong></span> <span class='ocrx_word' id='word_1_272' title='bbox 2906 1536 3103 1603; x_wconf 80' lang='grc' dir='ltr'><strong>οἰκίας.</strong></span> <span class='ocrx_word' id='word_1_273' title='bbox 3131 1537 3223 1593; x_wconf 70' lang='grc'><strong>40.</strong></span> <span class='ocrx_word' id='word_1_274' title='bbox 3255 1539 3368 1594; x_wconf 80' lang='grc' dir='ltr'><strong>Καὶ</strong></span> <span class='ocrx_word' id='word_1_275' title='bbox 3394 1539 3690 1610; x_wconf 80' lang='grc' dir='ltr'>προστάξει</span> <span class='ocrx_word' id='word_1_276' title='bbox 3727 1544 3757 1596; x_wconf 89' lang='lat'><strong>6</strong></span> 
     </span>
    </p>
   </div>
   <div class='ocr_carea' id='block_1_36' title="bbox 2171 1625 3754 1706">
    <p class='ocr_par' dir='ltr' id='par_1_36' title="bbox 2171 1625 3754 1706">
     <span class='ocr_line' id='line_1_36' title="bbox 2171 1625 3754 1706; baseline 0.005 -26"><span class='ocrx_word' id='word_1_277' title='bbox 2171 1630 2373 1700; x_wconf 80' lang='grc' dir='ltr'>ἱερεὺς,</span> <span class='ocrx_word' id='word_1_278' title='bbox 2403 1630 2498 1682; x_wconf 77' lang='grc' dir='ltr'>καί</span> <span class='ocrx_word' id='word_1_279' title='bbox 2526 1628 2768 1696; x_wconf 79' lang='grc' dir='ltr'>ὲξελοῢσι</span> <span class='ocrx_word' id='word_1_280' title='bbox 2790 1631 2916 1695; x_wconf 78' lang='grc' dir='ltr'>τοὺς</span> <span class='ocrx_word' id='word_1_281' title='bbox 2943 1629 3125 1695; x_wconf 81' lang='grc' dir='ltr'><strong>λίθους</strong></span> <span class='ocrx_word' id='word_1_282' title='bbox 3153 1633 3211 1685; x_wconf 83' lang='grc' dir='ltr'><strong>ὲν</strong></span> <span class='ocrx_word' id='word_1_283' title='bbox 3245 1625 3326 1696; x_wconf 77' lang='grc' dir='ltr'><strong>οἷς</strong></span> <span class='ocrx_word' id='word_1_284' title='bbox 3354 1633 3503 1686; x_wconf 76' lang='grc' dir='ltr'><strong>ἐστιν</strong></span> <span class='ocrx_word' id='word_1_285' title='bbox 3549 1635 3584 1706; x_wconf 80' lang='grc' dir='ltr'>ὴ</span> <span class='ocrx_word' id='word_1_286' title='bbox 3621 1633 3754 1705; x_wconf 75' lang='grc' dir='ltr'><strong>ἁφὴ,</strong></span> 
     </span>
    </p>
   </div>
   <div class='ocr_carea' id='block_1_37' title="bbox 2169 1721 3755 1794">
    <p class='ocr_par' dir='ltr' id='par_1_37' title="bbox 2169 1721 3755 1794">
     <span class='ocr_line' id='line_1_37' title="bbox 2169 1721 3755 1794; baseline 0.003 -19"><span class='ocrx_word' id='word_1_287' title='bbox 2169 1722 2264 1775; x_wconf 78' lang='grc' dir='ltr'><strong>καὶ</strong></span> <span class='ocrx_word' id='word_1_288' title='bbox 2299 1722 2619 1777; x_wconf 72' lang='grc' dir='ltr'><strong>ἐκϐαλοῦσιν</strong></span> <span class='ocrx_word' id='word_1_289' title='bbox 2671 1724 2870 1786; x_wconf 76' lang='grc' dir='ltr'><strong>αὐτοὺς</strong></span> <span class='ocrx_word' id='word_1_290' title='bbox 2901 1721 3006 1788; x_wconf 78' lang='grc' dir='ltr'><strong>ἔξω</strong></span> <span class='ocrx_word' id='word_1_291' title='bbox 3057 1723 3158 1794; x_wconf 86' lang='grc' dir='ltr'><strong>τῆς</strong></span> <span class='ocrx_word' id='word_1_292' title='bbox 3191 1722 3399 1787; x_wconf 82' lang='grc' dir='ltr'><strong>πόλεως</strong></span> <span class='ocrx_word' id='word_1_293' title='bbox 3451 1726 3532 1788; x_wconf 85' lang='grc' dir='ltr'><strong>εἰς</strong></span> <span class='ocrx_word' id='word_1_294' title='bbox 3588 1724 3755 1779; x_wconf 85' lang='grc' dir='ltr'><strong>τόπον</strong></span> 
     </span>
    </p>
   </div>
   <div class='ocr_carea' id='block_1_38' title="bbox 2165 1812 3756 1886">
    <p class='ocr_par' dir='ltr' id='par_1_38' title="bbox 2165 1812 3756 1886">
     <span class='ocr_line' id='line_1_38' title="bbox 2165 1812 3756 1886; baseline 0.002 -20"><span class='ocrx_word' id='word_1_295' title='bbox 2165 1812 2496 1884; x_wconf 77' lang='grc' dir='ltr'><strong>ἀκάθαρτον,</strong></span> <span class='ocrx_word' id='word_1_296' title='bbox 2531 1813 2622 1869; x_wconf 75' lang='grc'><strong>41.</strong></span> <span class='ocrx_word' id='word_1_297' title='bbox 2659 1815 2770 1869; x_wconf 87' lang='lat' dir='ltr'><strong>Kal</strong></span> <span class='ocrx_word' id='word_1_298' title='bbox 2792 1815 2891 1886; x_wconf 78' lang='grc' dir='ltr'><strong>τὴν</strong></span> <span class='ocrx_word' id='word_1_299' title='bbox 2932 1815 3115 1869; x_wconf 89' lang='grc' dir='ltr'><strong>οἰκίαν</strong></span> <span class='ocrx_word' id='word_1_300' title='bbox 3157 1813 3520 1880; x_wconf 75' lang='grc' dir='ltr'><strong>άποξύσουσιν</strong></span> <span class='ocrx_word' id='word_1_301' title='bbox 3557 1815 3756 1881; x_wconf 73' lang='grc' dir='ltr'><strong>ἔξωθεν</strong></span> 
     </span>
    </p>
   </div>
   <div class='ocr_carea' id='block_1_39' title="bbox 2164 1906 3756 1980">
    <p class='ocr_par' dir='ltr' id='par_1_39' title="bbox 2164 1906 3756 1980">
     <span class='ocr_line' id='line_1_39' title="bbox 2164 1906 3756 1980; baseline 0.004 -22"><span class='ocrx_word' id='word_1_302' title='bbox 2164 1906 2371 1976; x_wconf 83' lang='grc' dir='ltr'><strong>κύκλῳ.</strong></span> <span class='ocrx_word' id='word_1_303' title='bbox 2410 1908 2521 1961; x_wconf 86' lang='lat' dir='ltr'><strong>Kal</strong></span> <span class='ocrx_word' id='word_1_304' title='bbox 2555 1908 2806 1978; x_wconf 84' lang='grc' dir='ltr'>ὲκχεοῦσι</span> <span class='ocrx_word' id='word_1_305' title='bbox 2834 1909 2926 1962; x_wconf 81' lang='grc' dir='ltr'><strong>τὸν</strong></span> <span class='ocrx_word' id='word_1_306' title='bbox 2953 1908 3082 1980; x_wconf 79' lang='grc' dir='ltr'><strong>χοῦν</strong></span> <span class='ocrx_word' id='word_1_307' title='bbox 3114 1912 3181 1977; x_wconf 52' lang='grc' dir='ltr'><strong>Ἀ(</strong></span> <span class='ocrx_word' id='word_1_308' title='bbox 3208 1908 3267 1962; x_wconf 86' lang='lat' dir='ltr'><em>6v</em></span> <span class='ocrx_word' id='word_1_309' title='bbox 3300 1907 3575 1975; x_wconf 79' lang='grc' dir='ltr'><strong>ἀπὲξυσαν</strong></span> <span class='ocrx_word' id='word_1_310' title='bbox 3603 1909 3626 1978; x_wconf 72' lang='grc' dir='ltr'>ζ</span> <span class='ocrx_word' id='word_1_311' title='bbox 3652 1909 3756 1974; x_wconf 74' lang='grc' dir='ltr'><strong>ἔξω</strong></span> 
     </span>
    </p>
   </div>
   <div class='ocr_carea' id='block_1_40' title="bbox 2161 1997 3758 2074">
    <p class='ocr_par' dir='ltr' id='par_1_40' title="bbox 2161 1997 3758 2074">
     <span class='ocr_line' id='line_1_40' title="bbox 2161 1997 3758 2074; baseline 0.003 -23"><span class='ocrx_word' id='word_1_312' title='bbox 2161 1999 2262 2068; x_wconf 85' lang='grc' dir='ltr'><strong>τῆς</strong></span> <span class='ocrx_word' id='word_1_313' title='bbox 2294 1997 2501 2062; x_wconf 79' lang='grc' dir='ltr'><strong>πόλεως</strong></span> <span class='ocrx_word' id='word_1_314' title='bbox 2524 2001 2604 2062; x_wconf 85' lang='grc' dir='ltr'>εἰς</span> <span class='ocrx_word' id='word_1_315' title='bbox 2631 1999 2795 2054; x_wconf 82' lang='grc' dir='ltr'><strong>τόπον</strong></span> <span class='ocrx_word' id='word_1_316' title='bbox 2825 2000 3153 2074; x_wconf 82' lang='grc' dir='ltr'><strong>ἀκάθαρτον.</strong></span> <span class='ocrx_word' id='word_1_317' title='bbox 3185 1999 3277 2057; x_wconf 72' lang='grc'><strong>42.</strong></span> <span class='ocrx_word' id='word_1_318' title='bbox 3306 2001 3415 2055; x_wconf 88' lang='lat' dir='ltr'><strong>Kal</strong></span> <span class='ocrx_word' id='word_1_319' title='bbox 3450 1999 3758 2072; x_wconf 71' lang='grc' dir='ltr'><strong>λήμψονται</strong></span> 
     </span>
    </p>
   </div>
   <div class='ocr_carea' id='block_1_41' title="bbox 2163 2086 3756 2164">
    <p class='ocr_par' dir='ltr' id='par_1_41' title="bbox 2163 2086 3756 2164">
     <span class='ocr_line' id='line_1_41' title="bbox 2163 2086 3756 2164; baseline 0.004 -25"><span class='ocrx_word' id='word_1_320' title='bbox 2163 2086 2342 2152; x_wconf 85' lang='grc' dir='ltr'>λίθους</span> <span class='ocrx_word' id='word_1_321' title='bbox 2388 2103 2448 2144; x_wconf 70' lang='grc' dir='ltr'><strong>οε-</strong></span> <span class='ocrx_word' id='word_1_322' title='bbox 2485 2089 2898 2160; x_wconf 75' lang='grc' dir='ltr'><strong>ἀπεξυσμένους</strong></span> <span class='ocrx_word' id='word_1_323' title='bbox 2935 2091 2958 2160; x_wconf 72' lang='grc' dir='ltr'>ζ</span> <span class='ocrx_word' id='word_1_324' title='bbox 2996 2091 3218 2164; x_wconf 78' lang='grc' dir='ltr'><strong>ἑτέρους</strong></span> <span class='ocrx_word' id='word_1_325' title='bbox 3240 2091 3336 2146; x_wconf 70' lang='grc' dir='ltr'><strong>καὶ¹</strong></span> <span class='ocrx_word' id='word_1_326' title='bbox 3373 2091 3756 2164; x_wconf 79' lang='grc' dir='ltr'><strong>ἀντιθήσουσιν</strong></span> 
     </span>
    </p>
   </div>
   <div class='ocr_carea' id='block_1_42' title="bbox 2165 2179 3754 2256">
    <p class='ocr_par' dir='ltr' id='par_1_42' title="bbox 2165 2179 3754 2256">
     <span class='ocr_line' id='line_1_42' title="bbox 2165 2179 3754 2256; baseline 0.002 -23"><span class='ocrx_word' id='word_1_327' title='bbox 2165 2179 2285 2233; x_wconf 75' lang='grc' dir='ltr'><strong>ἀντὶ</strong></span> <span class='ocrx_word' id='word_1_328' title='bbox 2311 2180 2418 2235; x_wconf 80' lang='grc' dir='ltr'><strong>τῶν</strong></span> <span class='ocrx_word' id='word_1_329' title='bbox 2451 2181 2633 2244; x_wconf 86' lang='grc' dir='ltr'><strong>λίθων,</strong></span> <span class='ocrx_word' id='word_1_330' title='bbox 2684 2183 2777 2235; x_wconf 78' lang='grc' dir='ltr'><strong>καὶ</strong></span> <span class='ocrx_word' id='word_1_331' title='bbox 2809 2181 2937 2254; x_wconf 79' lang='grc' dir='ltr'><strong>χοῦν</strong></span> <span class='ocrx_word' id='word_1_332' title='bbox 2959 2183 3146 2256; x_wconf 73' lang='grc' dir='ltr'><strong>ἕτερον</strong></span> <span class='ocrx_word' id='word_1_333' title='bbox 3174 2183 3478 2254; x_wconf 78' lang='grc' dir='ltr'><strong>λήμψονται</strong></span> <span class='ocrx_word' id='word_1_334' title='bbox 3513 2183 3611 2238; x_wconf 78' lang='grc' dir='ltr'><strong>καὶ</strong></span> <span class='ocrx_word' id='word_1_335' title='bbox 3668 2183 3754 2250; x_wconf 82' lang='grc' dir='ltr'><strong>ὲξ-</strong></span> 
     </span>
    </p>
   </div>
   <div class='ocr_carea' id='block_1_43' title="bbox 2163 2269 3751 2348">
    <p class='ocr_par' dir='ltr' id='par_1_43' title="bbox 2163 2269 3751 2348">
     <span class='ocr_line' id='line_1_43' title="bbox 2163 2269 3751 2348; baseline 0.004 -24"><span class='ocrx_word' id='word_1_336' title='bbox 2163 2269 2449 2341; x_wconf 76' lang='grc' dir='ltr'><strong>αλείψουσι</strong></span> <span class='ocrx_word' id='word_1_337' title='bbox 2479 2272 2580 2344; x_wconf 79' lang='grc' dir='ltr'><strong>τὴν</strong></span> <span class='ocrx_word' id='word_1_338' title='bbox 2601 2272 2804 2329; x_wconf 87' lang='grc' dir='ltr'><strong>οἰκίαν.</strong></span> <span class='ocrx_word' id='word_1_339' title='bbox 2828 2273 2916 2337; x_wconf 70' lang='grc'><strong>45.</strong></span> <span class='ocrx_word' id='word_1_340' title='bbox 2935 2273 3060 2328; x_wconf 82' lang='grc' dir='ltr'><strong>Ἐὰν</strong></span> <span class='ocrx_word' id='word_1_341' title='bbox 3080 2274 3137 2328; x_wconf 83' lang='grc' dir='ltr'><strong>δὲ</strong></span> <span class='ocrx_word' id='word_1_342' title='bbox 3159 2273 3365 2348; x_wconf 76' lang='grc' dir='ltr'><strong>ἐπέλθῃ</strong></span> <span class='ocrx_word' id='word_1_343' title='bbox 3387 2274 3545 2330; x_wconf 81' lang='grc' dir='ltr'><strong>πάλιν</strong></span> <span class='ocrx_word' id='word_1_344' title='bbox 3565 2277 3597 2347; x_wconf 77' lang='grc' dir='ltr'>ἡ</span> <span class='ocrx_word' id='word_1_345' title='bbox 3619 2275 3751 2346; x_wconf 78' lang='grc' dir='ltr'><strong>ἁφὴ.</strong></span> 
     </span>
    </p>
   </div>
   <div class='ocr_carea' id='block_1_44' title="bbox 1721 2378 2568 2452">
    <p class='ocr_par' dir='ltr' id='par_1_44' title="bbox 1721 2378 2568 2452">
     <span class='ocr_line' id='line_1_44' title="bbox 1721 2378 2568 2452; baseline -0.014 0"><span class='ocrx_word' id='word_1_346' title='bbox 1721 2387 1975 2452; x_wconf 85' lang='lat' dir='ltr'><strong>CAPUT</strong></span> <span class='ocrx_word' id='word_1_347' title='bbox 2005 2383 2154 2446; x_wconf 81' lang='lat' dir='ltr'><strong>XIV</strong></span> <span class='ocrx_word' id='word_1_348' title='bbox 2188 2378 2568 2442; x_wconf 78' lang='lat' dir='ltr'><strong>LEVITICI.</strong></span> 
     </span>
    </p>
   </div>
   <div class='ocr_carea' id='block_1_45' title="bbox 752 2529 3380 2594">
    <p class='ocr_par' dir='ltr' id='par_1_45' title="bbox 752 2529 3380 2594">
     <span class='ocr_line' id='line_1_45' title="bbox 752 2529 3380 2594; baseline -0 -3"><span class='ocrx_word' id='word_1_349' title='bbox 752 2536 844 2592; x_wconf 87' lang='grc' dir='ltr'><strong>ΤΟ</strong></span> <span class='ocrx_word' id='word_1_350' title='bbox 872 2538 1240 2594; x_wconf 81' lang='lat' dir='ltr'><strong>EBPAIKON.</strong></span> <span class='ocrx_word' id='word_1_351' title='bbox 1877 2535 1964 2588; x_wconf 92' lang='grc' dir='ltr'><strong>ΤΟ</strong></span> <span class='ocrx_word' id='word_1_352' title='bbox 2001 2529 2352 2586; x_wconf 76' lang='grc' dir='ltr'><strong>ΕΒΡΑΙΚΟΝ</strong></span> <span class='ocrx_word' id='word_1_353' title='bbox 3084 2535 3380 2590; x_wconf 80' lang='grc' dir='ltr'><strong>ΔΚΥΛΔΣ.</strong></span> 
     </span>
    </p>
   </div>
   <div class='ocr_carea' id='block_1_46' title="bbox 1785 2600 2458 2676">
    <p class='ocr_par' dir='ltr' id='par_1_46' title="bbox 1785 2600 2458 2676">
     <span class='ocr_line' id='line_1_46' title="bbox 1785 2600 2458 2676; baseline -0.009 -17"><span class='ocrx_word' id='word_1_354' title='bbox 1785 2605 2117 2676; x_wconf 80' lang='grc' dir='ltr'><strong>Ἑλληνικοῖς</strong></span> <span class='ocrx_word' id='word_1_355' title='bbox 2143 2600 2458 2672; x_wconf 81' lang='grc' dir='ltr'><strong>γράμμασι.</strong></span> 
     </span>
    </p>
   </div>
   <div class='ocr_carea' id='block_1_47' title="bbox 1234 2695 2839 2764">
    <p class='ocr_par' dir='ltr' id='par_1_47' title="bbox 1234 2695 2839 2764">
     <span class='ocr_line' id='line_1_47' title="bbox 1234 2695 2839 2764; baseline -0.009 -1"><span class='ocrx_word' id='word_1_356' title='bbox 1234 2713 1378 2764; x_wconf 63' lang='grc' dir='ltr'>διε-ιι</span> <span class='ocrx_word' id='word_1_357' title='bbox 1418 2705 1453 2760; x_wconf 83' lang='grc'><strong>5</strong></span> <span class='ocrx_word' id='word_1_358' title='bbox 1668 2705 1722 2758; x_wconf 90' lang='grc'><strong>5.</strong></span> <span class='ocrx_word' id='word_1_359' title='bbox 2783 2695 2839 2750; x_wconf 77' lang='grc'><strong>5.</strong></span> 
     </span>
    </p>
   </div>
   <div class='ocr_carea' id='block_1_48' title="bbox 1197 2787 2832 2852">
    <p class='ocr_par' dir='ltr' id='par_1_48' title="bbox 1197 2787 2832 2852">
     <span class='ocr_line' id='line_1_48' title="bbox 1197 2787 2832 2852; baseline -0.006 -2"><span class='ocrx_word' id='word_1_360' title='bbox 1197 2801 1383 2852; x_wconf 57' lang='grc' dir='ltr'><strong>ον’-πει</strong></span> <span class='ocrx_word' id='word_1_361' title='bbox 1418 2793 1454 2845; x_wconf 73' lang='grc'><strong>4</strong></span> <span class='ocrx_word' id='word_1_362' title='bbox 1666 2797 1719 2851; x_wconf 77' lang='grc'><strong>4.</strong></span> <span class='ocrx_word' id='word_1_363' title='bbox 2779 2787 2832 2841; x_wconf 81' lang='grc'><strong>4.</strong></span> 
     </span>
    </p>
   </div>
   <div class='ocr_carea' id='block_1_49' title="bbox 1133 2869 2288 2953">
    <p class='ocr_par' dir='ltr' id='par_1_49' title="bbox 1133 2869 1456 2948">
     <span class='ocr_line' id='line_1_49' title="bbox 1133 2869 1456 2948; baseline -0.012 0"><span class='ocrx_word' id='word_1_364' title='bbox 1133 2869 1456 2948; x_wconf 64' lang='lat' dir='ltr'><strong>m‘mvm</strong></span> 
     </span>
    </p>
   </div>
   <div class='ocr_carea' id='block_1_50' title="bbox 2168 2869 3382 2953">
    <p class='ocr_par' dir='ltr' id='par_1_50' title="bbox 2781 2877 3382 2953">
     <span class='ocr_line' id='line_1_50' title="bbox 2781 2877 3382 2953; baseline 0.012 -23"><span class='ocrx_word' id='word_1_365' title='bbox 2781 2877 3048 2951; x_wconf 81' lang='grc' dir='ltr'><strong>Διάφορον</strong></span> <span class='ocrx_word' id='word_1_366' title='bbox 3081 2879 3382 2953; x_wconf 82' lang='grc' dir='ltr'><strong>σκώληκος.</strong></span> 
     </span>
    </p>
   </div>
   <div class='ocr_carea' id='block_1_51' title="bbox 1243 2975 2838 3037">
    <p class='ocr_par' dir='ltr' id='par_1_51' title="bbox 1243 2975 2838 3037">
     <span class='ocr_line' id='line_1_51' title="bbox 1243 2975 2838 3037; baseline -0.003 -3"><span class='ocrx_word' id='word_1_367' title='bbox 1243 2986 1384 3037; x_wconf 65' lang='grc' dir='ltr'><strong>ΠἿΠΠ</strong></span> <span class='ocrx_word' id='word_1_368' title='bbox 1421 2977 1455 3031; x_wconf 85' lang='grc'>6</span> <span class='ocrx_word' id='word_1_369' title='bbox 1667 2977 1721 3031; x_wconf 86' lang='grc'><strong>6.</strong></span> <span class='ocrx_word' id='word_1_370' title='bbox 2782 2975 2838 3030; x_wconf 86' lang='grc'><strong>6.</strong></span> 
     </span>
    </p>
   </div>
   <div class='ocr_carea' id='block_1_52' title="bbox 991 3051 2838 3131">
    <p class='ocr_par' dir='ltr' id='par_1_52' title="bbox 991 3051 2838 3131">
     <span class='ocr_line' id='line_1_52' title="bbox 991 3051 2838 3131; baseline -0.003 -3"><span class='ocrx_word' id='word_1_371' title='bbox 991 3077 1154 3128; x_wconf 71' lang='lat' dir='ltr'><strong>mam</strong></span> <span class='ocrx_word' id='word_1_372' title='bbox 1191 3051 1382 3131; x_wconf 59' lang='lat' dir='ltr'><strong>vsa-‘7‘;</strong></span> <span class='ocrx_word' id='word_1_373' title='bbox 1422 3067 1452 3119; x_wconf 87' lang='lat'><strong>7</strong></span> <span class='ocrx_word' id='word_1_374' title='bbox 1671 3072 1723 3128; x_wconf 77' lang='lat'><strong>7.</strong></span> <span class='ocrx_word' id='word_1_375' title='bbox 2787 3067 2838 3122; x_wconf 87' lang='lat'><strong>7.</strong></span> 
     </span>
    </p>
   </div>
   <div class='ocr_carea' id='block_1_53' title="bbox 1194 3228 2873 3290">
    <p class='ocr_par' dir='ltr' id='par_1_53' title="bbox 1194 3228 2873 3290">
     <span class='ocr_line' id='line_1_53' title="bbox 1194 3228 2873 3290; baseline -0.002 -2"><span class='ocrx_word' id='word_1_376' title='bbox 1194 3241 1351 3289; x_wconf 70' lang='lat' dir='ltr'><strong>rinam</strong></span> <span class='ocrx_word' id='word_1_377' title='bbox 1388 3230 1455 3284; x_wconf 97' lang='grc'><strong>10</strong></span> <span class='ocrx_word' id='word_1_378' title='bbox 1671 3233 1756 3290; x_wconf 85' lang='grc'><strong>10.</strong></span> <span class='ocrx_word' id='word_1_379' title='bbox 2782 3228 2873 3284; x_wconf 91' lang='grc'><strong>10.</strong></span> 
     </span>
    </p>
   </div>
   <div class='ocr_carea' id='block_1_54' title="bbox 1175 3306 2876 3383">
    <p class='ocr_par' dir='ltr' id='par_1_54' title="bbox 1175 3306 2876 3383">
     <span class='ocr_line' id='line_1_54' title="bbox 1175 3306 2876 3383; baseline -0.005 -2"><span class='ocrx_word' id='word_1_380' title='bbox 1175 3306 1346 3383; x_wconf 54' lang='lat' dir='ltr'><strong>nes“:</strong></span> <span class='ocrx_word' id='word_1_381' title='bbox 1387 3322 1454 3375; x_wconf 77' lang='lat' dir='ltr'><strong>ta</strong></span> <span class='ocrx_word' id='word_1_382' title='bbox 1677 3323 1762 3377; x_wconf 65' lang='grc' dir='ltr'>ιε.</span> <span class='ocrx_word' id='word_1_383' title='bbox 2789 3320 2876 3373; x_wconf 71' lang='lat'><strong>42.</strong></span> 
     </span>
    </p>
   </div>
   <div class='ocr_carea' id='block_1_55' title="bbox 1251 3469 1457 3546">
    <p class='ocr_par' dir='ltr' id='par_1_55' title="bbox 1251 3469 1457 3546">
     <span class='ocr_line' id='line_1_55' title="bbox 1251 3469 1457 3546; baseline -0.024 0"><span class='ocrx_word' id='word_1_384' title='bbox 1251 3469 1457 3546; x_wconf 64' lang='lat' dir='ltr'><strong>:‘r-nm</strong></span> 
     </span>
    </p>
   </div>
   <div class='ocr_carea' id='block_1_56' title="bbox 1247 3571 2879 3662">
    <p class='ocr_par' dir='ltr' id='par_1_56' title="bbox 1247 3571 2879 3662">
     <span class='ocr_line' id='line_1_56' title="bbox 1247 3571 2879 3662; baseline -0.003 -29"><span class='ocrx_word' id='word_1_385' title='bbox 1247 3586 1348 3636; x_wconf 70' lang='lat' dir='ltr'><strong>mn</strong></span> <span class='ocrx_word' id='word_1_386' title='bbox 1387 3576 1456 3629; x_wconf 73' lang='grc' dir='ltr'>ιδ</span> <span class='ocrx_word' id='word_1_387' title='bbox 1677 3575 1786 3662; x_wconf 71' lang='lat'><strong>15._</strong></span> <span class='ocrx_word' id='word_1_388' title='bbox 2791 3571 2879 3628; x_wconf 69' lang='grc' dir='ltr'><strong>ιδ.</strong></span> 
     </span>
    </p>
   </div>
   <div class='ocr_carea' id='block_1_57' title="bbox 1194 3733 2882 3827">
    <p class='ocr_par' dir='ltr' id='par_1_57' title="bbox 1194 3733 2882 3827">
     <span class='ocr_line' id='line_1_57' title="bbox 1194 3733 2882 3827; baseline -0.005 -32"><span class='ocrx_word' id='word_1_389' title='bbox 1194 3749 1350 3827; x_wconf 62' lang='lat' dir='ltr'><strong>qum</strong></span> <span class='ocrx_word' id='word_1_390' title='bbox 1386 3739 1458 3792; x_wconf 69' lang='lat' dir='ltr'><strong>at</strong></span> <span class='ocrx_word' id='word_1_391' title='bbox 1671 3737 1761 3792; x_wconf 74' lang='lat' dir='ltr'><strong>at.</strong></span> <span class='ocrx_word' id='word_1_392' title='bbox 1871 3789 1888 3804; x_wconf 67' lang='grc'><em>,</em></span> <span class='ocrx_word' id='word_1_393' title='bbox 2790 3733 2882 3788; x_wconf 70' lang='grc' dir='ltr'>ει.</span> 
     </span>
    </p>
   </div>
   <div class='ocr_carea' id='block_1_58' title="bbox 1284 3839 1454 3890">
    <p class='ocr_par' dir='ltr' id='par_1_58' title="bbox 1284 3839 1454 3890">
     <span class='ocr_line' id='line_1_58' title="bbox 1284 3839 1454 3890; baseline -0.012 0"><span class='ocrx_word' id='word_1_394' title='bbox 1284 3839 1454 3890; x_wconf 67' lang='grc' dir='ltr'><strong>ΠΣὫΠ</strong></span> 
     </span>
    </p>
   </div>
   <div class='ocr_carea' id='block_1_59' title="bbox 1072 3904 2876 4008">
    <p class='ocr_par' dir='ltr' id='par_1_59' title="bbox 1072 3904 2876 4008">
     <span class='ocr_line' id='line_1_59' title="bbox 1072 3904 2876 4008; baseline -0.008 -29"><span class='ocrx_word' id='word_1_395' title='bbox 1072 3904 1350 4008; x_wconf 62' lang='lat' dir='ltr'><strong>rans-5m</strong></span> <span class='ocrx_word' id='word_1_396' title='bbox 1387 3921 1457 3974; x_wconf 78' lang='lat'><strong>55</strong></span> <span class='ocrx_word' id='word_1_397' title='bbox 1669 3921 1760 3975; x_wconf 63' lang='grc' dir='ltr'>σε.</span> <span class='ocrx_word' id='word_1_398' title='bbox 2787 3909 2876 3965; x_wconf 76' lang='lat'><strong>35.</strong></span> 
     </span>
    </p>
   </div>
   <div class='ocr_carea' id='block_1_60' title="bbox 1175 4065 2877 4143">
    <p class='ocr_par' dir='ltr' id='par_1_60' title="bbox 1175 4065 2877 4143">
     <span class='ocr_line' id='line_1_60' title="bbox 1175 4065 2877 4143; baseline -0.012 1"><span class='ocrx_word' id='word_1_399' title='bbox 1175 4065 1356 4143; x_wconf 63' lang='grc' dir='ltr'><strong>τητικὸ</strong></span> <span class='ocrx_word' id='word_1_400' title='bbox 1389 4082 1460 4138; x_wconf 72' lang='grc' dir='ltr'>δι</span> <span class='ocrx_word' id='word_1_401' title='bbox 1671 4083 1760 4136; x_wconf 75' lang='lat' dir='ltr'><strong>5t.</strong></span> <span class='ocrx_word' id='word_1_402' title='bbox 2788 4071 2877 4128; x_wconf 68' lang='grc' dir='ltr'><strong>δι.</strong></span> 
     </span>
    </p>
   </div>
   <div class='ocr_carea' id='block_1_61' title="bbox 573 4263 3389 4331">
    <p class='ocr_par' dir='ltr' id='par_1_61' title="bbox 573 4263 3389 4331">
     <span class='ocr_line' id='line_1_61' title="bbox 573 4263 3389 4331; baseline -0.001 -7"><span class='ocrx_word' id='word_1_403' title='bbox 573 4266 824 4324; x_wconf 82' lang='lat' dir='ltr'><strong>VERSIO</strong></span> <span class='ocrx_word' id='word_1_404' title='bbox 864 4267 1186 4325; x_wconf 80' lang='lat' dir='ltr'><strong>HEBRAICI</strong></span> <span class='ocrx_word' id='word_1_405' title='bbox 1220 4269 1427 4325; x_wconf 81' lang='grc' dir='ltr'><strong>ΤΕΧΤ.</strong></span> <span class='ocrx_word' id='word_1_406' title='bbox 1812 4269 2138 4326; x_wconf 79' lang='lat' dir='ltr'><strong>VULGATA</strong></span> <span class='ocrx_word' id='word_1_407' title='bbox 2192 4265 2470 4325; x_wconf 79' lang='lat' dir='ltr'><strong>LATINA.</strong></span> <span class='ocrx_word' id='word_1_408' title='bbox 3109 4263 3389 4331; x_wconf 78' lang='lat' dir='ltr'><strong>AQUILA.</strong></span> 
     </span>
    </p>
   </div>
   <div class='ocr_carea' id='block_1_62' title="bbox 553 4378 2288 4449">
    <p class='ocr_par' dir='ltr' id='par_1_62' title="bbox 553 4389 2282 4449">
     <span class='ocr_line' id='line_1_62' title="bbox 553 4389 2282 4449; baseline 0.001 -4"><span class='ocrx_word' id='word_1_409' title='bbox 553 4389 608 4446; x_wconf 88' lang='grc'><strong>5.</strong></span> <span class='ocrx_word' id='word_1_410' title='bbox 645 4389 882 4448; x_wconf 81' lang='lat' dir='ltr'><strong>Sanatus</strong></span> <span class='ocrx_word' id='word_1_411' title='bbox 906 4400 1008 4447; x_wconf 88' lang='lat' dir='ltr'><strong>est.</strong></span> <span class='ocrx_word' id='word_1_412' title='bbox 1677 4395 1730 4448; x_wconf 84' lang='grc'><strong>5,</strong></span> <span class='ocrx_word' id='word_1_413' title='bbox 1774 4393 1907 4449; x_wconf 86' lang='lat' dir='ltr'><strong>Esse</strong></span> <span class='ocrx_word' id='word_1_414' title='bbox 1940 4394 2282 4448; x_wconf 88' lang='lat' dir='ltr'><strong>mundatam.</strong></span> 
     </span>
    </p>
   </div>
   <div class='ocr_carea' id='block_1_63' title="bbox 2168 4378 3216 4449">
    <p class='ocr_par' dir='ltr' id='par_1_63' title="bbox 2173 4378 3216 4448">
     <span class='ocr_line' id='line_1_63' title="bbox 2173 4378 3216 4448; baseline -0.002 1"><span class='ocrx_word' id='word_1_415' title='bbox 2173 4408 2282 4448; x_wconf 90' lang='lat' dir='ltr'><strong>am.</strong></span> <span class='ocrx_word' id='word_1_416' title='bbox 2794 4383 2847 4438; x_wconf 76' lang='grc' dir='ltr'><strong>5ο</strong></span> <span class='ocrx_word' id='word_1_417' title='bbox 3209 4378 3216 4386; x_wconf 68' lang='grc'><strong>’</strong></span> 
     </span>
    </p>
   </div>
   <div class='ocr_carea' id='block_1_64' title="bbox 555 4525 2844 4612">
    <p class='ocr_par' dir='ltr' id='par_1_64' title="bbox 555 4525 2844 4612">
     <span class='ocr_line' id='line_1_64' title="bbox 555 4525 2844 4612; baseline 0.001 -3"><span class='ocrx_word' id='word_1_418' title='bbox 555 4565 612 4609; x_wconf 78' lang='grc'><strong>4.</strong></span> <span class='ocrx_word' id='word_1_419' title='bbox 656 4557 940 4611; x_wconf 75' lang='lat' dir='ltr'><strong>i’asseres.</strong></span> <span class='ocrx_word' id='word_1_420' title='bbox 1676 4557 1730 4610; x_wconf 66' lang='grc'><strong>4.</strong></span> <span class='ocrx_word' id='word_1_421' title='bbox 1759 4555 2034 4612; x_wconf 87' lang='lat' dir='ltr'><strong>Passeres.</strong></span> <span class='ocrx_word' id='word_1_422' title='bbox 2789 4525 2844 4578; x_wconf 76' lang='lat'>&quot;</span> 
     </span>
    </p>
   </div>
   <div class='ocr_carea' id='block_1_65' title="bbox 555 4638 3350 4719">
    <p class='ocr_par' dir='ltr' id='par_1_65' title="bbox 555 4638 3350 4719">
     <span class='ocr_line' id='line_1_65' title="bbox 555 4638 3350 4719; baseline -0.001 -17"><span class='ocrx_word' id='word_1_423' title='bbox 555 4645 792 4702; x_wconf 81' lang='lat' dir='ltr'><strong>Coccum</strong></span> <span class='ocrx_word' id='word_1_424' title='bbox 817 4647 1118 4703; x_wconf 90' lang='lat' dir='ltr'><strong>vermiculi.</strong></span> <span class='ocrx_word' id='word_1_425' title='bbox 1680 4646 2182 4719; x_wconf 83' lang='lat' dir='ltr'><strong>Vcrmiculumque.</strong></span> <span class='ocrx_word' id='word_1_426' title='bbox 2793 4638 3016 4696; x_wconf 80' lang='lat' dir='ltr'><strong>Varium</strong></span> <span class='ocrx_word' id='word_1_427' title='bbox 3045 4641 3350 4699; x_wconf 77' lang='lat' dir='ltr'><strong>vermiculi.</strong></span> 
     </span>
    </p>
   </div>
   <div class='ocr_carea' id='block_1_66' title="bbox 557 4732 2847 4798">
    <p class='ocr_par' dir='ltr' id='par_1_66' title="bbox 557 4732 2847 4798">
     <span class='ocr_line' id='line_1_66' title="bbox 557 4732 2847 4798; baseline 0.007 -10"><span class='ocrx_word' id='word_1_428' title='bbox 557 4739 609 4790; x_wconf 76' lang='grc' dir='ltr'><strong>(ἲ.</strong></span> <span class='ocrx_word' id='word_1_429' title='bbox 643 4735 858 4792; x_wconf 86' lang='lat' dir='ltr'><strong>Vivum.</strong></span> <span class='ocrx_word' id='word_1_430' title='bbox 1675 4743 1728 4798; x_wconf 91' lang='lat'><strong>6.</strong></span> <span class='ocrx_word' id='word_1_431' title='bbox 1769 4742 1986 4798; x_wconf 78' lang='lat' dir='ltr'><strong>Vivum.</strong></span> <span class='ocrx_word' id='word_1_432' title='bbox 2791 4732 2847 4787; x_wconf 74' lang='lat'><strong>6-</strong></span> 
     </span>
    </p>
   </div>
   <div class='ocr_carea' id='block_1_67' title="bbox 561 4825 2849 4908">
    <p class='ocr_par' dir='ltr' id='par_1_67' title="bbox 561 4825 2849 4908">
     <span class='ocr_line' id='line_1_67' title="bbox 561 4825 2849 4908; baseline -0.001 -27"><span class='ocrx_word' id='word_1_433' title='bbox 561 4829 614 4886; x_wconf 86' lang='lat'><strong>7.</strong></span> <span class='ocrx_word' id='word_1_434' title='bbox 659 4828 836 4900; x_wconf 88' lang='lat' dir='ltr'><strong>Super</strong></span> <span class='ocrx_word' id='word_1_435' title='bbox 869 4830 1038 4888; x_wconf 79' lang='lat' dir='ltr'><strong>facies</strong></span> <span class='ocrx_word' id='word_1_436' title='bbox 1071 4833 1207 4904; x_wconf 80' lang='lat' dir='ltr'><strong>agri.</strong></span> <span class='ocrx_word' id='word_1_437' title='bbox 1400 4891 1409 4900; x_wconf 64' lang='grc'><em>,</em></span> <span class='ocrx_word' id='word_1_438' title='bbox 1680 4837 1728 4891; x_wconf 89' lang='grc'><strong>7.</strong></span> <span class='ocrx_word' id='word_1_439' title='bbox 1759 4837 1815 4892; x_wconf 92' lang='lat' dir='ltr'><strong>ln</strong></span> <span class='ocrx_word' id='word_1_440' title='bbox 1853 4853 2064 4908; x_wconf 80' lang='lat' dir='ltr'><strong>agrum.</strong></span> <span class='ocrx_word' id='word_1_441' title='bbox 2801 4825 2849 4878; x_wconf 81' lang='grc'><strong>7.</strong></span> 
     </span>
    </p>
   </div>
   <div class='ocr_carea' id='block_1_68' title="bbox 560 4988 2288 5056">
    <p class='ocr_par' dir='ltr' id='par_1_68' title="bbox 560 4992 2162 5056">
     <span class='ocr_line' id='line_1_68' title="bbox 560 4992 2162 5056; baseline 0.004 -8"><span class='ocrx_word' id='word_1_442' title='bbox 560 4992 650 5049; x_wconf 89' lang='grc'><strong>10.</strong></span> <span class='ocrx_word' id='word_1_443' title='bbox 687 4995 906 5052; x_wconf 88' lang='lat' dir='ltr'><strong>Munus.</strong></span> <span class='ocrx_word' id='word_1_444' title='bbox 1677 4999 1767 5056; x_wconf 88' lang='grc'><strong>10.</strong></span> <span class='ocrx_word' id='word_1_445' title='bbox 1801 4999 2162 5056; x_wconf 72' lang='lat' dir='ltr'><strong>Sacrificium.</strong></span> 
     </span>
    </p>
   </div>
   <div class='ocr_carea' id='block_1_69' title="bbox 2168 4988 2881 5056">
    <p class='ocr_par' dir='ltr' id='par_1_69' title="bbox 2795 4988 2881 5046">
     <span class='ocr_line' id='line_1_69' title="bbox 2795 4988 2881 5046; baseline 0.023 -3"><span class='ocrx_word' id='word_1_446' title='bbox 2795 4988 2881 5046; x_wconf 90' lang='grc'><strong>10.</strong></span> 
     </span>
    </p>
   </div>
   <div class='ocr_carea' id='block_1_70' title="bbox 563 5152 2288 5217">
    <p class='ocr_par' dir='ltr' id='par_1_70' title="bbox 563 5154 2152 5217">
     <span class='ocr_line' id='line_1_70' title="bbox 563 5154 2152 5217; baseline 0.003 -7"><span class='ocrx_word' id='word_1_447' title='bbox 563 5155 651 5210; x_wconf 71' lang='grc'><strong>12.</strong></span> <span class='ocrx_word' id='word_1_448' title='bbox 675 5154 734 5210; x_wconf 86' lang='grc' dir='ltr'><strong>1η</strong></span> <span class='ocrx_word' id='word_1_449' title='bbox 759 5156 1038 5212; x_wconf 89' lang='lat' dir='ltr'><strong>delictum.</strong></span> <span class='ocrx_word' id='word_1_450' title='bbox 1679 5161 1768 5216; x_wconf 76' lang='grc'><strong>12.</strong></span> <span class='ocrx_word' id='word_1_451' title='bbox 1805 5161 1912 5217; x_wconf 85' lang='lat' dir='ltr'><strong>Pro</strong></span> <span class='ocrx_word' id='word_1_452' title='bbox 1938 5162 2152 5217; x_wconf 86' lang='lat' dir='ltr'><strong>delicto.</strong></span> 
     </span>
    </p>
   </div>
   <div class='ocr_carea' id='block_1_71' title="bbox 2168 5152 2884 5217">
    <p class='ocr_par' dir='ltr' id='par_1_71' title="bbox 2797 5152 2884 5206">
     <span class='ocr_line' id='line_1_71' title="bbox 2797 5152 2884 5206; baseline -0.023 0"><span class='ocrx_word' id='word_1_453' title='bbox 2797 5152 2884 5206; x_wconf 75' lang='grc'><strong>12.</strong></span> 
     </span>
    </p>
   </div>
   <div class='ocr_carea' id='block_1_72' title="bbox 561 5245 2010 5318">
    <p class='ocr_par' dir='ltr' id='par_1_72' title="bbox 561 5245 2010 5318">
     <span class='ocr_line' id='line_1_72' title="bbox 561 5245 2010 5318; baseline 0.004 -18"><span class='ocrx_word' id='word_1_454' title='bbox 561 5245 696 5318; x_wconf 76' lang='lat' dir='ltr'><strong>Log.</strong></span> <span class='ocrx_word' id='word_1_455' title='bbox 1682 5253 1844 5309; x_wconf 78' lang='lat' dir='ltr'><strong>Sexta</strong></span> <span class='ocrx_word' id='word_1_456' title='bbox 1853 5254 2010 5308; x_wconf 90' lang='lat' dir='ltr'><strong>rium.</strong></span> 
     </span>
    </p>
   </div>
   <div class='ocr_carea' id='block_1_73' title="bbox 563 5333 2288 5409">
    <p class='ocr_par' dir='ltr' id='par_1_73' title="bbox 563 5339 1918 5409">
     <span class='ocr_line' id='line_1_73' title="bbox 563 5339 1918 5409; baseline 0.002 -14"><span class='ocrx_word' id='word_1_457' title='bbox 563 5340 650 5395; x_wconf 90' lang='grc'><strong>15.</strong></span> <span class='ocrx_word' id='word_1_458' title='bbox 686 5339 804 5409; x_wconf 82' lang='lat' dir='ltr'><strong>Ipse</strong></span> <span class='ocrx_word' id='word_1_459' title='bbox 1681 5347 1768 5400; x_wconf 85' lang='grc'><strong>15.</strong></span> <span class='ocrx_word' id='word_1_460' title='bbox 1805 5346 1918 5402; x_wconf 85' lang='lat' dir='ltr'><strong>Est.</strong></span> 
     </span>
    </p>
   </div>
   <div class='ocr_carea' id='block_1_74' title="bbox 2168 5333 2880 5409">
    <p class='ocr_par' dir='ltr' id='par_1_74' title="bbox 2791 5333 2880 5388">
     <span class='ocr_line' id='line_1_74' title="bbox 2791 5333 2880 5388; baseline 0 -1"><span class='ocrx_word' id='word_1_461' title='bbox 2791 5333 2880 5388; x_wconf 83' lang='grc'><strong>15.</strong></span> 
     </span>
    </p>
   </div>
   <div class='ocr_carea' id='block_1_75' title="bbox 561 5423 2288 5493">
    <p class='ocr_par' dir='ltr' id='par_1_75' title="bbox 561 5435 2056 5493">
     <span class='ocr_line' id='line_1_75' title="bbox 561 5435 2056 5493; baseline 0 -5"><span class='ocrx_word' id='word_1_462' title='bbox 561 5435 652 5489; x_wconf 70' lang='grc'><strong>24.</strong></span> <span class='ocrx_word' id='word_1_463' title='bbox 689 5435 976 5492; x_wconf 85' lang='lat' dir='ltr'><strong>Molitabil.</strong></span> <span class='ocrx_word' id='word_1_464' title='bbox 1681 5437 1771 5490; x_wconf 71' lang='grc'><strong>2-1.</strong></span> <span class='ocrx_word' id='word_1_465' title='bbox 1816 5436 2056 5493; x_wconf 74' lang='lat' dir='ltr'><strong>Levabit.</strong></span> 
     </span>
    </p>
   </div>
   <div class='ocr_carea' id='block_1_76' title="bbox 2168 5423 2879 5493">
    <p class='ocr_par' dir='ltr' id='par_1_76' title="bbox 2791 5423 2879 5477">
     <span class='ocr_line' id='line_1_76' title="bbox 2791 5423 2879 5477; baseline 0.011 -1"><span class='ocrx_word' id='word_1_466' title='bbox 2791 5423 2879 5477; x_wconf 75' lang='grc'><strong>24.</strong></span> 
     </span>
    </p>
   </div>
   <div class='ocr_carea' id='block_1_77' title="bbox 559 5525 1878 5584">
    <p class='ocr_par' dir='ltr' id='par_1_77' title="bbox 559 5525 1878 5584">
     <span class='ocr_line' id='line_1_77' title="bbox 559 5525 1878 5584; baseline 0.001 -3"><span class='ocrx_word' id='word_1_467' title='bbox 559 5525 981 5584; x_wconf 70' lang='lat' dir='ltr'><strong>Motitationcm.</strong></span> <span class='ocrx_word' id='word_1_468' title='bbox 1693 5527 1878 5582; x_wconf 76' lang='lat' dir='ltr'><strong>Vacat.</strong></span> 
     </span>
    </p>
   </div>
   <div class='ocr_carea' id='block_1_78' title="bbox 564 5680 2288 5745">
    <p class='ocr_par' dir='ltr' id='par_1_78' title="bbox 564 5687 2110 5745">
     <span class='ocr_line' id='line_1_78' title="bbox 564 5687 2110 5745; baseline 0.001 -4"><span class='ocrx_word' id='word_1_469' title='bbox 564 5687 655 5742; x_wconf 87' lang='grc'><strong>55.</strong></span> <span class='ocrx_word' id='word_1_470' title='bbox 695 5687 760 5741; x_wconf 88' lang='lat' dir='ltr'><strong>Et</strong></span> <span class='ocrx_word' id='word_1_471' title='bbox 785 5688 992 5743; x_wconf 85' lang='lat' dir='ltr'><strong>Aaron.</strong></span> <span class='ocrx_word' id='word_1_472' title='bbox 1681 5691 1770 5745; x_wconf 81' lang='grc'><strong>55.</strong></span> <span class='ocrx_word' id='word_1_473' title='bbox 1814 5689 1881 5743; x_wconf 80' lang='lat' dir='ltr'><strong>Et</strong></span> <span class='ocrx_word' id='word_1_474' title='bbox 1907 5690 2110 5744; x_wconf 84' lang='lat' dir='ltr'><strong>Aaron.</strong></span> 
     </span>
    </p>
   </div>
   <div class='ocr_carea' id='block_1_79' title="bbox 2168 5680 2882 5745">
    <p class='ocr_par' dir='ltr' id='par_1_79' title="bbox 2792 5680 2882 5734">
     <span class='ocr_line' id='line_1_79' title="bbox 2792 5680 2882 5734; baseline 0.011 -1"><span class='ocrx_word' id='word_1_475' title='bbox 2792 5680 2882 5734; x_wconf 80' lang='grc'><strong>55.</strong></span> 
     </span>
    </p>
   </div>
   <div class='ocr_carea' id='block_1_80' title="bbox 562 5778 1213 5848">
    <p class='ocr_par' dir='ltr' id='par_1_80' title="bbox 562 5778 1213 5848">
     <span class='ocr_line' id='line_1_80' title="bbox 562 5778 1213 5848; baseline -0.003 -13"><span class='ocrx_word' id='word_1_476' title='bbox 562 5779 652 5835; x_wconf 71' lang='grc'><strong>54.</strong></span> <span class='ocrx_word' id='word_1_477' title='bbox 693 5778 750 5833; x_wconf 88' lang='lat' dir='ltr'><strong>In</strong></span> <span class='ocrx_word' id='word_1_478' title='bbox 791 5779 1213 5848; x_wconf 86' lang='lat' dir='ltr'><strong>possessionem.</strong></span> 
     </span>
    </p>
   </div>
   <div class='ocr_carea' id='block_1_81' title="bbox 1679 5772 2878 5852">
    <p class='ocr_par' dir='ltr' id='par_1_81' title="bbox 1679 5772 2878 5852">
     <span class='ocr_line' id='line_1_81' title="bbox 1679 5772 2878 5852; baseline -0.008 -17"><span class='ocrx_word' id='word_1_479' title='bbox 1679 5782 1766 5836; x_wconf 70' lang='lat'><strong>&#39;54.</strong></span> <span class='ocrx_word' id='word_1_480' title='bbox 1808 5781 1864 5838; x_wconf 87' lang='lat' dir='ltr'><strong>ln</strong></span> <span class='ocrx_word' id='word_1_481' title='bbox 1897 5780 2318 5852; x_wconf 82' lang='lat' dir='ltr'><strong>possessionem.</strong></span> <span class='ocrx_word' id='word_1_482' title='bbox 2790 5772 2878 5827; x_wconf 66' lang='grc'><strong>54.</strong></span> 
     </span>
    </p>
   </div>
  </div>
