4158 6404
405 304 510 362 609

401 424 495 478 καὶ
526 421 779 493 ἀνατειλῃ
798 421 862 475 ἐν
888 423 954 493 τῇ
981 422 1129 495 οἰκίᾳ
1153 424 1288 495 μετὰ
1312 426 1371 479 τὸ
1387 424 1589 493 ἐξελεῖν
1616 429 1743 491 τοὺς
1769 428 1974 491 λίθους,

400 517 495 569 καὶ
529 513 668 585 μετά
710 514 770 566 τὸ
796 512 1165 584 ἀποξυσθῆναι
1196 517 1296 587 τὴν
1347 520 1543 582 οἰκίαν,
1601 522 1695 575 καὶ
1726 521 1867 590 μετά
1917 522 1979 574 τὸ

399 604 798 675 ἐξαλειφθῆναι,
829 603 918 660 44.
947 606 1056 659 Καὶ
1075 606 1438 662 εἰσελεύσεται
1460 612 1488 662 6
1511 611 1712 682 ἱερεὺς,
1743 612 1838 663 καὶ
1858 594 1979 680 ὅψε-

398 714 487 750 ται
523 698 571 748 εί
594 696 904 766 διακέχυται
935 700 968 769 ἡ
1000 698 1112 770 ἀφὴ
1142 702 1199 753 ἐν
1230 702 1296 771 τῇ
1324 702 1491 773 οἰκίᾳ,
1534 702 1711 774 λέπρα
1743 704 1976 775 ἔμμονός

397 791 545 841 ἐστιν
574 790 632 841 ὲν
662 790 729 859 τῇ
763 787 939 859 οἰκίᾳ⁸
968 789 1275 862 ἀκάθαρτος
1317 792 1485 847 ἐστιν.
1528 794 1618 849 43.
1656 797 1766 848 Καὶ
1809 796 1975 851 καθε-

397 879 579 932 λοῦσιν
602 880 699 952 τὴν
730 882 907 936 οἰκίαν
940 882 1032 935 καὶ
1060 884 1186 947 τοὺς
1208 884 1388 949 λίθους
1421 886 1611 957 αὐτῆς,
1642 888 1739 940 καὶ
1757 888 1825 941 τὰ
1849 887 1979 953 ξύλα

396 972 585 1042 αὐτῆς,
613 972 708 1025 καὶ
735 974 913 1027 πάντα
934 974 1025 1028 τὸν
1050 975 1180 1046 χοῦν
1201 977 1302 1047 τῆς
1326 978 1502 1041 οἰκίας
1549 978 1848 1043 ἐξοίσουσιν
1874 980 1977 1044 ἔξω

395 1064 494 1135 τῆς
518 1064 727 1129 πόλεως
762 1068 844 1130 εἰς
874 1066 1037 1121 τόπον
1060 1068 1390 1141 ἀκάθαρτον.
1441 1070 1531 1125 46.
1571 1072 1682 1124 Καὶ
1726 1072 1754 1123 6
1793 1072 1980 1123 εἰσπο-

398 1153 687 1224 ρευόμενος
716 1156 798 1219 εἰς
828 1155 927 1227 τὴν
959 1157 1136 1211 οἰκίαν
1153 1159 1334 1221 πάσας
1359 1158 1457 1223 τάς
1483 1158 1718 1229 ἡμέρας,
1743 1157 1808 1221 ἃς
1837 1159 1980 1226 ἀφω-

396 1245 626 1316 ρισμένη
665 1247 811 1300 ἐστὶν
834 1288 849 1312 ,
896 1248 1206 1320 ἀκάθαρτός
1261 1251 1408 1303 ἐστιν
1440 1249 1543 1312 ἕως
1574 1249 1832 1321 ἑσπέρας.
1884 1247 1974 1302 47.

394 1337 504 1389 Καὶ
535 1339 563 1390 6
595 1338 935 1409 κοιμώμενος
984 1341 1044 1393 ὲν
1073 1342 1140 1410 τῇ
1171 1340 1320 1412 οἰκίᾳ
1354 1342 1545 1415 πλύνεῖ
1569 1340 1639 1394 τὰ
1663 1339 1864 1412 ἱμάτια
1878 1339 1979 1392 αὐ-

393 1427 488 1482 τοῦ
540 1443 602 1484 -π-
645 1430 740 1483 καὶ
787 1430 1097 1503 ἀκάθαρτος
1136 1431 1290 1485 ἕσται
1337 1433 1442 1496 ἕως
1477 1433 1717 1503 ἑσπέρας
1753 1431 1776 1499 ζ
1812 1431 1908 1484 καὶ
1952 1431 1981 1483 6

397 1525 594 1578 ἐσθίων
632 1526 691 1578 ὲν
723 1528 791 1597 τῇ
845 1526 992 1598 οἰκίᾳ
1031 1526 1219 1580 πλυνεῖ
1244 1526 1314 1580 τὰ
1351 1527 1541 1598 ἰμάτια
1589 1525 1753 1580 αὐτοῦ
1795 1540 1858 1581 σι·-
1885 1525 1982 1577 καὶ

393 1616 701 1688 ἀκάθαρτος
728 1617 880 1671 ἔσται
904 1618 1010 1682 ἓως
1044 1618 1283 1691 ἑσπέρας
1309 1620 1332 1688 ζ
1360 1619 1449 1673 48.
1498 1618 1622 1672 Ἐὰν
1662 1617 1719 1670 δὲ
1747 1633 1982 1688 παραγε-

395 1708 615 1780 νόμενος
647 1709 861 1782 εἰσέλθῃ
895 1711 923 1764 6
953 1711 1152 1783 ἱερεὺς,
1191 1712 1285 1764 καὶ
1313 1711 1395 1782 ίδῃ
1416 1752 1430 1776 ,
1462 1711 1556 1765 καὶ
1593 1710 1701 1764 ἰδοὺ
1746 1709 1808 1761 ού
1856 1708 1972 1761 δια-

394 1799 548 1869 χύσει
583 1800 845 1871 διαχεῖται
883 1802 917 1872 ὴ
950 1801 1062 1873 ἁφὴ
1097 1803 1155 1855 ὲν
1196 1804 1262 1872 τῇ
1296 1802 1443 1873 οἰκίᾳ
1466 1841 1480 1865 ,
1513 1800 1651 1872 μετὰ
1679 1799 1739 1853 τὸ
1763 1798 1971 1864 ἐξαλει-

396 1889 592 1961 φθῆναι
616 1890 713 1962 τὴν
746 1890 943 1956 οἰκίαν,
984 1891 1078 1945 καὶ
1102 1890 1354 1963 καθαριεῖ
1380 1892 1408 1944 6
1439 1890 1749 1962 ἱερεὺςλτὴν
1768 1886 1966 1951 οἰκίαν,

1712 311 2005 368 LEVlTlCl
2043 314 2193 369 CAP.
2241 314 2307 369 XI
2320 314 2377 369 V.

3547 319 3653 374 610

2079 439 2133 484 et
2164 440 2450 501 postquam
2486 430 2681 483 domus
2718 428 2883 482 fuerit
2912 444 3056 492 rasa,
3087 438 3140 483 et
3169 438 3457 499 postquam
3493 432 3647 487 linita

2080 521 2263 576 fuerit.
2313 522 2403 575 44.
2443 520 2507 575 Et
2538 520 2869 590 ingredietur
2902 520 3175 585 sacerdos,
3228 528 3282 573 et
3329 521 3554 590 aspiciet
3600 524 3646 577 si

2078 610 2308 667 diﬂ‘usus
2333 620 2415 666 est
2452 619 2629 665 tactus
2657 610 2710 663 in
2754 610 2958 673 domo;
2993 609 3142 678 lepra
3192 624 3517 679 permanens
3561 619 3648 666 est

2079 702 2135 756 in
2164 703 2329 757 domo
2359 720 2373 755 :
2427 701 2706 756 immunda
2738 710 2842 756 est.
2879 701 2968 755 45.
3013 701 3078 754 Et
3110 700 3392 756 destruent
3423 701 3646 755 domum
3683 749 3691 757 .

2076 803 2131 849 et
2167 794 2373 862 lapides
2407 794 2545 863 ejus,
2582 801 2635 847 et
2663 792 2810 862 ligna
2841 792 2982 861 ejus,
3024 801 3079 846 et
3111 807 3326 859 omnem
3370 793 3645 862 pulverem

2077 884 2276 939 domus
2318 884 2545 939 ell‘erent
2592 892 2746 938 extra
2796 882 3070 937 civitatem
3108 883 3160 935 in
3193 883 3373 938 locum
3408 882 3646 936 immun-

2078 977 2230 1032 dum.
2274 977 2364 1031 46.
2414 976 2597 1046 thui
2648 975 2947 1045 ingreditur
2994 975 3049 1029 in
3104 975 3325 1030 domum
3390 976 3646 1030 omnibus

2079 1069 2297 1130 diebus,
2332 1068 2533 1137 quibus
2562 1076 2843 1137 segregata
2870 1076 2971 1132 est,
3002 1066 3317 1121 immundus
3343 1066 3447 1122 erit
3473 1082 3647 1137 usque

2078 1157 2148 1212 ad
2186 1173 2485 1226 vesperam.
2522 1158 2612 1210 47.
2661 1156 2726 1210 Et
2759 1157 2851 1226 qui
2901 1156 3103 1211 dormit
3148 1158 3202 1211 in
3252 1158 3413 1212 domo
3446 1157 3647 1212 lavabit

2079 1249 2403 1305 vestimenta
2432 1264 2528 1303 sua
2561 1263 2622 1303 σξ-
2649 1257 2703 1303 et
2731 1249 3046 1304 immundus
3074 1249 3179 1304 erit
3226 1265 3398 1319 usque
3441 1250 3505 1304 ad
3554 1265 3647 1303 ve-

2082 1340 2339 1410 speram:
2374 1349 2427 1395 et
2452 1339 2547 1410 qui
2580 1340 2874 1394 manducat
2916 1340 2970 1394 in
2999 1340 3183 1403 domo,
3231 1341 3433 1396 lavabit
3479 1342 3641 1396 vesti-

2082 1442 2260 1486 menta
2280 1447 2377 1485 sua
2400 1445 2462 1486 σι-
2485 1439 2538 1484 et
2561 1430 2872 1486 immundus
2896 1432 2999 1485 erit
3022 1446 3197 1500 usque
3221 1432 3288 1486 ad
3316 1448 3596 1502 vesperam
3617 1433 3639 1499 ζ

2082 1524 2174 1579 48.
2211 1523 2267 1578 Si
2294 1531 2475 1578 autem
2508 1523 2770 1577 accedens
2802 1522 3084 1576 intraverit
3113 1523 3385 1587 sacerdos,
3415 1531 3469 1578 et
3497 1523 3646 1579 vide-

2081 1617 2173 1680 rit,
2224 1625 2279 1671 et
2331 1631 2457 1671 ecce
2506 1616 2794 1670 diﬂusione
2841 1615 3072 1670 diﬁ‘usus
3118 1630 3225 1670 non
3261 1625 3345 1671 est
3378 1625 3556 1671 tactus
3589 1617 3642 1670 in

2075 1705 2269 1770 domo,
2314 1713 2605 1774 postquam
2652 1703 2803 1758 Iinita
2857 1703 2956 1759 fuit
2984 1704 3220 1758 domus:
3279 1713 3334 1758 et
3363 1704 3645 1759 mundabit

2072 1796 2326 1852 sacerdos
2357 1796 2601 1863 domum,
2630 1794 2759 1865 quia
2800 1805 3022 1850 sanatus
3070 1803 3154 1850 est
3204 1803 3398 1851 tactus.
3452 1796 3542 1851 49.
3576 1794 3645 1849 Et

2070 1885 2610 1955 sumetadpurif..
2695 1926 2708 1938 .
2788 1926 2800 1938 .
2879 1924 2895 1938 .
2973 1924 2989 1941 .
3068 1927 3083 1941 .
3160 1924 3177 1941 .
3258 1928 3270 1941 .
3349 1928 3362 1941 .
3440 1925 3454 1940 .
3533 1922 3550 1940 .
3624 1926 3639 1940 .

399 1982 1963 2056 ὅτιίάθηήάφή.49.Καὶλήμψεταιἀφαγνι.....
2075 2019 2088 2032 .
2185 2019 2200 2033 .
2293 2019 2307 2032 .
2403 2017 2418 2031 .
2500 2015 2514 2031 .
2590 2018 2607 2034 .
2684 2018 2698 2032 .
2778 2017 2791 2029 .
2871 2016 2884 2029 .
2965 2016 2979 2031 .
3058 2015 3073 2029 .
3157 2017 3171 2030 .
3250 1994 3265 2008 ’

494 2114 506 2127 ο
596 2115 613 2127 v
711 2114 725 2126 ο
802 2116 818 2129 ι
892 2114 915 2130 4
990 2113 1009 2131 ο
1086 2113 1105 2131 ο
1180 2118 1195 2134 ο
1276 2115 1290 2132 ο
1368 2115 1383 2129 ο
1462 2116 1479 2130 -ο
1560 2117 1574 2129 ο
1657 2115 1670 2127 ι
1744 2114 1763 2126 -ο
1846 2113 1859 2126 ο
1941 2110 1953 2121 ο

1620 2306 1876 2368 CAPUT
1913 2304 2061 2365 XIV
2108 2297 2482 2361 LEVITICI.

703 2452 1106 2510 ΣΥΜΜΔΧΟΣ.
1991 2454 2066 2506 0'.
2930 2441 3324 2495 ΘΕΟΔΟἸἸΩΝ.

459 2610 511 2664 δ’
1568 2622 1622 2675 5.
1669 2621 1853 2673 Ἱᾶται.
1887 2621 2121 2683 Ἄλλος,
2150 2611 2334 2687 ἦρται.
2682 2611 2735 2664 5.

458 2711 511 2756 4.
1160 2729 1169 2736 ·
1568 2711 1616 2764 4.
1670 2708 1927 2782 Ὀρνίθια.
1957 2709 2191 2771 Ἄλλος,
2215 2700 2488 2775 στρουθία.
2681 2707 2733 2761 4.

460 2793 699 2866 Δίόαφον
723 2798 996 2856 κόκκινον.
1035 2788 1038 2792 ’
1569 2805 1963 2876 Κεκλωσμένον
1988 2802 2262 2857 κόκκινον.
2681 2784 2944 2853 Κόκκινον
2963 2795 3358 2866 ἀλλοιούμενον.

460 2883 514 2939 6-
1569 2896 1622 2951 6.
1652 2896 1726 2949 Τδ
1751 2894 1878 2959 ζῶν.
1919 2896 2165 2959 Ἀλλος,
2200 2890 2260 2944 τδ
2288 2889 2413 2954 ἔξω.
2584 2917 2595 2928 ο
2683 2889 2735 2945 6.

470 2972 519 3027 7'
1570 2991 1624 3045 7.
1670 2988 2084 3054 Εἰςτὸπεδίον.
2138 2986 2390 3051 Ἀλλος,
2445 2980 2538 3035 ἐπὶ
2690 3001 2739 3039 ι,

1498 3061 1786 3132 πρόσωπον
1804 3058 1898 3113 τοῦ
1925 3056 2115 3140 ἀγροῦ.

463 3134 548 3188 m-
1568 3156 1658 3209 10.
1674 3155 1895 3210 Θυσίαν.
1906 3134 2151 3222 Ἀλλος.
2170 3151 2534 3207 κατάπαυσιν.
2692 3142 2776 3196 1οο

466 3227 555 3280 12.
1569 3242 1657 3296 12.
1698 3243 1825 3313 Τῆς
1854 3242 2251 3313 πλημμελείας.
2294 3241 2536 3303 Ἀλλος,
2683 3237 2771 3292 12.

1498 3314 1626 3383 περὶ
1653 3312 1751 3382 τῆς
1768 3312 1881 3383 πλη
1889 3312 2170 3383 μμελείας.

1564 3401 1830 3472 Κοτύλην.
1863 3403 2078 3466 Ἄλλος
2094 3441 2111 3467 ,
2140 3399 2361 3470 λόγγην.

459 3479 548 3535 15.
1536 3492 1653 3574 J5.
1700 3494 1855 3546 Ἔστι
1878 3491 1975 3563 τῷ.
2007 3495 2242 3559 Ἄλλος,
2268 3490 2365 3545 καὶ
2388 3487 2538 3543 ἔσται
2686 3486 2770 3540 l5.

462 3638 554 3696 34.
1496 3580 1653 3701 τῳέάη
1672 3645 2225 3719 Ἐπιθήσει.”Αλλος,
2263 3646 2535 3718 ἀφορίσει.
2683 3644 2775 3698 Ξι.

1172 3742 1177 3747 ’
1577 3736 1758 3790 Ἐπίθε
1766 3755 1860 3808 μα.
1896 3738 2140 3804 Ἀλλος,
2164 3737 2464 3814 ἀφόριρμα.

458 3818 549 3877 33.
1562 3827 1651 3882 55.
1709 3827 1818 3881 Καὶ
1852 3827 1976 3898 ’Δαρ

1495 3897 1716 3951 λοιποὶ.

2077 3870 2080 3882 .
2127 3827 2318 3917 Οὕτω.
2347 3826 2446 3882 καί
2484 3829 2538 3881 οἱ
2678 3829 2761 3884 55.

1538 3911 1716 3951 amat.
2312 3911 2318 3917 ”

458 3978 524 4037 se
1545 3993 1655 4064 “'54.
1693 3993 1781 4046 Ἐν
1805 3993 2015 4064 κτήσει.
2046 3993 2283 4064 Ἄλλος,
2316 3992 2375 4047 ὲν
2402 3992 2534 4063 κλη-
2677 3990 2766 4043 δι,

1500 4062 1595 4134 ρῷ.
1643 4062 2007 4129 Ἀλλοςίείς
2026 4062 2374 4132 κατάσχεσιν.
2493 4062 2500 4063 ί
3045 4086 3049 4091 ·

682 4167 1129 4229 SYMMACHUS.
1675 4179 1817 4234 LXX
1851 4177 2349 4234 INTERPRETES.
2922 4172 3337 4232 THEODOTIO.

457 4281 514 4338 5o
1566 4296 1619 4350 5.
1655 4294 1891 4352 Sanatus
1929 4305 2031 4353 est.
2072 4295 2245 4364 Alius,
2286 4295 2531 4351 sublatus
2572 4359 2586 4374 ,
2687 4295 2742 4349 5.

1495 4374 1596 4420 est.

455 4441 509 4495 4.
1565 4458 1618 4511 4.
1651 4459 1924 4515 Aviculas.
1960 4483 1976 4513 Α

2077 4475 2136 4524 ιε,
2170 4473 2443 4529 passeres.
2681 4458 2735 4511 4.

459 4532 552 4592 Bis
587 4537 809 4595 tinctum
852 4542 1155 4599 coccinum.
1566 4547 1793 4601 Tortum
1822 4547 2128 4603 coccinum.
2677 4543 2973 4600 Coccinum
3007 4540 3365 4608 variegatam.

455 4623 511 4680 δ·
1565 4644 1616 4699 6.
1640 4643 1941 4699 Viventem.
1966 4644 2079 4710 AL,
2100 4653 2251 4699 extra
2273 4643 2530 4713 positum.
2676 4634 2729 4690 6ο

451 4715 504 4770 7°
1530 4734 1615 4814 ⁸’1.
1657 4733 1713 4789 in
1746 4750 2021 4815 campum.
2046 4733 2220 4796 Alius,
2257 4748 2419 4802 super
2444 4730 2530 4785 fac
2676 4727 2729 4781 7.

1494 4819 1633 4858 etem
1657 4820 1792 4874 agri.

459 4876 549 4930 10.
1441 4956 1463 4978 ο
1502 4971 1532 4978 γ’
1566 4900 1651 4954 l0.
1686 4892 2044 4955 Sacriﬁcium.
2089 4898 2238 4950 Alius
2260 4934 2275 4959 ,
2313 4893 2529 4964 requie-
2680 4889 2769 4943 ‘10.

1494 4971 1722 5025 tionem.

457 5035 545 5089 ⁸9-
1564 5059 1649 5114 12.
1679 5059 1889 5117 Delicti.
1918 5060 2089 5123 Alius,
2122 5071 2221 5127 pro
2249 5052 2465 5110 delicto.
2679 5050 2768 5104 η.

1562 5147 1830 5220 Cotylam.
1870 5149 2044 5215 Alius,
2078 5149 2294 5217 longen.

460 5214 546 5272 15.
1562 5240 1649 5294 15.
1666 5214 1793 5296 Ἐδι.
1833 5241 2005 5304 Alius,
2032 5214 2156 5294 erit.
2176 5214 2197 5217 ⁷
2680 5236 2768 5292 15-

455 5306 548 5361 24·
1557 5332 1649 5387 24.
1690 5333 1954 5402 lmponet.

2077 5351 2159 5397 us,
2190 5336 2481 5405 separabit.
2674 5333 2767 5389 24.

1559 5421 1987 5492 lmpositionem.
2015 5424 2192 5492 Alius,
2227 5429 2529 5497 separatio.

1486 5508 1631 5548 nem.

453 5554 541 5653 ξδ’
1560 5583 1648 5637 55.
1680 5580 1745 5637 Et
1771 5583 1976 5639 Aaron.

2077 5586 2257 5653 fateri,
2290 5589 2365 5643 id.
2672 5588 2761 5642 55.

459 5644 548 5699 54.

1562 5675 1650 5751 54.
1708 5674 1773 5751 lu
1823 5680 2187 5751 possessione.
2240 5682 2429 5751 Alius,
2472 5684 2529 5737 in
2670 5679 2758 5734 54.

1494 5749 1656 5801 sorte.
1684 5746 1857 5813 Alius}
1884 5749 1940 5803 in
1965 5750 2324 5817 adeptionem.
