4158 6408
1511 336 1983 396 HEXAPLORUM
2023 333 2189 401 QUAE
2231 327 2663 389 SUPERSUNT.
3597 314 3698 369 6'30

2198 451 2261 505 ν.
2320 451 2407 503 l9.
2453 450 2653 507 Ἀλλη
2705 444 3067 515 μετακινήσει.
3121 439 3200 493 Ex
3243 435 3552 515 Basiliensi.
3593 434 3702 515 ,διι-

2127 501 2369 591 quentes
2393 501 2517 591 vero
2551 501 2815 591 lectiones
2847 501 3033 591 Graece
3078 509 3451 591 expressimus
3491 501 3706 591 εξίῗς-

2120 573 2253 646 ιὲιίέίό
2313 573 2417 657 qui
2459 589 2538 642 sic
2583 587 2749 657 habet
2765 600 2794 657 ι
2821 603 2839 636 ι
2872 582 3029 657 Quid
3061 573 3237 633 dixit:
3271 577 3479 657 Septem
3519 573 3702 657 dicitur

538 644 588 668 ν.
658 654 672 668 .
725 644 787 665 η.
836 644 927 663 ea"
955 644 1449 660 ςουιιυυνυσο--η---ν
1489 644 1781 653 .......-...,---
1808 644 1867 650 ν--
1914 644 1995 648 ,νη
2138 644 2173 646 _,
2234 644 2241 645 ,
2280 644 2289 653 ,
2884 644 2889 645 γ

456 644 653 740 simus0
668 699 733 738 ex
776 644 967 735 LLatina
1013 644 1228 745 Aquila":|
1252 659 1722 745 interpretatione,
1749 644 1913 736 quam
1945 663 2028 718 af—
2129 644 2797 745 separab'itur?quod'alii
2821 694 2835 718 ,
2866 644 3066 733 Eritin
3093 644 3405 732 purgatione
3443 662 3561 697 sua.

456 712 971 816 ἲόῗίυὶἒιξῖιίζξ
1946 712 1997 718 ψ
2128 712 2265 786 verro
2291 712 2632 816 inteSprefes,
2667 725 2741 816 In.
2761 712 3414 816 separatione'iniquitatis
3444 731 3576 770 sum.
3599 712 3705 768 Alii

526 795 834 878 v.73".me
857 795 1218 889 matteas
1254 795 1407 865 6.54.;
1438 795 1622 874 ζῶντι.
1669 806 1746 860 Ex
1792 805 2028 861 editione

2168 810 2334 861 utem,
2374 798 2602 851 Miseria:
2659 795 2965 849 ediderunt.
3002 811 3021 843 ι

2206 869 2248 889 17
2310 868 2381 889 an
2411 868 2479 889 ειν
2552 866 2572 889 1
2600 867 2835 889 --ιζληΑ-
2904 878 3021 889 κ-ικι

2206 869 2268 924 V.
2310 868 2501 923 20-25.
2552 866 2869 927 Lectiones,
2901 878 3022 933 qua:
3048 860 3296 917 eamdem
3326 870 3518 913 vocem
3568 863 3708 916 mm

451 361 553 423 6l9

451 492 571 532 esse
597 473 879 528 inferatur.

522 528 585 599 ν.
616 546 670 598 7.
699 545 897 601 Ἀλλ..
922 537 1019 607 τῆς
1052 535 1275 607 σαρκόςΖ
1300 531 1383 607 Ex
1408 528 1717 607 Basilie_nsi.

527 614 588 668 ν.
620 614 672 668 8.
711 615 787 665 Ἀ,
811 610 928 682 [ἐὰν
955 600 1278 682 annalium]
1300 602 1449 655 Hanc
1477 600 1782 679 versionem
1806 609 2027 682 expres-

460 897 723 951 Romana.

1019 1051 1261 1107 CAPUT
1295 1046 1435 1104 XVI
1465 1039 1835 1107 LEVITICI,
1870 1037 1969 1093 EX
2002 1035 2263 1092 EODEM
2302 1032 2582 1091 CODICE
2608 1027 2967 1088 COLBERT.
2993 1025 3158 1081 3084.

533 1201 585 1256 l.
626 1199 693 1254 Et
731 1198 947 1254 locutus
979 1203 1064 1251 est
1092 1193 1354 1250 Dominus
1397 1190 1462 1245 ad
1489 1188 1710 1259 Moysen
1742 1193 2031 1256 postquam

2208 1180 2254 1232 Ι.
2288 1178 2396 1231 Kal
2431 1175 2659 1246 ἐλάλησε
2702 1174 2905 1243 Κύριος
2947 1168 3084 1240 πρὸς
3110 1166 3317 1234 Μωσῆν
3372 1162 3508 1235 μετὰ
3538 1162 3600 1215 τὸ
3625 1179 3712 1214 τε-

462 1292 702 1349 defuncti
734 1297 862 1345 sunt
888 1288 997 1343 duo
1027 1287 1123 1341 filii
1152 1286 1335 1340 Aaron
1354 1324 1370 1349 ,
1404 1296 1529 1336 cum
1565 1253 1820 1334 offerrent
1851 1253 2031 1346 ignem

2168 1268 2391 1337 ευτῆσαι
2412 1266 2538 1328 τοὺς
2565 1264 2658 1316 δύο
2681 1264 2830 1325 υἱοὺς
2873 1256 3083 1330 Ἀαρὼν
3140 1259 3198 1308 ἐν
3230 1253 3309 1324 τῷ
3339 1254 3710 1325 προσαγαγεῖν

463 1387 701 1442 alienum
728 1391 855 1437 ante
888 1380 1202 1440 Dominum,
1232 1385 1287 1431 et
1310 1372 1509 1429 mortui
1535 1378 1683 1427 sunt.
1722 1370 1777 1423 ξ.
1805 1343 2037 1422 Είόίιὶι

2168 1361 2334 1422 νύτοὺς
2367 1357 2481 1429 πῦρ
2511 1356 2787 1426 ἀλλότριον
2817 1352 2995 1406 ἔναντι
3030 1347 3259 1419 Κυρίου,
3299 1347 3394 1399 καὶ
3429 1343 3713 1415 ἐτελεύτη-

464 1433 850 1530 Humili—usmad
889 1470 1106 1541 Moysen
1160 1433 1200 1523 ι’
1224 1466 1473 1537 Loquere
1502 1463 1568 1517 ad
1596 1462 1778 1516 Aaron
1811 1458 2034 1514 fratrem

2168 1470 2255 1506 ναν.
2289 1451 2343 1505 2.
2369 1450 2478 1504 Kal
2500 1446 2650 1502 εἶπεν
2668 1446 2867 1517 Κύριος
2891 1443 3026 1515 πρὸς
3056 1440 3281 1509 Μωσῆνο
3303 1436 3548 1507 Δάλησον
3581 1433 3717 1507 πρὸς

467 1580 644 1636 tuum,
671 1574 727 1623 et
754 1581 822 1621 ne
849 1564 1183 1636 ingrediatur
1224 1560 1373 1616 omni
1392 1558 1535 1614 'hora
1569 1557 1636 1612 ad
1665 1563 1913 1611 sanctum
1948 1553 2035 1608 in—

2168 1542 2359 1613 Ᾱαρὼν
2386 1543 2478 1595 τὸν
2504 1539 2729 1609 ἀδελφόν
2761 1554 2874 1601 σου,
2908 1533 3003 1589 xal
3045 1533 3119 1604 μὴ
3170 1528 3573 1600 εἰσπορευέσθω
3610 1527 3716 1579 πᾶ-

468 1621 644 1717 terius
681 1621 968 1713 velaminis
1006 1654 1073 1709 ad
1112 1652 1314 1709 faciem
1341 1647 1727 1721 propitiatorii,
1779 1645 1925 1717 quod
1955 1651 2041 1699 est

2168 1652 2242 1688 παν
2272 1634 2419 1706 ὥραν
2452 1633 2532 1695 εἰς
2556 1628 2617 1685 τὸ
2652 1631 2806 1699 ἅγιον
2854 1626 3120 1695 ἐσώτερον
3152 1622 3247 1676 τοῦ
3287 1621 3716 1691 καταπετάσμα-

470 1765 636 1821 super
665 1763 851 1805 arcam
879 1760 939 1802 -ι-
980 1745 1276 1802 testimonii
1306 1745 1330 1813 ζ
1366 1751 1421 1798 et
1449 1738 1559 1796 non
1590 1740 1876 1795 morietur.
1903 1735 2038 1791 Nam

2168 1745 2230 1791 '0;
2256 1727 2335 1789 εἰς
2373 1726 2659 1797 πρόσωπον
2685 1720 2792 1776 τοῦ
2840 1716 3174 1790 ίλαστηρίου,
3229 1716 3259 1768 ὅ
3302 1717 3449 1768 ἐστιν
3502 1709 3595 1766 ἐπὶ
3617 1711 3718 1782 τῆς

472 1843 529 1897 in
575 1839 721 1895 nube
751 1837 1023 1910 apparebo
1056 1851 1217 1905 super
1243 1832 1699 1905 propitiatorium.
1739 1831 1793 1885 5.
1834 1828 1925 1884 Sic
1958 1828 2042 1883 in-

472 1930 748 2002 gredietur
771 1928 954 1982 Aaron
983 1926 1038 1981 in
1070 1933 1319 1980 sanctum
1354 1923 1408 1977 in
1444 1922 1609 1976 vitulo
1638 1937 1702 1976 ex
1744 1921 1917 1974 bobus
1943 1934 2043 1990 pro

472 2028 718 2092 peccato,
741 2027 797 2073 et
824 2019 1047 2073 arietem
1076 2016 1133 2071 in
1157 2015 1537 2071 holocaustum
1575 2030 1588 2065 ;
1625 2011 1678 2066 4.
1706 2008 1774 2064 Et
1802 2010 2043 2064 tunicam

474 2115 674 2170 lineam
701 2110 1093 2169 sanctificatam
1114 2108 1321 2175 induet,
1342 2116 1399 2162 et
1423 2106 1686 2162 femorale
1715 2104 1920 2158 lineum
1942 2102 2048 2157 erit

478 2218 641 2274 super
672 2216 872 2272 corpus
893 2199 1036 2271 ejus,
1066 2207 1120 2254 et
1145 2211 1281 2252 zona
1316 2194 1460 2250 linea
1493 2193 1762 2263 cingetur,
1811 2198 1867 2244 et
1894 2189 2046 2244 cida-

477 2299 582 2351 rim
624 2294 825 2350 lineam
871 2292 1284 2361 circumponet:
1314 2285 1636 2342 vestimenta
1666 2290 1853 2338 sancta
1897 2288 2045 2335 sunt.

479 2388 549 2443 Et
570 2386 777 2443 lavabit
811 2399 952 2456 aqua
980 2389 1154 2446 totum
1185 2394 1386 2451 corpus
1420 2391 1604 2443 suum,
1636 2384 1693 2432 et
1714 2372 1904 2429 induet
1933 2386 1997 2426 ea
2031 2389 2044 2423 :

482 2481 535 2536 5.
572 2478 640 2533 Et
662 2493 694 2533 a
722 2490 992 2549 synagoga
1026 2473 1264 2530 ﬁliorum
1290 2469 1457 2526 Israel
1506 2466 1737 2537 accipiet
1764 2465 1903 2520 duos
1930 2461 2048 2517 bir-

483 2587 577 2628 cos
600 2587 667 2627 ει
698 2568 876 2639 capris
909 2581 1010 2639 pro
1034 2573 1277 2637 peccato,
1327 2570 1383 2617 et
1410 2560 1633 2616 arietem
1662 2572 1833 2612 unum
1858 2554 1924 2609 ad
1951 2553 2050 2608 ho-

484 2664 807 2717 locaustum.
870 2658 924 2714 6.
953 2659 1021 2715 Et
1064 2656 1253 2712 oﬂ‘eret
1291 2653 1473 2709 Aaron
1519 2652 1779 2714 vitulum,
1815 2649 1909 2720 qui
1952 2661 2051 2717 pro

484 2757 708 2820 peccato
738 2760 839 2802 suo
868 2763 881 2800 :
913 2752 969 2799 et
994 2742 1232 2813 expiabit
1253 2754 1353 2812 pro
1379 2754 1440 2795 se
1460 2748 1515 2794 et
1539 2739 1704 2794 domo
1729 2750 1849 2792 sua.
1901 2732 1952 2786 7.
1987 2729 2053 2785 Et

487 2840 717 2911 accipiet
748 2838 887 2893 duos
918 2835 1125 2901 hircos,
1158 2846 1213 2891 et
1245 2840 1444 2889 statuet
1475 2845 1572 2887 eos
1612 2839 1740 2884 ante
1767 2822 2051 2881 Dominum

488 2934 557 2988 ad
607 2932 805 2989 ostium
859 2927 1193 2985 tabernaculi
1244 2923 1557 2981 testimonii.
1613 2920 1666 2976 8.
1706 2919 1772 2974 Et
1815 2919 2058 2987 imponet

490 3029 670 3081 Aaron
694 3037 857 3093 supra
884 3023 1022 3076 duos
1052 3020 1238 3083 hircos
1263 3024 1438 3073 sortes
1484 3033 1500 3071 :
1531 3023 1733 3070 sortem
1763 3025 1928 3065 unam
1956 3006 2058 3061 Do-

491 3114 664 3177 mino,
716 3120 770 3165 et
826 3117 1028 3164 sortem
1076 3122 1243 3162 unam
1299 3103 1602 3161 emissario.
1663 3101 1716 3157 9.
1765 3099 1829 3153 Et
1872 3097 2059 3153 offeret

491 3208 675 3261 Aaron
722 3203 932 3259 hircum
968 3214 1133 3270 super
1178 3213 1339 3269 quem
1393 3193 1707 3265 supervenit
1737 3206 1899 3259 super
1931 3203 2057 3243 cum

494 3310 618 3351 sors
650 3293 900 3356 Domino,
931 3300 986 3348 et
1008 3289 1194 3345 ofleret
1226 3302 1322 3359 pro
1349 3295 1571 3356 peccato
1597 3302 1611 3339 :
1641 3282 1725 3337 10.
1756 3281 1821 3337 Et
1847 3281 2059 3335 hircum

496 3404 659 3461 super
704 3403 864 3460 quem
895 3384 1205 3457 supervenit
1249 3396 1413 3451 super
1441 3393 1567 3434 eum
1598 3393 1720 3433 sors
1767 3372 2058 3436 emissarii,

497 3488 701 3537 statuet
731 3480 997 3535 viventem
1034 3483 1160 3531 ante
1186 3473 1500 3536 Dominum,
1534 3478 1594 3524 ut
1619 3467 1941 3539 propitietur
1965 3481 2059 3520 su-

496 3588 595 3644 per
617 3585 719 3639 eo;
750 3570 824 3626 ita
856 3578 914 3623 ut
944 3566 1156 3623 emittat
1175 3577 1299 3619 eum
1328 3561 1385 3617 in
1413 3559 1766 3617 emissionem
1792 3571 1855 3613 σι-
1880 3554 2062 3611 dimit-

498 3672 577 3719 tet
601 3676 725 3720 eum
774 3663 797 3731 ζ
846 3661 901 3715 in
929 3660 1221 3716 desertum.
1282 3656 1371 3712 ll.
1402 3653 1470 3710 Et
1492 3652 1682 3708 offeret
1713 3652 1892 3705 Aaron
1918 3647 2061 3702 vitu-

499 3758 614 3811 lum
636 3769 817 3817 suum,
835 3753 930 3822 qui
956 3766 1057 3821 pro
1085 3756 1328 3820 peccato,
1356 3754 1411 3802 et
1436 3744 1677 3816 expiabit
1692 3756 1792 3813 pro
1810 3756 1869 3796 se
1886 3748 1939 3795 et
1966 3752 2067 3808 pro

502 3852 664 3903 domo
686 3864 803 3904 sua.
841 3844 1190 3914 Etjugulabit
1216 3841 1445 3897 vitulum
1472 3853 1653 3901 suum,
1694 3836 1786 3908 qui
1812 3850 1910 3904 pro
1940 3848 2069 3902 pec-

504 3948 648 3995 cato.
707 3938 791 3992 ιε.
833 3935 896 3991 Et
924 3945 1099 3991 sumet
1155 3932 1493 3988 thuribulum
1527 3930 1744 3997 plenum
1770 3925 2069 3980 carbonum

508 4030 651 4102 ignis
681 4031 750 4085 ab
783 4028 966 4092 altari,
995 4026 1141 4097 quod
1168 4033 1252 4080 est
1271 4037 1457 4080 coram
1484 4019 1737 4075 Domino.
1794 4015 1861 4070 Et
1884 4014 2074 4083 imple-

507 4126 585 4179 bit
618 4132 813 4178 manus
861 4134 990 4175 suas
1036 4119 1262 4173 incenso
1309 4111 1723 4183 compositionis
1751 4107 1999 4170 subtilis,
2023 4112 2076 4157 et

509 4214 704 4270 inferet
730 4213 871 4267 intra
902 4211 1167 4266 velamen.
1204 4209 1292 4263 1'5.
1323 4207 1388 4262 Et
1415 4206 1657 4275 imponet
1680 4202 1962 4255 incensum
1992 4211 2079 4250 su-

510 4323 605 4379 per
630 4309 809 4377 igneni
839 4315 963 4360 ante
991 4303 1281 4357 Dominum
1317 4318 1330 4354 :
1361 4305 1416 4353 et
1440 4296 1647 4379 aperiet
1667 4306 1837 4362 vapor
1867 4286 2074 4343 incensi

510 4373 969 4471 propitiatorium,
1005 4397 1149 4465 quod
1180 4401 1266 4449 est
1309 4404 1471 4461 super
1515 4373 1846 4449 testimonia,
1882 4388 1937 4436 et
1965 4392 2076 4432 non

511 4492 794 4547 morietur.
830 4488 918 4543 14.
947 4486 1012 4541 Et
1031 4492 1210 4541 sumet
1236 4484 1304 4539 de
1330 4479 1595 4551 sanguine
1611 4475 1763 4531 vituli
1795 4492 1808 4528 :
1833 4477 2083 4541 etasper‘

512 4590 602 4653 get
642 4580 812 4651 digito
861 4593 964 4635 suo
1019 4591 1184 4644 super
1229 4569 1664 4645 propitiatorium
1696 4567 1765 4622 ad
1793 4566 2080 4629 orientem,

513 4675 811 4732 secundum
844 4671 1036 4727 faciem
1076 4665 1461 4739 prapitiatorii.
1513 4661 1578 4715 Et
1609 4667 1858 4730 asperget
1885 4657 2085 4727 septies

513 4767 581 4821 de
609 4764 881 4835 sanguine
902 4761 1071 4831 digito
1097 4773 1216 4813 suo.
1256 4757 1342 4813 l5.
1366 4754 1430 4809 Et
1452 4751 1722 4824 jugulabit
1742 4750 1956 4805 hircum
1987 4754 2085 4817 pro

513 4867 763 4927 peccato,
811 4869 935 4910 eum
966 4852 1106 4922 quia
1133 4849 1329 4919 populo
1345 4855 1428 4903 est
1444 4860 1505 4902 -ιι-
1526 4855 1652 4899 ante
1669 4841 1960 4897 Dominum
1989 4841 2012 4910 ζ
2032 4847 2086 4894 et

515 4947 712 5004 inferet
726 4947 794 5002 de
820 4944 1084 5014 sanguine
1098 4941 1217 5010 ejus
1245 4940 1385 4994 intra
1407 4937 1671 4992 velamen.
1692 4934 1758 4988 Et
1783 4933 2082 4988 facietsan-

516 5041 737 5112 guinem
752 5037 872 5107 ejus
884 5032 1339 5106 quemadmodum
1351 5028 1477 5085 fecit
1493 5027 1811 5098 sanguinem
1823 5024 1978 5103 vituli
1998 5042 2011 5077 :
2030 5030 2083 5077 ct

518 5138 767 5203 asperget
782 5127 1100 5198 sanguinem
1117 5124 1237 5194 ejus
1252 5137 1415 5192 super
1429 5117 1861 5191 propitiatorium
1886 5129 2084 5171 secun-

518 5224 648 5277 dum
670 5220 862 5275 faciem
881 5214 1268 5288 propitiatorii.
1304 5211 1389 5267 16.
1413 5210 1480 5265 Et
1496 5210 1992 5279 expiabitsauctum
2014 5206 2084 5261 ab

520 5308 881 5364 immunditiis
926 5304 1161 5359 filiorum
1192 5301 1378 5368 lsrael,
1408 5311 1462 5355 et
1489 5300 1558 5354 ab
1586 5298 1866 5369 injustitiis
1894 5311 2086 5352 eorum

521 5415 620 5469 pro
637 5399 894 5455 omnibus
906 5396 1139 5467 peccatis
1154 5408 1343 5450 eorum
1363 5411 1378 5447 :
1393 5402 1445 5448 et
1466 5392 1547 5447 sic
1565 5389 1724 5446 faciet
1742 5374 2091 5445 tabernaculo

523 5489 842 5553 testimonii,
867 5487 1011 5559 quod
1042 5486 1366 5542 aediﬁcatum
1412 5484 1566 5538 estin
1596 5483 1697 5546 eis,
1717 5483 1769 5535 in
1788 5481 1966 5536 medio
1984 5480 2090 5535 im-

523 5580 803 5635 munditia:
818 5594 1029 5633 eorum.
1047 5578 1133 5631 17.
1151 5575 1218 5630 Ει
1233 5575 1410 5629 omnis
1428 5575 1594 5627 homo
1610 5587 1718 5626 non
1730 5571 1836 5626 erit
1851 5572 1904 5625 in
1923 5572 2095 5627 taber-

527 5671 724 5726 naculo
754 5669 1070 5734 testimonii,
1104 5665 1440 5739 ingrediente
1480 5666 1574 5720 illo
1592 5663 1658 5720 ad
1675 5662 2006 5733 expiandum
2039 5664 2096 5716 in

527 5771 737 5829 sancto,
767 5762 939 5818 donec
969 5761 1264 5816 exieritzet
1291 5757 1532 5829 expiabit
1559 5771 1659 5828 pro
1682 5755 1884 5827 seipso,
1917 5765 1970 5811 et
1994 5769 2107 5826 pro

2142 1815 2376 1873 κιϐωτοῦ
2413 1832 2476 1872 σι»-
2527 1815 2621 1869 τοῦ
2660 1811 3006 1886 μαρτυρίουζ
3041 1809 3136 1862 καὶ
3185 1809 3288 1863 οὒκ
3340 1805 3714 1862 ἀποθανεῖται.

2155 1914 2243 1966 Ἔν
2301 1910 2409 1983 γὰρ
2460 1908 2659 1981 νεφέλῃ
2731 1906 3039 1977 ὀφθήσομαι
3091 1900 3183 1955 ἐπὶ
3230 1898 3326 1953 τοῦ
3383 1895 3717 1970 ἱλαστηρίου.

2143 2003 2198 2057 5.
2224 2001 2410 2064 Οὕτως
2440 1997 2805 2052 εἰσελεύσεται
2841 1994 3050 2062 ’Δαρὼν
3082 1995 3162 2056 εἱς
3188 1990 3251 2045 τὸ
3271 1990 3425 2060 ἅγιον
3458 1989 3516 2042 ἐν
3536 1988 3722 2059 μόσχῳ

2145 2095 2210 2146 ἐκ
2235 2090 2373 2162 βοῶν
2405 2090 2535 2160 περὶ
2573 2086 2875 2158 ἁμαρτίας,
2903 2084 2999 2139 καὶ
3047 2082 3201 2154 κριὸν
3227 2083 3308 2145 εἰς
3339 2077 3719 2149 ὁλοκαύτωμα.

2147 2185 2202 2239 4.
2237 2186 2348 2239 Kal
2393 2182 2596 2254 χιτῶνα
2656 2178 2836 2232 λινοῦν
2886 2175 3221 2249 ἡγιασμένον
3276 2171 3576 2234 ἐνδύσεται,
3629 2171 3725 2224 καὶ

2148 2275 2463 2348 περισκελὲς
2494 2272 2671 2327 λινοῦν
2723 2270 2874 2324 ἔσται
2922 2269 3016 2323 ἐπὶ
3042 2266 3136 2321 τοῦ
3166 2264 3377 2337 χρωτὸς
3404 2262 3591 2330 αὑτοῦ,
3629 2280 3703 2317 κα

2152 2372 2296 2444 ζώνῃ
2321 2370 2439 2440 λινῇ
2464 2367 2715 2434 ζώσεται,
2767 2366 2861 2420 καὶ
2891 2362 3104 2434 κίδαριν
3147 2360 3299 2430 λινῆν
3347 2357 3723 2428 περιθήσεται,

2155 2466 2346 2537 ἱμάτια
2375 2463 2508 2533 ἅγιά
2536 2463 2686 2514 ἐστι’
2717 2459 2811 2514 xal
2859 2456 3110 2512 λούσεται
3140 2453 3293 2508 ’ὕδατι
3344 2452 3453 2505 πᾶν
3482 2450 3544 2504 τὺ
3565 2449 3728 2522 σῶμα

2150 2558 2337 2622 αὑτοῦ,
2368 2557 2462 2610 καί
2483 2554 2759 2609 ἐνδύσεται
2782 2549 2941 2606 αὐτά·
2993 2549 3047 2603 5.
3083 2547 3194 2601 Kal
3241 2545 3393 2618 παρά
3451 2546 3551 2615 τῆς
3599 2560 3725 2597 συν-

2150 2650 2372 2720 αγωγῆς
2405 2646 2513 2699 τῶν
2533 2645 2665 2698 υἱῶν
2723 2642 2939 2715 Ἰσραὴλ
2964 2640 3234 2713 λήμψεται
3257 2638 3349 2692 δύο
3378 2637 3645 2709 χιμάρους
3669 2634 3731 2700 ἐξ

2153 2724 2323 2811 αἰγῶν
2345 2739 2471 2811 περί
2499 2736 2792 2809 ἁμαρτίας,
2830 2734 2925 2789 καὶ
2962 2734 3114 2805 κριὸν
3131 2732 3228 2785 ἕνα
3250 2732 3330 2794 εἰς
3349 2727 3729 2799 όλοκαύτωμα.

2153 2834 2206 2888 6.
2238 2832 2347 2886 Kal
2377 2830 2634 2903 προσάξει
2690 2825 2901 2901 ’Δαρὼν
2944 2826 3036 2880 τὸν
3095 2826 3293 2897 μόσχον
3347 2823 3438 2877 τὸν
3469 2823 3598 2895 περὶ
3631 2823 3732 2893 τῆς

2155 2923 2429 2996 ἁμαρτίας
2460 2921 2646 2987 αὐτοῦ,
2675 2922 2771 2975 καί
2813 2919 3116 2985 ἐξιλάσεται
3144 2919 3271 2989 περὶ
3299 2915 3485 2981 αὐτοῦ,
3522 2917 3615 2970 καὶ
3633 2915 3729 2969 τοῦ

2156 3018 2305 3070 οίκου
2340 3013 2524 3068 αὐτοῦ.
2573 3013 2627 3068 7.
2684 3013 2795 3067 Kal
2846 3011 3118 3083 λήμψεται
3154 3011 3280 3072 τοὺς
3308 3009 3402 3062 δύο
3440 3009 3732 3080 χιμάρους,

2162 3110 2256 3164 καὶ
2290 3108 2473 3179 στήσει
2506 3106 2700 3169 αὐτοὺς
2732 3104 2910 3158 ἔναντι
2950 3102 3155 3173 Κυρίου
3216 3099 3368 3171 παρά
3410 3100 3509 3171 τὴν
3567 3098 3736 3168 θύραν

2161 3202 2264 3271 τῆς
2300 3200 2503 3271 σκηνῆς
2526 3197 2620 3252 τοῦ
2655 3195 2976 3268 μαρτυρίου.
3007 3192 3060 3247 8.
3093 3193 3203 3247 Kal
3235 3191 3482 3261 ἐπιθήσει
3525 3187 3736 3260 Ἀαρὼν

2161 3294 2254 3345 ἐπὶ
2275 3292 2399 3355 τοὺς
2424 3289 2517 3343 δύο
2546 3289 2811 3360 χιμάρους
2838 3286 3090 3357 κλήρους
3140 3284 3337 3354 κλῆρον
3363 3282 3460 3335 ἕνα
3514 3280 3591 3351 τῷ
3622 3281 3739 3333 Κυ-

2163 3385 2283 3457 ρίῳ,
2316 3384 2409 3435 καὶ
2441 3382 2639 3452 κλῆρον
2679 3380 2774 3432 ἕνα
2792 3377 2869 3449 τῷ
2897 3375 3288 3445 ἀποπομπαίῳ.
3316 3375 3369 3430 9.
3420 3374 3532 3427 Kal
3570 3388 3741 3443 προσο

2163 3476 2279 3540 ἀξει
2316 3474 2521 3545 Ἀαρὼν
2548 3473 2639 3525 τὸν
2663 3470 2893 3542 χίμαρον
2943 3468 3028 3537 ἐφ’
3057 3468 3116 3521 ὃν
3143 3465 3376 3537 ἐπῆλθεν
3397 3465 3486 3517 ἐπ’
3518 3463 3679 3517 αὐτὸν
3706 3464 3737 3516 ὁ

2162 3567 2365 3638 κλῆρος
2402 3565 2478 3636 τῷ
2529 3564 2740 3635 Κυρίῳ,
2791 3561 2884 3614 καὶ
2938 3559 3212 3631 προσοίσει
3266 3557 3395 3629 περὶ
3440 3556 3731 3628 ἁμαρτίας.

2172 3659 2257 3714 l0.
2290 3658 2399 3712 Kal
2452 3658 2542 3711 τὸν
2589 3656 2842 3726 χίμαρον,
2899 3654 2983 3722 ἐφ’
3011 3652 3069 3706 ὃν
3129 3649 3363 3721 ἐπῆλθεν
3409 3650 3495 3702 ἐπ’
3524 3649 3738 3703 αὐτὺνό

2169 3753 2366 3823 κλῆρος
2388 3750 2482 3804 τοῦ
2508 3746 2919 3817 ἀποπομπαωυ,
2976 3746 3159 3815 στήσει
3212 3744 3386 3808 ζῶντα
3431 3742 3609 3797 ἔναντι
3638 3742 3747 3795 Κυ-

2174 3847 2311 3916 ρίου,
2346 3842 2439 3895 τοῦ
2496 3840 2852 3905 ἐξιλάσασθαί
2869 3839 2957 3893 ἐπ’
2979 3838 3166 3892 αὑτοῦ·
3197 3836 3337 3890 ὥστε
3370 3834 3745 3900 ἐξαποστεῖλαι

2170 3935 2332 3988 αὐτὸν
2366 3935 2447 3997 εἰς
2473 3933 2570 4003 τὴν
2605 3931 2937 4003 ἀποπομπήν
2975 3945 3036 3985 +
3070 3929 3268 4000 ἀφήσει
3301 3926 3463 3980 αὐτὸν
3494 3926 3619 3995 ζεὶς
3645 3924 3746 3993 τὴν

2174 4027 2398 4097 ἔρημον.
2457 4026 2542 4077 Η.
2588 4025 2697 4076 Kal
2747 4021 3008 4093 προσάξει
3051 4019 3259 4092 Ἀαρὼν
3310 4019 3402 4073 τὸν
3432 4020 3629 4090 μόσχον
3654 4016 3747 4070 τὸν

2177 4119 2304 4188 περὶ
2330 4120 2428 4189 τῆς
2461 4116 2733 4188 ἁμαρτίας
2762 4117 2853 4168 τὸν
2889 4113 3076 4178 αὑτοῦ,
3137 4114 3232 4167 καί⁵
3290 4111 3595 4177 ἐξιλάσεται
3620 4109 3747 4182 περὶ

2178 4208 2341 4261 αὐτοῦ
2367 4209 2460 4263 καὶ
2490 4208 2583 4261 τοῦ
2611 4206 2762 4259 οἴκου
2792 4204 2980 4270 αὑτοῦ,
3022 4203 3117 4257 καὶ
3173 4202 3368 4272 σφάξει
3421 4201 3512 4255 τὸν
3551 4201 3748 4272 μόσχον

2178 4302 2266 4354 τὸν
2300 4301 2426 4372 περὶ
2451 4300 2550 4369 τῆς
2578 4297 2848 4370 ἁμαρτίας
2872 4298 2961 4351 τὸν
2990 4294 3176 4350 αὐτοῦ.
3223 4294 3309 4347 12.
3344 4292 3455 4347 Kal
3479 4292 3749 4363 λήμψεται

2181 4394 2239 4446 τὸ
2268 4396 2488 4465 πυρεῖον
2516 4391 2721 4460 πλῆρες
2759 4389 3044 4460 ἀνθράκων
3078 4386 3247 4457 πυρὸς
3278 4384 3387 4439 ἀπὸ
3429 4384 3524 4437 τοῦ
3559 4383 3749 4437 θυσια-

2182 4481 2401 4553 στηρίου
2431 4481 2524 4535 τοῦ
2552 4480 2810 4535 ἀπέναντι
2838 4477 3062 4549 Κυρίου.
3084 4476 3193 4531 Kal
3218 4473 3410 4546 πλήσει
3437 4472 3534 4537 τὰς
3565 4475 3751 4543 χεῖρας

2182 4573 2346 4628 αὐτοῦ
2381 4572 2721 4643 θυμιάματος
2770 4567 3070 4631 συνθέσεως
3124 4566 3346 4637 λεπτῆς,
3380 4565 3505 4619 καί·
3531 4562 3753 4617 εἰσοίσει

2186 4667 2446 4737 ἐσώτερον
2472 4665 2566 4718 τοῦ
2608 4662 3117 4733 καταπετάσματος.
3170 4658 3257 4713 15.
3286 4658 3395 4712 Kal
3419 4656 3669 4727 ἐπιθήσει
3694 4653 3755 4708 τὸ

2186 4756 2432 4827 θυμίαμα
2477 4754 2569 4807 ἐπὶ
2600 4752 2661 4806 τὸ
2688 4751 2800 4823 πῦρ
2834 4750 3012 4805 ἔναντι
3043 4749 3272 4820 Κυρίου,
3307 4746 3403 4801 καὶ
3444 4744 3674 4814 καλύψει
3718 4745 3753 4815 ή

2187 4849 2346 4919 ἀτμὶς
2375 4846 2468 4899 τοῦ
2501 4845 2838 4917 θυμίαματος
2862 4842 2923 4896 τὸ
2956 4841 3264 4911 ἱλαστήριον
3287 4839 3348 4892 τὸ
3376 4837 3468 4891 ἐπὶ
3485 4836 3595 4889 τῶν
3620 4852 3759 4908 μαρ-

2187 4937 2408 5010 τυρίων,
2434 4938 2528 4989 καὶ
2560 4936 2660 4988 οὐκ
2685 4933 3055 4987 ἀποθανεῖται.
3090 4931 3173 4985 ﬂ.
3210 4930 3321 4983 Kal
3353 4928 3626 5001 λήμψεται
3652 4924 3761 4980 ἀπὸ

2188 5027 2280 5080 τοῦ
2315 5027 2544 5097 αἵματος
2568 5025 2662 5077 τοῦ
2714 5024 2937 5094 μόσχου,
2967 5021 3063 5076 καὶ
3088 5023 3239 5092 ῥανεῖ
3286 5018 3363 5090 τῷ
3391 5017 3641 5088 δακτύλῳ
3662 5016 3761 5071 αὐ-

2189 5117 2281 5171 τοῦ
2310 5117 2402 5170 ἐπὶ
2423 5116 2484 5169 τὸ
2535 5115 2840 5187 ἱλαστήριον
2886 5114 3026 5168 κατά
3070 5111 3350 5174 ἀνατολὰς,
3412 5108 3553 5162 κατά
3591 5107 3761 5179 πρόσ-

2191 5226 2337 5263 ωπον
2353 5207 2447 5262 τοῦ
2470 5205 2660 5276 ἱλαστη
2670 5204 2802 5276 ρίου·
2822 5203 2914 5257 καὶ
2944 5205 3093 5275 ρανεϊ
3112 5202 3338 5264 ἑπτάκις
3352 5199 3459 5255 ἀπὸ
3484 5199 3578 5253 τοῦ
3594 5199 3763 5269 αἵμα-

2194 5314 2284 5359 τος
2320 5295 2398 5366 τῷ
2428 5293 2675 5364 δακτύλῳ
2702 5291 2886 5345 αὑτοῦ.
2917 5292 3003 5346 15.
3039 5291 3150 5345 Kal
3195 5289 3385 5359 σφάξει
3413 5290 3506 5343 τὸν
3530 5289 3764 5360 χίμαρον

2194 5388 2285 5440 τὸν
2314 5386 2441 5457 περὶ
2464 5384 2564 5454 τῆς
2593 5382 2867 5455 ἁμαρτίας
2895 5383 2985 5437 τὸν
3014 5382 3164 5453 παρά
3193 5381 3287 5434 τοῦ
3330 5380 3458 5434 λαοῦ
3488 5395 3549 5436 -ι-
3584 5379 3763 5435 ἔναντι

2198 5480 2402 5550 Κυρίου
2433 5478 2454 5546 ζ
2484 5476 2578 5529 καὶ
2604 5475 2823 5528 εἰσοίσει
2876 5473 2969 5526 τοῦ
3026 5474 3255 5544 αἵματος
3288 5472 3447 5526 αὑτοῦ
3496 5470 3765 5541 ἐσώτερον

2198 5571 2291 5625 τοῦ
2325 5568 2829 5637 καταπετάσματος.
2866 5566 2975 5620 Kal
3016 5567 3229 5636 ποιήσει
3251 5565 3310 5617 τὸ
3342 5556 3479 5634 αἷμα
3513 5559 3676 5617 αὐτοῦ
3704 5558 3768 5615 ὃν

2187 5664 2388 5734 τρόπον
2418 5661 2672 5729 ἐποίησεν
2728 5659 2790 5711 τὺ
2822 5655 2957 5729 αἷμα
2988 5657 3083 5711 τοῦ
3122 5657 3324 5728 μόσχου
3376 5657 3470 5709 καὶ
3525 5655 3678 5725 ρο.νεῖ
3700 5650 3767 5706 τδ

2189 5748 2327 5825 αἷμα
2359 5750 2524 5805 αὑτοῦ
2550 5752 2642 5804 ἐπί
2669 5750 2730 5805 τὸ
2783 5750 3114 5822 ἱλαστήριον,
3161 5748 3299 5803 κατὰ
3332 5748 3622 5817 πρόσωπον
3666 5740 3766 5797 τοῦ
