4158 6444
392 456 490 511 62!

391 580 659 645 spectant,
675 579 1012 645 _mutuamur
1039 583 1106 645 ex
1133 566 1437 624 Basiliensi.

464 642 527 697 V.
554 644 647 697 27.
675 641 754 696 Ex
788 640 1093 695 Basiliensi.

459 712 526 769 V.
568 715 656 769 55.
689 714 888 778 ’Ἄλλη
923 710 1175 780 ὀδυνηρᾷ.
1209 708 1287 762 Ex
1312 707 1628 775 Basiliensi,
1681 710 1772 780 qui
1798 710 1966 763 inter-

390 794 594 856 pretem
626 792 789 856 ροσε.

463 855 599 909 Ibid.
626 852 703 907 Ex
735 850 1041 907 Basiliensi.

465 924 586 980 Ilaec
630 930 889 978 notantur
922 920 977 990 ξι]
1006 918 1236 990 Coislin.
1272 920 1341 974 ad
1383 934 1553 990 marg.
1586 919 1727 976 v.1.
1761 924 1837 986 0',
1869 920 1965 975 καὶ

391 995 650 1067 ἐλάλησε,
676 1009 751 1047 m.
777 995 870 1044 ml
896 986 1068 1043 εἶπεν.
1097 988 1162 1044 ν.
1201 998 1381 1045 autem
1415 991 1450 1044 '5
1477 986 1811 1062 réliquorum
1844 991 1967 1061 qui-

1656 448 1952 507 LEVlTlCl
1989 449 2144 506 CAP.
2190 450 2346 521 χιι,

3540 455 3647 511 022

2076 570 2200 640 dem
2235 569 2590 640 interpretum
2636 570 2895 626 lectiones
2926 580 2986 623 ut
3019 571 3072 623 in
3101 570 3420 635 Basiliensi;
3456 570 3548 626 sed
3589 571 3645 626 in

2069 638 2299 710 Coislin.
2349 638 2627 709 adjicitur,
2655 644 2877 710 Σαμαρ.
2902 681 2915 703 ,
2955 640 3275 701 ἐσπίλωσεν,
3323 642 3647 704 maculavit;

2072 709 2763 791 ad..'l'lteodotionemnv'e_ro
2816 709 3012 791 melius
3047 711 3268 791 legitur,
3312 711 3648 791 lacepdxtxev

2072 726 2601 778 au,1neoaouonem
2635 726 2763 765 vero
2816 726 3012 765 melius
3047 726 3268 780 tegitur,
3312 726 3643 833 eochpagtxev

2070 780 2403 849 obsignavit,
2446 782 2534 834 ubi
2587 780 2935 846 Basiliensis,
2979 784 3079 849 ἐσφ
3124 782 3361 849 ἀγισται.
3450 822 3462 834 .
3536 822 3548 833 .
3581 785 3643 832 t)’

2072 850 2443 904 ποοσσιελίστι.
2474 866 2553 904 1n.
2582 850 2643 903 τὸ
2676 851 2834 904 σῶμα
2869 851 3067 904 πτύστι.
3175 854 3227 904 9.
3250 852 3643 904 Ο’.ἐπίσαγυ.ιι.

2072 850 2443 923 προσσιελίσῃ,
2474 866 2553 904 1n.
2582 850 2643 903 τὸ
2676 851 2834 922 σῶμα
2869 851 3067 923 πτύσῃ.
3088 850 3149 904 ν.
3175 854 3227 905 9.
3250 852 3647 920 Ο’,ἐπίσαγμει,

2072 935 2144 974 m.
2172 920 2434 992 κάθισμα.
2469 919 2533 974 ν.
2576 922 2660 992 l7.
2696 921 2787 992 Of,
2824 917 2921 992 ἦν,
2957 937 3030 975 nt.
3062 922 3305 990 γένηται.
3344 920 3406 975 ν.
3445 921 3535 974 20.
3570 922 3647 984 0',

2072 935 2144 974 m.
2172 935 2434 991 καθισμα.
2477 935 2533 974 V.
2576 935 2660 974 ‘ll.
2696 935 2746 973 υ·
2771 960 2787 983 ,
2824 935 2921 992 ην,
2957 937 3030 975 m.
3062 935 3305 990 γενηται.
3351 935 3406 975 ν.
3445 935 3535 974 zu.
3570 935 3647 984 U’,

2072 989 2411 1062 κοιτάζηται,
2457 1007 2533 1044 m.
2563 991 2903 1062 καθευδήσει.

922 1146 1166 1203 CAPUT
1196 1146 1336 1201 XVI
1375 1146 1747 1215 LEVITICI,
1796 1144 1898 1201 EX
1947 1145 2209 1201 EODEM
2245 1145 2522 1204 CODICE
2563 1146 2913 1202 COLBERT.
2946 1148 3107 1204 5084.

392 1284 727 1353 ίλαστηρίου.
789 1282 875 1336 ιο.
932 1282 1047 1336 Καὶ
1077 1281 1382 1347 ἐξιλάσεται
1428 1283 1489 1335 τὸ
1509 1282 1659 1351 διγιον
1712 1283 1821 1337 ἀπὸ
1864 1268 1985 1336 τῶν

390 1374 741 1446 ἀκαθαρσιῶν
766 1373 874 1426 τῶν
913 1373 1045 1426 υἰῶν
1086 1375 1323 1447 Ἰσραὴλ,
1352 1375 1448 1428 καὶ
1486 1376 1598 1429 ἀπὸ
1642 1374 1751 1428 τῶν
1779 1375 1970 1445 ἀδικη-

393 1469 578 1541 μάτων
612 1466 789 1522 αὑτῶν
850 1466 977 1538 περί
1021 1466 1211 1520 πασῶν
1259 1466 1371 1520 τῶν
1430 1465 1713 1538 ἁμαρτιῶν
1770 1466 1967 1519 αὐτῶν.

389 1560 502 1615 Kal
556 1556 698 1611 οὕτω
750 1560 966 1628 ποιήσει
1038 1558 1104 1626 τῇ
1156 1559 1332 1627 σκηνῇ
1394 1555 1487 1609 τοῦ
1545 1556 1846 1627 μαρτυρίου
1901 1558 1967 1626 τῇ

388 1649 684 1720 ἐκτισμένη
709 1650 764 1700 ἐν
794 1648 976 1711 αὐτοῖς
1000 1648 1058 1699 ἐν
1087 1646 1235 1717 μέσῳ
1254 1647 1365 1717 πῆς
1398 1646 1736 1718 ἀκαθαρσίας
1768 1646 1966 1700 αὐτῶν.

392 1743 479 1797 17.
516 1741 627 1794 Καὶ
658 1742 764 1803 πᾶς
801 1738 1085 1810 ἄνθρωπος
1118 1739 1217 1792 οὐκ
1249 1737 1401 1793 ἔσται
1454 1741 1511 1791 ἐν
1546 1741 1612 1809 τῇ
1662 1742 1834 1811 σκηνῇ
1873 1739 1967 1792 τοῦ

392 1830 715 1904 μαρτυρίου,
775 1829 1229 1902 εἰσπορευομένου
1279 1828 1442 1883 αὐτοῦ
1501 1828 1851 1893 ἐξιλάσασθαι
1912 1831 1969 1882 ὲν

390 1921 471 1993 τῷ
503 1921 664 1993 ἀγίῳ,
689 1920 795 1984 ἐως
814 1920 880 1974 ἂν
910 1919 1120 1995 ἐξέλθῃ·
1175 1921 1270 1974 καὶ
1297 1919 1601 1985 ἐξιλάσεται
1629 1920 1756 1991 περὶ
1797 1919 1965 1973 αὐτοῦ

392 2013 486 2065 καὶ
503 2011 595 2065 τοῦ
630 2012 779 2065 οίκου
812 2010 977 2065 αὑτοῦ
1018 2012 1266 2083 καὶπερὶ
1310 2011 1491 2082 πάσης
1529 2012 1848 2081 συναγωγῆς
1870 2012 1971 2082 τῆς

404 2103 640 2175 Ἰσραήλ.
697 2102 785 2158 18.
838 2104 949 2157 Kal
1001 2101 1341 2167 ἐξελεύσεται
1368 2104 1461 2156 ἐπὶ
1488 2102 1549 2156 τὸ
1591 2103 1971 2175 θυσιαστήριον

390 2195 454 2249 τὸ
497 2194 556 2249 ὃν
600 2194 859 2249 ἀπέναντι
905 2195 1136 2270 Κυρίου,
1169 2195 1264 2250 καὶ
1298 2194 1602 2261 tandem;
1656 2196 1741 2248 ἐπ’
1776 2195 1972 2261 αὐτοῦ,

394 2288 489 2340 καὶ
510 2286 783 2357 λήμψεται
813 2268 923 2341 aut
948 2268 1043 2340 τοῦ
1092 2287 1322 2359 αἵματος
1350 2287 1443 2340 τοῦ
1487 2287 1708 2358 μόσχου,
1733 2289 1825 2341 καὶ
1868 2288 1975 2341 ἀπὸ

391 2378 485 2432 τοῦ
515 2379 745 2449 αἵματος
770 2378 862 2432 τοῦ
893 2379 1147 2451 χιμάρων
1165 2379 1258 2432 καὶ
1284 2378 1531 2451 ἐπιθήσει
1558 2380 1650 2433 ἐπὶ
1673 2380 1743 2434 τὰ
1771 2380 1976 2452 κέρατα

392 2470 485 2524 τοῦ
509 2470 893 2544 θυσιαστηρίου
927 2469 1131 2541 κύκλῳ.
1166 2470 1252 2526 19.
1282 2471 1392 2524 Kal
1414 2472 1570 2541 ρανεῖ
1590 2473 1677 2525 ἐπ’
1692 2470 1824 2524 αὐτὸ
1866 2470 1974 2524 ἀπὸ

392 2560 486 2614 τοῦ
520 2562 752 2633 αἵματος
766 2561 843 2633 τῷ
861 2561 1108 2633 δακτύλῳ
1141 2561 1305 2615 αὐτοῦ
1335 2562 1588 2626 ἑπτάκιςο
1609 2563 1703 2616 καί⁵
1722 2561 1976 2635 καθαριεῖ

391 2652 524 2706 αὐτὸ
544 2654 638 2706 καὶ
661 2654 878 2722 ἀγιάσει
911 2654 1041 2707 αὐτὸ
1070 2654 1178 2707 ἀπὸ
1198 2653 1307 2707 τῶν
1338 2653 1689 2726 ἁκαθαρσιῶν
1709 2652 1816 2707 τῶν
1843 2653 1973 2707 υἱῶν

403 2742 639 2814 Ἰσραήλ.
662 2742 750 2798 20.
766 2744 875 2797 Kal
901 2741 1209 2795 συντελέσει
1267 2742 1683 2812 ἐξιλασκόμενος
1705 2740 1765 2793 τὸ
1796 2742 1969 2808 ἆγιον,

391 2832 485 2887 καὶ
503 2832 602 2903 τὴν
638 2832 840 2904 σκηνὴν
895 2832 987 2886 τοῦ
1020 2832 1321 2904 μαρτυρίου
1372 2833 1554 2887 καὶτὸ
1587 2831 1972 2903 θυσιαστήριον

394 2938 458 2981 οι-
494 2926 589 2979 καὶ
619 2925 877 2996 περὶτῶν
906 2925 1098 2995 ἱερέων
1123 2925 1377 2997 καθαριεῖ
1412 2927 1434 2995 ζ
1473 2925 1567 2980 καὶ
1597 2923 1856 2997 προσάξει
1881 2923 1973 2978 τὸν

390 3018 627 3090 χίμαρον
649 3018 740 3071 τὸν
792 3016 989 3080 ζῶντα.
1034 3015 1123 3070 21.
1162 3018 1273 3070 Καὶ
1306 3017 1557 3089 ἐπιθήσει
1608 3014 1819 3088 Ἀαρὼν
1875 3014 1974 3079 τὰς

390 3110 484 3164 δύο
506 3113 696 3181 χεῖρας
727 3109 893 3162 αὐτοῦ
916 3110 1006 3163 earl
1032 3109 1131 3180 τὴν
1181 3108 1423 3179 κεφαλὴν
1449 3107 1542 3161 τοῦ
1595 3108 1831 3179 χιμάρου
1878 3105 1971 3161 τοῦ

391 3200 612 3264 ζῶντος,
638 3202 731 3253 καὶ
753 3198 1098 3272 ἐξαγορεύσει
1123 3200 1210 3251 ἐπ’
1230 3198 1393 3252 αὑτοῦ
1420 3199 1598 3262 πάσας
1624 3197 1724 3262 τὰς
1746 3196 1974 3270 ἀνομίας

390 3292 499 3346 τῶν
529 3292 660 3345 υἱῶν
693 3290 928 3363 Ἰσραὴλ,
959 3290 1053 3344 καὶ
1082 3291 1261 3353 πάσας
1291 3289 1389 3354 τὰς
1411 3290 1622 3352 ἀδικίας
1655 3289 1853 3351 αὐτῶν,
1880 3291 1973 3344 καὶ

391 3384 643 3456 ἐπιθήσει
685 3383 855 3447 αὐτὰς
878 3383 969 3435 ἐπὶ
990 3384 1091 3454 τὴν
1113 3380 1353 3453 κεφαλὴν
1400 3380 1491 3434 τοῦ
1517 3382 1752 3453 χιμάρου
1782 3395 1837 3436 -ι-
1876 3379 1970 3434 τοῦ

391 3474 593 3540 ζῶντος
630 3476 653 3543 ζ
697 3474 792 3527 καὶ
813 3473 1159 3541 ἐξαποστελεῐ
1181 3475 1239 3526 ἐν
1266 3474 1411 3546 χειρὶ
1446 3471 1731 3542 ἀνθρώπου
1754 3472 1972 3543 ἐτοίμου

392 3567 474 3629 εἰς
506 3565 602 3637 τὴν
634 3565 856 3637 ἔρημον.
890 3563 980 3618 22.
1000 3564 1108 3616 Kal
1126 3563 1396 3635 λήμψεται
1420 3566 1448 3617 ὁ
1467 3562 1699 3635 χίμαρος
1724 3564 1807 3632 ἐφ’
1824 3562 1972 3635 αὑτῷ

394 3658 573 3721 πάσας
604 3657 704 3721 τὰς
732 3656 942 3719 ἀδικίας
972 3656 1152 3709 αὐτῶν
1208 3658 1288 3720 εἰς
1332 3656 1431 3726 τὴν
1477 3654 1694 3709 ἄσατονθ
1742 3656 1836 3708 καὶ
1883 3654 1971 3722 ἐξ-

394 3748 686 3803 αποστελεί
721 3748 809 3802 τὸν
842 3749 1075 3819 χίμαρον
1103 3748 1184 3809 εἰς
1206 3747 1304 3818 τὴν
1346 3746 1569 3817 ἔρημον.
1603 3746 1692 3801 23.
1726 3747 1837 3800 Kal
1863 3748 1974 3800 εἰσ-

393 3841 672 3895 ελεύσεται
703 3840 911 3913 Ἀαρὼν
938 3843 1018 3905 εἰς
1036 3841 1135 3910 τὴν
1170 3840 1373 3912 σκηνὴν
1394 3838 1487 3892 τοῦ
1522 3839 1843 3912 μαρτυρίου,
1878 3841 1972 3891 καὶ

396 3934 681 3990 ὲκδύσεται
713 3935 811 4006 τὴν
857 3932 1047 4005 στολὴν
1075 3934 1173 4004 τὴν
1219 3931 1369 4000 λινῆν
1394 3932 1460 4003 ἢν
1485 3930 1752 3984 ἐνδεδύκει
1785 3932 1971 3984 εἰσπο-

402 4024 691 4097 ρευομένου
718 4022 881 4077 αὑτοῦ
912 4024 990 4086 εἰς
1014 4023 1075 4075 τὸ
1121 4020 1296 4089 ἆγιονο
1340 4021 1436 4073 καὶ
1492 4019 1754 4091 ἀποθήσει
1805 4019 1972 4093 αὐτὴν

399 4119 533 4170 ἐκεῖ.
563 4116 654 4170 24.
674 4117 783 4169 Kal
814 4115 1062 4167 λούσεται
1095 4114 1156 4166 τὸ
1188 4112 1347 4183 σῶμα
1375 4112 1540 4165 αὐτοῦ
1563 4110 1714 4165 ὖδατι
1745 4116 1801 4165 ὲν
1826 4112 1974 4181 τόπῳ

404 4210 559 4280 ἁγίῳ·
601 4210 695 4263 καὶ
722 4208 999 4261 ἐνδύσεται
1027 4207 1125 4278 τὴν
1155 4206 1347 4277 στολὴν
1386 4204 1570 4267 αὐτοῦ,
1618 4204 1710 4257 καὶ
1742 4202 1973 4271 ἐξελθὼν

397 4304 608 4372 ποιήσει
654 4302 716 4355 τὸ
761 4301 1115 4370 ὀλοκαύτωμα
1172 4298 1358 4363 αὐτοῦ,
1389 4299 1484 4351 καὶ
1524 4298 1584 4350 τὸ
1614 4295 1972 4367 ὁλοκαύτωμα

395 4394 487 4446 τοῦ
522 4392 673 4456 λαοῦ,
702 4394 797 4445 καὶ
848 4392 1152 4458 ὲξιλάσεται
1186 4391 1317 4460 περὶ
1357 4388 1522 4444 αὐτοῦ
1571 4390 1663 4443 καὶ
1692 4388 1785 4441 τοῦ
1820 4389 1968 4442 οἴκου

396 4484 581 4545 αὑτοῦ,
611 4485 707 4538 καὶ
739 4484 867 4556 περὶ
899 4482 991 4537 τοῦ
1047 4483 1198 4536 λαοῦ.
1224 4482 1315 4537 25.
1350 4482 1461 4535 Kal
1482 4482 1543 4534 τὸ
1566 4480 1731 4552 στέαρ
1755 4481 1815 4534 τὸ
1844 4481 1970 4555 περί

395 4581 501 4633 τῶν
526 4579 807 4652 ἁμαρτιῶν
836 4579 1035 4632 ἀνοίσει
1086 4579 1179 4631 ἐπὶ
1209 4577 1269 4630 τὸ
1296 4576 1699 4646 θυσιαστήριον.
1729 4576 1816 4629 26.
1861 4575 1971 4630 Kal

394 4675 423 4725 ὁ
451 4671 855 4738 ἐξαποστέλλων
904 4671 992 4724 τὸν
1033 4670 1264 4741 χίμαρον
1314 4669 1404 4721 τὸν
1465 4666 1843 4732 διεσταλμένον
1892 4668 1971 4730 εἰς

393 4764 611 4833 ἄφεσιν,
640 4764 829 4817 πλυνεῖ
878 4764 947 4816 τὰ
1005 4763 1197 4833 ἱμάτια
1228 4759 1416 4824 αὐτοῦ,
1479 4760 1573 4812 καὶ
1621 4758 1868 4811 λούσεται
1912 4757 1973 4810 τὸ

395 4854 557 4925 σῶμα
594 4854 758 4908 αὑτοῦ
790 4853 962 4907 ὕδατι*
992 4851 1131 4924 μετὰ
1161 4851 1336 4905 ταίτα
1377 4850 1740 4903 εἰσελεύσεται
1771 4852 1849 4911 εἰς
1873 4848 1972 4919 τὴν

396 4946 768 5018 παρεμϐολήν.
798 4945 888 4999 27.
928 4945 1037 4998 Καὶ
1073 4945 1163 4997 τὸν
1188 4944 1384 5015 μόσχον
1408 4940 1496 4993 τὸν
1532 4942 1659 5013 περὶ
1678 4942 1775 5012 τῆς
1797 4941 1975 5010 ἀμαρ-

393 5037 535 5101 τίας.
560 5037 655 5091 καὶ
681 5038 771 5090 τὸν
818 5037 1051 5108 χίμαρον
1094 5036 1186 5089 τὸν
1244 5035 1373 5106 περὶ
1422 5034 1520 5105 τῆς
1572 5033 1869 5104 ἁμαρτίας,
1899 5024 1973 5113 ὧν

392 5127 681 5201 εἰσηνέχθη
709 5127 770 5180 τὸ
818 5122 955 5197 αἷμα
985 5124 1165 5179 αὐτῶν
1213 5123 1561 5191 ἐξιλάσασθαι
1583 5124 1641 5175 ἐν
1682 5121 1767 5192 τῷ
1810 5121 1971 5189 ἀγίω,

392 5220 589 5299 ,ἐξοίσει
622 5219 761 5273 αὐτὰ
792 5218 897 5283 ἔξω
932 5218 1031 5287 τῆς
1057 5216 1429 5290 παρεμϐολῆς,
1473 5214 1569 5268 καὶ
1597 5213 1975 5268 κατακαύσου-

400 5327 482 5363 σιν
503 5312 561 5363 ἐν
600 5310 733 5381 πυρὶ
760 5309 827 5363 τὰ
856 5309 1102 5380 δέρματα
1152 5307 1351 5370 αὐτῶν,
1387 5307 1478 5360 καὶ
1508 5305 1578 5360 τά
1603 5305 1740 5376 κρέα
1774 5306 1972 5369 αὐτῶν,

398 5404 493 5459 καὶ
519 5403 618 5476 τὴν
638 5403 840 5473 κόπρον
863 5399 1062 5456 αὐτῶν.
1123 5399 1212 5454 28.
1272 5401 1330 5453 '0
1377 5398 1434 5452 δὲ
1496 5398 1805 5452 κατακαίων
1837 5397 1976 5451 αὐτά

399 5494 679 5550 πλυνεῖτά
705 5496 897 5567 ἱμάτια
919 5492 1112 5558 αὐτοῦ,
1146 5493 1243 5546 καὶ
1287 5490 1539 5545 λούσεται
1584 5491 1645 5543 τὸ
1688 5490 1847 5559 σῶμα
1880 5490 1978 5542 αὺ-

399 5587 492 5640 τοῦ
533 5585 705 5641 ὕδατι·
754 5587 850 5640 καὶ
909 5584 1045 5655 μετὰ
1087 5584 1259 5637 ταῦτα
1323 5582 1690 5637 εἰσελεύσεται
1751 5582 1831 5645 εἰς
1879 5580 1977 5653 τὴν

398 5679 772 5752 παρεμϐολήν.
805 5677 894 5734 29.
932 5691 995 5733 σιμ-
1051 5677 1160 5730 Kal
1193 5675 1345 5729 ἔσται
1377 5676 1535 5730 τοῦτο
1587 5669 1977 5746 ὑμῖν’νόμιμον

399 5775 615 5829 αἰώνιον
650 5774 672 5843 ζ
710 5776 766 5827 ἐν
794 5771 872 5844 τῷ
896 5772 1026 5843 μηνὶ
1054 5770 1133 5841 τῷ
1164 5769 1396 5841 ἑϐδόμῳ,
1427 5769 1627 5841 δεκάτῃ
1665 5768 1761 5822 τοῦ
1788 5767 1975 5849 μηνδς,

399 5866 762 5921 ταπεινώσετε
796 5865 893 5928 τὰς
915 5863 1091 5936 ιξυχάς
1107 5864 1281 5934 ὑμῶν,
1309 5863 1401 5917 καὶ
1433 5865 1541 5918 πᾶν
1564 5864 1720 5935 ἔργον
1744 5865 1802 5916 οὐ
1834 5864 1980 5935 md}-

2078 1278 2240 1334 domo
2293 1295 2427 1344 sua,
2463 1288 2517 1334 et
2572 1295 2668 1349 pro
2708 1283 2858 1336 omni
2909 1295 3181 1353 synagoga
3222 1280 3407 1336 Israel.
3466 1278 3552 1335 l8.
3582 1278 3648 1333 Et

2075 1372 2381 1441 egredietur
2425 1373 2492 1427 ad
2523 1373 2712 1437 altare,
2744 1375 2889 1445 quod
2930 1383 3015 1429 est
3040 1390 3224 1430 coram
3275 1374 3509 1428 Domino
3545 1392 3557 1426 :
3592 1384 3648 1428 et

2075 1463 2315 1531 expiabit
2344 1478 2505 1533 super
2532 1464 2686 1527 illud,
2715 1474 2769 1519 et
2796 1472 2974 1520 sumet
3003 1466 3069 1519 de
3090 1464 3358 1535 sanguine
3384 1452 3566 1530 vituli;
3592 1475 3648 1519 et

2074 1551 2142 1605 de
2170 1552 2437 1623 sanguine
2484 1553 2641 1619 hirci,
2671 1562 2725 1608 et
2749 1554 2991 1623 imponet
3018 1569 3184 1624 super
3213 1569 3422 1609 cornua
3456 1554 3644 1610 altaris

2075 1641 2132 1694 in
2164 1641 2415 1696 circuitu.
2456 1641 2540 1696 19.
2567 1642 2632 1696 Ει
2658 1656 2905 1713 asperget
2935 1659 3099 1715 super
3129 1644 3260 1699 illud
3284 1646 3351 1700 de
3383 1648 3649 1715 sanguine

2075 1728 2247 1801 digito
2282 1746 2382 1785 suo
2410 1732 2626 1802 septies,
2672 1742 2728 1787 et
2758 1733 3041 1789 mundabit
3070 1735 3225 1801 illud,
3260 1746 3315 1792 et
3338 1738 3647 1794 sanctiﬁca-

2075 1820 2155 1874 bit
2186 1821 2316 1877 illud
2345 1822 2413 1876 ab
2443 1824 2805 1879 immunditiis
2819 1824 3253 1883 ﬁliorumlsrael.
3284 1827 3374 1883 20.
3398 1827 3467 1899 Et
3482 1833 3646 1900 perti-

2072 1913 2181 1967 ciet
2212 1914 2437 1982 expinns
2485 1925 2756 1980 sanctum,
2789 1926 2843 1971 et
2888 1918 3299 1974 tabernaculum
3348 1922 3646 1978 testimonii

2076 2014 2133 2060 et
2165 2004 2338 2060 altare
2370 2021 2432 2060 -ι-
2466 2016 2519 2061 et
2549 2022 2646 2075 pro
2668 2009 3044 2064 sacerdotibus
3072 2011 3397 2081 mundabit:
3426 2022 3481 2068 et
3511 2013 3646 2069 oﬂ‘e~

2077 2109 2160 2154 ret
2189 2099 2402 2154 hircum
2441 2101 2727 2155 viventem.
2789 2101 2878 2155 2i.
2913 2101 2980 2156 Et
3010 2103 3252 2172 imponet
3294 2106 3475 2160 Aaron
3508 2105 3648 2161 duas

2074 2206 2271 2247 manus
2308 2208 2438 2249 suas
2468 2208 2631 2263 super
2660 2203 2824 2265 caput
2857 2194 2995 2249 hirci
3028 2196 3257 2252 viventis
3289 2215 3305 2253 :
3334 2206 3389 2253 et
3420 2200 3648 2254 conﬁte-

2072 2280 2221 2337 bitur
2252 2298 2412 2353 super
2442 2298 2508 2338 eo
2537 2299 2726 2339 omnes
2771 2285 3086 2353 iniquitates
3117 2286 3353 2343 ﬁliorum
3384 2287 3571 2356 Israel,
3594 2301 3650 2345 et

2072 2386 2264 2429 omnes
2298 2372 2595 2442 injustitias
2623 2390 2837 2443 eorum,
2873 2385 2929 2432 et
2973 2377 3215 2448 imponet
3244 2394 3338 2435 eas
3364 2396 3526 2451 super
3550 2396 3647 2436 ca-

2071 2474 2169 2536 put
2198 2466 2335 2522 hirci
2363 2481 2426 2523 +
2463 2468 2691 2523 viventis
2747 2468 2769 2537 ζ
2802 2479 2856 2524 et
2894 2470 3107 2525 emittet
3133 2470 3188 2524 in
3217 2486 3382 2526 manu
3410 2472 3648 2527 hominis

2071 2557 2248 2625 parati
2302 2556 2360 2610 in
2409 2556 2706 2612 desertum.
2754 2556 2845 2611 22.
2875 2556 2943 2612 Et
2974 2558 3121 2614 tollet
3150 2559 3334 2615 hircus
3362 2575 3524 2631 super
3556 2576 3646 2616 se-

2072 2648 2252 2718 ipsum
2281 2662 2470 2703 omnes
2504 2647 2801 2716 injustitias
2826 2664 3016 2706 eorum
3049 2650 3103 2704 in
3130 2651 3329 2705 inviam
3362 2670 3374 2705 :
3408 2661 3465 2707 et
3483 2652 3645 2707 emir-

2073 2748 2148 2795 tet
2175 2740 2385 2795 hircum
2412 2741 2466 2794 in
2490 2742 2786 2797 desertum.
2827 2741 2916 2796 25.
2943 2741 3008 2795 Et
3031 2742 3360 2811 ingredietur
3380 2743 3560 2800 Aaron
3591 2747 3647 2800 in

2073 2830 2481 2886 tabernaculum
2517 2832 2834 2898 testimonii,
2869 2843 2922 2888 et
2969 2842 3131 2888 exuet
3179 2835 3374 2889 stolam
3425 2836 3643 2901 lineam,

2071 2936 2236 2991 quam
2272 2922 2537 2985 induerat
2578 2924 2912 2994 ingrediente
2956 2941 3022 2981 eo
3051 2926 3104 2981 in
3134 2936 3380 2983 sanctum
3423 2945 3436 2981 :
3468 2937 3522 2983 et
3554 2931 3648 2985 de-

2072 3024 2236 3081 ponet
2281 3028 2401 3069 eam
2450 3015 2580 3072 illic.
2634 3016 2725 3070 24.
2758 3015 2822 3071 Et
2850 3017 3052 3072 lavabit
3076 3034 3276 3089 corpus
3304 3034 3463 3076 suum
3502 3036 3646 3092 aqua

2072 3104 2129 3157 in
2159 3103 2278 3160 loco
2324 3116 2536 3172 sancto,
2584 3115 2638 3162 et
2668 3107 2855 3162 induet
2894 3109 3089 3164 stolam
3125 3125 3280 3165 suam
3328 3129 3342 3165 :
3374 3119 3428 3166 et
3458 3113 3647 3168 exiens

2073 3194 2236 3253 faciet
2270 3197 2646 3254 holocaustum
2690 3217 2873 3267 suum,
2901 3211 2957 3257 et
2984 3203 3360 3259 holocaustum
3405 3206 3590 3275 pepuli
3628 3222 3644 3260 :

2073 3297 2129 3343 et
2151 3288 2391 3359 expiabit
2421 3306 2519 3360 pro
2552 3307 2631 3356 se,
2667 3301 2719 3348 et
2751 3308 2851 3363 pro
2877 3296 3042 3349 domo
3066 3312 3187 3359 sua,
3219 3306 3273 3351 et
3297 3311 3397 3366 pro
3423 3298 3644 3367 pepulo.

2074 3379 2167 3435 25.
2198 3379 2265 3434 Et
2307 3381 2542 3451 adipem,
2572 3384 2667 3453 qui
2705 3399 2802 3455 pro
2832 3390 3090 3456 peccatis.
3136 3387 3325 3444 θεῖοι-οι
3370 3405 3535 3459 super
3568 3392 3650 3445 al-

2074 3481 2209 3527 tare.
2266 3473 2354 3527 26.
2390 3473 2456 3529 Et
2497 3477 2591 3546 qui
2637 3479 2840 3533 emittit
2866 3479 3079 3535 hircum
3114 3492 3455 3553 segregatum
3483 3483 3535 3538 in
3567 3500 3648 3539 re-

2074 3563 2415 3631 missionem,
2466 3567 2666 3623 lavabit
2709 3570 3030 3626 vestimenta
3059 3587 3179 3638 sua,
3211 3582 3266 3628 et
3295 3574 3495 3629 lavabit
3520 3589 3648 3630 cor-

2074 3671 2179 3725 pus
2209 3673 2368 3712 suum
2414 3674 2556 3729 aqua
2591 3680 2605 3715 :
2640 3670 2762 3730 post
2809 3661 2924 3717 haec
2970 3663 3301 3733 ingredietur
3346 3667 3400 3720 in
3443 3673 3643 3721 castra.

2073 3749 2164 3803 27.
2191 3749 2259 3803 Et
2282 3751 2508 3807 vitulum
2543 3768 2644 3824 pro
2668 3764 2913 3825 peccato,
2948 3764 3004 3811 et
3031 3756 3241 3812 hircum
3271 3773 3370 3829 pro
3402 3768 3646 3830 peccato,

2076 3854 2311 3909 quorum
2336 3843 2560 3914 sanguis
2584 3844 2763 3899 illatus
2793 3852 2876 3901 est
2900 3846 2967 3901 ad
2994 3848 3322 3919 expiandum
3350 3850 3406 3905 in
3434 3860 3646 3918 sancto,

2073 3932 2262 3988 ell‘eret
2306 3948 2370 3989 ea
2416 3942 2571 3989 extra
2618 3944 2795 3993 castra
2825 3957 2839 3993 :
2875 3946 2931 3993 et
2973 3940 3298 3996 comburent
3332 3942 3457 4013 igne
3482 3942 3650 4013 pelles

2074 4040 2285 4092 eorum,
2311 4037 2365 4083 et
2391 4043 2585 4085 carnes
2610 4044 2825 4097 eorum,
2854 4040 2913 4086 et
2938 4032 3126 4087 limum
3154 4048 3363 4089 eorum.
3421 4033 3512 4091 28.
3542 4032 3647 4101 Qui

2074 4129 2254 4175 autem
2304 4122 2670 4178 combusserit
2717 4139 2804 4188 ea,
2840 4124 3043 4179 lavabit
3085 4126 3404 4183 vestimenta
3436 4141 3565 4191 sua,
3596 4133 3650 4179 et

2076 4212 2275 4268 lavabit
2294 4229 2494 4284 corpus
2524 4230 2685 4269 suum
2718 4232 2858 4287 aqua
2893 4235 2908 4272 :
2939 4225 2994 4272 et
3022 4227 3210 4289 postea
3237 4218 3570 4289 ingredietur
3593 4218 3649 4272 in

2075 4310 2274 4358 castra.
2313 4302 2399 4359 29.
2430 4318 2494 4359 -ι-
2524 4303 2591 4358 Et
2633 4305 2738 4360 erit
2788 4307 2891 4361 hoc
2937 4307 3092 4362 vobis
3120 4307 3420 4377 legitimum
3453 4309 3653 4377 sempi-

2076 4402 2289 4448 ternum
2317 4395 2339 4464 ζ
2372 4395 2425 4449 in
2452 4410 2638 4450 mense
2662 4397 2914 4467 septimo,
2965 4398 3174 4453 decima
3204 4397 3409 4453 mensis
3428 4436 3443 4461 ,
3472 4398 3652 4452 humi-

2075 4485 2278 4542 liabitis
2309 4488 2522 4543 animas
2563 4497 2806 4555 vestras,
2839 4498 2895 4544 et
2933 4504 3094 4545 omne
3121 4504 3259 4560 opus
3282 4505 3388 4545 non
3416 4489 3650 4555 facietis,

2077 4576 2349 4648 indigena,
2396 4588 2448 4633 et
2474 4580 2802 4650 proselytus,
2846 4581 2939 4650 qui
2971 4581 3252 4650 appositus
3280 4589 3363 4638 est
3391 4582 3444 4636 in
3474 4581 3649 4637 vobis.

2074 4668 2162 4723 50.
2196 4670 2253 4724 In
2282 4670 2385 4725 hac
2411 4670 2556 4724 enim
2585 4670 2672 4724 die
2693 4670 2935 4741 expiabit
2964 4686 3063 4740 pro
3092 4672 3268 4737 vobis,
3290 4672 3355 4726 ad
3385 4672 3626 4727 mundan

2074 4759 2202 4813 dum
2226 4774 2323 4815 vos
2351 4759 2420 4813 ab
2442 4760 2696 4814 omnibus
2725 4760 2962 4830 peccatis
2987 4760 3204 4826 vestris,
3221 4770 3346 4817 ante
3361 4761 3651 4816 Dominum

2075 4851 2490 4906 mundabimini.
2552 4852 2641 4907 51.
2672 4852 2907 4907 Sabbata
2954 4854 3304 4908 sabbatorum
3357 4862 3519 4909 erunt
3549 4868 3649 4910 vo-

2076 4943 2181 5008 bis,
2214 4950 2270 4998 et
2292 4942 2651 4999 humiliabitis
2676 4944 2890 4999 animas
2912 4952 3139 5009 vestras,
3169 4943 3467 5014 legitimum
3516 4956 3653 4998 sem-

2074 5035 2369 5105 piternum.
2427 5035 2517 5090 '52.
2551 5035 2801 5105 Expiabit
2845 5038 3137 5102 sacerdos,
3189 5052 3349 5106 quem
3396 5037 3653 5093 unxerint

2075 5142 2222 5193 eum,
2250 5136 2305 5181 et
2329 5142 2490 5196 quem
2524 5127 3069 5183 initiaverintmanus
3082 5127 3201 5198 ejus
3223 5129 3288 5182 ad
3318 5118 3648 5197 iungendum

2074 5203 2383 5273 sacerdotio
2433 5228 2556 5288 post
2598 5227 2806 5287 patrem
2832 5220 2969 5289 ejus.
3026 5217 3093 5273 Et
3140 5220 3326 5274 induet
3366 5219 3562 5275 stolam
3592 5220 3654 5273 li-

2078 5323 2258 5376 neam,
2310 5311 2508 5365 stolam
2558 5319 2826 5365 sanctam.
2882 5311 2972 5366 55.
3010 5309 3077 5365 Et
3122 5311 3361 5380 expiabit
3392 5310 3654 5367 Sanctum
3694 5313 3706 5326 ‘

2080 5404 2281 5469 sancti,
2309 5412 2363 5457 et
2390 5402 2797 5458 tabernaculum
2841 5403 3159 5467 testimonii,
3191 5413 3246 5456 et
3267 5404 3439 5458 altare
3468 5403 3657 5472 expia-

2077 5496 2176 5559 bit,
2220 5505 2275 5550 et
2302 5511 2401 5565 pro
2444 5496 2841 5559 sacerdotibus,
2874 5505 2929 5549 et
2954 5510 3052 5565 pro
3076 5495 3224 5549 omni
3259 5511 3530 5567 synagOga
3563 5511 3659 5552 ex-

2078 5586 2268 5657 piabit.
2330 5586 2420 5641 54.
2453 5585 2520 5640 Et
2556 5585 2660 5641 erit
2707 5585 2812 5641 hoc
2841 5586 2996 5642 vobis
3039 5587 3338 5658 legitimum
3373 5588 3660 5657 sempiter-

2079 5692 2210 5733 num
2240 5679 2306 5733 ad
2332 5678 2664 5749 expiandum
2694 5692 2794 5747 pro
2813 5677 2938 5733 ﬁliis
2964 5676 3130 5735 Israel
3158 5679 3227 5734 ab
3250 5679 3505 5735 omnibus
3533 5694 3660 5749 pcr-

2081 5771 2207 5825 tatis
2239 5783 2469 5837 eorum;
2506 5771 2673 5827 semel
2708 5770 2762 5825 in
2791 5784 2936 5827 anno
2959 5769 3071 5839 ﬁet,
3109 5770 3249 5828 sicut
3276 5771 3532 5842 precepit
3550 5768 3661 5825 Do-

2081 5862 2264 5917 minus
2286 5860 2441 5916 Mosi.
