4158 6424
459 384 568 440 625

1826 384 2120 442 LEVlTlCl
2159 384 2313 443 CAP.
2352 385 2497 446 ‘XW.

3640 397 3746 457 627i

458 502 569 554 Kal.
606 499 883 557 ἐνδύσεται
930 503 1030 573 τὴν
1067 502 1259 575 στολὴν
1314 502 1419 575 τὴν
1462 503 1635 577 λινῆν,
1669 505 1861 578 στολὴν
1915 506 2097 575 ἁγίαν.
2163 506 2251 559 55.
2309 506 2420 559 Καὶ
2469 503 2777 570 ὲξιλάσεται
2832 506 2893 561 τὸ
2944 507 3098 578 ἆγιον
3159 510 3254 564 τοῦ
3284 510 3469 581 ἁγίου,
3510 515 3606 569 καὶ
3640 516 3742 588 τὴν

462 593 662 667 σκηνὴν
701 596 796 650 τοῦ
827 597 1152 670 μαρτυρίου,
1187 597 1282 651 καὶ
1330 598 1389 651 τὸ
1422 597 1810 671 θυσιαστήριον
1841 599 2168 666 ὲξιλάσεται,
2214 600 2307 655 καὶ
2331 600 2459 672 περὶ
2482 601 2591 655 τῶν
2623 602 2815 675 ἱερέων
2858 603 2952 657 καὶ
2986 603 3114 675 περὶ
3160 604 3342 676 πάσης
3369 608 3467 679 τῆς
3495 625 3745 678 συναγω-

458 689 564 759 γῆς
614 689 937 754 ὲξιλάσεται.
1005 692 1092 747 51.
1150 693 1260 745 Καὶ
1320 692 1474 747 ἔσται
1532 694 1690 748 τοῦτο
1761 697 1891 769 ὑμῖν
1930 697 2161 768 νόμιμον
2190 695 2409 750 αἰώνιον
2455 694 2837 761 ἐξιλάσκεσθαι
2872 698 3001 770 περὶ
3055 698 3166 752 τῶν
3217 699 3349 755 υἱῶν
3387 702 3604 775 Ἰσραὴλ
3635 704 3747 759 ἀπὸ

465 780 653 836 πασῶν
700 781 809 836 τῶν
834 781 1117 856 ἁμαρτιῶν
1149 781 1353 849 αὐτῶν,
1404 781 1552 849 ἅπαξ
1590 782 1688 837 τοῦ
1734 786 1981 840 ἐνιαυτοῦ
2047 785 2440 857 ποιηθήσεται,
2515 786 2766 859 καθάπερ
2842 789 3098 854 συνέταξε
3148 790 3355 862 Κύριος
3402 795 3480 866 τῷ
3545 796 3747 871 Μωσῇ,

776 978 1181 1034 ΣΥΜΜΑΧΟΣ.

534 1117 594 1175 2.

531 1281 591 1340 3.

533 1376 587 1432 4.

532 1556 589 1613 5.

534 1648 644 1705 7et
673 1648 727 1704 8.

531 1743 583 1798 8.
612 1742 829 1817 Κλῆρον
858 1744 952 1799 ἕνα
976 1746 1055 1809 εἰς
1089 1742 1292 1814 τράγον
1326 1743 1504 1815 άπερ-

461 1814 707 1886 χύμενον.

536 2069 624 2124 10.

537 2538 627 2594 15.

531 2670 620 2775 ἱὲζ

528 2882 615 2939 17.

528 3047 616 3103 18.

529 3141 622 3197 20.

525 3233 617 3289 22.

520 3396 614 3453 23.

738 3694 1198 3756 SYMMACHUS..

522 3800 578 3855 2.

518 3893 572 3947 ὅ.

522 3982 577 4036 4.

519 4163 570 4219 5.

518 4258 623 4313 7ct
655 4258 710 4312 8.

519 4351 571 4407 8.
615 4349 830 4406 Sortem
902 4363 1073 4404 unam
1125 4347 1181 4403 in
1264 4360 1488 4417 caprum

452 4421 817 4479 discedentem
828 4461 845 4474 .

518 4673 606 4734 10.

518 5143 606 5202 15.

520 5237 604 5291 15.

523 5331 602 5383 lli.

516 5421 603 5475 17.

510 5605 579 5649 θη

516 5642 537 5649 Α

516 5642 601 5657 δ”.

511 5696 543 5747 2

512 5792 543 5843 ‘2

1689 879 1944 943 CAPUT
1973 882 2123 943 XVI
2163 882 2540 944 LEVlTlCl.

2073 984 2148 1039 0'.

1655 1120 1706 1174 2.
1722 1121 1945 1202 _Ila'tcav
1971 1120 2139 1193 ὥραν.
2191 1122 2437 1189 Ἀλλος,
2461 1123 2625 1177 παντὶ

1582 1207 1778 1262 καιρῳ.

1652 1284 1705 1337 5.
1740 1284 1932 1354 Κριόν.
1973 1284 2207 1349 Ἄλλος,
2238 1283 2398 1355 κριῷ.

1656 1373 1707 1427 4.
1736 1374 1952 1439 Λινοῦν,
1986 1375 2087 1433 bis.
2114 1376 2353 1442 Ἄλλος,
2384 1375 2641 1431 διπλοῦν-

1649 1466 1806 1538 Λινῇ.
1841 1466 2076 1533 Ἄλλος,
2100 1466 2282 1538 διπλῇ.

1650 1557 1703 1612 5.
1732 1558 2039 1629 Χιμάρους.
2089 1560 2334 1627 Ἀλλος,
2363 1560 2619 1632 τράγους.

1653 1649 1747 1702 Ἶρι
1761 1648 1814 1703 8.
1830 1648 2135 1720 Χιμάρους.
2147 1650 2348 1715 Ἀλλ.,
2362 1652 2619 1721 τράγους.

1648 1740 1701 1862 8.
1738 1740 1850 1795 Kal.
1879 1740 2079 1811 κλῆρον
2110 1740 2205 1794 ἕνα
2253 1741 2331 1813 τῷ
2368 1745 2622 1814 ἀποπομ-

1648 1828 1740 1862 ,ω.

1578 1828 1740 1881 παιῳ,

1649 1902 1886 1976 Κξιῆρονῄ
1901 1902 1996 1976 ἕνα
2021 1888 2101 1974 τῷ
2121 1903 2336 1976 Κυρίῳ,
2362 1905 2456 1959 καὶ
2488 1904 2622 1976 κλῆ-

1583 1989 1672 2044 ρον
1697 1971 1794 2026 ἕνα
1817 1971 1897 2042 τῷ
1928 1971 2319 2045 ἀποπόμπαίῴ.

1649 2062 1736 2117 10.
1773 2061 1880 2134 Τοῦ
1936 2064 2343 2134 ἁποπομπαίου.
2384 2065 2618 2132 Ἄλλος,

1577 2136 1658 2196 είς
1685 2133 1888 2206 τράγον
1910 2133 2228 2205 ἀφιέμενον.

1619 2224 1995 2298 ξτῄσειαύτον
2012 2224 2380 2298 ζῶπαγέναντι
2393 2225 2621 2298 Κυρίου,

1577 2293 1668 2348 τοῦ
1685 2293 2031 2359 ἐξιλάσασθαι
2044 2297 2129 2349 ἐπ’
2143 2296 2327 2359 αὑτοῦ,
2345 2293 2626 2350 amam-

1578 2364 1785 2437 στεῖλαι
1810 2365 1971 2418 αὐτὸν
2003 2368 2082 2437 είς
2112 2366 2212 2437 τὴν
2248 2366 2580 2437 ἀποπομπὴν
2601 2407 2616 2431 ,

1576 2436 1671 2489 καὶ
1714 2437 1915 2506 ἀφήσει
1956 2436 2118 2489 αὑτὸν
2148 2436 2227 2500 είς
2251 2436 2350 2508 τὴν
2389 2436 2615 2507 ἔρημον.

1646 2528 1736 2584 15.
1785 2528 1995 2600 ’Δτμίς.
2029 2529 2267 2596 Ἄλλος,
2301 2528 2522 2602 νεφέλη.

1648 2619 1736 2675 15.
1763 2620 2032 2691 Χίμαρον.
2056 2621 2294 2688 Ἄλλος,
2323 2621 2549 2693 τράγον.

1647 2710 1741 2765 16.
1775 2709 1848 2763 Τὸ
1882 2710 2054 2779 ἅγιον.
2092 2711 2329 2777 Ἄλλος,
2360 2711 2489 2782 περὶ
2509 2709 2619 2764 τῶν

1573 2782 1767 2850 ἁγίων.

1646 2875 1735 2946 17.
1791 2873 2139 2946 Συναγωγῆς.
2215 2874 2461 2939 Ἄλλος,
2522 2875 2616 2927 ὲκ-

1575 2945 1821 3018 κλησίας.

1642 3036 1729 3090 18.
1766 3035 2041 3107 Χιμάρου.
2078 3036 2321 3102 Ἄλλος,
2352 3036 2578 3109 τράγου.

1637 3126 1728 3181 20.
1761 3127 2032 3198 Χίμαρον.
2064 3128 2302 3194 Ἄλλος,
2323 3129 2547 3197 τράγον.

1638 3220 1729 3273 22.
1766 3216 2020 3273 νΔὸατον.
2056 3219 2290 3286 Ἄλλος,
2322 3234 2616 3289 συγκεκριμ-

1571 3289 1763 3362 μένην.

1636 3383 1727 3439 26.
1768 3384 1879 3437 Καὶ
1906 3385 1935 3438 ὁ
1963 3382 2373 3449 ὲξαποστὲλλων
2414 3382 2505 3435 τὸν
2532 3382 2615 3452 χί-

1569 3471 1741 3547 μαρον
1768 3454 1861 3509 τὸν
1880 3453 2263 3547 διεσξαὶὶξένον
2290 3452 2608 3547 εῐερλφεσιν.

1588 3522 1803 3591 Ἀλλος,
1862 3526 1957 3579 καὶ
2004 3524 2035 3577 ὀ
2083 3522 2612 3593 ἔξαποστελλόμενος

1566 3595 1681 3671 ἅμα
1704 3595 1783 3666 τῷ
1815 3595 2035 3668 χιμάρῳ
2061 3596 2119 3648 ὲν
2152 3593 2408 3662 Ἀζαζήλ.

1759 3689 1901 3745 LXX
1936 3688 2441 3745 INTERPRETES.

1634 3785 1687 3847 2.
1703 3783 1862 3841 Omni
1876 3786 2008 3839 liora
2021 3827 2033 3840 .
2051 3786 2163 3850 AL,
2180 3783 2331 3839 omni
2349 3792 2622 3853 tempore.

1635 3880 1692 3934 '5.
1725 3879 1989 3933 Arietem.
2023 3877 2202 3944 Alius,
2234 3880 2423 3931 ariete.

1635 3972 1689 4026 4.
1719 3971 1939 4027 Lineam
1956 3970 2088 4038 ,bis.
2114 3970 2290 4032 Alius,
2317 3967 2609 4038 duplicem.

1634 4064 1823 4119 Linea.
1847 4063 2023 4118 Alius.
2061 4061 2287 4133 duplici.

1635 4157 1687 4211 5.
1715 4154 1928 4210 Hircos.
1965 4153 2144 4219 Alius,
2169 4168 2383 4223 capros.

1632 4248 1663 4301 7
1689 4258 1743 4303 et
1774 4245 1828 4302 8.
1865 4244 2082 4302 Hircos.
2107 4245 2286 4310 Alius,
2317 4257 2548 4315 capros.

1633 4338 1684 4394 8.
1723 4337 1789 4394 Et
1815 4347 2016 4394 sortem
2036 4353 2199 4393 unam
2226 4335 2534 4393 emissario.

1635 4502 1850 4559 Sortem
1900 4516 2066 4584 unam
2115 4499 2368 4582 Domino,
2413 4506 2468 4553 et
2488 4510 2608 4554 sor-

1561 4581 1671 4632 tem
1701 4589 1865 4629 unam
1891 4581 2201 4627 emissario.

1633 4665 1721 4749 10.
1759 4663 2062 4719 Emissarii.
2087 4661 2262 4729 Alius,
2298 4660 2353 4715 in
2389 4657 2604 4723 hircum

1562 4750 1845 4793 omnssum.

1627 4830 1839 4884 Statuet
1865 4841 1988 4882 eum
2028 4824 2294 4878 viventem
2329 4828 2453 4874 ante
2485 4816 2597 4873 Do-

1555 4900 1787 4962 minum,
1810 4899 1877 4953 ad
1906 4894 2237 4966 expiandum
2263 4904 2427 4966 super
2445 4903 2595 4952 eum,

1557 4982 1614 5027 ut
1639 4971 1853 5026 emittat
1890 4962 2016 5020 eum
2045 4967 2097 5017 in
2133 4962 2516 5024 emissionem,
2540 4965 2596 5013 et

1553 5042 1787 5100 dimittet
1813 5053 1938 5093 cum
1971 5036 2023 5089 in
2055 5039 2351 5088 desertum.

1628 5135 1714 5190 15.
1751 5131 1953 5201 Vapor.
1984 5126 2157 5190 Alius,
2184 5123 2380 5178 nubes.

1630 5227 1719 5282 15.
1752 5222 1998 5277 Hircum.
2030 5217 2206 5284 Atius,
2239 5229 2488 5284 caprum.

1629 5314 1717 5371 16.
1736 5313 2021 5369 Sanctum.
2043 5308 2218 5369 Alius,
2240 5321 2341 5377 pro
2364 5304 2571 5361 sanctis

1629 5407 1717 5461 17.
1745 5403 2052 5475 Synagoga.
2078 5398 2254 5465 Alius,
2278 5395 2530 5453 ecclesia.

1633 5499 1721 5554 18.
1757 5496 1926 5550 Hirci.
1950 5493 2126 5558 Alius,
2160 5489 2332 5561 capri.

1630 5590 1721 5646 20.
1753 5587 2003 5641 llircum.
2024 5584 2202 5659 Alius,
2220 5595 2468 5652 caprum.

1632 5682 1723 5736 22.
1753 5676 1985 5734 lnviam.
2020 5675 2198 5739 Alius,
2227 5674 2540 5728 discretam.

1634 5776 1728 5831 9.6.
1748 5774 1814 5829 Et
1832 5773 1926 5844 qui
1947 5769 2149 5844 emittit
2168 5768 2382 5844 hircum
2415 5777 2595 5844 segre:

1565 5858 1751 5918 gatum
1778 5847 1831 5899 in
1850 5835 2254 5918 dimissionem.
2286 5835 2472 5918 41.,‘et
2500 5835 2595 5918 qui

1566 5901 1828 5973 Emittitur
1841 5914 2003 5972 simul
2015 5926 2135 5967 cum
2150 5909 2300 5963 hirco
2312 5905 2366 5962 in
2378 5901 2595 5960 Azazel.

3019 986 3421 1048 ΘΕΟΔΟΤΙΩΝ.

2768 1283 2822 1338 5.

2768 1375 2820 1428 1.

2770 1650 2799 1701 7
2827 1659 2881 1706 et
2912 1651 2970 1707 8.·

2767 2061 2856 2118 10.

2771 2527 2856 2585 15.

2768 2616 2854 2671 15.

2764 2711 2851 2767 16.

2768 2878 2834 2931 17

2770 3038 2853 3096 18.

2764 3130 2854 3186 20.

2759 3384 2849 3440 26.

3015 3695 3430 3754 THEODOTIO.

2760 3785 2817 3842 2.

2761 3877 2814 3932 5.

2757 4242 2957 4299 7et8.

2754 4649 2844 4706 10.
2914 4682 2919 4691 -

2740 5119 2829 5177 15.

2746 5212 2840 5269 15.

2744 5302 2835 5360 16.

2745 5395 2836 5450 17.

2750 5485 2843 5541 18.

2744 5570 2837 5625 20.

2745 5664 2842 5721 22.

2741 5759 2833 5815 26.
