4160 6416
514 405 610 455 7'11
1557 394 2034 452 HEXAPLORUM
2077 394 2239 461 QUAE
2283 393 2694 450 SUPEIISUNT
3651 399 3757 452 τῖε

509 522 756 590 princeps
783 517 977 570 domus
1004 509 1226 568 familiai
1246 513 1501 582 Symcon.
1537 511 1620 564 I5.
1645 509 1710 564 Et
1739 525 1936 563 nomen
1971 526 2092 562 mu-

2271 511 2354 563 14.
2387 511 2460 562 Τὸ
2490 511 2544 563 δὲ
2569 510 2737 580 ὄνομα
2787 509 2877 561 τοῦ
2931 507 3214 578 ἀνθρώπου
3260 508 3352 562 τοῦ
3402 511 3762 581 Ἶσραηλείτου

510 612 650 672 lieri,
688 627 808 678 quae
835 622 1092 678 percussa
1115 616 1218 672 est,
1243 604 1598 665 Madianitidi,
1627 602 1823 656 Chasbi
1856 603 1964 654 lilia
1985 601 2091 654 Sur

2195 601 2289 654 τοῦ
2321 601 2677 670 πεπληγότος,
2737 600 2792 664 ὃς
2840 600 3048 670 ἐπλήγη
3079 601 3216 670 μετὰ
3236 602 3335 671 τῆς
3363 601 3763 664 Μαδιανίτιδος,

510 702 774 771 principis
811 701 989 769 gentis
1032 697 1331 753 Isommoth
1363 697 1558 749 domus
1594 694 1812 748 Iarnilia:
1845 694 2084 747 ﬁliorum

2196 693 2410 763 Ζαμϐρξ
2439 692 2550 754 υἱὸς
2585 691 2782 761 Σαλὼμ
2831 692 3010 761 ἄρχων
3061 692 3208 744 οἴκου
3243 693 3478 763 πατριᾶς
3523 691 3765 761 Συμεών.

509 788 722 843 Madian
750 797 852 842 est.
888 787 974 840 16.
1013 785 1078 838 Ει
1113 787 1325 839 loculus
1357 793 1441 836 cst
1475 782 1736 836 Dominus
1766 783 1831 836 ad
1878 782 2084 846 Mosen,

2203 785 2290 838 15.
2322 785 2431 836 Καὶ
2457 784 2626 852 ὄνομα
2646 786 2710 854 τῇ
2729 783 2946 851 γυναικὶ
2969 787 3034 854 τῇ
3063 784 3374 856 πεπληγυίᾳ
3395 787 3460 856 τῇ
3483 784 3772 837 Μαδιανιξ-

508 881 693 934 dicens
728 894 784 933 ’Ξ-
822 878 1070 947 Loquere
1116 877 1242 930 ﬁliis
1285 875 1480 937 Israel,
1508 873 1736 939 dicens:
1773 873 1857 925 17.
1896 870 2090 925 Hostes

2197 875 2299 926 τιδι
2361 873 2537 924 Χασὸὶ
2567 872 2809 945 θυγατὴρ
2865 874 3005 944 Σοὺρ
3062 874 3316 945 ἄρχοντος
3365 874 3550 937 ἔθνους
3590 874 3766 942 Ἱσομ-

507 979 677 1024 eslote
692 969 1019 1032 Madianitis,
1035 977 1086 1022 et
1103 969 1366 1037 percutite
1381 981 1475 1022 eos
1497 984 1508 1019 :
1529 965 1612 1018 I8.
1635 965 1887 1033 quoniam
1907 965 2092 1015 hostes

2201 964 2300 1034 μ.δο
2326 964 2472 1016 οἴκου
2499 965 2731 1034 πατριᾶς
2745 964 2854 1017 τῶν
2872 965 3003 1020 υἱῶν
3020 966 3228 1020 Μαδιάν
3245 968 3410 1019 ἐστιν.
3428 964 3512 1020 16.
3528 964 3772 1020 Καὶὲλά-

1614 1057 1864 1120 CAPUT
1914 1057 2092 1116 XXV
2133 1055 2668 1117 NUMERORUM.

786 1162 872 1212 ΤΟ
901 1158 1267 1211 ΕΒΡΑΙΚΟΝ.
1903 1153 1990 1203 ΤΟ
2024 1151 2370 1202 ΕΒΡΑῘΚΟΝ

1903 1153 1990 1203 ΤΟ
2024 1151 2370 1202 ΕΒΡΑῘΚΟΝ
3097 1152 3397 1206 ΔΚΥΛΑΣ.

1811 1221 2139 1292 Ἑλληνικοῖς
2179 1220 2486 1289 γράμμασι.

1237 1302 1406 1352 -τγεῖη
1445 1294 1477 1345 ’5
1692 1293 1746 1344 5.
1953 1287 1964 1292 ⁷
2223 1287 2230 1288 ί
2295 1287 2301 1288 ⁷
2339 1287 2348 1289 ἡ
2805 1289 2860 1342 5.
2902 1287 3338 1360 Ἐξευγίσθησαν.

1245 1465 1405 1518 1mm
1443 1455 1476 1507 4
1692 1450 1746 1503 4.
2802 1452 2855 1506 4.
2883 1452 2993 1505 Καὶ
3020 1450 3315 1524 ἀνάπηεον.

1152 1555 1410 1604 nimam
1449 1544 1481 1596 5
1691 1543 1743 1594 5.
2805 1544 2857 1597 5.

1277 1643 1408 1691 ΠὩἾ
1448 1632 1476 1684 7
1701 1633 1749 1684 7-
2803 1636 2855 1690 7.
2889 1637 3113 1693 Κόντον.

1253 1736 1409 1804 Πειρη
1448 1723 1480 1775 8
1694 1724 1746 1774 8.
2801 1722 2855 1776 8.
2889 1723 2896 1740 '

1694 1724 1746 1774 8.
2801 1722 2855 1776 8.
2889 1723 2960 1776 Τὸ
2988 1723 3162 1791 τέγος.

1211 1825 1373 1872 o'IDD‘I
1412 1813 1479 1867 18
1696 1815 1782 1866 18.
2805 1811 2891 1865 18.

616 1980 869 2036 VERSIO
898 1976 1222 2033 HEBRAIL‘I
1263 1974 1467 2030 ΤΕΧΤ.
1822 1971 2151 2027 VULGATA
2180 1971 2259 2024 LA

1822 1971 2151 2027 VULGATA
2180 1971 2456 2026 LATINA.
3112 1972 3390 2039 AQUlun.

579 2075 633 2127 5.
665 2073 729 2128 Et
768 2071 1050 2141 conjunxit
1082 2085 1156 2125 se.
1691 2064 1745 2120 5.
1772 2062 2129 2134 Initiatusque
2154 2073 2257 2120 est.
2808 2063 2860 2118 5.
2890 2062 3067 2134 Jugati
3092 2076 3238 2120 sunt.

577 2233 630 2286 4.
660 2229 726 2284 Et
757 2229 1089 2300 suspendere
1125 2228 1228 2282 Iac.
1685 2225 1742 2280 4.
1775 2224 1841 2280 Et
1865 2226 2156 2295 suspende.
2804 2224 2857 2278 4.
2885 2221 2950 2277 Et
2975 2225 3202 2296 conﬁge.

580 2323 634 2379 5.
659 2321 1024 2391 Conjugantes
1045 2335 1123 2375 se.
1688 2316 1741 2370 5.
1768 2315 1871 2382 Qui
1894 2317 2087 2371 initiati
2111 2326 2257 2372 sunt.
2799 2318 2858 2379 5.

575 2412 628 2464 7.
655 2411 943 2468 Lanceam.
1687 2407 1741 2460 7.
1766 2407 1992 2477 Arrepto
2023 2410 2272 2478 pugione.
2805 2409 2853 2461 7.
2887 2409 3140 2466 Contum.

577 2504 630 2558 8.
659 2502 930 2573 Lupanar.
1691 2499 1740 2555 8.
1775 2499 2049 2571 Lupanar.
2803 2501 2858 2555 8.
2884 2499 3130 2559 Tectum.

582 2595 670 2648 18.
697 2593 1044 2650 Percussam.
1698 2591 1784 2645 18.
1817 2590 1948 2657 Quae
1968 2606 2224 2662 percussa

1698 2591 1784 2645 18.
1817 2590 1948 2657 Quae
1968 2606 2224 2662 percussa
2248 2590 2444 2647 [αρε-ο..
2814 2592 2897 2647 18.

1186 2752 1362 2812 Notm
1411 2757 1473 2812 et
1506 2750 1695 2812 variae
1723 2749 2030 2812 lectiones
2086 2751 2164 2812 ad
2195 2769 2330 2830 cap.
2367 2752 2548 2813 XXV
2585 2750 3037 2813 Numerorum.

589 2854 651 2908 ν.
686 2856 737 2908 1.
778 2854 870 2908 Sic
895 2851 1457 2925 Coislin._I_3asiliensis
1471 2868 1598 2925 vero
1627 2852 1743 2925 sine
1776 2853 2090 2925 interpretis
2215 2923 2220 2925 _

2215 2923 2220 2925 _
2268 2852 2334 2907 ν.
2481 2852 2708 2925 Coislin.
2762 2854 2857 2918 Σ.,
2897 2855 3220 2925 μυηθέντας,
3269 2873 3429 2925 quam
3488 2860 3770 2917 lectionem

509 2927 752 3002 nomine,
778 2924 1092 3002 ξζξυχίσοη.
1126 2922 1304 2977 Editio
1335 2924 1466 2976 item
1525 2921 1685 2976 Rom.
1731 2923 1787 2976 in
1829 2924 2090 2994 singulari

2197 2923 2406 3002 Aquilae
2442 2921 3005 3002 tribuit_BasilieII'sis,:
3024 2925 3180 2979 habet
3206 2921 3350 3002 enim
3409 2931 3770 3002 ἀμυηθέντας,

511 2994 1016 3066 Ιιτιίιξθιὲτελὲςςθη.Δ
1080 3062 1089 3066 Δ
1188 3061 1209 3066 _
1321 3063 1358 3066 _
1497 3061 1507 3066 _
1636 3061 1646 3066 _
1881 3058 1933 3066 __
1995 3061 2026 3066 __

1881 3058 1933 3066 __
1995 3061 2026 3066 __
2199 2996 2502 3066 mendose.
2524 3004 2582 3046 ut
2615 2995 2800 3066 liquet,
2827 3010 2924 3066 pro
2965 2996 3066 3066 Ἀ..
3099 2999 3419 3065 μυηθέντας.

584 3063 647 3120 ν.
673 3066 728 3120 4.
747 3065 848 3126 ’A.,
880 3058 972 3118 καὶ
996 3061 1289 3130 ἀνάπηξον.
1321 3063 1403 3124 Σ.,
1428 3061 1520 3115 καὶ
1551 3061 1847 3132 κρέμασον.
1879 3058 1969 3115 Sic
1992 3061 2096 3115 Ba-
2201 3130 2220 3132 ξ

2201 3130 2220 3132 ῃ
2272 3061 2338 3117 V.
2369 3063 2418 3116 7.
2464 3065 2541 3114 ’A.
2568 3101 2582 3126 ,
2633 3058 2842 3116 κὸντονῖ
2886 3064 2978 3128 Σ.,
3014 3058 3160 3132 δόρύ.
3195 3058 3288 3121 Sic
3321 3058 3508 3125 omnes
3551 3087 3681 3126 mss.
3722 3080 3776 3127 et

511 3136 828 3208 silien_sis_et
861 3134 1104 3208 Drusius.
1126 3135 1230 3185 Alii
1253 3133 1697 3189 codicesJiabent
1725 3131 1791 3185 ad
1817 3132 2094 3201 Aquilam,
2201 3130 2454 3188 Drusius.
2490 3132 2546 3186 In
2592 3149 2695 3188 ms.
2731 3132 3050 3199 Oxoniensi,
3078 3130 3228 3192 teste
3270 3137 3464 3196 Briano
3494 3140 3772 3208 Waltono,

518 3204 850 3276 ἀνάπληξον,
885 3207 1070 3258 minus
1105 3213 1272 3257 recte.

980 3297 1087 3356 Ex
1114 3295 1535 3357 Numerorum
1564 3311 1699 3371 cap.
1731 3293 1847 3353 XX
1856 3294 1930 3354 ΡΙ
1957 3292 2280 3372 desumpta
2320 3314 2398 3354 ex
2429 3294 2632 3355 eodem
2661 3293 2797 3356 cod.
2831 3293 3006 3359 Colb.
3039 3297 3216 3360 3084.

584 3397 652 3451 Et
677 3396 881 3452 factum
908 3409 988 3452 est
1021 3404 1145 3466 post
1175 3395 1410 3464 plagam,
1435 3404 1489 3448 et
1532 3394 1750 3448 locutus
1776 3402 1860 3447 est
1899 3392 2090 3446 Domi-

2262 3393 2374 3446 Kal.
2405 3394 2620 3461 ἐγένετο
2653 3393 2791 3463 μετὰ
2830 3393 2926 3466 τὴν
2975 3395 3188 3467 πληγὴν
3232 3397 3326 3451 καὶ
3382 3398 3638 3471 ἐλάλησεν
3671 3403 3779 3456 Κύ-

515 3507 619 3545 nus
669 3490 734 3544 ad
766 3488 954 3544 Mosen
983 3497 1038 3542 et
1060 3488 1125 3542 ad
1156 3486 1380 3540 Eleazar
1407 3486 1579 3540 lilium
1629 3485 1808 3540 Aaron
1841 3485 2095 3540 sacerdo-

2203 3501 2313 3554 ριος
2368 3484 2506 3555 πρὸς
2537 3483 2738 3553 Μωυσῆν
2772 3485 2866 3537 καὶ
2909 3486 3044 3556 πρὸς
3086 3487 3346 3560 Ἐλεάζαρ
3406 3491 3520 3543 υἱὸν
3561 3493 3767 3564 Ἀαρὼν

515 3593 624 3635 tem
669 3582 898 3635 dicens:
944 3579 1144 3648 Accipe
1181 3577 1510 3646 principium
1549 3577 1716 3631 totius
1748 3591 2032 3646 synagoga:
2064 3591 2094 3629 a

2199 3575 2292 3628 τὸν
2321 3575 2469 3647 ἱερέα
2498 3574 2690 3642 λέγων·
2719 3574 2869 3629 Λάϐε
2893 3576 2993 3647 τὴν
3023 3579 3197 3650 ἀρχὴν
3256 3582 3434 3652 πάσης
3461 3584 3775 3653 συναγωγῆς

1594 3671 1848 3731 CAPUT
1880 3671 2091 3731 XXVI
2123 3669 2661 3730 NUMERORUM.

783 3777 870 3828 ΤΟ
923 3774 1292 3827 ΕΒΡΑΙΚΟΝ.
1910 3771 1998 3824 ΤΟ
2029 3771 2373 3824 EBPAIKON

1910 3771 1998 3824 ΤΟ
2029 3771 2373 3824 EBPAIKON
3129 3777 3422 3835 ΑΚΥΛΛΣ.

1823 3841 2152 3912 Ἑλληνικοῖς
2189 3842 2499 3912 γράμμασι.
3027 3887 3034 3895 .

1129 3925 1257 3972 una
1289 3922 1422 4000 tam
1459 3912 1493 3965 '5
1701 3912 1753 3964 3.
2003 3945 2008 3950 -
2816 3912 2870 3964 5.

1109 4083 1261 4134 ΞΝἹὩ
1293 4082 1491 4135 ΠΞἽΣῙΞ
2816 4072 2958 4144 Πρὸς
2991 4074 3166 4145 ὁμαλὰ
3192 4078 3382 4133 Μωάδ.

1210 4171 1422 4222 ω’κπνη
1461 4162 1494 4214 4
1704 4161 1756 4212 4.
2816 4166 2869 4220 4.

1136 4305 1387 4411 ani-[P35
1424 4322 1494 4375 22
1705 4323 1795 4374 22.
2819 4322 2910 4378 22.

906 4542 1020 4619 715.1
1036 4519 1214 4635 ’νῆφε
1249 4561 1383 4615 mm
1426 4553 1488 4606 57
1710 4552 1800 4605 57.
2818 4557 2906 4612 57,

1121 4729 1210 4777 un
1241 4727 1385 4801 11m
1422 4716 1491 4769 6‘2
1709 4714 1796 4767 02.
2821 4716 2910 4770 6'2.

630 4878 881 4934 VERSIO
913 4878 1232 4932 IIEBRAICI
1263 4877 1469 4933 ΤΕΧΤ.
1843 4872 2168 4930 VULGATA
2214 4871 2488 4929 LATINA.
3131 4881 3408 4948 AQUILA.

592 4977 646 5030 5.
673 4975 937 5030 Sacerdos
962 4990 1086 5029 cum
1113 4975 1212 5029 eis.
1704 4969 1756 5026 5.
1792 4971 2075 5028 Sacerdos.

1704 4969 1756 5026 5.
1792 4971 2075 5028 Sacerdos.
2171 5055 2174 5058 ῃ
2816 4973 2867 5027 5.

599 5138 657 5192 1η
683 5138 1077 5206 campestribus
1104 5135 1281 5190 Moab.
1708 5133 1762 5186 In
1788 5133 2182 5203 campestribus
2201 5131 2377 5186 Moab.
2821 5131 2898 5185 Ad
2920 5131 3074 5200 plana
3102 5131 3276 5188 Moab.

595 5229 650 5283 4.
680 5227 1112 5298 Egredientibus.
1706 5225 1760 5278 4.
1812 5223 1994 5278 Vacat.

1706 5225 1760 5278 4.
1812 5223 1994 5278 Vacat.
2823 5224 2875 5274 4,

594 5391 686 5444 22.
723 5391 804 5446 Ad
833 5391 1080 5446 visitatos
1111 5406 1262 5447 suos.
1706 5388 1795 5441 22.
1821 5385 2110 5443 Numerus.

1261 5433 1262 5436 η
1706 5388 1795 5441 22.
1821 5385 2110 5443 Numerus.
2819 5381 2904 5434 22.

597 5621 688 5675 57.
709 5621 775 5675 Et
803 5621 892 5676 isti
918 5621 1125 5677 visitati
1148 5620 1296 5675 Levi.
1711 5614 1799 5668 5'7.
1843 5613 1943 5685 Hic
1981 5631 2194 5685 quoque
2221 5625 2304 5674 est
2330 5629 2591 5672 numerus
2619 5616 2679 5670 Ii-
2826 5610 2917 5668 57.

1641 5687 1839 5741 Iiorum
1863 5684 2012 5739 Levi.
2109 5684 2116 5685 7

599 5778 687 5833 62.
713 5779 771 5834 1η
799 5778 975 5834 medio
999 5777 1250 5832 ﬁliorum.
1700 5776 1802 5844 ¹62.
1830 5775 1972 5832 Inter
1994 5776 2135 5835 ﬁlios

1700 5776 1802 5844 _62.
1830 5775 1972 5832 Inter
1994 5776 2135 5835 ﬁlios
2824 5774 2912 5830 62.
