4140 6406
491 332 627 391 11115

796 446 1216 511 ΣΥΜΜΑΧΟΣ..

1656 608 1756 672 Δός
1786 626 1875 679 μοι

1796 329 2011 395 IOSUE
2038 328 2267 391 CAPUT
2305 329 2414 383 XV.

2082 447 2157 498 0'.

3602 330 3740 387 11114

3011 427 3427 498 θΕοΔυἮοΝ.

1990 626 2019 661 ν
2060 606 2337 670 Βοτθανίς.
2385 607 2625 672 Ἄλλος,

1587 680 1675 744 δός
1706 677 1797 750 μοι
1818 677 2002 732 Γωλαθ
2011 678 2174 749 μαῖμ.

1659 772 1772 842 Τὴν
1793 770 2088 842 Γοναιβλὰν
2112 770 2210 842 τὴν
2224 769 2357 825 ἄνω.
2382 771 2627 835 Ἄλλος,

1588 840 1686 912 τὴν
1704 839 1889 895 Γωλὰθ
1916 839 2014 911 τὴν
2039 839 2172 894 ἄνω.

482 938 641 1069 r2|.
667 940 751 1007 Δι’,
764 938 942 1002 πόλεις
968 938 1062 993 ἀπ’
1087 935 1258 1009 ἄκρου
1285 935 1386 1002 τῆς
1425 952 1516 1004 φυ-

511 1026 595 1069 ης.

511 1027 595 1063 Ὣς.

532 1026 589 1087 5‘
767 1101 1202 1171 svmmcuus.

1658 932 1748 1002 2|.
1783 932 1945 1002 Πόλις
1974 931 2162 1002 πρώτη
2197 930 2357 1002 φυλή.
2380 931 2623 993 Ἄλλως,

1590 1001 1773 1066 πόλεις
1805 1001 1943 1072 πρὸς
1974 1004 2039 1072 τῇ
2069 1001 2230 1072 φυλῇ.

1762 1094 1906 1149 LXX
1946 1093 2450 1151 INTERPRETES.

2696 998 2707 1011 ι
2727 999 2749 1009 -
2767 928 2855 983 21.
2879 930 3072 993 Πόλεις
3092 927 3271 993 αὐτῶν
3299 928 3406 983 ἀπὸ
3431 929 3616 992 τέλους
3639 947 3739 999 φυ-

2694 1013 2808 1051 λης.

2763 1017 2808 1053 ς.

2763 1017 2808 1053 C.

2724 1017 2801 1084 η³
3022 1094 3439 1164 Τμιεοιλοτιο.

1656 1187 1733 1243 Da
1790 1186 1927 1241 mihi
1972 1185 2275 1245 Bulthanis.
2328 1191 2503 1255 Alius,
2556 1191 2647 1245 da.

1587 1258 1721 1313 mihi
1760 1256 2149 1313 Golathmaim.

1655 1349 1974 1404 Gonaethlan
2037 1349 2394 1418 superiorem.
2448 1352 2617 1416 Alius,

1586 1419 1782 1477 Golath
1822 1418 2181 1489 superiorem.

544 1516 636 1570 2|.
670 1513 844 1569 Urbes
870 1528 901 1568 a
927 1526 1145 1571 summa
1174 1510 1389 1575 tribus,

471 1680 602 1750 δὼρ,
634 1678 725 1732 καὶ
745 1676 1033 1748 Βαγαδιὴλ,
1057 1677 1152 1730 καὶ
1178 1675 1406 1746 Νωμὰν,
1437 1675 1531 1729 καὶ
1548 1674 1832 1745 Μαχηδὰν,
1865 1673 2051 1737 πόλεις

472 1774 782 1841 ἑκκαίδεκα,
801 1773 896 1827 καὶ
921 1774 975 1826 αἱ
993 1770 1177 1842 κῶμαι
1194 1768 1395 1823 αὐτῶν.
1420 1768 1509 1823 42.
1535 1768 1734 1831 Λεὸνὰ,
1762 1767 1858 1821 καὶ
1886 1765 2053 1830 Ἰθᾲκ,

1652 1510 1743 1564 21.
1789 1508 1935 1564 Urbs
1968 1509 2165 1579 prima.
2194 1512 2387 1575 tribus.
2429 1513 2621 1578 Aliter,

1586 1580 1832 1635 civitates
1869 1579 1938 1633 ad
1963 1580 2183 1635 tribum.

2694 1583 2728 1636 b
2766 1512 2854 1566 2|.
2882 1512 3139 1570 Civitates
3179 1528 3369 1568 eorum
3420 1529 3451 1568 a
3493 1512 3599 1568 ﬁne
3636 1513 3733 1568 tri-

2734 1598 2816 1636 us.

2734 1598 2816 1636 US.

2156 1684 2211 1731 et
2236 1674 2424 1741 Nasib,
2457 1677 2547 1731 44.
2587 1689 2641 1731 et
2666 1676 2895 1743 Ceilam,
2927 1684 2983 1732 et
3017 1676 3224 1744 Aciezi,
3255 1687 3309 1732 et
3332 1676 3516 1743 Cezib,
3547 1687 3601 1733 et
3626 1678 3734 1734 Ba-

2162 1766 2368 1832 thesar,
2401 1775 2455 1820 et
2480 1765 2679 1821 IElom.

476 1870 570 1927 καὶ
600 1866 792 1937 Ἀνὼχ,
809 1866 897 1920 45.
926 1864 1021 1919 καὶ
1060 1863 1229 1928 Ἰανὰ,
1256 1863 1351 1917 καὶ
1370 1861 1566 1927 Natam,
1590 1860 1794 1927 “mai
1810 1862 2050 1933 Κεῖλάμ,
2092 1862 2186 1915 καὶ
2221 1857 2447 1923 Ἀκιεζὶ,
2471 1860 2564 1912 καὶ
2594 1857 2785 1922 Κεζὶϐ,
2827 1858 2919 1912 καὶ
2950 1857 3226 1929 Βαθησὰρ,
3257 1857 3351 1911 καὶ
3381 1858 3587 1929 Λὶλὼμ.

548 1964 791 2027 Ἄλλος,
819 1960 907 2015 21.
940 1960 1031 2012 ἐπὶ
1049 1959 1150 2028 τῆς
1174 1958 1379 2030 ἐρήμου
1407 1956 1677 2022 Καὸσεὲλ,
1709 1958 1805 2011 καὶ⁸
1847 1954 2052 2029 Ἐδρατ,

475 2054 570 2108 καὶ
611 2053 843 2123 Ἱαγοὺρ,
865 2050 956 2104 22.
980 2051 1074 2104 καὶ
1108 2048 1268 2114 Κινὰ,
1290 2050 1384 2102 καὶ
1409 2046 1647 2118 Διμωνὰ,
1684 2049 1779 2102 καὶ
1836 2047 2051 2112 Ἀδαδὰ,

470 2146 561 2199 25.
586 2145 680 2197 καὶ
708 2144 898 2207 Κεδὲς,
930 2143 1024 2196 καὶ⁸
1075 2140 1272 2212 Ἀσὼρ,
1303 2141 1398 2195 καὶ
1433 2140 1623 2206 Ἰεθνὰ,
1649 2140 1740 2194 24.
1780 2140 1884 2209 Ζὶφ
1903 2179 1919 2204 ,
1962 2140 2056 2193 καὶ

470 2236 670 2306 Τελὲμ,
701 2235 795 2289 καὶ
820 2232 1029 2296 Βαλὼθ,
1056 2233 1145 2288 25.
1182 2233 1278 2286 καὶ
1306 2233 1364 2285 αἱ
1384 2231 1567 2302 κῶμαι
1597 2231 1799 2285 αὐτῶν.
1826 2231 1936 2285 Καὶ
1960 2230 2057 2283 πό-

472 2328 557 2392 λις
593 2327 853 2399 ’Δγερῶν,
882 2325 1020 2397 αὕτη
1067 2322 1263 2396 Ἀσὼρ,
1289 2324 1378 2379 26.
1405 2326 1499 2379 καὶ
1558 2325 1772 2397 Ἀρὰμ,
1819 2327 1914 2380 καὶ
1954 2327 2057 2379 Σα-

483 2418 615 2495 μαὰ.
653 2418 747 2472 καὶ
769 2415 1025 2481 Μωλαδὰ,
1053 2417 1144 2473 27.
1174 2418 1269 2471 καὶ
1312 2415 1661 2489 Ἀσεργαδδὰ,
1697 2417 1791 2472 καὶ
1817 2416 2056 2486 Βαιθφα-

471 2507 585 2571 λὲθ,
612 2507 701 2561 28.
737 2507 831 2560 καὶ
854 2504 1089 2577 Χορλὰλ,
1122 2506 1217 2560 καὶ
1254 2504 1607 2575 Ἀσαρσουλὰ,
1627 2506 1722 2558 κα)⁵
1752 2502 2051 2575 Βηθσαὸεὲ,

468 2598 564 2654 καὶ
589 2600 647 2652 αἱ
688 2597 874 2668 κῶμαι
903 2596 1105 2660 αὐτῶν,
1143 2597 1239 2650 καὶ
1271 2595 1529 2664 ἐπαύλεις
1561 2595 1761 2650 αὐτῶν.
1791 2596 1882 2652 29.
1910 2596 2055 2648 Βαα-

465 2690 555 2753 λὰ,
589 2688 686 2743 καὶ
717 2687 917 2759 Αὐεὶιμ,
983 2689 1077 2742 καὶ
1119 2686 1308 2758 Ἀσὲμ,
1338 2687 1425 2742 50.
1482 2687 1577 2740 καὶ
1625 2686 1908 2759 Ἔθωδὰμ,
1956 2687 2053 2740 καὶ

470 2778 640 2851 Χεὴλ,
668 2779 763 2833 καὶ
798 2777 997 2850 Ἑρμᾶ,
1032 2779 1121 2832 51.
1156 2778 1250 2830 καὶ
1274 2776 1519 2845 Σικελὲγ,
1541 2775 1636 2830 καὶ
1660 2775 1942 2847 Μελεμνὰ,
1959 2776 2077 2842 καὶ,

471 2867 771 2930 Σανσαννὰ,
791 2867 880 2923 52.
910 2867 1003 2921 καὶ
1021 2864 1237 2930 Λαϐὼθ,
1256 2864 1352 2918 καὶ
1375 2864 1619 2935 Σελεεὶμ,
1653 2865 1746 2917 καὶ
1777 2861 2051 2933 Ῥεμμὼν,

466 2961 651 3024 πόλεις
681 2959 853 3014 εἴκοσι
878 2958 1040 3012 ἐννέα
1062 2957 1159 3011 καὶ¹
1187 2957 1243 3010 αἱ
1276 2956 1462 3026 κῶμαι
1493 2953 1694 3009 αὐτῶν.
1725 2955 1815 3010 55.
1858 2955 1945 3008 Ἐν
1983 2955 2051 3025 τῇ

467 3051 657 3122 πεδινῇ
696 3048 944 3112 Ἐσθαδλ,
969 3049 1063 3102 καὶ
1096 3047 1381 3118 Σαρὰ,καὶ
1422 3046 1607 3111 Ἀσνὰ,
1647 3047 1744 3100 καὶ
1796 3047 2058 3118 Ῥαμεὺν,

464 3144 557 3198 54.
583 3144 677 3197 καὶ
703 3140 878 3207 Ζανὼ,
918 3141 1014 3195 καὶ
1045 3138 1349 3209 Ἀδιαθαὶμ,
1392 3138 1488 3193 καὶ
1544 3138 1774 3210 Ἦναὶμ,
1812 3137 1903 3193 55.
1955 3137 2051 3191 καὶ

477 3235 752 3308 Ἰερεμοὺθ
773 3276 789 3301 ,
835 3234 931 3287 καὶ
974 3231 1273 3303 Ὀδολλὰμ,
1300 3232 1395 3286 καὶ
1420 3230 1692 3303 Νεμϐιρά’,
1727 3231 1821 3285 καὶ
1860 3230 2044 3302 Σωχὼ,

466 3328 562 3394 καὶ
607 3325 834 3398 Ἀζηκὰ,
864 3324 954 3378 56.
990 3324 1087 3391 καὶ
1121 3324 1460 3397 Σαργαρεὶμ,
1485 3322 1580 3376 καὶ
1604 3321 1844 3394 Γαδηρὰ,
1868 3322 2050 3392 πόλεις.

468 3418 547 3481 ιδ’,
580 3416 674 3472 καὶ
720 3417 778 3469 αἱ
817 3414 1003 3487 κῶμαι
1055 3412 1254 3469 αὐτῶν.
1295 3413 1384 3468 57.
1412 3413 1665 3477 Σευννὰν,
1693 3414 1788 3468 καὶ
1825 3414 2044 3478 Ἀδασὰ,

467 3510 561 3562 καὶ
601 3505 939 3577 Μαγδαλγὰλ
958 3544 974 3570 ,
1003 3505 1092 3561 58.
1118 3505 1214 3560 καὶ
1245 3504 1479 3568 Δαλαὰν,
1519 3505 1614 3558 καὶ
1661 3506 1868 3575 Μασφὰ
1887 3545 1902 3570 ,
1952 3508 2047 3560 καὶ

463 3600 759 3672 Εξκαρεὴλ,
788 3598 877 3654 59.
910 3598 1012 3652 mi
1041 3596 1263 3668 Λαχεὶς,
1294 3597 1388 3649 καὶ
1416 3595 1660 3658 Bac-3:20,
1688 3595 2043 3667 καὶ-Ἀγλὼν,

464 3692 552 3747 40.
587 3693 683 3747 και
708 3689 923 3753 Χαὸδά,
970 3689 1066 3742 και
1098 3687 1463 3761 Χαμὰςηκαι
1509 3686 1769 3753 Χαθλὼς,
1816 3676 2047 3745 41ηζκαὶ

464 3781 746 3857 Γαδηρὼθ,
772 3784 866 3837 καὶ
890 3780 1211 3854 Βηθδαγὼθ,
1245 3781 1341 3835 καὶ
1377 3779 1622 3851 Νωσμὰ,
1662 3779 1756 3833 καὶ
1788 3779 2043 3850 Μακηδὰ,

468 3875 650 3939 πόλεις
686 3881 782 3940 ις’,
819 3874 1001 3929 καὶ”αἱ
1036 3872 1223 3944 κῶμαι
1276 3869 1476 3925 αὐτῶν.
1525 3871 1616 3924 42.
1652 3870 1910 3941 Λεϐμνὰ,
1952 3866 2046 3924 καῖ

476 3962 654 4034 Ἀθὲρ,
671 3962 761 4028 45,
788 3962 884 4016 καὶ
915 3960 1117 4032 Ἰεφθὰ,
1145 3959 1243 4015 καὶ
1274 3959 1550 4024 Ἀσσεννὰ,
1569 3960 1665 4014 καὶ
1690 3961 1925 4032 Νασεὶμ,
1952 3961 2040 4019 44.

460 4056 556 4111 καὶ
576 4053 767 4118 Κεῖλὰ,
803 4053 898 4113 καὶ
937 4055 1187 4125 Ἀμεσαὶ,
1219 4053 1315 4107 καὶ
1337 4052 1437 4119 Ζὲν
1467 4051 1574 4123 [ad
1587 4069 1765 4122 marg.
1803 4051 2041 4125 Ἀχζεξϐ]

460 4146 557 4213 καὶ
588 4145 848 4219 Μαρησὰ,
881 4146 975 4200 καὶ
1019 4146 1214 4217 Ἐδὼμ.

529 4305 621 4360 21.
666 4304 824 4376 ναις.
845 4306 899 4365 A,
920 4304 1173 4360 meridie:
1205 4304 1451 4368 Cabseel,
1487 4313 1540 4359 et
1563 4302 1722 4370 Eder,
1755 4314 1823 4360 et.
1851 4304 2038 4376 Jagur,

459 4398 635 4466 22.,et
668 4396 826 4462 Cina,
874 4406 928 4453 et
960 4397 1206 4462 Dimona,
1230 4404 1284 4451 et
1310 4396 1517 4467 Adada.
1541 4396 1631 4451 25.
1668 4395 1949 4461 etCades,
1986 4405 2059 4452 et.

460 4492 623 4555 Asor,
671 4499 725 4545 et
752 4489 1026 4552 Jetlmam,
1062 4488 1152 4542 24.
1202 4486 1335 4556 Ziph
1387 4496 1443 4542 et
1478 4486 1687 4554 Telem,
1714 4495 1769 4543 et
1819 4485 2036 4553 Baloth,

457 4580 551 4634 25.
588 4580 726 4633 Asor
755 4583 897 4633 nov‘a
937 4590 994 4632 et
1017 4578 1266 4638 Carioth.
1298 4576 1530 4645 llesron,
1582 4577 1699 4633 haec
1725 4585 1811 4632 est
1879 4578 2042 4640 Asor,

456 4668 546 4723 26.
583 4669 799 4735 Amani,
828 4667 991 4723 Sama
1031 4679 1084 4723 et
1122 4668 1352 4732 Molada,
1382 4668 1473 4725 27.
1512 4677 1567 4724 et
1613 4668 1948 4741 Asergadda,
1990 4682 2045 4727 et

460 4761 787 4826 Hassemon,
811 4771 865 4818 et
890 4762 1224 4832 Bethphelel,
1262 4762 1353 4818 28.
1384 4773 1438 4817 et
1465 4763 1779 4830 llasersual,
1825 4774 1881 4821 et
1912 4767 2044 4821 Ber-

460 4854 646 4917 sabee,
679 4862 734 4908 et
775 4852 1080 4919 Baziothia,
1105 4853 1196 4908 29.
1228 4862 1283 4909 et
1317 4852 1499 4919 Baala,
1532 4863 1587 4909 et
1617 4852 1748 4921 Jim,
1775 4856 2039 4925 etEsem,

457 4942 548 4999 50.
577 4952 634 4999 et
661 4942 934 5010 Eltholad,
959 4952 1014 4999 et
1050 4943 1214 5008 Cesil,
1247 4942 1550 5009 etHarma,
1595 4946 1684 5000 5|.
1713 4957 1767 5002 et
1801 4946 2030 5015 Siceleg,

455 5045 509 5089 et
535 5033 876 5097 Medemena,
904 5044 960 5090 et
992 5034 1295 5101 Sensenna,
1328 5035 1418 5091 52.
1450 5034 1716 5101 chaoth,
1750 5048 1806 5094 et
1840 5038 2029 5105 Selim,

455 5133 510 5178 ct
544 5125 682 5189 Aén,
710 5135 765 5180 et
794 5125 1024 5182 Remon.
1057 5126 1260 5182 Omnes
1285 5127 1536 5182 civitates
1578 5128 1767 5199 viginti
1801 5146 1993 5197 novem
2013 5172 2030 5196 ,

455 5223 509 5269 et
537 5215 677 5270 villae
701 5231 912 5271 earum.
938 5217 1027 5272 55.
1053 5218 1107 5271 In
1138 5216 1536 5288 campestribus
1564 5231 1722 5272 vero:
1742 5216 1945 5284 Eslaol,
1980 5227 2034 5273 et

2227 1953 2400 2017 Alius,
2422 1952 2512 2007 2|.
2540 1954 2592 2006 in
2621 1953 2834 2007 deserto
2862 1951 3091 2008 Cabseel
3115 1971 3129 2007 :
3171 1962 3225 2007 et
3246 1951 3429 2020 Edrai,
3460 1963 3516 2008 et
3540 1952 3732 2024 Jagur,

2155 2045 2247 2100 22.
2274 2053 2330 2100 et
2365 2045 2523 2111 Cina,
2552 2053 2605 2100 et
2644 2044 2895 2109 Dimona,
2924 2056 2979 2101 et
3007 2046 3216 2109 Adada,
3244 2046 3335 2101 25.
3365 2054 3423 2102 et
3457 2046 3652 2111 Cedes,
3681 2057 3736 2102 et

2156 2137 2317 2202 Asor,
2353 2145 2408 2192 et
2445 2134 2663 2192 Jethna.
2703 2136 2794 2192 24.
2852 2134 3011 2206 Ziph,
3044 2145 3099 2193 et
3150 2136 3357 2204 Telem,
3411 2145 3467 2192 et
3514 2137 3731 2203 Baloth,

2154 2226 2245 2283 25.
2282 2237 2337 2284 et
2389 2229 2492 2284 vici
2530 2244 2740 2284 earum.
2794 2227 2858 2284 Et
2904 2229 3097 2283 civitas
3144 2227 3382 2297 Ageron,
3419 2230 3534 2285 haec
3570 2233 3731 2290 Asor.

2156 2321 2248 2387 26,
2289 2327 2344 2375 et
2392 2322 2610 2387 Amam,
2645 2329 2701 2375 et
2740 2319 2963 2386 Samaa,
2990 2327 3046 2375 et
3091 2318 3327 2385 Molada,
3367 2320 3458 2375 27.
3490 2330 3545 2376 et
3569 2320 3734 2377 Ascr—

2156 2409 2351 2481 gadda,
2382 2418 2437 2463 et
2461 2408 2857 2479 Baethphaleth,
2885 2409 2975 2462 28.
3009 2417 3063 2464 et
3092 2408 3337 2474 Chorlal,
3367 2418 3424 2465 et
3449 2409 3732 2475 Asarsula,

2154 2510 2210 2558 et
2239 2501 2563 2568 Bethsabee,
2612 2510 2666 2556 et
2696 2501 2799 2557 vici
2838 2515 3050 2570 earum,
3085 2510 3141 2557 et
3188 2501 3333 2556 villa;
3375 2517 3586 2558 earum.
3638 2501 3731 2557 29.

2156 2594 2340 2658 Baala,
2372 2603 2428 2649 et
2462 2596 2641 2659 Avim,
2668 2604 2722 2650 et
2742 2594 2928 2659 Asem,
2954 2595 3044 2661 50.
3069 2604 3123 2650 et
3150 2594 3442 2661 Ethodam,
3471 2603 3524 2650 et
3545 2594 3733 2662 Cheel,

2158 2695 2211 2743 et
2230 2685 2452 2750 Herma,
2471 2686 2560 2741 5|.
2589 2695 2645 2741 et
2684 2684 2918 2757 Siceleg,
2941 2693 2996 2741 et
3020 2685 3307 2752 Melcmna,
3331 2694 3389 2741 et
3420 2685 3730 2750 Sansanna,

2154 2776 2243 2843 52,
2277 2785 2335 2833 et
2364 2776 2598 2843 Laboth,
2632 2786 2687 2832 et
2740 2775 2963 2841 Scleim,
2997 2786 3052 2833 et
3101 2777 3366 2833 Remmon
3394 2796 3408 2832 :
3447 2778 3612 2832 urbes
3646 2779 3732 2832 vi-

2156 2865 2513 2936 gintinovem,
2547 2876 2602 2920 et
2624 2865 2764 2921 villae
2786 2881 2999 2922 earum.
3037 2868 3125 2921 55.
3161 2869 3220 2921 lu
3255 2868 3480 2938 planitie
3508 2866 3733 2932 Esthaol

2152 2963 2207 3012 et
2260 2954 2394 3011 Sara
2420 2999 2433 3021 ,
2474 2966 2528 3010 et
2561 2958 2705 3012 Asna
2733 2997 2748 3022 ,
2788 2967 2843 3012 et
2874 2957 3156 3027 Rameun,
3210 2960 3298 3014 54.
3342 2970 3399 3014 et
3440 2959 3630 3029 Zano,
3678 2971 3734 3017 et

2157 3049 2488 3117 Adiathaim,
2508 3058 2562 3105 et
2586 3049 2798 3114 Enaim,
2827 3051 2918 3108 55.
2961 3061 3014 3106 et
3042 3051 3344 3119 Jeremuth,
3378 3062 3433 3108 et
3460 3051 3729 3121 Odollam,

2151 3152 2207 3197 et
2230 3140 2499 3207 Nembra,
2547 3152 2601 3197 et
2632 3141 2831 3212 Socho,
2881 3153 2938 3198 et
2975 3144 3171 3212 Azeca,
3205 3143 3294 3199 56.
3337 3153 3393 3200 et
3431 3145 3729 3217 Sargarim,

2156 3243 2212 3290 et
2230 3233 2470 3303 Gadera,
2497 3236 2661 3292 urbes
2686 3238 3126 3307 quatuordecim,
3173 3248 3228 3294 et
3257 3238 3365 3293 vici
3393 3254 3603 3295 earum.
3638 3240 3729 3295 57.

2157 3326 2439 3390 Swnnan,
2480 3337 2533 3383 et
2574 3328 2775 3392 Adasa,
2819 3338 2873 3382 et
2920 3327 3241 3399 Magdalgal,
3287 3331 3379 3386 58.
3412 3340 3467 3385 et
3499 3331 3728 3392 Dalaan,

2153 3428 2207 3472 et
2231 3406 2475 3485 hlaSplla,
2510 3428 2565 3475 et
2593 3418 2815 3485 lcareel,
2843 3419 2932 3476 59.
2966 3432 3019 3476 et
3045 3421 3264 3488 Lachis,
3310 3431 3364 3479 et
3390 3422 3645 3489 Bascath,
3676 3432 3730 3479 et

2154 3508 2349 3579 Aglon,
2379 3507 2464 3562 40.
2499 3517 2553 3564 et
2579 3508 2820 3576 Chabba,
2854 3520 2910 3565 et
2935 3510 3192 3579 Chamas,
3230 3522 3285 3568 et
3315 3514 3599 3577 Chathlos,
3634 3514 3723 3568 41.

2152 3611 2206 3655 et
2234 3600 2541 3669 Gaderoth,
2580 3612 2635 3658 et
2674 3601 3034 3676 Bethdagoth,
3067 3614 3121 3660 ct
3146 3604 3372 3672 Nosma,
3402 3618 3458 3663 et
3484 3606 3728 3673 Maceda,

2156 3694 2317 3749 urbes
2375 3694 2649 3750 sexdecim
2702 3703 2758 3750 et
2784 3694 2892 3750 vici
2941 3711 3154 3754 earum.
3205 3697 3297 3755 42.
3355 3697 3620 3762 Lebmna,
3676 3708 3732 3755 et

2151 3784 2341 3850 Ather,
2374 3786 2464 3839 45.
2498 3796 2555 3841 et
2604 3784 2863 3857 Jephtha,
2910 3796 2965 3843 et
2996 3788 3270 3857 Assenna,
3309 3798 3365 3845 et
3395 3789 3602 3855 Nasim,
3634 3792 3725 3846 44.

2151 3886 2208 3931 et
2231 3876 2403 3944 Ceila,
2434 3887 2489 3934 et
2515 3878 2754 3945 Amesai,
2784 3888 2841 3936 et
2870 3878 3004 3949 Zen,
3055 3879 3167 3951 (ad
3200 3897 3372 3952 marg.
3402 3881 3643 3953 Achzib)
3676 3892 3730 3937 et

2152 3968 2384 4035 Maresa,
2420 3977 2475 4024 et
2507 3969 2697 4025 Edom.

2152 4303 2340 4368 Sarea,
2368 4305 2658 4374 et-Asena,
2707 4308 2796 4365 54.
2839 4318 2909 4364 et.
2929 4308 3131 4374 Zanoe,
3177 4317 3230 4364 et
3286 4308 3641 4381 Engannim,
3672 4322 3721 4369 el

2148 4396 2395 4468 Taphua,
2437 4408 2493 4467 et
2516 4399 2730 4467 Enaim,
2783 4403 2872 4457 55.
2925 4413 2979 4459 et
3023 4401 3307 4467 Jerimoth,
3359 4414 3414 4460 et
3446 4406 3721 4473 Adullarn,

2151 4489 2353 4557 Socho,
2381 4500 2435 4546 et
2465 4492 2663 4548 Azeca.
2710 4494 2798 4549 56.
2849 4504 2903 4549 et
2948 4480 3183 4558 Saraim,
3225 4505 3284 4573 et.
3322 4496 3624 4563 Adithaim,
3665 4509 3722 4554 et

2152 4581 2439 4648 Gedera,et
2454 4584 2833 4651 Gederothaim
2857 4606 2870 4640 :
2890 4603 2921 4640 ιι
2929 4587 3053 4642 rbes
3068 4589 3498 4659 quattuordecim,
3516 4602 3571 4645 et
3583 4591 3722 4646 villa:

2148 4691 2362 4730 earum.
2392 4676 2480 4731 57.
2516 4676 2697 4732 Sanan
2720 4718 2736 4743 ,
2762 4686 2816 4732 et
2847 4677 3112 4745 liadassa,
3162 4690 3215 4734 et
3244 4680 3583 4753 Magdalgad,
3627 4681 3718 4737 58.

2156 4764 2379 4830 Delean,
2419 4775 2473 4820 et
2505 4765 2779 4837 Masepha,
2807 4774 2861 4821 et
2887 4767 3113 4833 Jecthel,
3149 4770 3238 4824 59.
3274 4769 3493 4840 Lachis,
3524 4782 3577 4827 at
3617 4770 3722 4826 Ba-

2147 4856 2324 4921 scath,
2365 4867 2419 4911 et
2467 4855 2659 4929 Eglon,
2710 4857 2797 4911 40.
2861 4859 3156 4925 Cheblmn,
3207 4869 3262 4916 et
3319 4861 3617 4928 Leheman,
3667 4871 3723 4919 et

2139 4944 2365 5011 Cethlis,
2394 4947 2483 5001 41.
2514 4956 2569 5002 et
2603 4947 2884 5017 Gideroth,
2910 4958 2965 5006 et
3012 4950 3348 5024 Bethdagon,
3382 4963 3437 5009 et
3485 4951 3718 5019 Naama,

2139 5044 2194 5090 et
2231 5036 2473 5103 Maceda,
2505 5040 2752 5097 civitates
2787 5044 3044 5109 sedecim.
3090 5056 3146 5102 et
3181 5046 3322 5102 villa:
3372 5062 3585 5102 earum.
3623 5046 3716 5102 42.

2139 5126 2383 5195 Labana,
2423 5140 2478 5185 et
2510 5129 2696 5198 Ether,
2732 5143 2787 5188 et
2832 5126 3002 5203 Asan,
3043 5139 3131 5193 45.
3171 5137 3425 5209 Jephtha,
3461 5150 3516 5198 et
3554 5140 3721 5205 Esna,

2138 5228 2194 5276 et
2218 5218 2405 5286 Nesib,
2432 5224 2521 5293 44.
2566 5235 2620 5281 et
2648 5226 2819 5295 Ceila,
2856 5237 2910 5283 et
2938 5229 3162 5298 Achzib,
3192 5240 3248 5287 et
3275 5230 3507 5289 Maresa.

776 5312 1178 5366 ΣΥΜΜΑΧΟΣ.
2061 5316 2136 5368 0’.
2518 5388 2521 5389 ν
3002 5325 3407 5389 ΘΕΟΔΟΤΙΩΝ.

529 5477 617 5531 55.
1643 5481 1730 5564 55.
1765 5483 1850 5534 Ἐν
1877 5483 2083 5554 πεδινῇ.
2111 5484 2356 5551 Ἄλλος,
2372 5486 2433 5555 ἐν
2449 5486 2614 5558 ὑπερ·
2756 5488 2848 5545 53-

1570 5566 1728 5620 ωριᾳ.

762 5639 842 5694 SY
852 5639 898 5695 M
908 5641 952 5696 Μ
960 5640 1226 5698 Λο11υ5.“
1752 5640 1893 5696 LXX
1929 5641 2042 5698 INT

2152 5645 2434 5704 PRETES.
3002 5649 3416 5711 THEODOTIQ.

530 5729 619 5787 55.
1640 5735 1727 5788 55.
1763 5734 1817 5811 In
1842 5740 2152 5809 campestri.
2199 5740 2371 5811 Alius,
2427 5742 2478 5796 in
2510 5755 2607 5797 cx-
2755 5742 2843 5800 55.

1572 5813 1744 5862 tremo
1775 5807 1897 5863 linc.
