4140 6398
299 423 442 490 meo
1619 424 1836 488 JUSUE
1872 432 2102 491 CAPUT
2144 434 2282 490 XXI.
3436 442 3573 495 1030

601 551 644 602 ﬁ.
956 644 978 647 ﬁ
1563 551 1818 612 CAPUT
1855 555 1976 614 ΧΧ
2021 553 2290 614 JOSUE.

607 649 1011 706 ΣΥΜΜΑΧΟΣ.
1888 657 1964 709 0’.
2843 653 3242 714 ΘΕΟΔΟἸΊΩΝ.

286 865 412 933 ’μετ’
447 861 644 916 αὐτῶν.
672 861 726 918 5.
753 863 865 914 Kal.
901 861 982 914 ὅτι
1019 861 1080 931 (ι.
1111 860 1224 932 ὅτε)
1263 859 1442 925 διώξει
1482 863 1512 916 ὁ
1541 862 1878 932 άγχιστεὺων

288 954 350 1006 τὸ
371 950 510 1024 αἷμα
535 953 709 1006 ὀπίσω
734 951 921 1016 αὐτοῦ,
942 952 1034 1005 καὶ
1065 952 1126 1005 οὐ
1163 951 1541 1020 συγκλείσουσι
1570 953 1662 1006 τὸν
1687 953 1880 1022 φονεύ-

290 1065 460 1101 σαντα
497 1048 554 1100 ὲν
593 1050 660 1118 τῇ
692 1047 836 1118 χειρὶ
874 1044 1061 1109 αὐτοῦ,
1095 1046 1177 1098 ὅτι
1205 1045 1307 1098 οὑκ
1342 1043 1496 1108 εἰδὼς
1521 1045 1756 1110 ἐπάταξε
1788 1047 1879 1100 τὸν

281 1138 516 1208 τιλησίον
548 1137 736 1200 αὐτοῦ,
771 1136 864 1190 καὶ
901 1137 961 1189 οὑ
987 1136 1160 1206 μισῶν
1192 1135 1352 1188 αὐτὸν
1388 1134 1549 1198 αὐτὸς
1582 1136 1676 1189 ἀπ’
1700 1136 1874 1206 ἐχθὲς,

286 1229 381 1283 καὶ
408 1229 510 1298 τῆς
530 1229 739 1300 τρίτης.
773 1226 823 1280 6.
859 1228 968 1280 Καὶ
995 1227 1308 1296 κατοικήσει
1335 1227 1394 1277 ὲν
1421 1227 1486 1295 τῇ
1514 1225 1665 1278 πόλει
1695 1226 1876 1296 ἐκείνῃ

285 1321 390 1383 ἕως
427 1323 526 1390 στῇ
557 1320 698 1373 κατὰ
726 1319 1014 1390 πρόσωπον
1052 1317 1151 1386 τῆς
1196 1316 1521 1386 συναγωγῆς
1555 1317 1635 1379 εἰς
1669 1316 1873 1387 κρίσιν,

282 1410 388 1473 ἕως
411 1409 660 1481 ἀποθάνῃ
689 1412 716 1462 ό
744 1410 920 1480 ἱερεὺς
953 1411 981 1461 ό
1011 1407 1203 1479 μέγας,
1227 1408 1285 1472 ὃς
1315 1408 1464 1461 ἔσται
1497 1409 1555 1460 ὲν
1585 1410 1702 1470 ταῖς
1737 1408 1874 1478 ἡμέ-

285 1518 408 1573 ραις
447 1501 701 1564 ἐκείναις.
730 1501 862 1553 Τότε
887 1499 1203 1570 ἐπιστρέψει
1229 1502 1256 1553 ὁ
1289 1499 1575 1568 φονεύσας,
1611 1499 1705 1554 καὶ
1725 1499 1876 1553 ἐλεύ-

283 1609 434 1645 σεται
465 1593 546 1656 et;
571 1591 669 1663 τὴν
689 1593 842 1645 πόλιν
867 1591 1053 1656 αὐτοῦ,
1079 1590 1171 1644 καὶ
1197 1592 1334 1662 πρὸς
1382 1592 1472 1646 τὸν
1502 1589 1648 1645 οἶκον
1679 1591 1868 1645 αὐτοῦι

278 1689 373 1741 καὶ
401 1688 537 1760 πρὸς
571 1689 722 1742 πόλιν
748 1689 867 1742 ὅθεν
896 1684 1098 1758 ἔφυγεν
1126 1687 1356 1741 ἐκεῖθεν.

351 1861 504 1936 Vulg.
540 1865 594 1920 5.
625 1863 878 1922 Nescius.
905 1863 960 1918 4.
997 1861 1134 1918 Cum
1174 1862 1241 1918 ad
1283 1877 1447 1917 unam
1497 1862 1692 1916 harum
1727 1877 1860 1916 con-

275 1956 474 2026 fugerit
494 1955 780 2010 “civitatum
809 1974 824 2011 :
859 1955 1025 2010 stabit
1055 1963 1180 2009 ante
1222 1965 1435 2024 portam
1482 1953 1754 2016 civitatis,
1803 1961 1858 2007 et

273 2045 525 2116 loquetur
548 2048 853 2104 senioribus
886 2048 1038 2103 urbis
1070 2047 1217 2102 illius
1247 2061 1310 2101 ea
1351 2060 1472 2115 quae
1508 2060 1567 2100 se
1605 2059 1858 2114 compro-

273 2139 404 2192 bent
439 2138 780 2194 innocentem
832 2157 846 2193 :
895 2139 1084 2208 sicque
1141 2137 1440 2207 suscipient
1479 2151 1624 2200 eum,
1667 2144 1723 2190 et
1760 2135 1854 2190 da-

273 2231 410 2283 bunt
449 2230 496 2285 ei
544 2231 722 2285 locum
776 2229 844 2285 ad
890 2227 1267 2284 habitandum.
1323 2228 1376 2281 5.
1410 2226 1658 2296 Cumque
1711 2227 1855 2280 ultor

1981 865 2084 919 dex
2123 865 2444 935 sanguinem
2475 874 2596 936 post
2627 881 2752 920 eum
2779 884 2793 920 :
2823 876 2876 921 et
2907 882 3013 920 non
3044 867 3370 922 concludent
3396 869 3574 924 homi-

1981 956 2157 1011 cidam
2214 957 2268 1010 in
2324 972 2487 1010 manu
2543 957 2686 1026 ejus,
2739 957 2864 1026 quia
2901 973 3007 1012 non
3073 959 3251 1014 sciens
3299 963 3570 1028 percussit

1981 1048 2287 1117 proximum
2316 1064 2499 1113 suum,
2530 1058 2584 1102 et
2630 1064 2738 1102 non
2786 1048 2914 1102 odio
2952 1048 3160 1103 habens
3196 1065 3319 1104 cum
3356 1051 3470 1120 ipse
3497 1049 3566 1103 ab

1982 1136 2098 1188 heri
2149 1145 2204 1190 et
2251 1137 2668 1191 nudiustertius.
2701 1137 2754 1190 6.
2798 1135 2866 1192 Et
2927 1138 3194 1193 habitabit
3242 1140 3297 1192 in
3347 1141 3565 1195 civitate

1980 1226 2070 1280 illa
2107 1243 2279 1296 usque
2307 1227 2435 1280 dum
2470 1229 2679 1283 steterit
2717 1230 2783 1283 ad
2812 1228 3004 1283 faciem
3045 1245 3328 1300 synagogas
3367 1232 3435 1286 ad
3477 1232 3564 1302 ju-

1976 1317 2215 1384 dicium,
2270 1318 2444 1372 donec
2494 1319 2764 1372 moriatur
2811 1320 3067 1374 sacerdos
3129 1337 3358 1390 magnus
3389 1361 3404 1384 ,
3467 1323 3561 1391 qui

1973 1409 2078 1462 erit
2109 1410 2163 1462 in
2224 1410 2418 1464 diebus
2455 1411 2582 1465 illis.
2633 1409 2790 1466 Tunc
2842 1422 3143 1467 revertetur
3179 1414 3473 1480 homicida,
3507 1427 3562 1470 et

1973 1500 2150 1554 veniet
2197 1501 2250 1555 in
2299 1501 2570 1556 civitatem
2610 1519 2788 1570 suam,
2817 1513 2870 1558 et
2899 1505 2966 1558 ad
3011 1505 3233 1560 domum
3285 1521 3462 1573 suam,
3504 1517 3562 1563 et

1976 1592 2044 1646 ad
2077 1592 2266 1646 urbem
2297 1594 2439 1648 unde
2467 1593 2752 1664 eﬂ‘ugerat.

1963 1861 2105 1931 ejus,
2146 1876 2248 1918 nec
2297 1872 2423 1918 ante
2476 1863 2724 1927 biduum,
2755 1865 3084 1931 triduumve,
3128 1865 3246 1934 ejus
3292 1865 3552 1936 probatur

1964 1955 2244 2012 inimicus.
2284 1955 2338 2010 6.
2403 1955 2468 2010 Et
2522 1956 2792 2011 habitabit
2833 1958 2888 2011 in
2930 1957 3149 2011 civitate
3202 1957 3314 2024 illa,
3373 1959 3548 2014 donec

1961 2055 2066 2101 stet
2097 2055 2223 2102 ante
2263 2047 2532 2116 judicium
2581 2062 2805 2104 causam
2864 2047 3096 2102 reddens
3154 2048 3278 2102 facti
3337 2049 3443 2115 sui,
3492 2060 3548 2104 et

1961 2138 2228 2193 moriatur
2271 2139 2528 2194 sacerdos
2560 2153 2812 2208 magnus,
2845 2139 2938 2208 qui
2990 2137 3154 2192 fuerit
3194 2138 3249 2192 in
3282 2138 3376 2198 illo
3403 2148 3542 2194 tem-

1960 2243 2089 2298 pore
2137 2247 2152 2282 :

272 2322 557 2391 sanguinis
600 2336 725 2377 eum
781 2321 942 2376 fuerit
1005 2329 1344 2392 persecutus,
1379 2334 1487 2374 non
1529 2319 1744 2374 tradent
1794 2318 1848 2372 in
1955 2320 2230 2375 civitatem
2277 2327 2332 2372 et
2368 2319 2589 2374 domum
2615 2334 2771 2374 suam
2803 2319 2870 2371 de
2903 2333 3009 2387 qua
3036 2316 3266 2387 fugerat.

271 2427 468 2483 manus
500 2414 620 2483 ejus
665 2431 678 2466 ε
739 2413 868 2482 quia
920 2413 1178 2484 ignorans
1228 2411 1496 2482 percussit
1543 2411 1853 2480 proximum

1452 2564 1504 2618 8.
1530 2563 1711 2634 Πέραν
1727 2562 1819 2634 τοῦ
1849 2558 2321 2634 Ἰορᾷάνουᾳέᾷωκε-
2337 2557 2436 2609 Bo-
2580 2555 2635 2614 8.

1384 2628 1671 2702 σόρ.Ἂλλ.
1683 2673 1697 2693 ,
1715 2628 1994 2702 πέραντοῦ
2010 2630 2272 2702 Ἰορδάνου
2289 2628 2433 2702 Ἱερι-

1381 2699 1462 2774 Xa;
1474 2703 1580 2756 ἀπὸ
1596 2699 1866 2756 ἀνατολῶν
1882 2699 2089 2753 ἔδωκαν
2113 2699 2211 2769 τὴν
2235 2699 2426 2767 Βοσόρ,

1451 2792 1688 2846 Γαυλών.
1741 2793 1987 2857 Ἄλλος,
2018 2790 2225 2843 Γωλάν.

340 2877 379 2944 9
1443 2883 1496 2938 9.
1538 2882 1775 2935 Παίοντι.
1808 2882 2054 2945 Ἀλλος,
2093 2878 2417 2943 πατάξαντι.
2563 2879 2620 2936 9.

551 2976 1001 3034 SYMMACHUS.

1555 2971 1697 3025 LXX
1738 2970 2242 3028 INTERPRETES.
2269 2989 2272 2992 '

2813 2971 3228 3030 THEODOTIO.

335 3093 372 3156 δ
1442 3087 1495 3141 8.
1529 3086 1705 3142 Trans
1735 3085 2021 3156 Jordanem
2060 3088 2204 3141 dedit
2228 3086 2420 3140 Bosor.
2568 3086 2621 3139 8.

1373 3159 1548 3224 Atius,
1631 3169 1780 3211 trans
1857 3155 2148 3211 Iordanem
2208 3156 2425 3212 Jericlio

1374 3237 1444 3282 ab
1471 3227 1692 3282 Oriente
1724 3226 1989 3280 dederunt
2020 3227 2210 3282 Bosor.

1455 3317 1685 3372 Gaulon.
1729 3317 1900 3381 Alius,
1943 3316 2136 3371 Golan.

1453 3408 1884 3481 9.7Percutienti.
1922 3409 2099 3474 Alius,
2151 3411 2243 3480 qui
2299 3426 2423 3481 per-
2565 3409 2622 3467 9.

1383 3480 1664 3534 cussisset.

1112 3577 1289 3638 Nota)
1318 3581 1380 3634 et
1411 3572 1601 3634 varia;
1631 3569 1943 3634 lectiones
1984 3572 2060 3633 ad
2087 3589 2224 3650 cap.
2269 3574 2394 3634 XX
2441 3573 2663 3635 Josue.

255 3689 322 3740 θ’
345 3686 581 3742 editione
613 3683 822 3753 adjecta
853 3680 1113 3753 fuerant,_
1139 3695 1240 3733 nec
1273 3674 1797 3753 obelis_,_aste_riscis
1821 3714 1838 3740 ,

266 3759 500 3826 aliisque
531 3745 736 3811 notulis
779 3754 1035 3808 distincta
1089 3749 1339 3814 fuerant;
1373 3749 1466 3802 sed
1496 3747 1564 3802 iis
1589 3745 1840 3800 absoluta

267 3839 489 3950 “$11.8.
523 3896 766 3958 Ἄλλος,
804 3890 979 3960 πέραν
1038 3888 1133 3943 τοῦ
1173 3886 1439 3958 Ἰορδάνου
1472 3883 1684 3956 Ὶεριχὼ
1735 3892 1840 3940 etc.

261 3966 358 4023 Sic
383 3966 635 4036 quaedam
665 3963 1023 4032 exemplaria.

2019 3675 2158 3730 Ibid.
2193 3677 2438 3741 Ἄλλος,
2477 3675 2688 3730 Γωλάν.
2724 3675 2891 3732 Basil.

2019 3744 2084 3800 ν.
2117 3745 2170 3798 9.
2208 3748 2454 3811 Ἀλλος,
2493 3745 2812 3812 πατάξαντι.
2859 3747 3046 3813 Basil.,
3080 3763 3268 3804 vocem
3299 3760 3422 3811 TDD
3451 3752 3532 3807 sic

1950 3816 2114 3872 vertit
2140 3817 2358 3886 Aquila,
2394 3815 2532 3872 Gen.
2566 3832 2755 3884 xxxvi,
2788 3818 2880 3871 35.

1527 4047 1783 4112 CAPUT
1835 4042 1992 4106 XXI
2041 4034 2311 4100 JOSUE.

581 4159 986 4218 ΣΥΜΜΑΧΟΣ.
1863 4149 1940 4203 0'.
2811 4135 3210 4192 ΘΕΟΔΟΤΙΩΝ.

332 4307 389 4362 2.
1445 4293 1500 4345 2.
1537 4287 1878 4362 Περισπόρια
1927 4282 2126 4340 αὐτῶν.
2184 4279 2421 4342 Ἄλλος,
2563 4276 2618 4331 2.

1377 4358 1676 4435 προάστεια
1703 4358 1906 4412 αὐτῶν.

331 4465 387 4522 4.
1445 4455 1498 4509 4.
1531 4449 2066 4525 Κληρωτί.Ἀλλος,
2080 4441 2169 4496 διὰ
2195 4439 2420 4511 κλήρου.
2564 4439 2620 4492 4.

334 4557 423 4614 16.
1419 4618 1430 4621 _
1445 4546 1532 4621 16.
1563 4541 1955 4621 καὶξΑσᾲηιαι
1975 4539 2042 4621 τὰ
2068 4531 2424 4621 ἀφωρισρίίνα
2565 4527 2655 4584 16.

1372 4600 1532 4688 αὐτῇ,
1555 4615 1648 4668 καὶ
1671 4600 2070 4673 ΤανύζνΑλλος
2092 4600 2131 4670 ,⁷
2161 4600 2254 4658 καὶ
2287 4600 2420 4689 om,

1374 4688 1470 4741 zeal.
1513 4685 1582 4740 τὰ
1613 4681 1983 4754 άφωρισμέναί
2172 4673 2246 4754 τά
2262 4673 2421 4740 αυτῇ,

1376 4759 1468 4811 καὶ
1495 4756 1593 4828 τὴν
1632 4745 1818 4806 ’[ἐττα.
1833 4745 2034 4813 ’Ἄλλη
2059 4745 2069 4749 ⁷
2091 4745 2308 4813 ’Ᾱτγάν.

328 4861 419 4916 20.
451 4858 640 4923 Πόλεις
673 4857 876 4930 κλήρου
911 4854 1113 4910 αὐτῶν.

1445 4939 1536 4993 25.
1579 4933 1843 4990 Ἐλκωθαί

1445 4847 1534 4901 20.
1583 4843 1646 4898 Ἢ
1668 4843 1822 4907 πόλις
1851 4839 1961 4894 τῶν
1998 4837 2192 4909 ἱερέων
2218 4833 2419 4890 αὐτῶν.

2565 4851 2658 4906 20.
2699 4849 2762 4904 Ἦ
2785 4850 2939 4915 πόλις
2963 4851 3070 4905 τῶν
3084 4851 3284 4924 ’ἱερέων
3322 4853 3513 4912 αὐτῶν.

1944 4933 2189 4997 Ἄλλος,
2239 4931 2414 4985 Ἐλθο-

331 4953 424 5006 25.
1445 4941 1536 4993 25.
1579 4941 1886 5055 Ἐλκωθαῑὲ

1378 5009 1513 5055 κάυ..
1549 5008 1793 5055 Ἀλλοο.
1835 5005 1848 5025 ’

1973 4941 2189 4997 Αλλος,
2239 4941 2414 4985 Ἐλυο-
2565 4941 2656 4997 25,

1973 5001 2197 5055 ικωθέιι.

1378 5009 1513 5079 κάμ.
1549 5008 1793 5070 Ἀλλος,
1835 5001 2197 5074 Ἐλθεκωθέμ.

543 5105 992 5165 SYMMACHUS.
1562 5097 1705 5154 LXX
1741 5095 2247 5153 INTERPRETES.
2776 5098 3192 5156 THEODOTIO.

328 5209 384 5264 2,
1435 5196 1490 5248 2.
1548 5191 1890 5264 Circumsitae
1963 5191 2129 5248 urbes
2197 5207 2406 5248 earum.
2557 5197 2616 5252 2.

1373 5265 1547 5328 Alius,
1601 5262 1920 5317 suburbana
1953 5275 2168 5317 earum.

330 5368 386 5422 4.
1443 5357 1496 5409 4.
1534 5352 1758 5408 Sortito.
1789 5349 1886 5406 Ali:

1993 5365 2090 5422 per
2118 5363 2341 5409 sortem.
2559 5357 2613 5414 4.

334 5459 422 5514 16.
1449 5445 1535 5500 16.
1568 5442 1635 5498 Et
1672 5443 1801 5509 Asa,
1847 5454 1886 5496 e1

1973 5453 2206 5514 egregata
2259 5445 2330 5510 ei,
2364 5453 2419 5498 et
2560 5447 2648 5501 l6.

1377 5513 1772 5586 Tany._Alius,r
1796 5521 1861 5586 Aet
1890 5514 1992 5586 Ain
2039 5513 2107 5567 et
2136 5525 2414 5586 segregata

1373 5588 1446 5654 ei,
1469 5583 1522 5641 et
1547 5583 1709 5640 Jetta.
1745 5583 1913 5638 Alius.
1946 5585 2144 5653 Atgan.

325 5687 418 5742 20.
452 5685 715 5742 Civitates
739 5683 904 5741 sortis
930 5696 1143 5739 eorum.

327 5774 425 5832 23.
1443 5774 1763 5830 23.9Elcoth2

1375 5837 1763 5893 Elthecothem.

1443 5675 1533 5731 20.
1570 5675 1778 5732 Civitas
1825 5675 2170 5732 sacerdotum
2200 5684 2409 5730 eorum.

1443 5765 1872 5830 23.jElcothaim.
1893 5767 1980 5823 Al.
2000 5764 2302 5824 Elthocam.
2321 5767 2408 5820 Al.

2550 5679 2641 5737 20.
2675 5680 2880 5741 Civitas
2902 5682 3243 5742 sacerdotum
3273 5699 3484 5742 eorum.

2555 5771 2649 5828 9'5.

2213 2239 2347 2282 tunc
2405 2237 2705 2282 revertetur
2763 2227 3056 2291 homicida,
3104 2235 3159 2281 et
3215 2228 3545 2298 ingredietur
