4082 6406
307 387 446 458 tm
1583 401 1883 460 JUDICUM
1921 402 2009 459 CA

1989 400 2150 458 iPUT
2189 399 2280 457 IX.

3420 395 3561 457 1112

303 521 412 576 Καὶ
435 519 574 572 ειδεν
607 521 746 591 ανὴρ
789 521 1006 592 Ἰσραὴλ
1037 521 1120 574 ὅτι
1145 520 1418 576 ἀπέθανεν
1461 521 1770 592 Ἀϐιμέλεχ,
1795 521 1890 574 καὶ
1990 537 2011 575 ι

1990 520 2387 590 malignitatem
2416 517 2751 586 Animeiech,
2769 529 2932 588 quam
2959 513 3086 572 fecit
3111 516 3277 586 patri,“
3305 517 3561 575 occidens

304 609 542 681 ἀπῆλθον
583 611 719 682 ἀνὴρ
764 613 844 676 εἱς
893 612 985 667 τὸν
1024 613 1188 667 τόπον
1231 613 1418 667 αὐτοῦ.
1465 613 1552 666 56.
1610 614 1720 666 Καὶ
1777 614 1886 667 ἀπ-

1989 611 2155 668 LXX.
2196 611 2394 666 fratres
2428 624 2580 666 suos.
2635 609 2725 665 57.
2777 598 2844 663 Et
2896 624 3114 664 omnem
3168 608 3559 680 malignitatem

310 702 571 775 έστρεψεν
594 704 622 757 ὁ
654 703 785 767 Θεὸς
810 705 908 775 τὴν
942 705 1140 757 κακίαν
1194 705 1500 776 Ἀϐιμέλεχ,
1546 705 1611 775 ἥν
1637 705 1889 775 ἐποίησεν
1989 724 2011 762 η

1989 707 2230 762 virorum
2257 704 2588 758 Sicimorum
2615 702 2799 758 retulit
2833 701 2975 757 Deus
3014 701 3069 756 in
3101 710 3263 771 caput
3292 701 3556 772 ipsorum.

306 794 378 864 τῷ
395 794 584 864 πατρὶ,
616 796 942 858 ἀποκτείνας
957 797 1084 859 τοὺς
1108 803 1147 849 o'
1172 796 1433 866 ἀδελφοὺς
1459 795 1644 850 αὑτοῦ.
1663 795 1752 850 57.
1775 797 1886 850 Καὶ
1992 800 2011 854 l

1992 800 2062 854 Et
2100 795 2417 867 supervenit
2468 809 2630 865 super
2668 808 2766 849 eos
2810 792 3117 850 maledictio
3175 791 3424 848 Joatham
3465 791 3560 846 lilii

303 889 481 941 πᾶσαν
511 887 709 941 κακίαν
733 889 944 962 ἀνδρῶν
971 890 1212 960 Σικίμων
1234 891 1568 962 ἐπέστρεψεν
1597 893 1625 943 ὁ
1653 891 1784 954 Θεὸς
1805 892 1886 954 εἰς
1985 891 2260 947 Jerobaal.

301 979 400 1049 τὴν
425 979 668 1052 κεφαλὴν
698 980 897 1033 αὐτῶν.
934 981 1044 1035 Καὶ
1074 981 1308 1053 ἐπῆλθεν
1352 983 1438 1036 ἐπ’
1479 983 1677 1047 αὐτοὺς
1711 986 1742 1052 ἡ
1781 1001 1882 1036 κα-

301 1071 441 1140 τάρα
479 1071 717 1143 Ἰωαθάμ
745 1071 837 1124 τοῦ
877 1073 1148 1144 Ἱεροὸαάλ

1535 1275 1789 1365 CAPUT
1829 1275 1921 1335 1X
1966 1271 2327 1334 JUDICUM.

622 1376 1026 1430 ΣΥΜΜΑΧΟΣ.
1910 1373 1986 1426 0'.

378 1534 432 1590 ὀ
1492 1535 1545 1589 1.
1570 1535 1666 1597 Εἰς
1697 1533 1898 1603 Συχέμ.
1941 1534 2186 1596 Ἄλλως,
2231 1529 2454 1601 Σίκιμα.

371 1623 428 1678 2ο
1485 1627 1539 1680 2.
1569 1625 1770 1696 Συχέμ.
1815 1627 2035 1686 Ἄλλοι,
2066 1623 2327 1694 Σικίμων.

1490 1717 1556 1769 Τί
1589 1716 1650 1769 τὸ
1698 1715 1921 1784 ἀγαθόν.
1963 1715 2177 1780 Ἄλλος
2203 1753 2220 1780 ,
2279 1713 2456 1766 ὁποῖον

1419 1785 1646 1859 βέλτιον.

378 1872 432 1925 5.
1488 1879 1542 1934 5.
1576 1875 1780 1947 Συχέμ.
1815 1875 2064 1941 Ἄλλος,
2100 1874 2361 1946 Σικίμων.

377 1961 432 2016 ⁸·
1488 1969 1542 2023 4.
1591 1969 1686 2020 Ἐκ
1712 1966 1806 2020 τοῦ
1841 1967 2013 2020 οἴκου.

1423 2059 1813 2185 θήΒααλὸερίθ.
1863 2060 2110 2122 Ἄλλος,
2151 2055 2298 2110 Βαὰλ
2345 2057 2462 2109 δια-

1492 2148 1616 2185 κης.

1492 2149 1526 2183 κ
1601 2169 1616 2181 .

1455 2134 1734 2290 ή⁹ἒὲιυτῷ.
1783 2219 2028 2282 Ἀλλος,
2056 2219 2113 2270 ὲν
2135 2218 2339 2280 αὐτοῖς.

391 2299 718 2380 Ἇπραγους,
745 2311 839 2364 καὶ
860 2312 1344 2385 ἀπονενοημένως.
1423 2313 1682 2453 σοξέενζουὺὲ

1455 2474 1544 2553 _6.
1581 2473 1727 2553 Πρὸς
1787 2473 1851 2540 τῇ
1900 2469 2112 2540 βαλάνῳ
2150 2471 2216 2539 τῇ
2264 2467 2460 2539 εὐρετῇ

1420 2561 1520 2613 της
1545 2558 1802 2604 στασεως.

382 2629 433 2684 7·
1491 2636 1545 2687 7.
1591 2633 1714 2686 Ἐπὶ⁸
1747 2631 2009 2702 κορυφήν.
2038 2631 2279 2693 Ἄλλος,
2307 2628 2364 2680 ὲν
2390 2629 2457 2698 τῇ

1421 2707 1653 2778 κορυφῇ.

1490 2798 1543 2851 9.
1580 2795 1672 2866 Μὴ
1711 2793 2050 2866 ἀπολείψαοξα
2099 2792 2197 2866 τὴν
2231 2788 2462 2860 πιότητα

1423 2883 1559 2936 μου;
1597 2864 1848 2928 Ἄλλως,
1888 2864 1962 2935 μὴ
1993 2865 2247 2932 ἀφιεῖσαι

1491 2956 1857 3030 Πορεύσομαι.
1897 2957 2150 3018 Ἄλλως,
2191 2949 2463 3023 πορευθῶ.

379 2470 434 2526 6.
471 2470 628 2542 Παρὰ
659 2469 756 2544 τὴν
781 2470 910 2544 δρῦν
938 2473 1037 2544 τὴν
1061 2473 1327 2528 ἑστῶσαν.

310 2789 446 2929 “M9,.-
480 2789 622 2862 Ἀρα
688 2791 970 2866 παύσομαι
1007 2795 1102 2850 τοῦ
1160 2795 1345 2860 λίπους,

432 2900 449 2927 ο

387 3039 468 3095 11.
1497 3048 1584 3101 11.
1627 3046 2012 3116 Ἀπολείψασα.
2040 3045 2281 3107 Ἀλλως
2302 3081 2318 3106 ,
2360 3041 2466 3110 ἀφ-

1425 3120 1586 3173 ιεῖσα.

1496 3209 1720 3279 Ἀρχειν
1773 3207 1899 3279 τῶνῌ
1937 3205 2130 3279 ξύλων.
2205 3205 2460 3279 Ἄλλως,

1421 3274 1673 3348 ἡγεῖέθαι
1710 3279 1803 3331 ἐπὶ
1834 3277 1942 3332 τῶν
2207 3274 2463 3337 Ἀλλως,

1423 3347 1688 3404 κινεῖσθαι
1713 3350 1805 3401 ἐπὶ
1832 3348 1937 3401 τῶν
1988 3347 2180 3414 ξύλων.

387 3436 471 3492 13.
1495 3439 1582 3495 15.
1637 3437 2017 3508 Ἀπολείψασα.
2058 3439 2306 3500 Ἄλλως,
2357 3431 2465 3502 ἀφ-

1427 3511 1586 3564 ιεῖσα.

595 3619 1037 3679 ΒΥΜΠΑΩΗυδ.
1587 3625 1724 3680 LXX
1763 3622 2264 3682 INTERPRETES.

1502 3742 1552 3794 1.
1590 3741 1646 3795 ln
1673 3741 1925 3813 Sychem.
1959 3740 2147 3804 Aliter,
2180 3737 2395 3793 Sicima.

385 3826 438 3881 2.
1497 3830 1552 3885 2.
1593 3831 1848 3902 Sychem.
1878 3829 2007 3894 Alii,
2024 3828 2374 3883 Sicimorum.

387 3735 413 3790 1

1500 3921 1641 3988 Quid
1675 3924 1898 3977 bonum.
1930 3921 2104 3988 Alius,
2154 3919 2312 3990 quale
2355 3932 2469 3972 me-

1429 3991 1553 4046 lius.

1499 4010 1502 4045 ι
1543 4034 1553 4045 .

1499 4009 1554 4138 ἓ.
1592 4083 1846 4154 Sychem.
1883 4081 2058 4146 Alius,
2090 4079 2443 4136 Sicimorum.

1501 4173 1555 4225 4.
1589 4171 1631 4224 Ε
1661 4173 1849 4226 domo.

390 4081 440 4136 3.

389 4171 444 4226 ι.

1503 4265 1835 4320 Baalberith.
1891 4263 2043 4318 Alius
2071 4303 2086 4327 ,
2135 4260 2266 4316 Baal
2314 4268 2478 4316 testa-

1435 4335 1622 4389 menti.

1507 4425 1642 4481 Sibi.
1680 4426 1851 4489 Alius,
1890 4427 1943 4480 in
1974 4426 2074 4480 eis.

395 4519 618 4574 Otiosos
655 4524 708 4572 et
731 4515 1066 4585 desperatos.

1437 4598 1543 4643 tos.

392 4675 445 4734 6.
477 4678 555 4733 Ad
586 4693 847 4748 quercum
880 4684 1132 4732 stantem.

1437 4750 1619 4803 tionis.

398 4837 450 4893 7.
1509 4840 1558 4892 '7.
1588 4839 1760 4908 Super
1788 4851 2068 4893 cacumen.
2099 4835 2271 4900 Alius,
2299 4833 2354 4888 in
2385 4849 2477 4888 ca-

1436 4910 1672 4966 cumino.

396 4998 448 5052 9.
505 4996 644 5052 Num
681 4999 907 5054 cessabo
966 5015 995 5053 a
1037 4995 1362 5068 pinguedine

325 5068 481 5122 mea?
1037 5065 1054 5068 “
1138 5065 1155 5068 ’
1438 5088 1562 5125 nem
1617 5071 1838 5125 meam?
1880 5065 2066 5129 Aliter,
2119 5082 2247 5119 num
2292 5065 2475 5120 dimit-

1437 5154 1558 5195 tens
1577 5142 1600 5193 ’ί

1507 5233 1618 5287 Ibo.
1651 5231 1836 5295 Aliter,
1873 5245 2014 5284 eain.

401 5319 485 5374 11.
1510 5323 1596 5376 11.
1629 5321 2038 5390 Derelinquens.
2084 5318 2271 5381 Aliter,
2295 5316 2474 5370 dimit-

1439 5403 1578 5447 tens.

1511 5481 1790 5536 Dominari
1821 5480 2000 5549 lignis.
2040 5478 2226 5542 Aliter,
2271 5475 2475 5549 princi-

1439 5563 1623 5621 patum
1655 5545 2038 5618 habere'super
2076 5549 2238 5617 ligna.
2277 5545 2472 5610 Aliter,

1440 5623 1641 5679 moveri
1679 5637 1841 5691 super
1873 5622 2036 5690 ligna.

401 5709 492 5770 i3.
1514 5713 1599 5766 13.
1633 5712 2039 5782 Derelinqucns.
2073 5711 2260 5778 Aliter,
2296 5707 2475 5765 dimit-

1441 5794 1580 5841 ιεηο.

1491 2313 1697 2375 Κενοὺς
1718 2312 1812 2363 κα)⁵
1834 2307 2063 2372 δειλούς.
2105 2309 2304 2374 Ἀλλ,
2324 2305 2464 2377 θαμ-

1508 4520 1703 4572 Inanes
1731 4527 1784 4570 et
1813 4519 2062 4570 miseros.
2083 4511 2477 4580 Alius,attoni-

1507 4681 1558 4731 6.
1591 4676 1755 4732 Juxta
1779 4693 2040 4747 quercum
2073 4675 2344 4729 inventam
2368 4681 2479 4726 sta-

1507 5002 1561 5056 9.
1595 4998 1734 5052 Num
1769 4999 2149 5067 derelinquens
2189 4995 2474 5067 pinguedi—

2847 1362 3249 1420 ΘΕΟΔΟΤΙΩΝ.

2599 1530 2652 1584 1.
2680 1528 2902 1599 Σίκιμα.

2600 1873 2634 1926 '5

2700 1962 2794 2017 Ἐκ
2815 1958 2909 2015 τοῦ
2933 1939 3106 2015 οἴκου.

2607 2459 2665 2514 6.

2607 2619 2662 2674 7.

2611 2780 2665 2835 9.
2691 2777 2778 2850 Μὴ
2799 2779 3020 2848 ἀφιεῖσα
3041 2793 3058 2844 ;

2608 2937 2885 3011 Πορευθῶ.

2611 3033 2700 3087 11.
2749 3034 3013 3102 Ἀφιεῖσα.

2617 3196 2896 3266 Ἡγεῖσθαι
2919 3197 3012 3250 ἐπὶ
3037 3194 3146 3252 τῶν
3168 3195 3362 3263 iam.

2609 3427 2695 3484 15.
2740 3426 2999 3496 Ἀφιεῖσα.

2849 3613 2939 3666 ΤΗ
2949 3610 3270 3670 EODOTIO.

2616 3731 2666 3782 1.
2705 3725 2928 3782 Sicima.

2614 3818 2670 3875 2.

2613 4074 2646 4112 ῗι

2707 4162 2749 4218 Ε
2778 4163 2960 4221 domo.

2619 4641 2718 4732 οξ

2625 4839 2676 4892 7.

2619 4999 2672 5054 9.
2708 4997 2846 5054 Num
2877 4997 3198 5054 dimittens?

2621 5229 2768 5283 Eam.

2620 5323 2639 5374 1
2660 5322 2702 5374 Ι.
2741 5320 3038 5375 Dimittens.

2619 5482 2986 5550 Principatum
3012 5481 3211 5535 habere
3234 5494 3396 5550 super
3417 5478 3582 5550 ligna.

2622 5709 2706 5763 15.
2740 5707 3040 5764 Dimittens.
