  <div class='ocr_page' id='page_1' title='image "/cluster/home/n/w/nwhite01/storage/ocr_20150623/15:no.5/coo.31924054872936/645.png"; bbox 0 0 4082 6416; ppageno 0'>
   <div class='ocr_carea' id='block_1_1' title="bbox 573 321 706 376">
    <p class='ocr_par' dir='ltr' id='par_1_1' title="bbox 573 321 706 376">
     <span class='ocr_line' id='line_1_1' title="bbox 573 321 706 376; baseline 0.008 -1"><span class='ocrx_word' id='word_1_1' title='bbox 573 321 706 376; x_wconf 66' lang='grc'><strong>1355</strong></span> 
     </span>
    </p>
   </div>
   <div class='ocr_carea' id='block_1_2' title="bbox 849 435 1330 492">
    <p class='ocr_par' dir='ltr' id='par_1_2' title="bbox 849 435 1330 492">
     <span class='ocr_line' id='line_1_2' title="bbox 849 435 1330 492; baseline 0.006 -4"><span class='ocrx_word' id='word_1_2' title='bbox 849 437 936 489; x_wconf 86' lang='grc' dir='ltr'><strong>ΤΟ</strong></span> <span class='ocrx_word' id='word_1_3' title='bbox 962 435 1330 492; x_wconf 78' lang='grc' dir='ltr'><strong>ΕΒΡΑΙΚΟΝ.</strong></span> 
     </span>
    </p>
   </div>
   <div class='ocr_carea' id='block_1_3' title="bbox 1401 584 1533 659">
    <p class='ocr_par' dir='ltr' id='par_1_3' title="bbox 1401 584 1533 659">
     <span class='ocr_line' id='line_1_3' title="bbox 1401 584 1533 659; baseline -0.008 -1"><span class='ocrx_word' id='word_1_4' title='bbox 1401 584 1533 659; x_wconf 58' lang='lat' dir='ltr'><strong>5mm</strong></span> 
     </span>
    </p>
   </div>
   <div class='ocr_carea' id='block_1_4' title="bbox 1326 676 1531 750">
    <p class='ocr_par' dir='ltr' id='par_1_4' title="bbox 1326 676 1531 750">
     <span class='ocr_line' id='line_1_4' title="bbox 1326 676 1531 750; baseline -0.024 0"><span class='ocrx_word' id='word_1_5' title='bbox 1326 676 1464 750; x_wconf 55' lang='grc' dir='ltr'><strong>ηδδὸ</strong></span> <span class='ocrx_word' id='word_1_6' title='bbox 1502 693 1531 745; x_wconf 87' lang='lat'><strong>7</strong></span> 
     </span>
    </p>
   </div>
   <div class='ocr_carea' id='block_1_5' title="bbox 705 851 1532 915">
    <p class='ocr_par' dir='ltr' id='par_1_5' title="bbox 705 851 1532 915">
     <span class='ocr_line' id='line_1_5' title="bbox 705 851 1532 915; baseline -0.004 -7"><span class='ocrx_word' id='word_1_7' title='bbox 705 861 836 909; x_wconf 63' lang='grc' dir='ltr'><strong>ενα</strong></span> <span class='ocrx_word' id='word_1_8' title='bbox 871 860 1121 915; x_wconf 64' lang='grc' dir='ltr'><strong>ΠῚΊΩΓἿἯ</strong></span> <span class='ocrx_word' id='word_1_9' title='bbox 1158 861 1461 912; x_wconf 69' lang='grc' dir='ltr'><strong>ΊΠὩΠὩΠΠΊ</strong></span> <span class='ocrx_word' id='word_1_10' title='bbox 1499 851 1532 905; x_wconf 85' lang='grc'>8</span> 
     </span>
    </p>
   </div>
   <div class='ocr_carea' id='block_1_6' title="bbox 1140 1065 1534 1140">
    <p class='ocr_par' dir='ltr' id='par_1_6' title="bbox 1140 1065 1534 1140">
     <span class='ocr_line' id='line_1_6' title="bbox 1140 1065 1534 1140; baseline 0.003 -1"><span class='ocrx_word' id='word_1_11' title='bbox 1140 1088 1325 1140; x_wconf 66' lang='lat' dir='ltr'><strong>omnia</strong></span> <span class='ocrx_word' id='word_1_12' title='bbox 1362 1065 1534 1140; x_wconf 55' lang='lat' dir='ltr'><strong>imm</strong></span> 
     </span>
    </p>
   </div>
   <div class='ocr_carea' id='block_1_7' title="bbox 680 3294 1518 3354">
    <p class='ocr_par' dir='ltr' id='par_1_7' title="bbox 680 3294 1518 3354">
     <span class='ocr_line' id='line_1_7' title="bbox 680 3294 1518 3354; baseline 0.001 -2"><span class='ocrx_word' id='word_1_13' title='bbox 680 3296 926 3354; x_wconf 80' lang='lat' dir='ltr'><strong>VERSIO</strong></span> <span class='ocrx_word' id='word_1_14' title='bbox 963 3294 1277 3352; x_wconf 78' lang='lat' dir='ltr'><strong>HEBRAICI</strong></span> <span class='ocrx_word' id='word_1_15' title='bbox 1312 3294 1518 3354; x_wconf 84' lang='lat' dir='ltr'><strong>TEXT.</strong></span> 
     </span>
    </p>
   </div>
   <div class='ocr_carea' id='block_1_8' title="bbox 646 3455 806 3512">
    <p class='ocr_par' dir='ltr' id='par_1_8' title="bbox 646 3455 806 3512">
     <span class='ocr_line' id='line_1_8' title="bbox 646 3455 806 3512; baseline 0.013 -4"><span class='ocrx_word' id='word_1_16' title='bbox 646 3455 806 3512; x_wconf 85' lang='lat' dir='ltr'><strong>Velis.</strong></span> 
     </span>
    </p>
   </div>
   <div class='ocr_carea' id='block_1_9' title="bbox 641 3549 1086 3606">
    <p class='ocr_par' dir='ltr' id='par_1_9' title="bbox 641 3549 1086 3606">
     <span class='ocr_line' id='line_1_9' title="bbox 641 3549 1086 3606; baseline 0.007 -4"><span class='ocrx_word' id='word_1_17' title='bbox 641 3549 695 3602; x_wconf 91' lang='lat'><strong>7.</strong></span> <span class='ocrx_word' id='word_1_18' title='bbox 725 3549 807 3605; x_wconf 87' lang='lat' dir='ltr'><strong>Ad</strong></span> <span class='ocrx_word' id='word_1_19' title='bbox 825 3549 1086 3606; x_wconf 89' lang='lat' dir='ltr'><strong>eundum.</strong></span> 
     </span>
    </p>
   </div>
   <div class='ocr_carea' id='block_1_10' title="bbox 642 3709 1609 3781">
    <p class='ocr_par' dir='ltr' id='par_1_10' title="bbox 642 3709 1609 3781">
     <span class='ocr_line' id='line_1_10' title="bbox 642 3709 1609 3781; baseline 0.002 -17"><span class='ocrx_word' id='word_1_20' title='bbox 642 3711 694 3766; x_wconf 92' lang='lat'><strong>8.</strong></span> <span class='ocrx_word' id='word_1_21' title='bbox 745 3709 812 3767; x_wconf 89' lang='lat' dir='ltr'><strong>Et</strong></span> <span class='ocrx_word' id='word_1_22' title='bbox 852 3711 1204 3766; x_wconf 81' lang='lat' dir='ltr'><strong>tardaverunt</strong></span> <span class='ocrx_word' id='word_1_23' title='bbox 1251 3725 1430 3781; x_wconf 81' lang='lat' dir='ltr'><strong>usque</strong></span> <span class='ocrx_word' id='word_1_24' title='bbox 1481 3710 1609 3766; x_wconf 89' lang='lat' dir='ltr'><strong>dum</strong></span> 
     </span>
    </p>
   </div>
   <div class='ocr_carea' id='block_1_11' title="bbox 574 3781 1040 3837">
    <p class='ocr_par' dir='ltr' id='par_1_11' title="bbox 574 3781 1040 3837">
     <span class='ocr_line' id='line_1_11' title="bbox 574 3781 1040 3837; baseline -0.004 -1"><span class='ocrx_word' id='word_1_25' title='bbox 574 3782 872 3837; x_wconf 86' lang='lat' dir='ltr'><strong>declinaret</strong></span> <span class='ocrx_word' id='word_1_26' title='bbox 904 3781 1040 3837; x_wconf 89' lang='lat' dir='ltr'><strong>dies.</strong></span> 
     </span>
    </p>
   </div>
   <div class='ocr_carea' id='block_1_12' title="bbox 643 3941 1367 4013">
    <p class='ocr_par' dir='ltr' id='par_1_12' title="bbox 643 3941 1367 4013">
     <span class='ocr_line' id='line_1_12' title="bbox 643 3941 1367 4013; baseline 0.003 -18"><span class='ocrx_word' id='word_1_27' title='bbox 643 3941 710 3997; x_wconf 84' lang='lat' dir='ltr'><strong>Et</strong></span> <span class='ocrx_word' id='word_1_28' title='bbox 735 3951 1085 3998; x_wconf 77' lang='lat' dir='ltr'><strong>comederunt</strong></span> <span class='ocrx_word' id='word_1_29' title='bbox 1111 3942 1215 4013; x_wconf 83' lang='lat' dir='ltr'><strong>ipsi</strong></span> <span class='ocrx_word' id='word_1_30' title='bbox 1239 3943 1367 3998; x_wconf 92' lang='lat' dir='ltr'><strong>duo.</strong></span> 
     </span>
    </p>
   </div>
   <div class='ocr_carea' id='block_1_13' title="bbox 645 4139 1088 4227">
    <p class='ocr_par' dir='ltr' id='par_1_13' title="bbox 645 4139 1088 4227">
     <span class='ocr_line' id='line_1_13' title="bbox 645 4139 1088 4227; baseline -0.005 0"><span class='ocrx_word' id='word_1_31' title='bbox 645 4172 696 4227; x_wconf 88' lang='lat'><strong>9.</strong></span> <span class='ocrx_word' id='word_1_32' title='bbox 720 4171 798 4227; x_wconf 84' lang='lat' dir='ltr'><strong>Ad</strong></span> <span class='ocrx_word' id='word_1_33' title='bbox 827 4139 1088 4227; x_wconf 84' lang='lat' dir='ltr'><strong>eundum.</strong></span> 
     </span>
    </p>
   </div>
   <div class='ocr_carea' id='block_1_14' title="bbox 645 4337 1042 4408">
    <p class='ocr_par' dir='ltr' id='par_1_14' title="bbox 645 4337 1042 4408">
     <span class='ocr_line' id='line_1_14' title="bbox 645 4337 1042 4408; baseline 0.005 -18"><span class='ocrx_word' id='word_1_34' title='bbox 645 4337 712 4392; x_wconf 87' lang='lat' dir='ltr'><strong>Et</strong></span> <span class='ocrx_word' id='word_1_35' title='bbox 739 4353 873 4408; x_wconf 87' lang='lat' dir='ltr'><strong>puer</strong></span> <span class='ocrx_word' id='word_1_36' title='bbox 897 4337 1042 4408; x_wconf 89' lang='lat' dir='ltr'><strong>ejus.</strong></span> 
     </span>
    </p>
   </div>
   <div class='ocr_carea' id='block_1_15' title="bbox 646 4428 990 4485">
    <p class='ocr_par' dir='ltr' id='par_1_15' title="bbox 646 4428 990 4485">
     <span class='ocr_line' id='line_1_15' title="bbox 646 4428 990 4485; baseline 0.009 -4"><span class='ocrx_word' id='word_1_37' title='bbox 646 4428 875 4484; x_wconf 77' lang='lat' dir='ltr'><strong>Remisit</strong></span> <span class='ocrx_word' id='word_1_38' title='bbox 911 4443 990 4485; x_wconf 89' lang='lat' dir='ltr'><strong>se.</strong></span> 
     </span>
    </p>
   </div>
   <div class='ocr_carea' id='block_1_16' title="bbox 642 4519 927 4576">
    <p class='ocr_par' dir='ltr' id='par_1_16' title="bbox 642 4519 927 4576">
     <span class='ocr_line' id='line_1_16' title="bbox 642 4519 927 4576; baseline 0.007 -2"><span class='ocrx_word' id='word_1_39' title='bbox 642 4519 927 4576; x_wconf 88' lang='lat' dir='ltr'><strong>Pernocta.</strong></span> 
     </span>
    </p>
   </div>
   <div class='ocr_carea' id='block_1_17' title="bbox 642 4610 851 4667">
    <p class='ocr_par' dir='ltr' id='par_1_17' title="bbox 642 4610 851 4667">
     <span class='ocr_line' id='line_1_17' title="bbox 642 4610 851 4667; baseline 0 -4"><span class='ocrx_word' id='word_1_40' title='bbox 642 4610 708 4666; x_wconf 89' lang='lat' dir='ltr'><strong>Et</strong></span> <span class='ocrx_word' id='word_1_41' title='bbox 728 4612 851 4667; x_wconf 89' lang='lat' dir='ltr'><strong>ibis.</strong></span> 
     </span>
    </p>
   </div>
   <div class='ocr_carea' id='block_1_18' title="bbox 645 4701 1062 4756">
    <p class='ocr_par' dir='ltr' id='par_1_18' title="bbox 645 4701 1062 4756">
     <span class='ocr_line' id='line_1_18' title="bbox 645 4701 1062 4756; baseline 0.005 -2"><span class='ocrx_word' id='word_1_42' title='bbox 645 4703 733 4756; x_wconf 79' lang='grc'><strong>10.</strong></span> <span class='ocrx_word' id='word_1_43' title='bbox 775 4701 842 4756; x_wconf 86' lang='lat' dir='ltr'><strong>Et</strong></span> <span class='ocrx_word' id='word_1_44' title='bbox 871 4702 1062 4756; x_wconf 91' lang='lat' dir='ltr'><strong>noluit.</strong></span> 
     </span>
    </p>
   </div>
   <div class='ocr_carea' id='block_1_19' title="bbox 647 4860 909 4915">
    <p class='ocr_par' dir='ltr' id='par_1_19' title="bbox 647 4860 909 4915">
     <span class='ocr_line' id='line_1_19' title="bbox 647 4860 909 4915; baseline 0.004 -2"><span class='ocrx_word' id='word_1_45' title='bbox 647 4862 710 4915; x_wconf 59' lang='lat' dir='ltr'><strong>Et</strong></span> <span class='ocrx_word' id='word_1_46' title='bbox 743 4860 909 4914; x_wconf 82' lang='lat' dir='ltr'><strong>venit.</strong></span> 
     </span>
    </p>
   </div>
   <div class='ocr_carea' id='block_1_20' title="bbox 641 5003 1073 5075">
    <p class='ocr_par' dir='ltr' id='par_1_20' title="bbox 641 5003 1073 5075">
     <span class='ocr_line' id='line_1_20' title="bbox 641 5003 1073 5075; baseline -0.002 -1"><span class='ocrx_word' id='word_1_47' title='bbox 641 5020 958 5075; x_wconf 79' lang='lat' dir='ltr'><strong>Asinorum.</strong></span> <span class='ocrx_word' id='word_1_48' title='bbox 1065 5003 1073 5009; x_wconf 47' lang='grc'><em>”</em></span> 
     </span>
    </p>
   </div>
   <div class='ocr_carea' id='block_1_21' title="bbox 645 5108 1134 5164">
    <p class='ocr_par' dir='ltr' id='par_1_21' title="bbox 645 5108 1134 5164">
     <span class='ocr_line' id='line_1_21' title="bbox 645 5108 1134 5164; baseline 0.002 -2"><span class='ocrx_word' id='word_1_49' title='bbox 645 5110 731 5162; x_wconf 90' lang='grc'><strong>11.</strong></span> <span class='ocrx_word' id='word_1_50' title='bbox 753 5108 1134 5164; x_wconf 81' lang='lat' dir='ltr'><strong>Descenderat.</strong></span> 
     </span>
    </p>
   </div>
   <div class='ocr_carea' id='block_1_22' title="bbox 643 5268 802 5324">
    <p class='ocr_par' dir='ltr' id='par_1_22' title="bbox 643 5268 802 5324">
     <span class='ocr_line' id='line_1_22' title="bbox 643 5268 802 5324; baseline 0.006 -1"><span class='ocrx_word' id='word_1_51' title='bbox 643 5268 802 5324; x_wconf 85' lang='lat' dir='ltr'><strong>Puer.</strong></span> 
     </span>
    </p>
   </div>
   <div class='ocr_carea' id='block_1_23' title="bbox 647 5357 1026 5415">
    <p class='ocr_par' dir='ltr' id='par_1_23' title="bbox 647 5357 1026 5415">
     <span class='ocr_line' id='line_1_23' title="bbox 647 5357 1026 5415; baseline 0 -3"><span class='ocrx_word' id='word_1_52' title='bbox 647 5358 733 5414; x_wconf 72' lang='grc'>12.</span> <span class='ocrx_word' id='word_1_53' title='bbox 774 5357 850 5413; x_wconf 87' lang='lat' dir='ltr'><strong>De</strong></span> <span class='ocrx_word' id='word_1_54' title='bbox 880 5357 1026 5415; x_wconf 84' lang='lat' dir='ltr'><strong>ﬁliis.</strong></span> 
     </span>
    </p>
   </div>
   <div class='ocr_carea' id='block_1_24' title="bbox 647 5449 1129 5519">
    <p class='ocr_par' dir='ltr' id='par_1_24' title="bbox 647 5449 1129 5519">
     <span class='ocr_line' id='line_1_24' title="bbox 647 5449 1129 5519; baseline -0.006 -13"><span class='ocrx_word' id='word_1_55' title='bbox 647 5451 737 5506; x_wconf 79' lang='grc'><strong>15.</strong></span> <span class='ocrx_word' id='word_1_56' title='bbox 772 5449 948 5506; x_wconf 85' lang='lat' dir='ltr'><strong>Puero</strong></span> <span class='ocrx_word' id='word_1_57' title='bbox 987 5449 1129 5519; x_wconf 88' lang='lat' dir='ltr'><strong>ejus.</strong></span> 
     </span>
    </p>
   </div>
   <div class='ocr_carea' id='block_1_25' title="bbox 645 5539 1191 5609">
    <p class='ocr_par' dir='ltr' id='par_1_25' title="bbox 645 5539 1191 5609">
     <span class='ocr_line' id='line_1_25' title="bbox 645 5539 1191 5609; baseline 0.002 -15"><span class='ocrx_word' id='word_1_58' title='bbox 645 5539 711 5594; x_wconf 80' lang='lat' dir='ltr'><strong>Et</strong></span> <span class='ocrx_word' id='word_1_59' title='bbox 733 5541 1191 5609; x_wconf 85' lang='lat' dir='ltr'><strong>pernoctabimus.</strong></span> 
     </span>
    </p>
   </div>
   <div class='ocr_carea' id='block_1_26' title="bbox 649 5629 1106 5687">
    <p class='ocr_par' dir='ltr' id='par_1_26' title="bbox 649 5629 1106 5687">
     <span class='ocr_line' id='line_1_26' title="bbox 649 5629 1106 5687; baseline 0 -2"><span class='ocrx_word' id='word_1_60' title='bbox 649 5633 731 5685; x_wconf 71' lang='grc'><strong>14.</strong></span> <span class='ocrx_word' id='word_1_61' title='bbox 753 5629 816 5685; x_wconf 85' lang='lat' dir='ltr'><strong>Et</strong></span> <span class='ocrx_word' id='word_1_62' title='bbox 843 5633 1106 5687; x_wconf 83' lang='lat' dir='ltr'><strong>abierunt.</strong></span> 
     </span>
    </p>
   </div>
   <div class='ocr_carea' id='block_1_27' title="bbox 1622 315 2776 384">
    <p class='ocr_par' dir='ltr' id='par_1_27' title="bbox 1622 315 2776 384">
     <span class='ocr_line' id='line_1_27' title="bbox 1622 315 2776 384; baseline -0.003 -11"><span class='ocrx_word' id='word_1_63' title='bbox 1622 317 2095 374; x_wconf 50' lang='lat' dir='ltr'><strong>l&#39;lEXAPLOIlUM</strong></span> <span class='ocrx_word' id='word_1_64' title='bbox 2134 317 2298 384; x_wconf 68' lang='lat' dir='ltr'><strong>QUIE</strong></span> <span class='ocrx_word' id='word_1_65' title='bbox 2341 315 2776 373; x_wconf 81' lang='lat' dir='ltr'><strong>SUPERSUNT.</strong></span> 
     </span>
    </p>
   </div>
   <div class='ocr_carea' id='block_1_28' title="bbox 1989 435 2466 490">
    <p class='ocr_par' dir='ltr' id='par_1_28' title="bbox 1989 435 2466 490">
     <span class='ocr_line' id='line_1_28' title="bbox 1989 435 2466 490; baseline -0.006 -1"><span class='ocrx_word' id='word_1_66' title='bbox 1989 439 2076 489; x_wconf 88' lang='grc' dir='ltr'><strong>ΤΟ</strong></span> <span class='ocrx_word' id='word_1_67' title='bbox 2120 438 2318 490; x_wconf 76' lang='grc' dir='ltr'><strong>ΕΒΡΑῘ</strong></span> <span class='ocrx_word' id='word_1_68' title='bbox 2328 435 2466 488; x_wconf 82' lang='grc' dir='ltr'><strong>ΚΟΝ</strong></span> 
     </span>
    </p>
   </div>
   <div class='ocr_carea' id='block_1_29' title="bbox 1859 507 2529 579">
    <p class='ocr_par' dir='ltr' id='par_1_29' title="bbox 1859 507 2529 579">
     <span class='ocr_line' id='line_1_29' title="bbox 1859 507 2529 579; baseline -0.007 -18"><span class='ocrx_word' id='word_1_69' title='bbox 1859 507 2190 579; x_wconf 77' lang='grc' dir='ltr'><strong>Ἑλληνικοῖς</strong></span> <span class='ocrx_word' id='word_1_70' title='bbox 2222 507 2529 579; x_wconf 81' lang='grc' dir='ltr'>γράμμασι.</span> 
     </span>
    </p>
   </div>
   <div class='ocr_carea' id='block_1_30' title="bbox 1757 1894 1842 1950">
    <p class='ocr_par' dir='ltr' id='par_1_30' title="bbox 1757 1894 1842 1950">
     <span class='ocr_line' id='line_1_30' title="bbox 1757 1894 1842 1950; baseline 0.024 -2"><span class='ocrx_word' id='word_1_71' title='bbox 1757 1894 1842 1950; x_wconf 85' lang='grc'><strong>10.</strong></span> 
     </span>
    </p>
   </div>
   <div class='ocr_carea' id='block_1_31' title="bbox 1757 2308 1845 2365">
    <p class='ocr_par' dir='ltr' id='par_1_31' title="bbox 1757 2308 1845 2365">
     <span class='ocr_line' id='line_1_31' title="bbox 1757 2308 1845 2365; baseline 0.045 -4"><span class='ocrx_word' id='word_1_72' title='bbox 1757 2308 1845 2365; x_wconf 80' lang='grc'><strong>11.</strong></span> 
     </span>
    </p>
   </div>
   <div class='ocr_carea' id='block_1_32' title="bbox 1752 2559 1839 2613">
    <p class='ocr_par' dir='ltr' id='par_1_32' title="bbox 1752 2559 1839 2613">
     <span class='ocr_line' id='line_1_32' title="bbox 1752 2559 1839 2613; baseline 0.023 -2"><span class='ocrx_word' id='word_1_73' title='bbox 1752 2559 1839 2613; x_wconf 74' lang='grc'>12.</span> 
     </span>
    </p>
   </div>
   <div class='ocr_carea' id='block_1_33' title="bbox 1759 2722 1847 2776">
    <p class='ocr_par' dir='ltr' id='par_1_33' title="bbox 1759 2722 1847 2776">
     <span class='ocr_line' id='line_1_33' title="bbox 1759 2722 1847 2776; baseline 0.023 -2"><span class='ocrx_word' id='word_1_74' title='bbox 1759 2722 1847 2776; x_wconf 73' lang='grc'><strong>15.</strong></span> 
     </span>
    </p>
   </div>
   <div class='ocr_carea' id='block_1_34' title="bbox 1757 3043 1848 3099">
    <p class='ocr_par' dir='ltr' id='par_1_34' title="bbox 1757 3043 1848 3099">
     <span class='ocr_line' id='line_1_34' title="bbox 1757 3043 1848 3099; baseline 0 0"><span class='ocrx_word' id='word_1_75' title='bbox 1757 3043 1848 3099; x_wconf 80' lang='lat' dir='ltr'><strong>M-</strong></span> 
     </span>
    </p>
   </div>
   <div class='ocr_carea' id='block_1_35' title="bbox 1874 3297 2526 3362">
    <p class='ocr_par' dir='ltr' id='par_1_35' title="bbox 1874 3297 2526 3362">
     <span class='ocr_line' id='line_1_35' title="bbox 1874 3297 2526 3362; baseline 0.012 -9"><span class='ocrx_word' id='word_1_76' title='bbox 1874 3297 2200 3358; x_wconf 80' lang='lat' dir='ltr'><strong>VULGATA</strong></span> <span class='ocrx_word' id='word_1_77' title='bbox 2253 3301 2526 3362; x_wconf 79' lang='lat' dir='ltr'><strong>LATINA.</strong></span> 
     </span>
    </p>
   </div>
   <div class='ocr_carea' id='block_1_36' title="bbox 1755 3461 2054 3528">
    <p class='ocr_par' dir='ltr' id='par_1_36' title="bbox 1755 3461 2054 3528">
     <span class='ocr_line' id='line_1_36' title="bbox 1755 3461 2054 3528; baseline 0.017 -12"><span class='ocrx_word' id='word_1_78' title='bbox 1755 3461 1952 3528; x_wconf 63' lang='lat' dir='ltr'><strong>Quaeso</strong></span> <span class='ocrx_word' id='word_1_79' title='bbox 1983 3471 2054 3521; x_wconf 80' lang='lat' dir='ltr'><strong>te.</strong></span> 
     </span>
    </p>
   </div>
   <div class='ocr_carea' id='block_1_37' title="bbox 1749 3554 2494 3628">
    <p class='ocr_par' dir='ltr' id='par_1_37' title="bbox 1749 3554 2494 3628">
     <span class='ocr_line' id='line_1_37' title="bbox 1749 3554 2494 3628; baseline 0.012 -21"><span class='ocrx_word' id='word_1_80' title='bbox 1749 3554 1804 3609; x_wconf 88' lang='lat'><strong>7.</strong></span> <span class='ocrx_word' id='word_1_81' title='bbox 1835 3555 2007 3626; x_wconf 83' lang='lat' dir='ltr'><strong>Coepit</strong></span> <span class='ocrx_word' id='word_1_82' title='bbox 2032 3555 2168 3613; x_wconf 84' lang='lat' dir='ltr'><strong>velle</strong></span> <span class='ocrx_word' id='word_1_83' title='bbox 2196 3559 2494 3628; x_wconf 82' lang='lat' dir='ltr'><strong>proﬁcisci.</strong></span> 
     </span>
    </p>
   </div>
   <div class='ocr_carea' id='block_1_38' title="bbox 1751 3710 2489 3775">
    <p class='ocr_par' dir='ltr' id='par_1_38' title="bbox 1751 3710 2489 3775">
     <span class='ocr_line' id='line_1_38' title="bbox 1751 3710 2489 3775; baseline 0.012 -9"><span class='ocrx_word' id='word_1_84' title='bbox 1751 3710 1806 3767; x_wconf 87' lang='lat'><strong>8.</strong></span> <span class='ocrx_word' id='word_1_85' title='bbox 1847 3710 2028 3770; x_wconf 85' lang='lat' dir='ltr'><strong>Donec</strong></span> <span class='ocrx_word' id='word_1_86' title='bbox 2053 3715 2324 3774; x_wconf 81' lang='lat' dir='ltr'><strong>increscat</strong></span> <span class='ocrx_word' id='word_1_87' title='bbox 2351 3717 2489 3775; x_wconf 81' lang='lat' dir='ltr'><strong>dies.</strong></span> 
     </span>
    </p>
   </div>
   <div class='ocr_carea' id='block_1_39' title="bbox 1747 3938 2476 4013">
    <p class='ocr_par' dir='ltr' id='par_1_39' title="bbox 1747 3938 2476 4013">
     <span class='ocr_line' id='line_1_39' title="bbox 1747 3938 2476 4013; baseline 0.008 -21"><span class='ocrx_word' id='word_1_88' title='bbox 1747 3938 2114 3996; x_wconf 82' lang='lat' dir='ltr'><strong>Comederunt</strong></span> <span class='ocrx_word' id='word_1_89' title='bbox 2137 3955 2267 4013; x_wconf 73' lang='lat' dir='ltr'><strong>ergo</strong></span> <span class='ocrx_word' id='word_1_90' title='bbox 2294 3942 2476 3998; x_wconf 90' lang='lat' dir='ltr'><strong>simul.</strong></span> 
     </span>
    </p>
   </div>
   <div class='ocr_carea' id='block_1_40' title="bbox 1752 4165 2202 4240">
    <p class='ocr_par' dir='ltr' id='par_1_40' title="bbox 1752 4165 2202 4240">
     <span class='ocr_line' id='line_1_40' title="bbox 1752 4165 2202 4240; baseline 0.004 -18"><span class='ocrx_word' id='word_1_91' title='bbox 1752 4167 1805 4222; x_wconf 89' lang='lat'><strong>9.</strong></span> <span class='ocrx_word' id='word_1_92' title='bbox 1833 4165 1900 4222; x_wconf 84' lang='lat' dir='ltr'><strong>Ut</strong></span> <span class='ocrx_word' id='word_1_93' title='bbox 1933 4177 2202 4240; x_wconf 75' lang='lat' dir='ltr'><strong>pergeret.</strong></span> 
     </span>
    </p>
   </div>
   <div class='ocr_carea' id='block_1_41' title="bbox 1757 4326 2028 4396">
    <p class='ocr_par' dir='ltr' id='par_1_41' title="bbox 1757 4326 2028 4396">
     <span class='ocr_line' id='line_1_41' title="bbox 1757 4326 2028 4396; baseline -0.004 -17"><span class='ocrx_word' id='word_1_94' title='bbox 1757 4326 1823 4380; x_wconf 86' lang='lat' dir='ltr'><strong>Et</strong></span> <span class='ocrx_word' id='word_1_95' title='bbox 1838 4341 2028 4396; x_wconf 90' lang='lat' dir='ltr'><strong>puero.</strong></span> 
     </span>
    </p>
   </div>
   <div class='ocr_carea' id='block_1_42' title="bbox 1758 4419 2531 4480">
    <p class='ocr_par' dir='ltr' id='par_1_42' title="bbox 1758 4419 2531 4480">
     <span class='ocr_line' id='line_1_42' title="bbox 1758 4419 2531 4480; baseline 0.014 -11"><span class='ocrx_word' id='word_1_96' title='bbox 1758 4419 1839 4472; x_wconf 79' lang='lat' dir='ltr'><strong>Ad</strong></span> <span class='ocrx_word' id='word_1_97' title='bbox 1867 4433 2120 4474; x_wconf 87' lang='lat' dir='ltr'><strong>occasum</strong></span> <span class='ocrx_word' id='word_1_98' title='bbox 2148 4420 2408 4477; x_wconf 90' lang='lat' dir='ltr'><strong>declivior</strong></span> <span class='ocrx_word' id='word_1_99' title='bbox 2440 4423 2531 4480; x_wconf 86' lang='lat' dir='ltr'><strong>sit.</strong></span> 
     </span>
    </p>
   </div>
   <div class='ocr_carea' id='block_1_43' title="bbox 1755 4509 1930 4564">
    <p class='ocr_par' dir='ltr' id='par_1_43' title="bbox 1755 4509 1930 4564">
     <span class='ocr_line' id='line_1_43' title="bbox 1755 4509 1930 4564; baseline 0.023 -4"><span class='ocrx_word' id='word_1_100' title='bbox 1755 4509 1930 4564; x_wconf 81' lang='lat' dir='ltr'><strong>Mane.</strong></span> 
     </span>
    </p>
   </div>
   <div class='ocr_carea' id='block_1_44' title="bbox 1757 4603 2144 4664">
    <p class='ocr_par' dir='ltr' id='par_1_44' title="bbox 1757 4603 2144 4664">
     <span class='ocr_line' id='line_1_44' title="bbox 1757 4603 2144 4664; baseline 0.021 -8"><span class='ocrx_word' id='word_1_101' title='bbox 1757 4603 2144 4664; x_wconf 82' lang='lat' dir='ltr'><strong>Prolicisceris.</strong></span> 
     </span>
    </p>
   </div>
   <div class='ocr_carea' id='block_1_45' title="bbox 1758 4697 2162 4756">
    <p class='ocr_par' dir='ltr' id='par_1_45' title="bbox 1758 4697 2162 4756">
     <span class='ocr_line' id='line_1_45' title="bbox 1758 4697 2162 4756; baseline 0.017 -7"><span class='ocrx_word' id='word_1_102' title='bbox 1758 4697 1842 4751; x_wconf 86' lang='grc'><strong>10.</strong></span> <span class='ocrx_word' id='word_1_103' title='bbox 1873 4699 1939 4753; x_wconf 86' lang='lat' dir='ltr'><strong>Et</strong></span> <span class='ocrx_word' id='word_1_104' title='bbox 1967 4699 2162 4756; x_wconf 86' lang='lat' dir='ltr'><strong>noluit.</strong></span> 
     </span>
    </p>
   </div>
   <div class='ocr_carea' id='block_1_46' title="bbox 1755 4857 2023 4915">
    <p class='ocr_par' dir='ltr' id='par_1_46' title="bbox 1755 4857 2023 4915">
     <span class='ocr_line' id='line_1_46' title="bbox 1755 4857 2023 4915; baseline 0.015 -4"><span class='ocrx_word' id='word_1_105' title='bbox 1755 4857 1822 4913; x_wconf 92' lang='lat' dir='ltr'><strong>Et</strong></span> <span class='ocrx_word' id='word_1_106' title='bbox 1857 4861 2023 4915; x_wconf 84' lang='lat' dir='ltr'><strong>venit.</strong></span> 
     </span>
    </p>
   </div>
   <div class='ocr_carea' id='block_1_47' title="bbox 1757 5019 1977 5074">
    <p class='ocr_par' dir='ltr' id='par_1_47' title="bbox 1757 5019 1977 5074">
     <span class='ocr_line' id='line_1_47' title="bbox 1757 5019 1977 5074; baseline 0.014 -4"><span class='ocrx_word' id='word_1_107' title='bbox 1757 5019 1977 5074; x_wconf 83' lang='lat' dir='ltr'><strong>Asinos.</strong></span> 
     </span>
    </p>
   </div>
   <div class='ocr_carea' id='block_1_48' title="bbox 1758 5110 2524 5172">
    <p class='ocr_par' dir='ltr' id='par_1_48' title="bbox 1758 5110 2524 5172">
     <span class='ocr_line' id='line_1_48' title="bbox 1758 5110 2524 5172; baseline 0.008 -8"><span class='ocrx_word' id='word_1_108' title='bbox 1758 5111 1842 5165; x_wconf 90' lang='grc'><strong>11.</strong></span> <span class='ocrx_word' id='word_1_109' title='bbox 1876 5110 2184 5168; x_wconf 80' lang='lat' dir='ltr'><strong>Mutabatur</strong></span> <span class='ocrx_word' id='word_1_110' title='bbox 2208 5114 2262 5169; x_wconf 92' lang='lat' dir='ltr'><strong>in</strong></span> <span class='ocrx_word' id='word_1_111' title='bbox 2287 5124 2524 5172; x_wconf 87' lang='lat' dir='ltr'><strong>noctem.</strong></span> 
     </span>
    </p>
   </div>
   <div class='ocr_carea' id='block_1_49' title="bbox 1756 5270 1914 5326">
    <p class='ocr_par' dir='ltr' id='par_1_49' title="bbox 1756 5270 1914 5326">
     <span class='ocr_line' id='line_1_49' title="bbox 1756 5270 1914 5326; baseline 0.013 -2"><span class='ocrx_word' id='word_1_112' title='bbox 1756 5270 1914 5326; x_wconf 88' lang='lat' dir='ltr'><strong>Puer.</strong></span> 
     </span>
    </p>
   </div>
   <div class='ocr_carea' id='block_1_50' title="bbox 1757 5360 2126 5419">
    <p class='ocr_par' dir='ltr' id='par_1_50' title="bbox 1757 5360 2126 5419">
     <span class='ocr_line' id='line_1_50' title="bbox 1757 5360 2126 5419; baseline 0.014 -6"><span class='ocrx_word' id='word_1_113' title='bbox 1757 5360 1844 5414; x_wconf 77' lang='grc'>12.</span> <span class='ocrx_word' id='word_1_114' title='bbox 1883 5364 1956 5416; x_wconf 85' lang='lat' dir='ltr'><strong>De</strong></span> <span class='ocrx_word' id='word_1_115' title='bbox 1982 5363 2126 5419; x_wconf 87' lang='lat' dir='ltr'><strong>liliis.</strong></span> 
     </span>
    </p>
   </div>
   <div class='ocr_carea' id='block_1_51' title="bbox 1754 5451 2066 5508">
    <p class='ocr_par' dir='ltr' id='par_1_51' title="bbox 1754 5451 2066 5508">
     <span class='ocr_line' id='line_1_51' title="bbox 1754 5451 2066 5508; baseline 0.01 -3"><span class='ocrx_word' id='word_1_116' title='bbox 1754 5452 1839 5506; x_wconf 80' lang='grc'><strong>15.</strong></span> <span class='ocrx_word' id='word_1_117' title='bbox 1883 5451 2066 5508; x_wconf 83' lang='lat' dir='ltr'><strong>Vacat.</strong></span> 
     </span>
    </p>
   </div>
   <div class='ocr_carea' id='block_1_52' title="bbox 1755 5541 2124 5601">
    <p class='ocr_par' dir='ltr' id='par_1_52' title="bbox 1755 5541 2124 5601">
     <span class='ocr_line' id='line_1_52' title="bbox 1755 5541 2124 5601; baseline 0.016 -6"><span class='ocrx_word' id='word_1_118' title='bbox 1755 5541 2124 5601; x_wconf 82' lang='lat' dir='ltr'><strong>Manebimus.</strong></span> 
     </span>
    </p>
   </div>
   <div class='ocr_carea' id='block_1_53' title="bbox 1756 5631 2687 5708">
    <p class='ocr_par' dir='ltr' id='par_1_53' title="bbox 1756 5631 2687 5708">
     <span class='ocr_line' id='line_1_53' title="bbox 1756 5631 2687 5708; baseline 0.012 -23"><span class='ocrx_word' id='word_1_119' title='bbox 1756 5631 1843 5687; x_wconf 79' lang='grc'><strong>14.</strong></span> <span class='ocrx_word' id='word_1_120' title='bbox 1876 5631 1941 5687; x_wconf 84' lang='grc' dir='ltr'><strong>Ει</strong></span> <span class='ocrx_word' id='word_1_121' title='bbox 1971 5645 2206 5705; x_wconf 74' lang='lat' dir='ltr'><strong>emptum</strong></span> <span class='ocrx_word' id='word_1_122' title='bbox 2241 5638 2536 5708; x_wconf 81' lang='lat' dir='ltr'><strong>carpebant</strong></span> <span class='ocrx_word' id='word_1_123' title='bbox 2564 5649 2687 5696; x_wconf 78' lang='lat' dir='ltr'><strong>Iter.</strong></span> 
     </span>
    </p>
   </div>
   <div class='ocr_carea' id='block_1_54' title="bbox 3131 434 3430 489">
    <p class='ocr_par' dir='ltr' id='par_1_54' title="bbox 3131 434 3430 489">
     <span class='ocr_line' id='line_1_54' title="bbox 3131 434 3430 489; baseline 0.007 -2"><span class='ocrx_word' id='word_1_124' title='bbox 3131 434 3430 489; x_wconf 76' lang='grc' dir='ltr'><strong>ΛΚΥΛΑΣ.</strong></span> 
     </span>
    </p>
   </div>
   <div class='ocr_carea' id='block_1_55' title="bbox 2873 705 2914 745">
    <p class='ocr_par' dir='ltr' id='par_1_55' title="bbox 2873 705 2914 745">
     <span class='ocr_line' id='line_1_55' title="bbox 2873 705 2914 745; baseline 0.122 -5"><span class='ocrx_word' id='word_1_125' title='bbox 2873 705 2914 745; x_wconf 76' lang='grc' dir='ltr'><strong>Ι.</strong></span> 
     </span>
    </p>
   </div>
   <div class='ocr_carea' id='block_1_56' title="bbox 2857 849 3424 926">
    <p class='ocr_par' dir='ltr' id='par_1_56' title="bbox 2857 849 3424 926">
     <span class='ocr_line' id='line_1_56' title="bbox 2857 849 3424 926; baseline 0.005 -21"><span class='ocrx_word' id='word_1_126' title='bbox 2857 850 2912 906; x_wconf 85' lang='lat'><strong>8.</strong></span> <span class='ocrx_word' id='word_1_127' title='bbox 2941 849 3042 906; x_wconf 79' lang='grc' dir='ltr'><strong>Καὶ</strong></span> <span class='ocrx_word' id='word_1_128' title='bbox 3073 851 3424 926; x_wconf 78' lang='grc' dir='ltr'><strong>νωθρεύθητι.</strong></span> 
     </span>
    </p>
   </div>
   <div class='ocr_carea' id='block_1_57' title="bbox 2865 1879 2949 1940">
    <p class='ocr_par' dir='ltr' id='par_1_57' title="bbox 2865 1879 2949 1940">
     <span class='ocr_line' id='line_1_57' title="bbox 2865 1879 2949 1940; baseline 0.071 -6"><span class='ocrx_word' id='word_1_129' title='bbox 2865 1879 2949 1940; x_wconf 85' lang='grc'><strong>10.</strong></span> 
     </span>
    </p>
   </div>
   <div class='ocr_carea' id='block_1_58' title="bbox 2871 2559 2956 2616">
    <p class='ocr_par' dir='ltr' id='par_1_58' title="bbox 2871 2559 2956 2616">
     <span class='ocr_line' id='line_1_58' title="bbox 2871 2559 2956 2616; baseline 0.035 -4"><span class='ocrx_word' id='word_1_130' title='bbox 2871 2559 2956 2616; x_wconf 76' lang='grc'>12.</span> 
     </span>
    </p>
   </div>
   <div class='ocr_carea' id='block_1_59' title="bbox 2870 2722 2954 2777">
    <p class='ocr_par' dir='ltr' id='par_1_59' title="bbox 2870 2722 2954 2777">
     <span class='ocr_line' id='line_1_59' title="bbox 2870 2722 2954 2777; baseline 0 -1"><span class='ocrx_word' id='word_1_131' title='bbox 2870 2722 2954 2777; x_wconf 77' lang='grc'>15.</span> 
     </span>
    </p>
   </div>
   <div class='ocr_carea' id='block_1_60' title="bbox 2869 3050 2949 3106">
    <p class='ocr_par' dir='ltr' id='par_1_60' title="bbox 2869 3050 2949 3106">
     <span class='ocr_line' id='line_1_60' title="bbox 2869 3050 2949 3106; baseline 0.038 -3"><span class='ocrx_word' id='word_1_132' title='bbox 2869 3050 2949 3106; x_wconf 76' lang='grc'>14.</span> 
     </span>
    </p>
   </div>
   <div class='ocr_carea' id='block_1_61' title="bbox 3171 3299 3424 3369">
    <p class='ocr_par' dir='ltr' id='par_1_61' title="bbox 3171 3299 3424 3369">
     <span class='ocr_line' id='line_1_61' title="bbox 3171 3299 3424 3369; baseline 0 -13"><span class='ocrx_word' id='word_1_133' title='bbox 3171 3299 3424 3369; x_wconf 73' lang='grc' dir='ltr'><strong>ΑρυιιΑ</strong></span> 
     </span>
    </p>
   </div>
   <div class='ocr_carea' id='block_1_62' title="bbox 2872 3563 2924 3619">
    <p class='ocr_par' dir='ltr' id='par_1_62' title="bbox 2872 3563 2924 3619">
     <span class='ocr_line' id='line_1_62' title="bbox 2872 3563 2924 3619; baseline 0.019 -1"><span class='ocrx_word' id='word_1_134' title='bbox 2872 3563 2924 3619; x_wconf 90' lang='lat'><strong>7.</strong></span> 
     </span>
    </p>
   </div>
   <div class='ocr_carea' id='block_1_63' title="bbox 2869 3721 3218 3780">
    <p class='ocr_par' dir='ltr' id='par_1_63' title="bbox 2869 3721 3218 3780">
     <span class='ocr_line' id='line_1_63' title="bbox 2869 3721 3218 3780; baseline -0.006 0"><span class='ocrx_word' id='word_1_135' title='bbox 2869 3722 2920 3780; x_wconf 88' lang='lat'><strong>8.</strong></span> <span class='ocrx_word' id='word_1_136' title='bbox 2949 3722 3015 3778; x_wconf 82' lang='lat' dir='ltr'><strong>Et</strong></span> <span class='ocrx_word' id='word_1_137' title='bbox 3041 3721 3218 3779; x_wconf 83' lang='lat' dir='ltr'><strong>tarda.</strong></span> 
     </span>
    </p>
   </div>
   <div class='ocr_carea' id='block_1_64' title="bbox 2868 4703 2956 4757">
    <p class='ocr_par' dir='ltr' id='par_1_64' title="bbox 2868 4703 2956 4757">
     <span class='ocr_line' id='line_1_64' title="bbox 2868 4703 2956 4757; baseline 0 0"><span class='ocrx_word' id='word_1_138' title='bbox 2868 4703 2956 4757; x_wconf 86' lang='grc'>10.</span> 
     </span>
    </p>
   </div>
   <div class='ocr_carea' id='block_1_65' title="bbox 2869 5115 2958 5170">
    <p class='ocr_par' dir='ltr' id='par_1_65' title="bbox 2869 5115 2958 5170">
     <span class='ocr_line' id='line_1_65' title="bbox 2869 5115 2958 5170; baseline 0.034 -3"><span class='ocrx_word' id='word_1_139' title='bbox 2869 5115 2958 5170; x_wconf 82' lang='grc'><strong>11.</strong></span> 
     </span>
    </p>
   </div>
   <div class='ocr_carea' id='block_1_66' title="bbox 2874 5366 2961 5420">
    <p class='ocr_par' dir='ltr' id='par_1_66' title="bbox 2874 5366 2961 5420">
     <span class='ocr_line' id='line_1_66' title="bbox 2874 5366 2961 5420; baseline 0.023 -2"><span class='ocrx_word' id='word_1_140' title='bbox 2874 5366 2961 5420; x_wconf 70' lang='grc' dir='ltr'><strong>η.</strong></span> 
     </span>
    </p>
   </div>
   <div class='ocr_carea' id='block_1_67' title="bbox 2864 5461 2957 5522">
    <p class='ocr_par' dir='ltr' id='par_1_67' title="bbox 2864 5461 2957 5522">
     <span class='ocr_line' id='line_1_67' title="bbox 2864 5461 2957 5522; baseline 0 -8"><span class='ocrx_word' id='word_1_141' title='bbox 2864 5461 2894 5522; x_wconf 75' lang='grc'>,1</span> <span class='ocrx_word' id='word_1_142' title='bbox 2905 5461 2957 5514; x_wconf 80' lang='grc'>5.</span> 
     </span>
    </p>
   </div>
   <div class='ocr_carea' id='block_1_68' title="bbox 2874 5644 2962 5696">
    <p class='ocr_par' dir='ltr' id='par_1_68' title="bbox 2874 5644 2962 5696">
     <span class='ocr_line' id='line_1_68' title="bbox 2874 5644 2962 5696; baseline -0.045 -1"><span class='ocrx_word' id='word_1_143' title='bbox 2874 5644 2962 5696; x_wconf 75' lang='grc' dir='ltr'><strong>Η.</strong></span> 
     </span>
    </p>
   </div>
   <div class='ocr_carea' id='block_1_69' title="bbox 3675 324 3802 381">
    <p class='ocr_par' dir='ltr' id='par_1_69' title="bbox 3675 324 3802 381">
     <span class='ocr_line' id='line_1_69' title="bbox 3675 324 3802 381; baseline 0.031 -4"><span class='ocrx_word' id='word_1_144' title='bbox 3675 324 3802 381; x_wconf 69' lang='grc' dir='ltr'><strong>ηειῦ</strong></span> 
     </span>
    </p>
   </div>
  </div>
