4122 6454
420 411 446 466 1
458 414 563 469 595

733 535 1136 594 ΣΥΜΜΔΧΟΣ.

477 690 530 745 8.
559 661 870 752 Συνέόεσθε.

478 784 864 857 Συντιθεμένου
899 787 994 843 τοῦ
1030 791 1148 846 υῑοῦ
1179 811 1301 864 μου.

477 877 808 948 Συμπαθὼν,
839 883 1196 956 συμπάσχων.

476 1126 570 1191 Εἰς
602 1127 936 1203 ὲνεδρευτήν.

475 1214 530 1269 9.
817 1259 822 1263 .

475 1470 560 1524 12.
594 1471 851 1544 Πάρειμι.

479 1563 566 1617 I3.

471 1649 631 1706 Ὥστε
653 1655 1021 1728 ὲπαναστῆναι
1049 1677 1160 1732 μοι.

472 1831 554 1885 14.
584 1835 692 1888 Καὶ
718 1837 967 1907 νυμφίος.

467 2081 552 2135 15.
590 2083 798 2150 Ἵλεως.

464 2331 552 2384 17.
585 2333 1010 2407 Παρεστηκόσιν.

464 2421 549 2478 18.
577 2427 1022 2504 Μεταστράφητι.

456 2766 545 2822 ‘20.
576 2769 685 2822 Kal
710 2769 931 2841 ἔφυγεν.
992 2837 997 2843 ,

687 2884 1134 2951 SYMMACHUS.

454 2993 510 3050 8.
540 2994 954 3066 Composuistis.

449 3085 838 3146 Consentiente
870 3091 986 3148 ﬁlio
1021 3109 1163 3151 meo.

448 3174 776 3234 Condolens.

451 3355 510 3409 In
555 3355 950 3420 insidiatorem.

455 3445 506 3500 9.

450 3628 535 3683 12.
565 3628 792 3687 Adsum.

451 3719 537 3774 15.

447 3807 523 3865 Ita
553 3822 610 3867 ut
639 3815 882 3887 insurgat
919 3818 972 3872 in
1001 3835 1103 3876 me.

447 3990 533 4046 14.
566 3993 632 4046 Et
669 4011 851 4065 gener.

447 4246 534 4302 15.
577 4247 870 4320 Propitius.

447 4426 532 4482 17.
563 4429 934 4488 Adstantibus.

446 4519 534 4573 18.
569 4519 915 4580 Convertere.

441 4795 528 4850 ρο.
565 4795 631 4850 Ει
660 4796 814 4869 fugit.

1557 430 1687 485 LIB.
1730 431 1752 485 I
1787 430 2035 486 REGI'M
2074 431 2306 487 CAPUT
2346 431 2511 490 XXII.

2021 508 2085 605 οξ

1586 716 1640 762 ό.
1670 709 1982 776 Σύγκεισθε.

1599 800 1688 852 Ἐν
1717 799 1792 869 τῷ
1818 799 2090 852 διαθέσθαι
2115 799 2203 850 τὸν
2233 798 2344 851 υἱόν
2371 814 2493 867 μου.

1589 886 1795 941 Πονῶν.

1587 979 1697 1032 Καὶ
1725 979 2145 1032 ἀποκαλύπτων.
2182 979 2428 1042 Ἄλλος,
2457 994 2561 1048 φα-

1517 1067 1574 1102 νε
1584 1049 1673 1121 ρὸν
1699 1053 1861 1102 ποιεῖ.

1587 1139 1683 1202 Εἰς
1707 1138 1918 1210 ἐχθρόν.

1587 1229 1638 1282 9.
1671 1229 1858 1301 Σύρος.
1881 1230 2126 1294 Ἄλλος,
2174 1228 2490 1298 Ἰδουμαῖος.

1586 1325 1696 1388 Τὰς
1721 1326 1993 1396 ἡμιόνους.
2024 1325 2269 1390 Ἀλλος,
2302 1325 2426 1387 τοὺς
2447 1323 2559 1378 δού-

1512 1396 1658 1459 λους.

1585 1485 1672 1542 12.
1710 1483 1836 1538 Ἰδοὺ
1868 1482 1997 1553 ἐγώ.

1584 1578 1669 1631 15.
1698 1575 1949 1628 Συνέθου.

1581 1665 1778 1719 Θέσθαι
1805 1666 1964 1718 αὐτὸν
1994 1666 2080 1718 ἐπ’
2107 1665 2227 1736 ἐμέ.

1595 1758 1682 1819 Ὡς
1715 1758 1748 1826 ἡ
1785 1756 1989 1826 ἡμέρα·

1579 1850 1668 1904 14.
1705 1851 1815 1902 Καὶ
1838 1849 2110 1921 γαμϐρός.

1579 1940 1791 2024 Παντεὺς
1823 1938 2279 2024 παραγγέλματός
2298 1940 2558 1995 σου.¹¹Αλ-

1508 2014 1638 2076 λος,
1667 2012 1730 2062 τὸ
1757 2011 2054 2064 ὑπακούειν
2087 2027 2200 2064 σου.

1582 2101 1668 2154 15.
1703 2099 2006 2171 Μηδαμῶς.

1577 2191 1670 2265 Μὴ
1705 2191 1862 2245 δότω.
1909 2193 2168 2258 Ἄλλος,
2202 2191 2278 2265 μὴ
2313 2193 2554 2265 ὑπολαμ-

1508 2260 1743 2316 ϐανέιὲω.

1578 2353 1671 2408 1'7.
1709 2351 2118 2423 Ἐφεστηκόσιν.

1576 2443 1662 2499 18.
1711 2443 2088 2514 Ἐπιστρὲφου.

1574 2534 1682 2588 Καὶ
1711 2533 1939 2588 ἀπάντα.

1575 2623 1949 2696 Τριακοσίους.
1991 2625 2055 2677 Ol
2095 2623 2324 2691 λοιποὶ,
2358 2623 2545 2695 ὁγδοή-

1503 2710 1683 2747 κοντα.

1571 2785 1661 2840 20.
1696 2786 1807 2839 Kal
1833 2783 2175 2850 διασώζεται.

1673 2899 1815 2954 LXX
1829 2898 2350 2956 .INTERPRETES.

1572 3009 1626 3064 8.
1657 3009 1953 3081 Compositi
1983 3012 2137 3069 estis.

1566 3099 1708 3156 Cum
1736 3101 2064 3172 disposuerit
2101 3103 2251 3160 [ilius
2282 3119 2455 3159 meus.

1570 3191 1675 3258 Qui
1703 3191 1930 3248 laboret.

1569 3281 1637 3335 Et
1672 3283 1939 3337 revelans.
1966 3283 2139 3350 Alius,
2169 3294 2360 3340 notum
2386 3283 2534 3340 facit.

1572 3371 1632 3425 In
1663 3371 1966 3428 inimicum.

1567 3462 1621 3515 9.
1655 3460 1842 3532 Syrus.
1872 3463 2024 3517 Alius
2045 3502 2060 3528 ,
2085 3462 2373 3520 Idumaaus.

1565 3549 1763 3606 Mulas.
1795 3551 1968 3618 Alius,
2011 3567 2218 3609 servos.

1566 3639 1654 3695 12.
1686 3640 1824 3697 Ecce
1849 3657 1970 3712 ego.

1567 3735 1654 3790 15.
1685 3734 2042 3806 Conspirasti.

1563 3826 1646 3880 Ad
1676 3826 1984 3896 ponendum
2008 3842 2135 3884 eum
2167 3838 2356 3887 contra
2387 3846 2492 3885 me.

1567 3915 1634 3972 Ut
1657 3918 1796 3974 dies.

1563 4004 1651 4060 14.
1683 4003 1750 4059 Et
1775 4021 1956 4076 gener.

1562 4095 1753 4168 Omnis
1787 4097 2039 4168 praecepti
2071 4096 2171 4154 tui.
2203 4096 2376 4165 Alius,
2404 4099 2529 4156 obe-

1486 4163 1608 4221 dire
1639 4167 1755 4220 tibi.

1562 4261 1650 4318 15.
1681 4260 2057 4334 Nequaquam.

1559 4352 1637 4409 Ne
1660 4354 1769 4410 det.
1799 4353 1974 4420 Alius,
1999 4369 2068 4411 ne
2093 4355 2419 4426 suspicetur.

1560 4442 1648 4498 17.
1679 4442 1784 4510 Qui
1811 4445 2152 4501 assistebant.

1558 4535 1648 4588 18.
1680 4533 2026 4593 Convertere.

1559 4623 1626 4680 Et
1655 4626 1818 4681 irrue.

1557 4713 1871 4771 Trecentos.
1899 4716 2125 4789 Reliqui,
2165 4718 2459 4788 octnginta.

1557 4805 1647 4860 20.
1687 4805 1750 4858 Et
1779 4807 2038 4862 salvatur.

2956 549 3355 606 ΘΕΟΔΟΤΙΩΝ.

2711 710 2766 764 8.
2793 711 3109 782 Σύνδεσμος.

2702 1237 2755 1290 9.

2697 1483 2794 1629 1
2813 1572 3244 1644 Συνεστράφητι.

2695 1753 2853 1810 Κατὰ
2877 1753 2974 1826 τὴν
3009 1753 3241 1826 ἡμέραν.

2692 1849 2780 1904 14.

2697 2099 2784 2155 15.
2821 2097 3028 2161 Ἵλεως.

2804 2439 3115 2494 Κύκλωσον.

2687 2530 2799 2586 Καὶ
2833 2529 2989 2601 ἅψαι.

2631 2781 2726 2837 20.

2904 2889 3325 2952 THEODOTIO.

2687 3009 2742 3065 8.
2782 3006 3087 3080 Colligatio.

2678 3460 2736 3516 9.

2675 3642 2763 3696 12.

2677 3739 2766 3792 15.
2799 3735 3058 3791 Conversi
3097 3732 3245 3790 estis.

2677 3915 2982 3974 Secundum
3016 3904 3179 3973 diem.

2683 4009 2770 4064 1-1.

2672 4261 2760 4315 15.
2791 4256 3084 4328 Propitius.

2784 4527 3093 4584 Circumda.

2670 4622 2733 4676 Et
2757 4629 2932 4692 tange.

2665 4806 2754 4860 20.

1067 4889 1264 4978 'Notaa
1293 4925 1352 4979 et
1385 4919 1580 4978 variae
1611 4919 1921 4982 lectiones
1951 4922 2028 4983 ad
2055 4939 2191 5002 cap.
2228 4924 2410 4985 XXII
2444 4923 2554 4986 lib.
2584 4923 2610 4982 l
2643 4924 2912 5001 Regum.

2123 5021 2259 5076 Ibid.
2294 5023 2538 5086 Ἄλλος,
2569 5020 2694 5084 τοὺς
2725 5019 2960 5085 δούλους.
2988 5017 3216 5075 Coislin.
3247 5018 3301 5074 2.

453 5006 575 5066 Ibid.
599 5011 681 5075 Σ.,
712 5012 1010 5081 συμπαθὼν
1034 5023 1137 5070 etc.
1165 5014 1330 5070 Idem.

611 5081 860 5155 :AMOQ,
891 5085 1123 5155 φανερὸν
1151 5089 1313 5140 ποιεῖ.
1341 5085 1507 5142 Idem.

453 5148 578 5226 Ibid.
723 5153 805 5226 el;
827 5148 1170 5226 ὲνέδρευτήν.
1199 5157 1368 5226 Idem.

453 5215 510 5274 V.
538 5220 867 5296 9."A.1.1_oc,
891 5215 1238 5296 _'l'60upbzl'og.
1277 5224 1368 5281 Sic
1393 5227 1634 5296 quaedam
1671 5228 1945 5296 exempla-

374 5303 486 5366 ria,
513 5299 566 5366 e_t
587 5289 859 5366 complut.
891 5289 1698 5366 Estque_varia_interpretatio,
1727 5289 1851 5366 (μιξέ
1876 5314 1941 5352 ex

374 5358 1056 5438 _varia_lectione_procedi't.
1077 5363 1210 5420 Nam
1229 5364 1372 5418 LXX
1393 5358 1485 5436 qui
1509 5358 1722 5438 vertunt
1745 5358 1819 5419 Ἐύ
1830 5385 1940 5438 ρος,

373 5425 992 5506 Ιοεζριιίηιηιξαιιᾶᾀυὺίο
1023 5442 1216 5496 ηοηκη
1253 5450 1377 5490 cum
1410 5425 1601 5506 resch,
1637 5425 1943 5506 caeteri'qui

375 5499 947 5572 vertunt_’l60upaio;,
976 5511 1161 5564 1mm
1185 5519 1310 5561 cum
1343 5506 1541 5561 daleth.
1581 5499 1672 5563 Sic
1702 5509 1830 5562 item
1861 5499 1945 5563 in-

376 5564 479 5636 fra,
511 5582 561 5624 v.
591 5569 680 5625 18.

2122 5089 2187 5161 Υ.
2228 5091 2313 5146 12.
2347 5093 2431 5153 Σ.,
2465 5091 2716 5161 πάρειμι.
2754 5091 2920 5146 Idem.

2120 5159 2186 5231 δ’.
2218 5162 2314 5231 15.
2348 5162 2449 5231 Ἀ.,
2480 5159 2936 5231 συνεδήσατεῄθιο.
2979 5159 3147 5231 ἰάθη).

2117 5229 2254 5300 Ibid.
2280 5230 2516 5294 Σ.,ὦστε
2549 5228 2935 5300 ὲπαῇθαᾳτῆναίγ
2954 5247 3062 5300 μοι.
3092 5228 3259 5300 Idem.

2116 5299 2256 5371 Ibid.
2294 5301 2397 5365 Ἀ.,
2422 5300 2507 5361 9.,
2542 5299 2682 5371 κατὰ
2705 5298 2803 5371 τὴν
2820 5298 3062 5371 ήμέῥαν.
3090 5298 3252 5371 Idem.

2124 5369 2186 5439 Χῖ
2218 5371 2300 5424 14.
2347 5372 2450 5433 Ἀ.,
2474 5371 2557 5431 Σ.,
2587 5369 2680 5422 καὶ
2709 5367 3064 5439 νυμφῖοςθῑο.
3097 5367 3265 5424 Idem.

2123 5437 2328 5495 Versus
2357 5440 2446 5504 15,
2481 5439 2545 5492 17
2576 5449 2628 5493 et
2663 5439 2752 5494 18.
2777 5435 3068 5494 Lectiones
3096 5454 3160 5492 ex
3191 5435 3403 5492 eodem.

2132 5509 2190 5565 ν.
2215 5511 2306 5566 20.
2343 5510 2426 5578 Σ.,
2455 5509 2549 5564 καὶ
2577 5508 2796 5580 ἔφυγεν.
2827 5508 2958 5580 Reg.
2992 5517 3047 5565 et
3069 5505 3295 5580 Coislin.

3528 441 3666 490 1594
