  <div class='ocr_page' id='page_1' title='image "/cluster/home/n/w/nwhite01/storage/ocr_20150623/15:no.5/coo.31924054872936/716.png"; bbox 0 0 4122 6454; ppageno 0'>
   <div class='ocr_carea' id='block_1_1' title="bbox 405 360 2500 433">
    <p class='ocr_par' dir='ltr' id='par_1_1' title="bbox 405 360 2500 433">
     <span class='ocr_line' id='line_1_1' title="bbox 405 360 2500 433; baseline 0.009 -19"><span class='ocrx_word' id='word_1_1' title='bbox 405 360 536 414; x_wconf 76' lang='grc'><strong>1397</strong></span> <span class='ocrx_word' id='word_1_2' title='bbox 1530 373 1660 429; x_wconf 82' lang='lat' dir='ltr'><strong>LlB.</strong></span> <span class='ocrx_word' id='word_1_3' title='bbox 1701 373 1722 427; x_wconf 87' lang='lat' dir='ltr'><strong>I</strong></span> <span class='ocrx_word' id='word_1_4' title='bbox 1757 373 2001 430; x_wconf 80' lang='lat' dir='ltr'><strong>REGUM</strong></span> <span class='ocrx_word' id='word_1_5' title='bbox 2041 375 2271 432; x_wconf 86' lang='lat' dir='ltr'><strong>CAPUT</strong></span> <span class='ocrx_word' id='word_1_6' title='bbox 2312 377 2500 433; x_wconf 76' lang='lat' dir='ltr'><strong>XXIII.</strong></span> 
     </span>
    </p>
   </div>
   <div class='ocr_carea' id='block_1_2' title="bbox 1433 488 2622 554">
    <p class='ocr_par' dir='ltr' id='par_1_2' title="bbox 1433 488 2622 554">
     <span class='ocr_line' id='line_1_2' title="bbox 1433 488 2622 554; baseline 0.002 -4"><span class='ocrx_word' id='word_1_7' title='bbox 1433 488 1690 551; x_wconf 82' lang='lat' dir='ltr'><strong>CAPUT</strong></span> <span class='ocrx_word' id='word_1_8' title='bbox 1750 492 1964 552; x_wconf 81' lang='lat' dir='ltr'><strong>XXIII</strong></span> <span class='ocrx_word' id='word_1_9' title='bbox 2029 491 2179 553; x_wconf 92' lang='lat' dir='ltr'><strong>LIB.</strong></span> <span class='ocrx_word' id='word_1_10' title='bbox 2239 492 2264 552; x_wconf 91' lang='lat' dir='ltr'><strong>I</strong></span> <span class='ocrx_word' id='word_1_11' title='bbox 2317 493 2622 554; x_wconf 84' lang='lat' dir='ltr'><strong>REGUM.</strong></span> 
     </span>
    </p>
   </div>
   <div class='ocr_carea' id='block_1_3' title="bbox 716 585 2086 646">
    <p class='ocr_par' dir='ltr' id='par_1_3' title="bbox 716 585 2086 646">
     <span class='ocr_line' id='line_1_3' title="bbox 716 585 2086 646; baseline 0.006 -10"><span class='ocrx_word' id='word_1_12' title='bbox 716 585 1100 639; x_wconf 80' lang='grc' dir='ltr'><strong>ΣΥΜΜΑΧΟΣ</strong></span> <span class='ocrx_word' id='word_1_13' title='bbox 2010 592 2063 642; x_wconf 85' lang='lat'><strong>0’</strong></span> <span class='ocrx_word' id='word_1_14' title='bbox 2071 631 2086 646; x_wconf 96' lang='lat'><strong>.</strong></span> 
     </span>
    </p>
   </div>
   <div class='ocr_carea' id='block_1_4' title="bbox 470 721 2557 798">
    <p class='ocr_par' dir='ltr' id='par_1_4' title="bbox 470 721 2557 798">
     <span class='ocr_line' id='line_1_4' title="bbox 470 721 2557 798; baseline 0.003 -23"><span class='ocrx_word' id='word_1_15' title='bbox 470 721 522 776; x_wconf 86' lang='lat' dir='ltr'><strong>I.</strong></span> <span class='ocrx_word' id='word_1_16' title='bbox 1582 727 1633 779; x_wconf 92' lang='lat' dir='ltr'><strong>I.</strong></span> <span class='ocrx_word' id='word_1_17' title='bbox 1656 728 1778 798; x_wconf 32' lang='grc' dir='ltr'>ῌΚαὶ</span> <span class='ocrx_word' id='word_1_18' title='bbox 1797 727 2358 798; x_wconf 16' lang='grc' dir='ltr'>αὐτοὶγδιαρπάξουσι,</span> <span class='ocrx_word' id='word_1_19' title='bbox 2392 746 2557 781; x_wconf 87' lang='grc' dir='ltr'>κατα-</span> 
     </span>
    </p>
   </div>
   <div class='ocr_carea' id='block_1_5' title="bbox 1511 796 2556 870">
    <p class='ocr_par' dir='ltr' id='par_1_5' title="bbox 1511 796 2556 870">
     <span class='ocr_line' id='line_1_5' title="bbox 1511 796 2556 870; baseline 0.004 -23"><span class='ocrx_word' id='word_1_20' title='bbox 1511 796 1740 870; x_wconf 61' lang='grc' dir='ltr'>παοςοῦσι</span> <span class='ocrx_word' id='word_1_21' title='bbox 1776 796 2083 870; x_wconf 37' lang='grc' dir='ltr'><strong>τοὺςμᾷλωζ</strong></span> <span class='ocrx_word' id='word_1_22' title='bbox 2111 799 2359 870; x_wconf 79' lang='grc' dir='ltr'><strong>Ἀλλος,</strong></span> <span class='ocrx_word' id='word_1_23' title='bbox 2404 798 2556 870; x_wconf 83' lang='grc' dir='ltr'>διαρ-</span> 
     </span>
    </p>
   </div>
   <div class='ocr_carea' id='block_1_6' title="bbox 1510 866 2553 946">
    <p class='ocr_par' dir='ltr' id='par_1_6' title="bbox 1510 866 2553 946">
     <span class='ocr_line' id='line_1_6' title="bbox 1510 866 2553 946; baseline 0.004 -28"><span class='ocrx_word' id='word_1_24' title='bbox 1510 867 1743 946; x_wconf 51' lang='grc' dir='ltr'>πιξζουσι</span> <span class='ocrx_word' id='word_1_25' title='bbox 1766 866 1866 930; x_wconf 84' lang='grc' dir='ltr'><strong>τὰς</strong></span> <span class='ocrx_word' id='word_1_26' title='bbox 1898 866 2132 932; x_wconf 78' lang='grc' dir='ltr'>ἅλωνας,</span> <span class='ocrx_word' id='word_1_27' title='bbox 2165 869 2259 921; x_wconf 73' lang='grc' dir='ltr'><strong>καὶ</strong></span> <span class='ocrx_word' id='word_1_28' title='bbox 2303 866 2553 922; x_wconf 61' lang='grc' dir='ltr'>καταπα-</span> 
     </span>
    </p>
   </div>
   <div class='ocr_carea' id='block_1_7' title="bbox 1509 953 1682 989">
    <p class='ocr_par' dir='ltr' id='par_1_7' title="bbox 1509 953 1682 989">
     <span class='ocr_line' id='line_1_7' title="bbox 1509 953 1682 989; baseline -0.012 0"><span class='ocrx_word' id='word_1_29' title='bbox 1509 953 1682 989; x_wconf 82' lang='grc' dir='ltr'>τουσι.</span> 
     </span>
    </p>
   </div>
   <div class='ocr_carea' id='block_1_8' title="bbox 472 1027 2558 1096">
    <p class='ocr_par' dir='ltr' id='par_1_8' title="bbox 472 1027 2558 1096">
     <span class='ocr_line' id='line_1_8' title="bbox 472 1027 2558 1096; baseline 0.001 -17"><span class='ocrx_word' id='word_1_30' title='bbox 472 1027 526 1083; x_wconf 75' lang='lat'><strong>3.</strong></span> <span class='ocrx_word' id='word_1_31' title='bbox 563 1028 657 1091; x_wconf 81' lang='grc' dir='ltr'><strong>Εἰς</strong></span> <span class='ocrx_word' id='word_1_32' title='bbox 679 1027 745 1084; x_wconf 75' lang='grc' dir='ltr'><strong>τὰ</strong></span> <span class='ocrx_word' id='word_1_33' title='bbox 778 1027 1130 1096; x_wconf 82' lang='grc' dir='ltr'>στρατόπεδα.</span> <span class='ocrx_word' id='word_1_34' title='bbox 1583 1030 1639 1086; x_wconf 77' lang='lat'><strong>3.</strong></span> <span class='ocrx_word' id='word_1_35' title='bbox 1673 1029 1768 1092; x_wconf 72' lang='lat' dir='ltr'><strong>El;</strong></span> <span class='ocrx_word' id='word_1_36' title='bbox 1791 1029 1860 1082; x_wconf 88' lang='grc' dir='ltr'><strong>τὰ</strong></span> <span class='ocrx_word' id='word_1_37' title='bbox 1891 1029 2081 1082; x_wconf 80' lang='grc' dir='ltr'>σκῦλα.</span> <span class='ocrx_word' id='word_1_38' title='bbox 2110 1031 2344 1096; x_wconf 80' lang='grc' dir='ltr'><strong>Ἄλλος,</strong></span> <span class='ocrx_word' id='word_1_39' title='bbox 2363 1033 2442 1092; x_wconf 82' lang='grc' dir='ltr'>εἰς</span> <span class='ocrx_word' id='word_1_40' title='bbox 2461 1029 2558 1093; x_wconf 84' lang='grc' dir='ltr'><strong>τὰς</strong></span> 
     </span>
    </p>
   </div>
   <div class='ocr_carea' id='block_1_9' title="bbox 1514 1098 2554 1168">
    <p class='ocr_par' dir='ltr' id='par_1_9' title="bbox 1514 1098 2554 1168">
     <span class='ocr_line' id='line_1_9' title="bbox 1514 1098 2554 1168; baseline 0.001 -17"><span class='ocrx_word' id='word_1_41' title='bbox 1514 1098 1786 1162; x_wconf 80' lang='grc' dir='ltr'><strong>κοιλάδας.</strong></span> <span class='ocrx_word' id='word_1_42' title='bbox 1820 1102 2046 1166; x_wconf 83' lang='grc' dir='ltr'><em>Ἀλλος</em></span> <span class='ocrx_word' id='word_1_43' title='bbox 2064 1141 2079 1168; x_wconf 86' lang='grc'><strong><em>,</em></strong></span> <span class='ocrx_word' id='word_1_44' title='bbox 2107 1102 2186 1163; x_wconf 81' lang='grc' dir='ltr'>εἰς</span> <span class='ocrx_word' id='word_1_45' title='bbox 2205 1100 2303 1164; x_wconf 76' lang='grc' dir='ltr'><strong>τὰς</strong></span> <span class='ocrx_word' id='word_1_46' title='bbox 2329 1101 2554 1163; x_wconf 86' lang='grc' dir='ltr'>κοιλίας.</span> 
     </span>
    </p>
   </div>
   <div class='ocr_carea' id='block_1_10' title="bbox 472 1191 2558 1334">
    <p class='ocr_par' dir='ltr' id='par_1_10' title="bbox 472 1191 2558 1334">
     <span class='ocr_line' id='line_1_10' title="bbox 472 1191 2558 1265; baseline 0 -18"><span class='ocrx_word' id='word_1_47' title='bbox 472 1191 526 1247; x_wconf 84' lang='grc'><strong>5.</strong></span> <span class='ocrx_word' id='word_1_48' title='bbox 1584 1192 1639 1250; x_wconf 86' lang='grc'><strong>5.</strong></span> <span class='ocrx_word' id='word_1_49' title='bbox 1671 1195 1784 1247; x_wconf 79' lang='grc' dir='ltr'>Καὶ</span> <span class='ocrx_word' id='word_1_50' title='bbox 1829 1194 2103 1265; x_wconf 85' lang='grc' dir='ltr'>ἀπήγαγε.</span> <span class='ocrx_word' id='word_1_51' title='bbox 2160 1195 2417 1262; x_wconf 82' lang='grc' dir='ltr'><strong>Ἀλλος,</strong></span> <span class='ocrx_word' id='word_1_52' title='bbox 2466 1195 2558 1248; x_wconf 80' lang='grc' dir='ltr'><strong>καὶ</strong></span> 
     </span>
     <span class='ocr_line' id='line_1_11' title="bbox 1515 1263 1783 1334; baseline 0 -18"><span class='ocrx_word' id='word_1_53' title='bbox 1515 1263 1783 1334; x_wconf 81' lang='grc' dir='ltr'>ἀπήλασε.</span> 
     </span>
    </p>
   </div>
   <div class='ocr_carea' id='block_1_11' title="bbox 472 1302 1981 1426">
    <p class='ocr_par' dir='ltr' id='par_1_11' title="bbox 472 1302 1981 1426">
     <span class='ocr_line' id='line_1_12' title="bbox 472 1302 1981 1426; baseline 0.005 -24"><span class='ocrx_word' id='word_1_54' title='bbox 472 1347 527 1404; x_wconf 89' lang='grc'><strong>7.</strong></span> <span class='ocrx_word' id='word_1_55' title='bbox 571 1346 880 1416; x_wconf 75' lang='grc' dir='ltr'><strong>Ἐξέδωκεν.</strong></span> <span class='ocrx_word' id='word_1_56' title='bbox 1515 1302 1981 1426; x_wconf 44' lang='grc' dir='ltr'><strong>*ΙΖ1⁸.Ἠξπρακεν.</strong></span> 
     </span>
    </p>
   </div>
   <div class='ocr_carea' id='block_1_12' title="bbox 469 1440 2560 1567">
    <p class='ocr_par' dir='ltr' id='par_1_12' title="bbox 469 1440 2560 1567">
     <span class='ocr_line' id='line_1_13' title="bbox 469 1440 2560 1567; baseline 0.002 -73"><span class='ocrx_word' id='word_1_57' title='bbox 469 1440 521 1494; x_wconf 88' lang='lat'>8.</span> <span class='ocrx_word' id='word_1_58' title='bbox 1670 1442 1938 1514; x_wconf 80' lang='grc' dir='ltr'>Συνέχειν.</span> <span class='ocrx_word' id='word_1_59' title='bbox 1976 1445 2044 1497; x_wconf 81' lang='lat' dir='ltr'><strong>Oi</strong></span> <span class='ocrx_word' id='word_1_60' title='bbox 2072 1443 2294 1510; x_wconf 76' lang='grc' dir='ltr'>λοιποὶ,</span> <span class='ocrx_word' id='word_1_61' title='bbox 2341 1444 2560 1516; x_wconf 87' lang='grc' dir='ltr'>πολιορ-</span> 
     </span>
     <span class='ocr_line' id='line_1_14' title="bbox 1515 1528 1652 1566; baseline 0 0"><span class='ocrx_word' id='word_1_62' title='bbox 1515 1529 1550 1566; x_wconf 85' lang='grc' dir='ltr'><strong>κ</strong></span> <span class='ocrx_word' id='word_1_63' title='bbox 1602 1528 1652 1566; x_wconf 86' lang='grc' dir='ltr'><strong>ν.</strong></span> 
     </span>
    </p>
   </div>
   <div class='ocr_carea' id='block_1_13' title="bbox 473 1605 2308 1678">
    <p class='ocr_par' dir='ltr' id='par_1_13' title="bbox 473 1605 2308 1678">
     <span class='ocr_line' id='line_1_15' title="bbox 473 1605 2308 1678; baseline 0.001 -18"><span class='ocrx_word' id='word_1_64' title='bbox 473 1605 529 1660; x_wconf 89' lang='lat'><strong>9.</strong></span> <span class='ocrx_word' id='word_1_65' title='bbox 1581 1605 1634 1662; x_wconf 90' lang='lat'><strong>9.</strong></span> <span class='ocrx_word' id='word_1_66' title='bbox 1671 1607 1996 1678; x_wconf 81' lang='grc' dir='ltr'>Προσάγαγε</span> <span class='ocrx_word' id='word_1_67' title='bbox 2028 1606 2090 1660; x_wconf 80' lang='grc' dir='ltr'><strong>τὸ</strong></span> <span class='ocrx_word' id='word_1_68' title='bbox 2123 1605 2308 1677; x_wconf 83' lang='grc' dir='ltr'><strong>ὲφούδ.</strong></span> 
     </span>
    </p>
   </div>
   <div class='ocr_carea' id='block_1_14' title="bbox 474 1695 1890 1751">
    <p class='ocr_par' dir='ltr' id='par_1_14' title="bbox 474 1695 1890 1751">
     <span class='ocr_line' id='line_1_16' title="bbox 474 1695 1890 1751; baseline 0.001 -2"><span class='ocrx_word' id='word_1_69' title='bbox 474 1695 562 1751; x_wconf 90' lang='lat' dir='ltr'><strong>II.</strong></span> <span class='ocrx_word' id='word_1_70' title='bbox 1584 1695 1674 1751; x_wconf 94' lang='lat' dir='ltr'><strong>II.</strong></span> <span class='ocrx_word' id='word_1_71' title='bbox 1703 1695 1890 1750; x_wconf 84' lang='lat' dir='ltr'><strong>Vacat.</strong></span> 
     </span>
    </p>
   </div>
   <div class='ocr_carea' id='block_1_15' title="bbox 1600 1859 2555 1931">
    <p class='ocr_par' dir='ltr' id='par_1_15' title="bbox 1600 1859 2555 1931">
     <span class='ocr_line' id='line_1_17' title="bbox 1600 1859 2555 1931; baseline 0.001 -19"><span class='ocrx_word' id='word_1_72' title='bbox 1600 1860 2132 1931; x_wconf 80' lang='grc' dir='ltr'>Ἀποκλεισθήσεται.</span> <span class='ocrx_word' id='word_1_73' title='bbox 2204 1861 2269 1914; x_wconf 82' lang='grc' dir='ltr'><strong>Οἱ</strong></span> <span class='ocrx_word' id='word_1_74' title='bbox 2319 1859 2555 1925; x_wconf 76' lang='grc' dir='ltr'>λοιποὶ,</span> 
     </span>
    </p>
   </div>
   <div class='ocr_carea' id='block_1_16' title="bbox 1516 1929 1900 2002">
    <p class='ocr_par' dir='ltr' id='par_1_16' title="bbox 1516 1929 1900 2002">
     <span class='ocr_line' id='line_1_18' title="bbox 1516 1929 1900 2002; baseline 0 -18"><span class='ocrx_word' id='word_1_75' title='bbox 1516 1929 1900 2002; x_wconf 77' lang='grc' dir='ltr'>καταϐήσεται.</span> 
     </span>
    </p>
   </div>
   <div class='ocr_carea' id='block_1_17' title="bbox 477 2013 2566 2109">
    <p class='ocr_par' dir='ltr' id='par_1_17' title="bbox 477 2013 2566 2109">
     <span class='ocr_line' id='line_1_19' title="bbox 477 2013 2566 2109; baseline -0.002 -31"><span class='ocrx_word' id='word_1_76' title='bbox 477 2027 562 2081; x_wconf 79' lang='grc'><strong>15.</strong></span> <span class='ocrx_word' id='word_1_77' title='bbox 598 2027 708 2080; x_wconf 72' lang='grc' dir='ltr'><strong>Καὶ</strong></span> <span class='ocrx_word' id='word_1_78' title='bbox 740 2026 1026 2098; x_wconf 79' lang='grc' dir='ltr'>ὲρεμέοντο</span> <span class='ocrx_word' id='word_1_79' title='bbox 1071 2025 1187 2098; x_wconf 75' lang='lat' dir='ltr'><strong>(sic)</strong></span> <span class='ocrx_word' id='word_1_80' title='bbox 1221 2028 1446 2100; x_wconf 80' lang='grc' dir='ltr'>ὀπουδή-</span> <span class='ocrx_word' id='word_1_81' title='bbox 1587 2021 1674 2109; x_wconf 71' lang='lat' dir='ltr'><strong>I3.</strong></span> <span class='ocrx_word' id='word_1_82' title='bbox 1700 2021 1812 2109; x_wconf 75' lang='grc' dir='ltr'>Καὶ</span> <span class='ocrx_word' id='word_1_83' title='bbox 1843 2021 2164 2093; x_wconf 77' lang='grc' dir='ltr'>ἐπορεύοντο</span> <span class='ocrx_word' id='word_1_84' title='bbox 2193 2013 2252 2075; x_wconf 77' lang='grc' dir='ltr'>οὗ</span> <span class='ocrx_word' id='word_1_85' title='bbox 2295 2020 2388 2077; x_wconf 77' lang='grc' dir='ltr'><strong>ἐὰν</strong></span> <span class='ocrx_word' id='word_1_86' title='bbox 2438 2023 2566 2075; x_wconf 84' lang='grc' dir='ltr'>ὲπο-</span> 
     </span>
    </p>
   </div>
   <div class='ocr_carea' id='block_1_18' title="bbox 403 2108 1756 2164">
    <p class='ocr_par' dir='ltr' id='par_1_18' title="bbox 403 2108 1756 2164">
     <span class='ocr_line' id='line_1_20' title="bbox 403 2108 1756 2164; baseline -0.004 -14"><span class='ocrx_word' id='word_1_87' title='bbox 403 2114 554 2152; x_wconf 85' lang='grc' dir='ltr'>ποτε.</span> <span class='ocrx_word' id='word_1_88' title='bbox 1518 2108 1756 2164; x_wconf 86' lang='grc' dir='ltr'>ρευοντο.</span> 
     </span>
    </p>
   </div>
   <div class='ocr_carea' id='block_1_19' title="bbox 1603 2182 1823 2252">
    <p class='ocr_par' dir='ltr' id='par_1_19' title="bbox 1603 2182 1823 2252">
     <span class='ocr_line' id='line_1_21' title="bbox 1603 2182 1823 2252; baseline 0 -16"><span class='ocrx_word' id='word_1_89' title='bbox 1603 2182 1823 2252; x_wconf 84' lang='grc' dir='ltr'>Ἀνῆκε.</span> 
     </span>
    </p>
   </div>
   <div class='ocr_carea' id='block_1_20' title="bbox 475 2271 2569 2414">
    <p class='ocr_par' dir='ltr' id='par_1_20' title="bbox 475 2271 2569 2414">
     <span class='ocr_line' id='line_1_22' title="bbox 475 2271 2569 2414; baseline -0.007 -76"><span class='ocrx_word' id='word_1_90' title='bbox 475 2284 560 2340; x_wconf 71' lang='grc'><strong>14.</strong></span> <span class='ocrx_word' id='word_1_91' title='bbox 599 2284 690 2338; x_wconf 86' lang='grc' dir='ltr'>Ἑν</span> <span class='ocrx_word' id='word_1_92' title='bbox 715 2285 1074 2352; x_wconf 83' lang='grc' dir='ltr'>καταφυγαϊς.</span> <span class='ocrx_word' id='word_1_93' title='bbox 1520 2271 1686 2414; x_wconf 48' lang='grc' dir='ltr'><strong>σακε,</strong></span> <span class='ocrx_word' id='word_1_94' title='bbox 1722 2271 1809 2326; x_wconf 87' lang='grc' dir='ltr'>Ἐν</span> <span class='ocrx_word' id='word_1_95' title='bbox 1839 2271 2114 2343; x_wconf 82' lang='grc' dir='ltr'><strong>Μασερέθ.</strong></span> <span class='ocrx_word' id='word_1_96' title='bbox 2143 2274 2399 2339; x_wconf 73' lang='grc' dir='ltr'><strong>Ἄλλως,</strong></span> <span class='ocrx_word' id='word_1_97' title='bbox 2420 2273 2569 2326; x_wconf 83' lang='grc' dir='ltr'>Μασ-</span> 
     </span>
    </p>
   </div>
   <div class='ocr_carea' id='block_1_21' title="bbox 478 2433 2132 2521">
    <p class='ocr_par' dir='ltr' id='par_1_21' title="bbox 478 2433 2132 2521">
     <span class='ocr_line' id='line_1_23' title="bbox 478 2433 2132 2521; baseline -0.01 -17"><span class='ocrx_word' id='word_1_98' title='bbox 478 2449 560 2504; x_wconf 87' lang='lat' dir='ltr'><strong>I5.</strong></span> <span class='ocrx_word' id='word_1_99' title='bbox 589 2447 806 2521; x_wconf 83' lang='grc' dir='ltr'><strong>Δρυμῷ.</strong></span> <span class='ocrx_word' id='word_1_100' title='bbox 1593 2433 1684 2489; x_wconf 81' lang='lat' dir='ltr'><strong>I5.</strong></span> <span class='ocrx_word' id='word_1_101' title='bbox 1731 2434 1820 2486; x_wconf 88' lang='grc' dir='ltr'><strong>Ἐν</strong></span> <span class='ocrx_word' id='word_1_102' title='bbox 1851 2437 1918 2505; x_wconf 83' lang='grc' dir='ltr'><strong>τῇ</strong></span> <span class='ocrx_word' id='word_1_103' title='bbox 1952 2437 2132 2505; x_wconf 84' lang='grc' dir='ltr'>καινῇ.</span> 
     </span>
    </p>
   </div>
   <div class='ocr_carea' id='block_1_22' title="bbox 474 2523 2567 2665">
    <p class='ocr_par' dir='ltr' id='par_1_22' title="bbox 474 2523 2567 2665">
     <span class='ocr_line' id='line_1_24' title="bbox 474 2523 2567 2597; baseline 0.003 -25"><span class='ocrx_word' id='word_1_104' title='bbox 474 2543 558 2597; x_wconf 48' lang='grc' dir='ltr'><strong>ιδ.</strong></span> <span class='ocrx_word' id='word_1_105' title='bbox 617 2573 619 2577; x_wconf 80' lang='grc'><strong><em>,</em></strong></span> <span class='ocrx_word' id='word_1_106' title='bbox 1594 2523 1678 2578; x_wconf 90' lang='grc'><strong>16.</strong></span> <span class='ocrx_word' id='word_1_107' title='bbox 1707 2523 1815 2595; x_wconf 80' lang='grc' dir='ltr'><strong>Τὴν</strong></span> <span class='ocrx_word' id='word_1_108' title='bbox 1849 2526 2060 2596; x_wconf 86' lang='grc' dir='ltr'>καινήν.</span> <span class='ocrx_word' id='word_1_109' title='bbox 2096 2527 2160 2578; x_wconf 84' lang='lat' dir='ltr'><strong>Oi</strong></span> <span class='ocrx_word' id='word_1_110' title='bbox 2207 2523 2430 2593; x_wconf 75' lang='grc' dir='ltr'>λοιποὶ,</span> <span class='ocrx_word' id='word_1_111' title='bbox 2473 2524 2567 2578; x_wconf 80' lang='grc' dir='ltr'><strong>τὸν</strong></span> 
     </span>
     <span class='ocr_line' id='line_1_25' title="bbox 1519 2594 1746 2665; baseline -0.004 -18"><span class='ocrx_word' id='word_1_112' title='bbox 1519 2594 1746 2665; x_wconf 79' lang='grc' dir='ltr'><strong>δρυμόν.</strong></span> 
     </span>
    </p>
   </div>
   <div class='ocr_carea' id='block_1_23' title="bbox 487 2612 1998 2776">
    <p class='ocr_par' dir='ltr' id='par_1_23' title="bbox 487 2612 1998 2776">
     <span class='ocr_line' id='line_1_26' title="bbox 1519 2612 1746 2666; baseline -0.004 -19"><span class='ocrx_word' id='word_1_113' title='bbox 1519 2612 1746 2666; x_wconf 84' lang='grc' dir='ltr'>ορυμον.</span> 
     </span>
     <span class='ocr_line' id='line_1_27' title="bbox 487 2687 1998 2776; baseline -0.009 -20"><span class='ocrx_word' id='word_1_114' title='bbox 487 2701 777 2776; x_wconf 78' lang='grc' dir='ltr'>Ἐθράσυνε</span> <span class='ocrx_word' id='word_1_115' title='bbox 1604 2687 1998 2758; x_wconf 81' lang='grc' dir='ltr'>Ἐκραταίωσε.</span> 
     </span>
    </p>
   </div>
   <div class='ocr_carea' id='block_1_24' title="bbox 483 2776 2570 2924">
    <p class='ocr_par' dir='ltr' id='par_1_24' title="bbox 483 2776 2570 2924">
     <span class='ocr_line' id='line_1_28' title="bbox 483 2776 2570 2924; baseline -0.006 -80"><span class='ocrx_word' id='word_1_116' title='bbox 483 2794 569 2847; x_wconf 85' lang='lat' dir='ltr'><strong>I8.</strong></span> <span class='ocrx_word' id='word_1_117' title='bbox 1545 2776 1678 2924; x_wconf 79' lang='grc' dir='ltr'><strong>ή18.</strong></span> <span class='ocrx_word' id='word_1_118' title='bbox 1718 2777 1805 2828; x_wconf 88' lang='grc' dir='ltr'><strong>Ἐν</strong></span> <span class='ocrx_word' id='word_1_119' title='bbox 1830 2779 2014 2848; x_wconf 81' lang='grc' dir='ltr'>καινῇ.</span> <span class='ocrx_word' id='word_1_120' title='bbox 2049 2779 2293 2844; x_wconf 78' lang='grc' dir='ltr'>Ἄλλος,</span> <span class='ocrx_word' id='word_1_121' title='bbox 2327 2779 2407 2841; x_wconf 75' lang='grc' dir='ltr'><strong>εἰς</strong></span> <span class='ocrx_word' id='word_1_122' title='bbox 2445 2794 2570 2832; x_wconf 87' lang='grc' dir='ltr'>και-</span> 
     </span>
     <span class='ocr_line' id='line_1_29' title="bbox 1511 2867 1632 2906; baseline -0.025 0"><span class='ocrx_word' id='word_1_123' title='bbox 1511 2870 1541 2906; x_wconf 88' lang='grc' dir='ltr'><strong>ν</strong></span> <span class='ocrx_word' id='word_1_124' title='bbox 1582 2867 1632 2904; x_wconf 90' lang='grc' dir='ltr'>ν.</span> 
     </span>
    </p>
   </div>
   <div class='ocr_carea' id='block_1_25' title="bbox 1591 2939 2567 3012">
    <p class='ocr_par' dir='ltr' id='par_1_25' title="bbox 1591 2939 2567 3012">
     <span class='ocr_line' id='line_1_30' title="bbox 1591 2939 2567 3012; baseline 0.001 -16"><span class='ocrx_word' id='word_1_125' title='bbox 1591 2943 1678 2998; x_wconf 87' lang='grc'><strong>19.</strong></span> <span class='ocrx_word' id='word_1_126' title='bbox 1713 2943 1802 2996; x_wconf 89' lang='grc' dir='ltr'>Ἐν</span> <span class='ocrx_word' id='word_1_127' title='bbox 1822 2939 2091 3012; x_wconf 81' lang='grc' dir='ltr'>Μεσσαρὰ</span> <span class='ocrx_word' id='word_1_128' title='bbox 2119 2940 2174 2992; x_wconf 81' lang='grc' dir='ltr'>ὲν</span> <span class='ocrx_word' id='word_1_129' title='bbox 2199 2941 2314 3003; x_wconf 80' lang='grc' dir='ltr'>τοῖς</span> <span class='ocrx_word' id='word_1_130' title='bbox 2342 2944 2567 3006; x_wconf 85' lang='grc' dir='ltr'>στενοῖς.</span> 
     </span>
    </p>
   </div>
   <div class='ocr_carea' id='block_1_26' title="bbox 1604 3029 2546 3105">
    <p class='ocr_par' dir='ltr' id='par_1_26' title="bbox 1604 3029 2546 3105">
     <span class='ocr_line' id='line_1_31' title="bbox 1604 3029 2546 3105; baseline -0.003 -18"><span class='ocrx_word' id='word_1_131' title='bbox 1604 3033 1692 3087; x_wconf 86' lang='grc' dir='ltr'>Ἐν</span> <span class='ocrx_word' id='word_1_132' title='bbox 1720 3036 1786 3105; x_wconf 83' lang='grc' dir='ltr'><strong>τῇ</strong></span> <span class='ocrx_word' id='word_1_133' title='bbox 1807 3035 1989 3102; x_wconf 86' lang='grc' dir='ltr'>καινῇ.</span> <span class='ocrx_word' id='word_1_134' title='bbox 2011 3033 2076 3083; x_wconf 79' lang='lat' dir='ltr'><strong>Ol</strong></span> <span class='ocrx_word' id='word_1_135' title='bbox 2100 3029 2322 3099; x_wconf 82' lang='grc' dir='ltr'>λοιποὶ,</span> <span class='ocrx_word' id='word_1_136' title='bbox 2355 3031 2546 3104; x_wconf 82' lang='grc' dir='ltr'>δρυμῷ</span> 
     </span>
    </p>
   </div>
   <div class='ocr_carea' id='block_1_27' title="bbox 1605 3123 2024 3195">
    <p class='ocr_par' dir='ltr' id='par_1_27' title="bbox 1605 3123 2024 3195">
     <span class='ocr_line' id='line_1_32' title="bbox 1605 3123 2024 3195; baseline 0 -17"><span class='ocrx_word' id='word_1_137' title='bbox 1605 3126 1692 3178; x_wconf 88' lang='grc' dir='ltr'>Ἐν</span> <span class='ocrx_word' id='word_1_138' title='bbox 1725 3124 1798 3195; x_wconf 80' lang='grc' dir='ltr'><strong>τῷ</strong></span> <span class='ocrx_word' id='word_1_139' title='bbox 1833 3123 2024 3195; x_wconf 80' lang='grc' dir='ltr'>βουνῷ.</span> 
     </span>
    </p>
   </div>
   <div class='ocr_carea' id='block_1_28' title="bbox 1607 3219 1925 3290">
    <p class='ocr_par' dir='ltr' id='par_1_28' title="bbox 1607 3219 1925 3290">
     <span class='ocr_line' id='line_1_33' title="bbox 1607 3219 1925 3290; baseline -0.009 -15"><span class='ocrx_word' id='word_1_140' title='bbox 1607 3222 1639 3276; x_wconf 87' lang='grc' dir='ltr'><strong>Ἰ</strong></span> <span class='ocrx_word' id='word_1_141' title='bbox 1648 3238 1763 3272; x_wconf 79' lang='grc' dir='ltr'>εσσε</span> <span class='ocrx_word' id='word_1_142' title='bbox 1772 3219 1925 3290; x_wconf 78' lang='grc' dir='ltr'>μοῦν.</span> 
     </span>
    </p>
   </div>
   <div class='ocr_carea' id='block_1_29' title="bbox 1594 3309 2570 3382">
    <p class='ocr_par' dir='ltr' id='par_1_29' title="bbox 1594 3309 2570 3382">
     <span class='ocr_line' id='line_1_34' title="bbox 1594 3309 2570 3382; baseline -0.012 -17"><span class='ocrx_word' id='word_1_143' title='bbox 1594 3313 1687 3366; x_wconf 69' lang='lat'><strong>9.0.</strong></span> <span class='ocrx_word' id='word_1_144' title='bbox 1729 3312 1844 3364; x_wconf 84' lang='grc' dir='ltr'><strong>Πᾶν</strong></span> <span class='ocrx_word' id='word_1_145' title='bbox 1869 3311 1928 3362; x_wconf 83' lang='grc' dir='ltr'><strong>τὸ</strong></span> <span class='ocrx_word' id='word_1_146' title='bbox 1963 3309 2099 3382; x_wconf 77' lang='grc' dir='ltr'>πρὸς</span> <span class='ocrx_word' id='word_1_147' title='bbox 2125 3310 2304 3380; x_wconf 80' lang='grc' dir='ltr'>ψυχὴν</span> <span class='ocrx_word' id='word_1_148' title='bbox 2333 3312 2440 3382; x_wconf 20' lang='grc' dir='ltr'><strong>γτοῦ</strong></span> <span class='ocrx_word' id='word_1_149' title='bbox 2477 3312 2570 3382; x_wconf 80' lang='grc' dir='ltr'><strong>βα-</strong></span> 
     </span>
    </p>
   </div>
   <div class='ocr_carea' id='block_1_30' title="bbox 407 3381 2567 3458">
    <p class='ocr_par' dir='ltr' id='par_1_30' title="bbox 407 3381 2567 3458">
     <span class='ocr_line' id='line_1_35' title="bbox 407 3381 2567 3458; baseline -0.002 -17"><span class='ocrx_word' id='word_1_150' title='bbox 407 3386 649 3458; x_wconf 81' lang='grc' dir='ltr'>βασιλεῦ,</span> <span class='ocrx_word' id='word_1_151' title='bbox 691 3385 992 3458; x_wconf 36' lang='grc' dir='ltr'>καιταὸἦναι</span> <span class='ocrx_word' id='word_1_152' title='bbox 1019 3381 1305 3454; x_wconf 72' lang='grc' dir='ltr'>κατάϐηθι.</span> <span class='ocrx_word' id='word_1_153' title='bbox 1527 3383 1720 3445; x_wconf 83' lang='grc' dir='ltr'>σιλέως</span> <span class='ocrx_word' id='word_1_154' title='bbox 1745 3383 1824 3443; x_wconf 68' lang='grc' dir='ltr'><strong>εἰς</strong></span> <span class='ocrx_word' id='word_1_155' title='bbox 1847 3381 2147 3434; x_wconf 80' lang='grc' dir='ltr'>κατάϐασιν</span> <span class='ocrx_word' id='word_1_156' title='bbox 2176 3381 2567 3438; x_wconf 74' lang='grc' dir='ltr'>καταϐαινέτω.</span> 
     </span>
    </p>
   </div>
   <div class='ocr_carea' id='block_1_31' title="bbox 693 3449 2382 3532">
    <p class='ocr_par' dir='ltr' id='par_1_31' title="bbox 693 3449 2382 3532">
     <span class='ocr_line' id='line_1_36' title="bbox 693 3449 2382 3532; baseline -0.003 -1"><span class='ocrx_word' id='word_1_157' title='bbox 693 3449 1138 3532; x_wconf 60' lang='grc' dir='ltr'>δὴιιιλοιιυε.</span> <span class='ocrx_word' id='word_1_158' title='bbox 1217 3449 1227 3454; x_wconf 66' lang='grc'><strong>⁷</strong></span> <span class='ocrx_word' id='word_1_159' title='bbox 1701 3473 1842 3527; x_wconf 79' lang='lat' dir='ltr'><strong>Lxx</strong></span> <span class='ocrx_word' id='word_1_160' title='bbox 1886 3472 2382 3527; x_wconf 82' lang='lat' dir='ltr'><strong>INTERPRETES.</strong></span> 
     </span>
    </p>
   </div>
   <div class='ocr_carea' id='block_1_32' title="bbox 479 3566 2570 3636">
    <p class='ocr_par' dir='ltr' id='par_1_32' title="bbox 479 3566 2570 3636">
     <span class='ocr_line' id='line_1_37' title="bbox 479 3566 2570 3636; baseline -0.001 -12"><span class='ocrx_word' id='word_1_161' title='bbox 479 3572 531 3624; x_wconf 89' lang='lat' dir='ltr'><strong>I.</strong></span> <span class='ocrx_word' id='word_1_162' title='bbox 1599 3568 1650 3620; x_wconf 91' lang='grc'><strong>1.</strong></span> <span class='ocrx_word' id='word_1_163' title='bbox 1694 3566 1760 3620; x_wconf 87' lang='lat' dir='ltr'><strong>Et</strong></span> <span class='ocrx_word' id='word_1_164' title='bbox 1791 3567 1894 3636; x_wconf 87' lang='lat' dir='ltr'><strong>ipsi</strong></span> <span class='ocrx_word' id='word_1_165' title='bbox 1933 3566 2218 3635; x_wconf 88' lang='lat' dir='ltr'><strong>diripiunt,</strong></span> <span class='ocrx_word' id='word_1_166' title='bbox 2247 3567 2570 3621; x_wconf 77' lang='lat' dir='ltr'><strong>conculcant</strong></span> 
     </span>
    </p>
   </div>
   <div class='ocr_carea' id='block_1_33' title="bbox 1521 3636 2572 3705">
    <p class='ocr_par' dir='ltr' id='par_1_33' title="bbox 1521 3636 2572 3705">
     <span class='ocr_line' id='line_1_38' title="bbox 1521 3636 2572 3705; baseline 0.001 -15"><span class='ocrx_word' id='word_1_167' title='bbox 1521 3652 1702 3692; x_wconf 83' lang='lat' dir='ltr'><strong>areas.</strong></span> <span class='ocrx_word' id='word_1_168' title='bbox 1753 3638 1929 3702; x_wconf 78' lang='lat' dir='ltr'><strong>Alius,</strong></span> <span class='ocrx_word' id='word_1_169' title='bbox 1970 3636 2235 3705; x_wconf 86' lang='lat' dir='ltr'><strong>diripiunt</strong></span> <span class='ocrx_word' id='word_1_170' title='bbox 2291 3651 2464 3701; x_wconf 81' lang='lat' dir='ltr'><strong>areas,</strong></span> <span class='ocrx_word' id='word_1_171' title='bbox 2518 3648 2572 3691; x_wconf 89' lang='lat' dir='ltr'><strong>et</strong></span> 
     </span>
    </p>
   </div>
   <div class='ocr_carea' id='block_1_34' title="bbox 1522 3707 1866 3761">
    <p class='ocr_par' dir='ltr' id='par_1_34' title="bbox 1522 3707 1866 3761">
     <span class='ocr_line' id='line_1_39' title="bbox 1522 3707 1866 3761; baseline 0 0"><span class='ocrx_word' id='word_1_172' title='bbox 1522 3707 1866 3761; x_wconf 85' lang='lat' dir='ltr'><strong>conculcant.</strong></span> 
     </span>
    </p>
   </div>
   <div class='ocr_carea' id='block_1_35' title="bbox 1593 3797 2568 3867">
    <p class='ocr_par' dir='ltr' id='par_1_35' title="bbox 1593 3797 2568 3867">
     <span class='ocr_line' id='line_1_40' title="bbox 1593 3797 2568 3867; baseline 0 -17"><span class='ocrx_word' id='word_1_173' title='bbox 1593 3799 1646 3851; x_wconf 81' lang='grc'><strong>5.</strong></span> <span class='ocrx_word' id='word_1_174' title='bbox 1703 3797 1759 3851; x_wconf 89' lang='lat' dir='ltr'><strong>ln</strong></span> <span class='ocrx_word' id='word_1_175' title='bbox 1806 3799 1994 3867; x_wconf 88' lang='lat' dir='ltr'><strong>spolia.</strong></span> <span class='ocrx_word' id='word_1_176' title='bbox 2053 3797 2225 3860; x_wconf 82' lang='lat' dir='ltr'><strong>Alius,</strong></span> <span class='ocrx_word' id='word_1_177' title='bbox 2273 3797 2322 3848; x_wconf 92' lang='lat' dir='ltr'><strong>in</strong></span> <span class='ocrx_word' id='word_1_178' title='bbox 2381 3797 2568 3852; x_wconf 78' lang='lat' dir='ltr'><strong>valles.</strong></span> 
     </span>
    </p>
   </div>
   <div class='ocr_carea' id='block_1_36' title="bbox 1521 3867 2085 3931">
    <p class='ocr_par' dir='ltr' id='par_1_36' title="bbox 1521 3867 2085 3931">
     <span class='ocr_line' id='line_1_41' title="bbox 1521 3867 2085 3931; baseline 0.005 -12"><span class='ocrx_word' id='word_1_179' title='bbox 1521 3867 1679 3922; x_wconf 82' lang='lat' dir='ltr'><strong>Alius</strong></span> <span class='ocrx_word' id='word_1_180' title='bbox 1706 3909 1720 3931; x_wconf 92' lang='lat'><strong>,</strong></span> <span class='ocrx_word' id='word_1_181' title='bbox 1764 3869 1820 3921; x_wconf 90' lang='lat' dir='ltr'><strong>in</strong></span> <span class='ocrx_word' id='word_1_182' title='bbox 1850 3876 2085 3922; x_wconf 78' lang='lat' dir='ltr'><strong>ventres.</strong></span> 
     </span>
    </p>
   </div>
   <div class='ocr_carea' id='block_1_37' title="bbox 477 2951 1086 3021">
    <p class='ocr_par' dir='ltr' id='par_1_37' title="bbox 477 2951 1086 3021">
     <span class='ocr_line' id='line_1_42' title="bbox 477 2951 1086 3021; baseline -0.003 -17"><span class='ocrx_word' id='word_1_183' title='bbox 477 2952 560 3006; x_wconf 88' lang='lat' dir='ltr'><strong>I9.</strong></span> <span class='ocrx_word' id='word_1_184' title='bbox 611 2952 699 3004; x_wconf 87' lang='grc' dir='ltr'>Ἐν</span> <span class='ocrx_word' id='word_1_185' title='bbox 719 2954 828 3014; x_wconf 86' lang='grc' dir='ltr'>τοῖς</span> <span class='ocrx_word' id='word_1_186' title='bbox 858 2951 1086 3021; x_wconf 80' lang='grc' dir='ltr'><strong>ὀχυροῖς.</strong></span> 
     </span>
    </p>
   </div>
   <div class='ocr_carea' id='block_1_38' title="bbox 487 3225 745 3296">
    <p class='ocr_par' dir='ltr' id='par_1_38' title="bbox 487 3225 745 3296">
     <span class='ocr_line' id='line_1_43' title="bbox 487 3225 745 3296; baseline 0.016 -20"><span class='ocrx_word' id='word_1_187' title='bbox 487 3225 541 3277; x_wconf 79' lang='grc' dir='ltr'><em>Ἐ</em></span> <span class='ocrx_word' id='word_1_188' title='bbox 551 3225 614 3296; x_wconf 87' lang='grc' dir='ltr'><strong>ρή</strong></span> <span class='ocrx_word' id='word_1_189' title='bbox 623 3241 745 3294; x_wconf 86' lang='grc' dir='ltr'>μου.</span> 
     </span>
    </p>
   </div>
   <div class='ocr_carea' id='block_1_39' title="bbox 473 3313 1442 3382">
    <p class='ocr_par' dir='ltr' id='par_1_39' title="bbox 473 3313 1442 3382">
     <span class='ocr_line' id='line_1_44' title="bbox 473 3313 1442 3382; baseline -0.006 -12"><span class='ocrx_word' id='word_1_190' title='bbox 473 3319 561 3372; x_wconf 72' lang='grc'><strong>20.</strong></span> <span class='ocrx_word' id='word_1_191' title='bbox 598 3317 753 3370; x_wconf 79' lang='grc' dir='ltr'><strong>Κατὰ</strong></span> <span class='ocrx_word' id='word_1_192' title='bbox 772 3316 948 3368; x_wconf 79' lang='grc' dir='ltr'>πᾶσαν</span> <span class='ocrx_word' id='word_1_193' title='bbox 995 3313 1285 3382; x_wconf 78' lang='grc' dir='ltr'>ἐπιθυμίαν</span> <span class='ocrx_word' id='word_1_194' title='bbox 1326 3330 1442 3378; x_wconf 83' lang='grc' dir='ltr'>σου,</span> 
     </span>
    </p>
   </div>
   <div class='ocr_carea' id='block_1_40' title="bbox 471 3800 932 3887">
    <p class='ocr_par' dir='ltr' id='par_1_40' title="bbox 471 3800 932 3887">
     <span class='ocr_line' id='line_1_45' title="bbox 471 3800 932 3887; baseline -0.007 -29"><span class='ocrx_word' id='word_1_195' title='bbox 471 3803 524 3887; x_wconf 66' lang='grc' dir='ltr'><strong>5ἶ</strong></span> <span class='ocrx_word' id='word_1_196' title='bbox 553 3800 612 3856; x_wconf 85' lang='grc' dir='ltr'><strong>1η</strong></span> <span class='ocrx_word' id='word_1_197' title='bbox 640 3801 932 3857; x_wconf 79' lang='lat' dir='ltr'><strong>exercitus.</strong></span> 
     </span>
    </p>
   </div>
   <div class='ocr_carea' id='block_1_41' title="bbox 475 3957 2572 4027">
    <p class='ocr_par' dir='ltr' id='par_1_41' title="bbox 475 3957 2572 4027">
     <span class='ocr_line' id='line_1_46' title="bbox 475 3957 2572 4027; baseline -0.003 -10"><span class='ocrx_word' id='word_1_198' title='bbox 475 3962 530 4017; x_wconf 94' lang='lat'><strong>5.</strong></span> <span class='ocrx_word' id='word_1_199' title='bbox 1594 3960 1648 4014; x_wconf 96' lang='lat'><strong>5.</strong></span> <span class='ocrx_word' id='word_1_200' title='bbox 1687 3958 1752 4012; x_wconf 88' lang='lat' dir='ltr'><strong>Et</strong></span> <span class='ocrx_word' id='word_1_201' title='bbox 1788 3959 2035 4014; x_wconf 77' lang='lat' dir='ltr'><strong>abduxit.</strong></span> <span class='ocrx_word' id='word_1_202' title='bbox 2068 3957 2218 4011; x_wconf 80' lang='lat' dir='ltr'><strong>Alius</strong></span> <span class='ocrx_word' id='word_1_203' title='bbox 2247 3999 2260 4023; x_wconf 91' lang='lat'><strong>,</strong></span> <span class='ocrx_word' id='word_1_204' title='bbox 2294 3965 2345 4011; x_wconf 90' lang='lat' dir='ltr'><strong>et</strong></span> <span class='ocrx_word' id='word_1_205' title='bbox 2372 3957 2572 4027; x_wconf 76' lang='lat' dir='ltr'><strong>abegit,</strong></span> 
     </span>
    </p>
   </div>
   <div class='ocr_carea' id='block_1_42' title="bbox 472 4048 1957 4107">
    <p class='ocr_par' dir='ltr' id='par_1_42' title="bbox 472 4048 1957 4107">
     <span class='ocr_line' id='line_1_47' title="bbox 472 4048 1957 4107; baseline -0.001 -3"><span class='ocrx_word' id='word_1_206' title='bbox 472 4052 522 4105; x_wconf 94' lang='lat'><strong>7.</strong></span> <span class='ocrx_word' id='word_1_207' title='bbox 566 4050 830 4107; x_wconf 83' lang='lat' dir='ltr'><strong>Tradidit.</strong></span> <span class='ocrx_word' id='word_1_208' title='bbox 1596 4049 1648 4105; x_wconf 91' lang='lat'><strong>7.</strong></span> <span class='ocrx_word' id='word_1_209' title='bbox 1685 4048 1957 4104; x_wconf 79' lang='lat' dir='ltr'><strong>Vendidit.</strong></span> 
     </span>
    </p>
   </div>
   <div class='ocr_carea' id='block_1_43' title="bbox 470 4137 2574 4209">
    <p class='ocr_par' dir='ltr' id='par_1_43' title="bbox 470 4137 2574 4209">
     <span class='ocr_line' id='line_1_48' title="bbox 470 4137 2574 4209; baseline -0.001 -16"><span class='ocrx_word' id='word_1_210' title='bbox 470 4138 523 4193; x_wconf 92' lang='lat'><strong>8.</strong></span> <span class='ocrx_word' id='word_1_211' title='bbox 1595 4141 1649 4195; x_wconf 88' lang='lat'><strong>8.</strong></span> <span class='ocrx_word' id='word_1_212' title='bbox 1693 4139 2294 4209; x_wconf 85' lang='lat' dir='ltr'><strong>Comprehendendum.</strong></span> <span class='ocrx_word' id='word_1_213' title='bbox 2345 4137 2574 4209; x_wconf 78' lang='lat' dir='ltr'><strong>Reliqui,</strong></span> 
     </span>
    </p>
   </div>
   <div class='ocr_carea' id='block_1_44' title="bbox 1520 4209 1902 4267">
    <p class='ocr_par' dir='ltr' id='par_1_44' title="bbox 1520 4209 1902 4267">
     <span class='ocr_line' id='line_1_49' title="bbox 1520 4209 1902 4267; baseline -0.003 -2"><span class='ocrx_word' id='word_1_214' title='bbox 1520 4209 1902 4267; x_wconf 90' lang='lat' dir='ltr'><strong>obsidendum.</strong></span> 
     </span>
    </p>
   </div>
   <div class='ocr_carea' id='block_1_45' title="bbox 472 4299 2144 4370">
    <p class='ocr_par' dir='ltr' id='par_1_45' title="bbox 472 4299 2144 4370">
     <span class='ocr_line' id='line_1_50' title="bbox 472 4299 2144 4370; baseline -0.002 -14"><span class='ocrx_word' id='word_1_215' title='bbox 472 4302 525 4356; x_wconf 86' lang='lat'><strong>9.</strong></span> <span class='ocrx_word' id='word_1_216' title='bbox 1596 4300 1651 4354; x_wconf 88' lang='lat'><strong>9.</strong></span> <span class='ocrx_word' id='word_1_217' title='bbox 1684 4299 1909 4370; x_wconf 83' lang='lat' dir='ltr'><strong>Applica</strong></span> <span class='ocrx_word' id='word_1_218' title='bbox 1942 4299 2144 4370; x_wconf 90' lang='lat' dir='ltr'><strong>ephud.</strong></span> 
     </span>
    </p>
   </div>
   <div class='ocr_carea' id='block_1_46' title="bbox 474 4389 1898 4444">
    <p class='ocr_par' dir='ltr' id='par_1_46' title="bbox 474 4389 1898 4444">
     <span class='ocr_line' id='line_1_51' title="bbox 474 4389 1898 4444; baseline -0.001 -1"><span class='ocrx_word' id='word_1_219' title='bbox 474 4391 563 4444; x_wconf 92' lang='lat' dir='ltr'><strong>II.</strong></span> <span class='ocrx_word' id='word_1_220' title='bbox 1325 4433 1327 4435; x_wconf 86' lang='lat'><strong>.</strong></span> <span class='ocrx_word' id='word_1_221' title='bbox 1597 4391 1685 4444; x_wconf 89' lang='lat' dir='ltr'><strong>II.</strong></span> <span class='ocrx_word' id='word_1_222' title='bbox 1719 4389 1898 4444; x_wconf 76' lang='lat' dir='ltr'><strong>Vacat.</strong></span> 
     </span>
    </p>
   </div>
   <div class='ocr_carea' id='block_1_47' title="bbox 1593 4550 2570 4621">
    <p class='ocr_par' dir='ltr' id='par_1_47' title="bbox 1593 4550 2570 4621">
     <span class='ocr_line' id='line_1_52' title="bbox 1593 4550 2570 4621; baseline -0.004 -15"><span class='ocrx_word' id='word_1_223' title='bbox 1593 4550 1986 4606; x_wconf 86' lang='lat' dir='ltr'><strong>Concludetur.</strong></span> <span class='ocrx_word' id='word_1_224' title='bbox 2010 4551 2238 4621; x_wconf 80' lang='lat' dir='ltr'><strong>Reliqui,</strong></span> <span class='ocrx_word' id='word_1_225' title='bbox 2258 4550 2570 4606; x_wconf 88' lang='lat' dir='ltr'><strong>descendet.</strong></span> 
     </span>
    </p>
   </div>
   <div class='ocr_carea' id='block_1_48' title="bbox 475 4637 2314 4711">
    <p class='ocr_par' dir='ltr' id='par_1_48' title="bbox 475 4637 2314 4711">
     <span class='ocr_line' id='line_1_53' title="bbox 475 4637 2314 4711; baseline -0.001 -16"><span class='ocrx_word' id='word_1_226' title='bbox 475 4642 560 4699; x_wconf 84' lang='lat' dir='ltr'><strong>I5.</strong></span> <span class='ocrx_word' id='word_1_227' title='bbox 598 4639 666 4696; x_wconf 86' lang='lat' dir='ltr'><strong>Et</strong></span> <span class='ocrx_word' id='word_1_228' title='bbox 699 4639 1051 4711; x_wconf 81' lang='lat' dir='ltr'><strong>quiescebant</strong></span> <span class='ocrx_word' id='word_1_229' title='bbox 1091 4637 1443 4707; x_wconf 87' lang='lat' dir='ltr'><strong>ubicumque.</strong></span> <span class='ocrx_word' id='word_1_230' title='bbox 1601 4643 1686 4697; x_wconf 79' lang='lat' dir='ltr'><strong>I5.</strong></span> <span class='ocrx_word' id='word_1_231' title='bbox 1720 4642 1788 4696; x_wconf 82' lang='lat' dir='ltr'><strong>Et</strong></span> <span class='ocrx_word' id='word_1_232' title='bbox 1813 4642 1966 4696; x_wconf 86' lang='lat' dir='ltr'><strong>ibant</strong></span> <span class='ocrx_word' id='word_1_233' title='bbox 1996 4656 2106 4709; x_wconf 83' lang='lat' dir='ltr'><strong>quo</strong></span> <span class='ocrx_word' id='word_1_234' title='bbox 2145 4642 2314 4696; x_wconf 87' lang='lat' dir='ltr'><strong>ibant.</strong></span> 
     </span>
    </p>
   </div>
   <div class='ocr_carea' id='block_1_49' title="bbox 1596 4802 1814 4856">
    <p class='ocr_par' dir='ltr' id='par_1_49' title="bbox 1596 4802 1814 4856">
     <span class='ocr_line' id='line_1_54' title="bbox 1596 4802 1814 4856; baseline -0.009 0"><span class='ocrx_word' id='word_1_235' title='bbox 1596 4802 1814 4856; x_wconf 87' lang='lat' dir='ltr'><strong>Omisit.</strong></span> 
     </span>
    </p>
   </div>
   <div class='ocr_carea' id='block_1_50' title="bbox 474 4888 2570 5017">
    <p class='ocr_par' dir='ltr' id='par_1_50' title="bbox 474 4888 2570 5017">
     <span class='ocr_line' id='line_1_55' title="bbox 474 4888 2570 5017; baseline -0 -72"><span class='ocrx_word' id='word_1_236' title='bbox 474 4891 558 4945; x_wconf 72' lang='grc'><strong>14.</strong></span> <span class='ocrx_word' id='word_1_237' title='bbox 595 4891 654 4944; x_wconf 89' lang='lat' dir='ltr'><strong>In</strong></span> <span class='ocrx_word' id='word_1_238' title='bbox 687 4889 967 4961; x_wconf 80' lang='lat' dir='ltr'><strong>perfugiis.</strong></span> <span class='ocrx_word' id='word_1_239' title='bbox 1585 4893 1687 5017; x_wconf 63' lang='lat' dir='ltr'><strong>lIII.</strong></span> <span class='ocrx_word' id='word_1_240' title='bbox 1723 4891 1780 4948; x_wconf 91' lang='lat' dir='ltr'><strong>In</strong></span> <span class='ocrx_word' id='word_1_241' title='bbox 1810 4890 2100 4946; x_wconf 78' lang='lat' dir='ltr'><strong>Masereth.</strong></span> <span class='ocrx_word' id='word_1_242' title='bbox 2140 4891 2328 4953; x_wconf 77' lang='lat' dir='ltr'><strong>Aliter,</strong></span> <span class='ocrx_word' id='word_1_243' title='bbox 2370 4888 2570 4944; x_wconf 86' lang='lat' dir='ltr'><strong>Massa-</strong></span> 
     </span>
     <span class='ocr_line' id='line_1_56' title="bbox 1516 4979 1665 5017; baseline 0.007 -1"><span class='ocrx_word' id='word_1_244' title='bbox 1516 4979 1581 5017; x_wconf 84' lang='lat' dir='ltr'><strong>re</strong></span> <span class='ocrx_word' id='word_1_245' title='bbox 1626 4981 1665 5017; x_wconf 86' lang='lat' dir='ltr'><strong>I.</strong></span> 
     </span>
    </p>
   </div>
   <div class='ocr_carea' id='block_1_51' title="bbox 1516 4979 1665 5021">
    <p class='ocr_par' dir='ltr' id='par_1_51' title="bbox 1516 4979 1665 5021">
     <span class='ocr_line' id='line_1_57' title="bbox 1516 4979 1665 5021; baseline 0.034 -5"><span class='ocrx_word' id='word_1_246' title='bbox 1516 4979 1665 5021; x_wconf 83' lang='lat' dir='ltr'><strong>retu.</strong></span> 
     </span>
    </p>
   </div>
   <div class='ocr_carea' id='block_1_52' title="bbox 471 4973 1983 5123">
    <p class='ocr_par' dir='ltr' id='par_1_52' title="bbox 471 4973 1983 5123">
     <span class='ocr_line' id='line_1_58' title="bbox 1516 4973 1665 5021; baseline 0.034 -5"><span class='ocrx_word' id='word_1_247' title='bbox 1516 4973 1665 5021; x_wconf 81' lang='lat' dir='ltr'><strong>retu.</strong></span> 
     </span>
     <span class='ocr_line' id='line_1_59' title="bbox 471 5051 1983 5123; baseline 0.001 -16"><span class='ocrx_word' id='word_1_248' title='bbox 471 5052 558 5108; x_wconf 88' lang='lat' dir='ltr'><strong>I5.</strong></span> <span class='ocrx_word' id='word_1_249' title='bbox 596 5055 659 5107; x_wconf 89' lang='lat' dir='ltr'><strong>In</strong></span> <span class='ocrx_word' id='word_1_250' title='bbox 687 5051 855 5123; x_wconf 83' lang='lat' dir='ltr'><strong>sylva.</strong></span> <span class='ocrx_word' id='word_1_251' title='bbox 1597 5057 1688 5112; x_wconf 87' lang='lat' dir='ltr'><strong>I5.</strong></span> <span class='ocrx_word' id='word_1_252' title='bbox 1728 5056 1788 5112; x_wconf 89' lang='lat' dir='ltr'><strong>In</strong></span> <span class='ocrx_word' id='word_1_253' title='bbox 1823 5071 1983 5111; x_wconf 83' lang='lat' dir='ltr'><strong>nova.</strong></span> 
     </span>
    </p>
   </div>
   <div class='ocr_carea' id='block_1_53' title="bbox 467 5140 2462 5216">
    <p class='ocr_par' dir='ltr' id='par_1_53' title="bbox 467 5140 2462 5216">
     <span class='ocr_line' id='line_1_60' title="bbox 467 5140 2462 5216; baseline 0 -19"><span class='ocrx_word' id='word_1_254' title='bbox 467 5140 558 5198; x_wconf 86' lang='lat' dir='ltr'><strong>I6.</strong></span> <span class='ocrx_word' id='word_1_255' title='bbox 1595 5147 1685 5202; x_wconf 88' lang='lat' dir='ltr'><strong>I6.</strong></span> <span class='ocrx_word' id='word_1_256' title='bbox 1718 5145 1947 5203; x_wconf 83' lang='lat' dir='ltr'><strong>Novam.</strong></span> <span class='ocrx_word' id='word_1_257' title='bbox 1977 5145 2203 5216; x_wconf 82' lang='lat' dir='ltr'><strong>Reliqui,</strong></span> <span class='ocrx_word' id='word_1_258' title='bbox 2236 5144 2462 5215; x_wconf 84' lang='lat' dir='ltr'><strong>sylvam.</strong></span> 
     </span>
    </p>
   </div>
   <div class='ocr_carea' id='block_1_54' title="bbox 469 5236 1968 5304">
    <p class='ocr_par' dir='ltr' id='par_1_54' title="bbox 469 5236 1968 5304">
     <span class='ocr_line' id='line_1_61' title="bbox 469 5236 1968 5304; baseline -0.003 -10"><span class='ocrx_word' id='word_1_259' title='bbox 469 5239 720 5304; x_wconf 71' lang='lat' dir='ltr'><strong>Audaces</strong></span> <span class='ocrx_word' id='word_1_260' title='bbox 747 5236 893 5292; x_wconf 77' lang='lat' dir='ltr'><strong>fecit.</strong></span> <span class='ocrx_word' id='word_1_261' title='bbox 1595 5238 1968 5295; x_wconf 81' lang='lat' dir='ltr'><strong>Conﬁrmavit.</strong></span> 
     </span>
    </p>
   </div>
   <div class='ocr_carea' id='block_1_55' title="bbox 473 5330 2514 5394">
    <p class='ocr_par' dir='ltr' id='par_1_55' title="bbox 473 5330 2514 5394">
     <span class='ocr_line' id='line_1_62' title="bbox 473 5330 2514 5394; baseline -0.002 -8"><span class='ocrx_word' id='word_1_262' title='bbox 473 5331 564 5388; x_wconf 82' lang='lat' dir='ltr'><strong>I8.</strong></span> <span class='ocrx_word' id='word_1_263' title='bbox 1596 5333 1687 5390; x_wconf 85' lang='grc'><strong>18.</strong></span> <span class='ocrx_word' id='word_1_264' title='bbox 1714 5332 1771 5387; x_wconf 92' lang='lat' dir='ltr'><strong>In</strong></span> <span class='ocrx_word' id='word_1_265' title='bbox 1812 5347 1972 5386; x_wconf 85' lang='lat' dir='ltr'><strong>nova.</strong></span> <span class='ocrx_word' id='word_1_266' title='bbox 2007 5331 2181 5394; x_wconf 77' lang='lat' dir='ltr'><strong>Alius,</strong></span> <span class='ocrx_word' id='word_1_267' title='bbox 2208 5330 2261 5383; x_wconf 91' lang='lat' dir='ltr'><strong>in</strong></span> <span class='ocrx_word' id='word_1_268' title='bbox 2295 5343 2514 5383; x_wconf 80' lang='lat' dir='ltr'><strong>novam.</strong></span> 
     </span>
    </p>
   </div>
   <div class='ocr_carea' id='block_1_56' title="bbox 472 5420 2442 5492">
    <p class='ocr_par' dir='ltr' id='par_1_56' title="bbox 472 5420 2442 5492">
     <span class='ocr_line' id='line_1_63' title="bbox 472 5420 2442 5492; baseline -0.002 -13"><span class='ocrx_word' id='word_1_269' title='bbox 472 5425 556 5480; x_wconf 88' lang='lat' dir='ltr'><strong>I9.</strong></span> <span class='ocrx_word' id='word_1_270' title='bbox 599 5423 658 5480; x_wconf 92' lang='lat' dir='ltr'><strong>In</strong></span> <span class='ocrx_word' id='word_1_271' title='bbox 690 5423 934 5480; x_wconf 82' lang='lat' dir='ltr'><strong>munitis.</strong></span> <span class='ocrx_word' id='word_1_272' title='bbox 1597 5426 1686 5481; x_wconf 91' lang='lat' dir='ltr'><strong>I9.</strong></span> <span class='ocrx_word' id='word_1_273' title='bbox 1721 5424 1776 5478; x_wconf 91' lang='lat' dir='ltr'><strong>In</strong></span> <span class='ocrx_word' id='word_1_274' title='bbox 1814 5423 2056 5478; x_wconf 80' lang='lat' dir='ltr'><strong>Messara</strong></span> <span class='ocrx_word' id='word_1_275' title='bbox 2084 5423 2138 5478; x_wconf 92' lang='lat' dir='ltr'><strong>in</strong></span> <span class='ocrx_word' id='word_1_276' title='bbox 2173 5420 2442 5492; x_wconf 80' lang='lat' dir='ltr'><strong>angustis.</strong></span> 
     </span>
    </p>
   </div>
   <div class='ocr_carea' id='block_1_57' title="bbox 1596 5514 2310 5586">
    <p class='ocr_par' dir='ltr' id='par_1_57' title="bbox 1596 5514 2310 5586">
     <span class='ocr_line' id='line_1_64' title="bbox 1596 5514 2310 5586; baseline -0.006 -16"><span class='ocrx_word' id='word_1_277' title='bbox 1596 5517 1657 5572; x_wconf 89' lang='lat' dir='ltr'><strong>In</strong></span> <span class='ocrx_word' id='word_1_278' title='bbox 1683 5532 1845 5572; x_wconf 85' lang='lat' dir='ltr'><strong>nova.</strong></span> <span class='ocrx_word' id='word_1_279' title='bbox 1879 5514 2108 5586; x_wconf 81' lang='lat' dir='ltr'><strong>Reliqui,</strong></span> <span class='ocrx_word' id='word_1_280' title='bbox 2139 5514 2310 5586; x_wconf 83' lang='lat' dir='ltr'><strong>sylva.</strong></span> 
     </span>
    </p>
   </div>
   <div class='ocr_carea' id='block_1_58' title="bbox 1595 5606 1846 5662">
    <p class='ocr_par' dir='ltr' id='par_1_58' title="bbox 1595 5606 1846 5662">
     <span class='ocr_line' id='line_1_65' title="bbox 1595 5606 1846 5662; baseline 0.008 -2"><span class='ocrx_word' id='word_1_281' title='bbox 1595 5606 1656 5662; x_wconf 91' lang='lat' dir='ltr'><strong>In</strong></span> <span class='ocrx_word' id='word_1_282' title='bbox 1688 5608 1846 5662; x_wconf 86' lang='lat' dir='ltr'><strong>colle.</strong></span> 
     </span>
    </p>
   </div>
   <div class='ocr_carea' id='block_1_59' title="bbox 470 5691 1892 5753">
    <p class='ocr_par' dir='ltr' id='par_1_59' title="bbox 470 5691 1892 5753">
     <span class='ocr_line' id='line_1_66' title="bbox 470 5691 1892 5753; baseline 0.004 -7"><span class='ocrx_word' id='word_1_283' title='bbox 470 5691 771 5749; x_wconf 83' lang='lat' dir='ltr'><strong>Desertam.</strong></span> <span class='ocrx_word' id='word_1_284' title='bbox 1593 5695 1892 5753; x_wconf 83' lang='lat' dir='ltr'><strong>Jessimun.</strong></span> 
     </span>
    </p>
   </div>
   <div class='ocr_carea' id='block_1_60' title="bbox 471 5780 2573 5856">
    <p class='ocr_par' dir='ltr' id='par_1_60' title="bbox 471 5780 2573 5856">
     <span class='ocr_line' id='line_1_67' title="bbox 471 5780 2573 5856; baseline -0.002 -18"><span class='ocrx_word' id='word_1_285' title='bbox 471 5783 563 5839; x_wconf 74' lang='lat'><strong>20.</strong></span> <span class='ocrx_word' id='word_1_286' title='bbox 589 5781 897 5856; x_wconf 81' lang='lat' dir='ltr'><strong>Secundum</strong></span> <span class='ocrx_word' id='word_1_287' title='bbox 921 5780 1442 5856; x_wconf 65' lang='lat' dir='ltr'><strong>omnedesiderium</strong></span> <span class='ocrx_word' id='word_1_288' title='bbox 1595 5785 1689 5842; x_wconf 77' lang='lat'><strong>20.</strong></span> <span class='ocrx_word' id='word_1_289' title='bbox 1722 5785 1896 5841; x_wconf 82' lang='lat' dir='ltr'><strong>Omne</strong></span> <span class='ocrx_word' id='word_1_290' title='bbox 1926 5784 2077 5856; x_wconf 90' lang='lat' dir='ltr'><strong>quod</strong></span> <span class='ocrx_word' id='word_1_291' title='bbox 2111 5793 2195 5856; x_wconf 82' lang='lat' dir='ltr'><strong>est</strong></span> <span class='ocrx_word' id='word_1_292' title='bbox 2229 5783 2295 5837; x_wconf 89' lang='lat' dir='ltr'><strong>ad</strong></span> <span class='ocrx_word' id='word_1_293' title='bbox 2332 5781 2573 5856; x_wconf 82' lang='lat' dir='ltr'><strong>animum</strong></span> 
     </span>
    </p>
   </div>
   <div class='ocr_carea' id='block_1_61' title="bbox 405 5850 2476 5927">
    <p class='ocr_par' dir='ltr' id='par_1_61' title="bbox 405 5850 2476 5927">
     <span class='ocr_line' id='line_1_68' title="bbox 405 5850 2476 5927; baseline -0.002 -17"><span class='ocrx_word' id='word_1_294' title='bbox 405 5862 583 5925; x_wconf 87' lang='lat' dir='ltr'><strong>tuum,</strong></span> <span class='ocrx_word' id='word_1_295' title='bbox 618 5870 732 5923; x_wconf 73' lang='lat' dir='ltr'><strong>rex,</strong></span> <span class='ocrx_word' id='word_1_296' title='bbox 771 5850 1131 5912; x_wconf 76' lang='lat' dir='ltr'><strong>descendendi</strong></span> <span class='ocrx_word' id='word_1_297' title='bbox 1151 5850 1440 5910; x_wconf 86' lang='lat' dir='ltr'><strong>descende.</strong></span> <span class='ocrx_word' id='word_1_298' title='bbox 1519 5856 1688 5927; x_wconf 76' lang='lat' dir='ltr'><strong>regis,</strong></span> <span class='ocrx_word' id='word_1_299' title='bbox 1719 5857 1776 5914; x_wconf 91' lang='lat' dir='ltr'><strong>in</strong></span> <span class='ocrx_word' id='word_1_300' title='bbox 1807 5850 2133 5913; x_wconf 77' lang='lat' dir='ltr'><strong>descensum</strong></span> <span class='ocrx_word' id='word_1_301' title='bbox 2164 5852 2476 5912; x_wconf 81' lang='lat' dir='ltr'><strong>descendat.</strong></span> 
     </span>
    </p>
   </div>
   <div class='ocr_carea' id='block_1_62' title="bbox 2697 1607 2732 1663">
    <p class='ocr_par' dir='ltr' id='par_1_62' title="bbox 2697 1607 2732 1663">
     <span class='ocr_line' id='line_1_69' title="bbox 2697 1607 2732 1663; baseline 0 0"><span class='ocrx_word' id='word_1_302' title='bbox 2697 1607 2732 1663; x_wconf 83' lang='lat'><strong>9</strong></span> 
     </span>
    </p>
   </div>
   <div class='ocr_carea' id='block_1_63' title="bbox 2706 1699 3673 1775">
    <p class='ocr_par' dir='ltr' id='par_1_63' title="bbox 2706 1699 3673 1775">
     <span class='ocr_line' id='line_1_70' title="bbox 2706 1699 3673 1775; baseline 0.003 -21"><span class='ocrx_word' id='word_1_303' title='bbox 2706 1701 2794 1775; x_wconf 73' lang='grc'><strong>11.</strong></span> <span class='ocrx_word' id='word_1_304' title='bbox 2832 1701 2922 1774; x_wconf 85' lang='grc' dir='ltr'><strong>Μὴ</strong></span> <span class='ocrx_word' id='word_1_305' title='bbox 2943 1699 3354 1774; x_wconf 84' lang='grc' dir='ltr'>παραδώσουσιν</span> <span class='ocrx_word' id='word_1_306' title='bbox 3383 1704 3432 1758; x_wconf 78' lang='grc' dir='ltr'>οἱ</span> <span class='ocrx_word' id='word_1_307' title='bbox 3461 1704 3673 1775; x_wconf 74' lang='grc' dir='ltr'>ἔχοντες</span> 
     </span>
    </p>
   </div>
   <div class='ocr_carea' id='block_1_64' title="bbox 2631 1770 2829 1839">
    <p class='ocr_par' dir='ltr' id='par_1_64' title="bbox 2631 1770 2829 1839">
     <span class='ocr_line' id='line_1_71' title="bbox 2631 1770 2829 1839; baseline 0.01 -15"><span class='ocrx_word' id='word_1_308' title='bbox 2631 1770 2829 1839; x_wconf 84' lang='grc' dir='ltr'>Κειλά;</span> 
     </span>
    </p>
   </div>
   <div class='ocr_carea' id='block_1_65' title="bbox 3517 381 3659 438">
    <p class='ocr_par' dir='ltr' id='par_1_65' title="bbox 3517 381 3659 438">
     <span class='ocr_line' id='line_1_72' title="bbox 3517 381 3659 438; baseline 0 0"><span class='ocrx_word' id='word_1_309' title='bbox 3517 381 3659 438; x_wconf 76' lang='lat' dir='ltr'><strong>I398</strong></span> 
     </span>
    </p>
   </div>
   <div class='ocr_carea' id='block_1_66' title="bbox 2946 595 3348 652">
    <p class='ocr_par' dir='ltr' id='par_1_66' title="bbox 2946 595 3348 652">
     <span class='ocr_line' id='line_1_73' title="bbox 2946 595 3348 652; baseline 0.007 -3"><span class='ocrx_word' id='word_1_310' title='bbox 2946 595 3326 650; x_wconf 81' lang='grc' dir='ltr'><strong>ΘΕΟΔΟΤΙΩΝ</strong></span> <span class='ocrx_word' id='word_1_311' title='bbox 3332 635 3348 652; x_wconf 90' lang='grc'><strong>.</strong></span> 
     </span>
    </p>
   </div>
   <div class='ocr_carea' id='block_1_67' title="bbox 2702 733 2751 786">
    <p class='ocr_par' dir='ltr' id='par_1_67' title="bbox 2702 733 2751 786">
     <span class='ocr_line' id='line_1_74' title="bbox 2702 733 2751 786; baseline 0.041 -2"><span class='ocrx_word' id='word_1_312' title='bbox 2702 733 2751 786; x_wconf 93' lang='grc'><strong>1.</strong></span> 
     </span>
    </p>
   </div>
   <div class='ocr_carea' id='block_1_68' title="bbox 2704 1035 2756 1086">
    <p class='ocr_par' dir='ltr' id='par_1_68' title="bbox 2704 1035 2756 1086">
     <span class='ocr_line' id='line_1_75' title="bbox 2704 1035 2756 1086; baseline 0 0"><span class='ocrx_word' id='word_1_313' title='bbox 2704 1035 2756 1086; x_wconf 77' lang='grc'><strong>5.</strong></span> 
     </span>
    </p>
   </div>
   <div class='ocr_carea' id='block_1_69' title="bbox 2700 1195 2753 1248">
    <p class='ocr_par' dir='ltr' id='par_1_69' title="bbox 2700 1195 2753 1248">
     <span class='ocr_line' id='line_1_76' title="bbox 2700 1195 2753 1248; baseline 0 0"><span class='ocrx_word' id='word_1_314' title='bbox 2700 1195 2753 1248; x_wconf 88' lang='lat'><strong>5.</strong></span> 
     </span>
    </p>
   </div>
   <div class='ocr_carea' id='block_1_70' title="bbox 2703 1355 2750 1411">
    <p class='ocr_par' dir='ltr' id='par_1_70' title="bbox 2703 1355 2750 1411">
     <span class='ocr_line' id='line_1_77' title="bbox 2703 1355 2750 1411; baseline 0.106 -5"><span class='ocrx_word' id='word_1_315' title='bbox 2703 1355 2750 1411; x_wconf 91' lang='lat'><strong>7.</strong></span> 
     </span>
    </p>
   </div>
   <div class='ocr_carea' id='block_1_71' title="bbox 2700 1445 2752 1500">
    <p class='ocr_par' dir='ltr' id='par_1_71' title="bbox 2700 1445 2752 1500">
     <span class='ocr_line' id='line_1_78' title="bbox 2700 1445 2752 1500; baseline 0.038 -2"><span class='ocrx_word' id='word_1_316' title='bbox 2700 1445 2752 1500; x_wconf 91' lang='lat'><strong>8.</strong></span> 
     </span>
    </p>
   </div>
   <div class='ocr_carea' id='block_1_72' title="bbox 2709 2025 2796 2079">
    <p class='ocr_par' dir='ltr' id='par_1_72' title="bbox 2709 2025 2796 2079">
     <span class='ocr_line' id='line_1_79' title="bbox 2709 2025 2796 2079; baseline 0 0"><span class='ocrx_word' id='word_1_317' title='bbox 2709 2025 2796 2079; x_wconf 77' lang='grc'><strong>15.</strong></span> 
     </span>
    </p>
   </div>
   <div class='ocr_carea' id='block_1_73' title="bbox 2675 2281 3674 2371">
    <p class='ocr_par' dir='ltr' id='par_1_73' title="bbox 2675 2281 3674 2371">
     <span class='ocr_line' id='line_1_80' title="bbox 2675 2281 3674 2371; baseline 0 -34"><span class='ocrx_word' id='word_1_318' title='bbox 2675 2299 2677 2302; x_wconf 90' lang='grc'>·</span> <span class='ocrx_word' id='word_1_319' title='bbox 2701 2284 2797 2371; x_wconf 59' lang='grc'><strong>11.</strong></span> <span class='ocrx_word' id='word_1_320' title='bbox 2848 2285 2934 2338; x_wconf 87' lang='grc' dir='ltr'>Ἐν</span> <span class='ocrx_word' id='word_1_321' title='bbox 2956 2285 3068 2347; x_wconf 79' lang='grc' dir='ltr'><strong>τοῖς</strong></span> <span class='ocrx_word' id='word_1_322' title='bbox 3098 2281 3380 2354; x_wconf 76' lang='grc' dir='ltr'>σπηλαίοις</span> <span class='ocrx_word' id='word_1_323' title='bbox 3408 2286 3518 2347; x_wconf 84' lang='grc' dir='ltr'>τοῖς</span> <span class='ocrx_word' id='word_1_324' title='bbox 3545 2282 3674 2355; x_wconf 81' lang='grc' dir='ltr'><strong>ὀχυ-</strong></span> 
     </span>
    </p>
   </div>
   <div class='ocr_carea' id='block_1_74' title="bbox 2703 2373 2771 2411">
    <p class='ocr_par' dir='ltr' id='par_1_74' title="bbox 2703 2373 2771 2411">
     <span class='ocr_line' id='line_1_81' title="bbox 2703 2373 2771 2411; baseline 0.059 -3"><span class='ocrx_word' id='word_1_325' title='bbox 2703 2373 2771 2411; x_wconf 81' lang='grc' dir='ltr'><strong>ις.</strong></span> 
     </span>
    </p>
   </div>
   <div class='ocr_carea' id='block_1_75' title="bbox 2641 2372 2796 2498">
    <p class='ocr_par' dir='ltr' id='par_1_75' title="bbox 2641 2372 2796 2498">
     <span class='ocr_line' id='line_1_82' title="bbox 2641 2372 2771 2424; baseline 0.031 -17"><span class='ocrx_word' id='word_1_326' title='bbox 2641 2372 2771 2424; x_wconf 86' lang='grc' dir='ltr'>ροις.</span> 
     </span>
     <span class='ocr_line' id='line_1_83' title="bbox 2710 2445 2796 2498; baseline -0.012 0"><span class='ocrx_word' id='word_1_327' title='bbox 2710 2445 2796 2498; x_wconf 85' lang='grc'><strong>15.</strong></span> 
     </span>
    </p>
   </div>
   <div class='ocr_carea' id='block_1_76' title="bbox 2708 2537 2796 2592">
    <p class='ocr_par' dir='ltr' id='par_1_76' title="bbox 2708 2537 2796 2592">
     <span class='ocr_line' id='line_1_84' title="bbox 2708 2537 2796 2592; baseline 0 -1"><span class='ocrx_word' id='word_1_328' title='bbox 2708 2537 2796 2592; x_wconf 89' lang='grc'><strong>16.</strong></span> 
     </span>
    </p>
   </div>
   <div class='ocr_carea' id='block_1_77' title="bbox 2715 2789 2802 2844">
    <p class='ocr_par' dir='ltr' id='par_1_77' title="bbox 2715 2789 2802 2844">
     <span class='ocr_line' id='line_1_85' title="bbox 2715 2789 2802 2844; baseline 0.034 -3"><span class='ocrx_word' id='word_1_329' title='bbox 2715 2789 2802 2844; x_wconf 91' lang='grc'><strong>18.</strong></span> 
     </span>
    </p>
   </div>
   <div class='ocr_carea' id='block_1_78' title="bbox 2713 2947 3396 3020">
    <p class='ocr_par' dir='ltr' id='par_1_78' title="bbox 2713 2947 3396 3020">
     <span class='ocr_line' id='line_1_86' title="bbox 2713 2947 3396 3020; baseline -0.01 -14"><span class='ocrx_word' id='word_1_330' title='bbox 2713 2951 2796 3006; x_wconf 86' lang='lat' dir='ltr'><strong>I9.</strong></span> <span class='ocrx_word' id='word_1_331' title='bbox 2841 2951 2927 3003; x_wconf 87' lang='grc' dir='ltr'><strong>Ἐν</strong></span> <span class='ocrx_word' id='word_1_332' title='bbox 2951 2951 3063 3012; x_wconf 84' lang='grc' dir='ltr'><strong>τοῖς</strong></span> <span class='ocrx_word' id='word_1_333' title='bbox 3092 2947 3396 3020; x_wconf 83' lang='grc' dir='ltr'>σπηλαίοις.</span> 
     </span>
    </p>
   </div>
   <div class='ocr_carea' id='block_1_79' title="bbox 2949 3469 3364 3526">
    <p class='ocr_par' dir='ltr' id='par_1_79' title="bbox 2949 3469 3364 3526">
     <span class='ocr_line' id='line_1_87' title="bbox 2949 3469 3364 3526; baseline -0.005 -1"><span class='ocrx_word' id='word_1_334' title='bbox 2949 3471 3038 3525; x_wconf 85' lang='grc' dir='ltr'><strong>ΤΗ</strong></span> <span class='ocrx_word' id='word_1_335' title='bbox 3047 3469 3364 3526; x_wconf 87' lang='lat' dir='ltr'><strong>EODOTIO.</strong></span> 
     </span>
    </p>
   </div>
   <div class='ocr_carea' id='block_1_80' title="bbox 2721 3958 2775 4443">
    <p class='ocr_par' dir='ltr' id='par_1_80' title="bbox 2721 3958 2775 4443">
     <span class='ocr_line' id='line_1_88' title="bbox 2724 3958 2773 4009; baseline 0 0"><span class='ocrx_word' id='word_1_336' title='bbox 2724 3958 2773 4009; x_wconf 72' lang='grc'><strong>5.</strong></span> 
     </span>
     <span class='ocr_line' id='line_1_89' title="bbox 2727 4047 2775 4098; baseline 0 0"><span class='ocrx_word' id='word_1_337' title='bbox 2727 4047 2775 4098; x_wconf 86' lang='lat'><strong>7.</strong></span> 
     </span>
     <span class='ocr_line' id='line_1_90' title="bbox 2722 4137 2775 4188; baseline 0 0"><span class='ocrx_word' id='word_1_338' title='bbox 2722 4137 2775 4188; x_wconf 83' lang='lat'><strong>8.</strong></span> 
     </span>
     <span class='ocr_line' id='line_1_91' title="bbox 2721 4297 2775 4352; baseline 0 0"><span class='ocrx_word' id='word_1_339' title='bbox 2721 4297 2775 4352; x_wconf 88' lang='lat'><strong>9.</strong></span> 
     </span>
     <span class='ocr_line' id='line_1_92' title="bbox 2727 4392 2775 4443; baseline 0 0"><span class='ocrx_word' id='word_1_340' title='bbox 2727 4392 2775 4443; x_wconf 80' lang='lat' dir='ltr'><strong>Il</strong></span> 
     </span>
    </p>
   </div>
   <div class='ocr_carea' id='block_1_81' title="bbox 2762 4339 3691 4444">
    <p class='ocr_par' dir='ltr' id='par_1_81' title="bbox 2762 4339 3691 4444">
     <span class='ocr_line' id='line_1_93' title="bbox 2762 4339 3691 4444; baseline -0.012 0"><span class='ocrx_word' id='word_1_341' title='bbox 2762 4339 2813 4444; x_wconf 79' lang='lat' dir='ltr'><strong>I.</strong></span> <span class='ocrx_word' id='word_1_342' title='bbox 2833 4386 2972 4442; x_wconf 85' lang='lat' dir='ltr'><strong>Num</strong></span> <span class='ocrx_word' id='word_1_343' title='bbox 3005 4384 3214 4441; x_wconf 83' lang='lat' dir='ltr'><strong>tradent</strong></span> <span class='ocrx_word' id='word_1_344' title='bbox 3236 4382 3494 4439; x_wconf 83' lang='lat' dir='ltr'><strong>habentes</strong></span> <span class='ocrx_word' id='word_1_345' title='bbox 3507 4377 3691 4438; x_wconf 64' lang='grc' dir='ltr'>(ἱείίιῖ</span> 
     </span>
    </p>
   </div>
   <div class='ocr_carea' id='block_1_82' title="bbox 2736 4553 2822 4608">
    <p class='ocr_par' dir='ltr' id='par_1_82' title="bbox 2736 4553 2822 4608">
     <span class='ocr_line' id='line_1_94' title="bbox 2736 4553 2822 4608; baseline 0 -1"><span class='ocrx_word' id='word_1_346' title='bbox 2736 4553 2822 4608; x_wconf 76' lang='grc'><strong>15.</strong></span> 
     </span>
    </p>
   </div>
   <div class='ocr_carea' id='block_1_83' title="bbox 2730 4878 3487 4959">
    <p class='ocr_par' dir='ltr' id='par_1_83' title="bbox 2730 4878 3487 4959">
     <span class='ocr_line' id='line_1_95' title="bbox 2730 4878 3487 4959; baseline -0.018 -13"><span class='ocrx_word' id='word_1_347' title='bbox 2730 4893 2817 4948; x_wconf 61' lang='lat' dir='ltr'><strong>II.</strong></span> <span class='ocrx_word' id='word_1_348' title='bbox 2845 4890 2904 4946; x_wconf 91' lang='lat' dir='ltr'><strong>In</strong></span> <span class='ocrx_word' id='word_1_349' title='bbox 2944 4883 3216 4959; x_wconf 86' lang='lat' dir='ltr'><strong>speluncis</strong></span> <span class='ocrx_word' id='word_1_350' title='bbox 3240 4878 3487 4936; x_wconf 78' lang='lat' dir='ltr'><strong>munitis.</strong></span> 
     </span>
    </p>
   </div>
   <div class='ocr_carea' id='block_1_84' title="bbox 2727 5052 2810 5109">
    <p class='ocr_par' dir='ltr' id='par_1_84' title="bbox 2727 5052 2810 5109">
     <span class='ocr_line' id='line_1_96' title="bbox 2727 5052 2810 5109; baseline 0.036 -3"><span class='ocrx_word' id='word_1_351' title='bbox 2727 5052 2810 5109; x_wconf 87' lang='lat' dir='ltr'><strong>I5.</strong></span> 
     </span>
    </p>
   </div>
   <div class='ocr_carea' id='block_1_85' title="bbox 2723 5143 2808 5200">
    <p class='ocr_par' dir='ltr' id='par_1_85' title="bbox 2723 5143 2808 5200">
     <span class='ocr_line' id='line_1_97' title="bbox 2723 5143 2808 5200; baseline 0.059 -6"><span class='ocrx_word' id='word_1_352' title='bbox 2723 5143 2808 5200; x_wconf 90' lang='grc'><strong>16.</strong></span> 
     </span>
    </p>
   </div>
   <div class='ocr_carea' id='block_1_86' title="bbox 2723 5323 3226 5483">
    <p class='ocr_par' dir='ltr' id='par_1_86' title="bbox 2723 5323 3226 5483">
     <span class='ocr_line' id='line_1_98' title="bbox 2723 5323 3226 5483; baseline -0.01 -16"><span class='ocrx_word' id='word_1_353' title='bbox 2847 5411 2902 5468; x_wconf 87' lang='lat' dir='ltr'><strong>In</strong></span> <span class='ocrx_word' id='word_1_354' title='bbox 2929 5405 3226 5483; x_wconf 74' lang='lat' dir='ltr'><strong>speluncis.</strong></span> 
     </span>
    </p>
   </div>
   <div class='ocr_carea' id='block_1_87' title="bbox 2725 5774 2818 5830">
    <p class='ocr_par' dir='ltr' id='par_1_87' title="bbox 2725 5774 2818 5830">
     <span class='ocr_line' id='line_1_99' title="bbox 2725 5774 2818 5830; baseline 0 -1"><span class='ocrx_word' id='word_1_355' title='bbox 2725 5774 2818 5830; x_wconf 79' lang='grc'><strong>20.</strong></span> 
     </span>
    </p>
   </div>
  </div>
