4064 6262
353 341 415 398 u
1507 339 1847 396 EPISTOLA
1886 341 2462 401 NUNCUPATORH.
3557 359 3627 413 ,ρ

346 463 598 523 Summo
637 461 868 541 quippe
903 459 1038 522 loco
1062 469 1250 521 natus
1277 471 1350 554 et
1396 461 1578 521 avita:
1611 458 1836 538 gloria:
1859 479 2112 534 memor,
2144 464 2450 542 majorum
2482 471 2736 527 tuorum
2763 473 3030 549 vestigia
3051 491 3179 534 non
3211 478 3393 538 modo
3425 498 3621 559 sequi,

349 562 455 624 scd
487 565 671 623 etiam
694 572 1076 622 antevertere
1104 561 1433 622 studuisti.
1469 560 1636 619 Hinc
1670 557 2082 637 episcopalem
2107 573 2334 621 nactus
2363 562 2731 640 dignitatem
2759 568 2945 628 rebus
2974 571 3272 635 Ecclesite
3304 577 3399 637 vel
3419 557 3624 639 maxi-

350 666 468 723 mis
507 661 946 740 componendis
975 677 1226 738 operam
1248 676 1379 718 non
1408 658 1614 718 minus
1644 660 1956 735 sagaciter
1978 677 2162 739 quam
2186 659 2460 740 feliciter
2485 664 2737 726 dedisti.
2770 668 3007 731 Deinde
3026 676 3439 748 promeritum
3466 695 3624 755 pur-

349 782 526 846 pum»
553 767 816 844 adeptus
843 766 1162 834 honorem,
1186 782 1258 822 ac
1283 762 1671 840 gravissimis
1698 764 1878 840 regni
1901 764 2174 841 negotiis
2202 765 2376 842 apud
2397 775 2645 828 exteras
2667 778 2948 832 nationes
2974 779 3326 838 tractandis
3347 800 3383 838 a
3407 796 3624 858 regum

345 869 621 928 maximo
654 867 1012 946 deputatus,
1044 865 1284 926 nullam
1310 865 1587 943 Europis
1609 863 1931 927 catholica:
1958 867 2172 945 region
2184 886 2274 927 em
2307 870 2550 949 insigni
2577 890 2784 934 rerum
2802 887 3119 954 gestarum
3155 879 3488 957 splendore
3516 907 3623 947 ta-

350 987 527 1027 cuam
556 966 896 1047 reliquisti.
929 968 1185 1030 Manent
1215 967 1519 1048 hodieque
1557 969 1783 1041 Romen,
1811 984 1928 1045 per
1957 978 2151 1029 totam
2182 972 2461 1046 Italiam,
2499 975 2567 1034 in
2600 976 2956 1052 Germania,
2987 981 3325 1060 Hispania,
3359 986 3615 1048 Lusita-

348 1069 478 1137 nia,
530 1069 777 1145 egregia
826 1069 1150 1147 sapientia!
1196 1069 1574 1149 virtutisque
1612 1078 1735 1129 tua:
1771 1069 2073 1147 vestigia;
2119 1087 2251 1149 qua:
2303 1075 2510 1133 omnia
2557 1075 2616 1136 si
2646 1094 2769 1154 pro
2821 1082 2916 1139 rei
2953 1080 3262 1160 dignitate
3307 1103 3622 1150 recensere

346 1168 703 1244 aggrediar,

1456 1356 1482 1392 ,Α
1518 1360 1532 1374 .
1558 1362 1588 1392 ί.
1635 1360 1649 1373 .
1694 1360 1710 1374 .
1749 1321 2035 1392 cupidum,
2065 1319 2229 1378 Pater
2259 1324 2486 1392 optime,
2530 1324 2673 1382 vires

1467 1390 1728 1446 Deﬁcient
1758 1410 1771 1446 :

345 1527 452 1591 scd
480 1528 898 1610 eloquentiori
927 1529 1084 1591 hanc
1105 1525 1373 1608 palmam
1402 1526 1728 1609 relinquo;
1780 1527 1934 1591 mihi
1969 1531 2131 1590 enim
2164 1531 2232 1591 id
2272 1541 2422 1592 esset
2450 1535 2821 1611 periculosa:
2841 1539 3096 1616 plenum
3142 1561 3298 1620 opus
3330 1547 3495 1620 aleis,
3550 1558 3611 1610 et

342 1631 601 1692 aliunde
632 1641 723 1692 tot
760 1631 1052 1694 laudibus
1086 1631 1315 1710 dignus
1344 1633 1457 1692 vix
1483 1631 1661 1694 laudi
1680 1633 1920 1694 aditum
1949 1635 2277 1694 concedere
2299 1635 2458 1697 soles

432 1734 651 1792 Verum
681 1734 748 1794 id
772 1733 926 1792 mihi
958 1751 998 1792 a
1025 1732 1330 1794 modestia
1376 1743 1488 1792 tua
1552 1733 1886 1810 impetrare
1912 1730 2116 1803 liceat,
2148 1734 2651 1798 Eminentissime
2680 1740 3060 1816 Cordi-nalis,
3104 1755 3172 1806 ut
3207 1747 3329 1810 duo
3367 1759 3611 1814 tantum

340 1855 725 1915 summopere
751 1837 1060 1911 miranda,
1097 1855 1364 1916 quorum
1387 1838 1561 1896 testis
1585 1839 1685 1917 fui
1713 1835 2025 1909 oculatus,
2056 1838 2174 1898 huc
2209 1838 2487 1917 afferam.
2541 1843 2822 1903 Primum
2849 1859 2936 1908 est
2967 1859 3024 1908 te
3051 1852 3138 1909 ita
3167 1853 3398 1928 patria:
3426 1854 3610 1916 rebus

339 1956 578 2016 semper
613 1938 1010 2018 advigilasse,
1048 1948 1121 1998 ut
1153 1947 1354 2000 tamen
1389 1949 1770 2012 exterarum,
1807 1937 1978 2014 apud
2001 1956 2157 2018 quos
2187 1943 2438 2018 negotia
2464 1943 2740 2020 gerebas,
2782 1948 3023 2007 animos
3076 1951 3195 2011 tibi
3239 1954 3606 2031 devincires,

342 2056 397 2102 et
431 2061 532 2101 eos
558 2049 691 2101 tum
712 2040 961 2122 ofﬁciis,
990 2048 1120 2100 tum
1141 2039 1387 2099 dicendi
1419 2038 1626 2119 lepore
1647 2039 1737 2097 ita
1767 2037 1886 2099 tibi
1907 2037 2299 2113 conciliares,
2330 2053 2400 2102 ut
2424 2045 2750 2120 optimates
2771 2056 2826 2106 et
2847 2048 3046 2111 aulici
3069 2061 3127 2109 te
3151 2055 3332 2131 quasi
3359 2056 3608 2116 Patrem

339 2145 434 2204 vel
469 2146 902 2223 propinquum
937 2151 1368 2219 agnoscerent.
1412 2139 1821 2214 Quamobrem
1852 2140 1918 2198 in
1947 2139 2127 2199 nulla
2151 2143 2281 2221 fere
2304 2142 2580 2222 Europa:
2613 2147 2931 2210 catholica:
2958 2153 3212 2228 regione
3238 2158 3605 2234 peregrinus

339 2248 750 2308 existimaris.
779 2244 965 2321 Quod
991 2245 1070 2314 si,
1097 2252 1166 2304 ut
1197 2243 1288 2303 ait
1317 2238 1552 2300 Orator
1586 2236 1692 2319 (a),
1726 2263 1751 2294 α
1787 2258 1916 2298 ηοη
1952 2241 2290 2320 quidquam
2332 2262 2412 2304 ex
2440 2244 2621 2306 rebus
2649 2248 2935 2309 humanis
2969 2261 3054 2312 est
3080 2253 3452 2330 prwclarius
3494 2272 3604 2320 aut

335 2349 764 2426 praestantius,
815 2363 997 2425 quam
1032 2344 1103 2404 de
1146 2340 1470 2420 republica
1497 2340 1644 2401 bene
1678 2340 1924 2416 mereri,
1953 2363 1982 2396 »
2013 2351 2282 2420 quantus
2333 2345 2478 2406 hinc
2514 2347 2643 2406 tuis
2692 2345 2982 2411 laudibus
3018 2355 3302 2416 cumulus
3341 2358 3602 2432 accedit,

337 2450 507 2531 quod
531 2467 659 2508 non
688 2447 964 2525 patriam
986 2444 1168 2505 modo
1195 2453 1390 2514 tuam,
1430 2440 1537 2501 sed
1562 2439 1724 2500 alias
1753 2441 1937 2502 etiam
1955 2443 2242 2502 nationes
2277 2445 2532 2504 summis
2563 2446 2872 2526 beneﬁciis
2897 2458 3323 2522 exornaveris;
3354 2458 3609 2521 Lusita-

335 2554 506 2611 niam
534 2549 698 2622 dico,
738 2546 1094 2616 Bovarium,
1132 2539 1413 2609 Italiam;
1440 2559 1575 2620 quae
1605 2547 1851 2602 tantum
1881 2543 2236 2605 ornamenti
2261 2541 2356 2604 vel
2381 2547 2671 2622 prasidii
2699 2548 2768 2609 in
2796 2553 3074 2614 amicitia
3101 2566 3284 2634 atque
3315 2563 3604 2623 auctori-

337 2667 464 2716 tate
489 2665 625 2726 tua,
654 2660 956 2731 quantum
985 2646 1291 2707 commodi
1317 2645 1663 2723 repositum
1691 2645 1757 2704 in
1783 2643 2167 2723 benignitate
2185 2661 2533 2710 senserunt.

414 2755 698 2816 Alterum
725 2751 895 2832 quod
925 2750 1080 2811 mihi
1099 2759 1417 2826 stuporem
1445 2765 1602 2825 smpe
1628 2749 1937 2825 ingentem
1962 2748 2182 2810 attulit
2213 2749 2378 2812 illud
2412 2763 2522 2826 est,
2552 2753 2719 2834 quod
2737 2756 3135 2834 amplissimis
3160 2759 3301 2825 licet
3332 2767 3608 2827 muneri-

336 2861 449 2919 bus
480 2873 596 2935 per
630 2863 834 2915 totum
869 2851 1011 2911 vita:
1031 2845 1432 2910 curriculum
1452 2849 1856 2927 perfunctus,
1887 2846 2052 2908 nihil
2083 2848 2366 2910 obstante
2395 2870 2603 2912 rerum
2627 2855 3009 2931 agendarum
3038 2859 3215 2933 mole,
3251 2860 3606 2926 litterarum

337 2962 574 3023 cultum
591 2975 909 3038 nunquam
938 2953 1373 3015 intermiseris.
1403 2951 1526 3012 Nec
1547 2959 1789 3010 tantum
1812 2952 1952 3012 dico
1977 2961 2036 3012 te
2064 2951 2134 3013 id
2156 2956 2531 3031 praestitisse
2557 2957 2728 3036 quod
2753 2958 2953 3020 solent
2974 2960 3092 3023 alii
3119 2966 3427 3042 sapientes
3454 2969 3600 3036 viri.

333 3064 606 3142 publicis
628 3059 896 3136 negotiis
929 3054 1234 3133 deputati,
1264 3055 1372 3133 qui
1389 3051 1501 3113 ubi
1526 3072 1563 3112 a
1593 3050 1781 3113 solito
1810 3069 2062 3112 munere
2094 3062 2341 3129 vacant,
2367 3057 2450 3117 ad
2471 3055 2844 3118 litterariam
2871 3063 3378 3126 exercitationem
3400 3077 3607 3127 trans-

337 3177 504 3235 eunt,
539 3162 635 3222 vel
664 3180 784 3221 usu
816 3158 1122 3219 librorum
1171 3153 1541 3215 solitudinis
1572 3153 1821 3213 taedium
1846 3150 2106 3231 fallunt,
2151 3153 2320 3233 quod
2341 3166 2544 3215 tamen
2577 3159 2778 3232 ipsum
2810 3169 2896 3218 est
2932 3162 2996 3219 in
3025 3182 3248 3240 magna
3280 3163 3464 3227 laude
3489 3186 3605 3244 po-

332 3269 635 3332 nendum;
677 3265 782 3324 sed
811 3264 902 3323 ita
923 3276 1162 3338 semper
1192 3265 1620 3335 comparatum
1646 3257 1844 3335 fuisse
1877 3256 2175 3330 demiror,
2207 3266 2277 3318 ut
2312 3258 2383 3318 de
2411 3262 2629 3338 quovis
2665 3259 3060 3338 litteratum,
3087 3285 3194 3325 seu
3237 3285 3451 3342 sacra,
3499 3288 3607 3328 seu

331 3375 616 3453 profana:
644 3386 864 3448 genere
894 3364 1286 3446 loquendum,
1313 3361 1740 3423 disserendum
1760 3359 1855 3419 vel
1883 3360 2275 3422 scribendum-
2297 3364 2514 3442 fuerit,
2535 3383 2662 3423 non
2683 3366 2886 3426 minus
2911 3370 3193 3444 expedite
3216 3380 3267 3429 et
3296 3373 3608 3450 sagaciter

333 3477 456 3535 haec
483 3472 700 3550 egeris,
746 3485 932 3548 quam
958 3460 1337 3544 peritissimi
1362 3462 1588 3541 quique
1617 3460 1853 3520 artium
1883 3468 1937 3520 et
1961 3457 2448 3540 disciplinarum
2477 3464 2768 3540 magistri
2797 3486 2816 3523 :
2844 3466 2994 3526 adeo
3027 3476 3095 3526 ut
3127 3471 3235 3547 qui
3264 3479 3322 3530 te
3352 3472 3607 3550 negotia

337 3573 433 3634 vel
465 3573 836 3652 gravissima
865 3578 1044 3631 tanta
1069 3566 1331 3628 solertia
1357 3575 1726 3626 tractantem
1749 3573 2095 3638 cernerent,
2136 3565 2344 3623 omnia
2370 3567 2810 3643 posthabuisse
2852 3579 3174 3645 putarent,
3224 3591 3345 3652 quo
3395 3593 3602 3637 rerum

331 3675 742 3752 gerendarum
757 3671 1053 3750 peritiam
1080 3684 1469 3747 asscquerere
1487 3686 1505 3733 ;
1526 3665 1637 3745 qui
1666 3684 1807 3725 vero
1831 3664 1904 3725 de
1934 3665 2259 3745 omnigena
2287 3664 2648 3727 litteratura
2666 3669 3060 3731 disserentem
3078 3676 3394 3746 audire-nt,
3415 3685 3472 3736 te
3496 3688 3598 3739 to-

329 3790 460 3842 tam
497 3787 735 3838 atatem
766 3777 826 3836 in
855 3772 1212 3835 litterarum
1243 3771 1453 3832 studio
1491 3771 1883 3842 contrivisse,
1919 3779 2257 3849 ceteraque
2292 3773 2498 3830 omnia
2527 3772 2873 3850 neglexisse
2903 3777 3242 3839 crederent.

411 3881 530 3942 Sed
552 3898 737 3958 quam
763 3877 943 3938 bonis
974 3875 1194 3936 avibus
1214 3877 1446 3954 factum
1478 3883 1590 3946 est,
1619 3882 1687 3933 ut
1710 3891 1789 3933 ex
1810 3874 2006 3936 tantis
2033 3873 2440 3953 undequaque
2463 3879 2767 3955 susceptis
2786 3876 3172 3957 feliciterque
3195 3880 3386 3956 gestis
3413 3897 3602 3959 nego-

331 3986 443 4046 liis
473 3986 554 4045 ad
582 4001 697 4042 nos
726 3990 1041 4056 receptum
1071 3976 1361 4039 haberes!
1391 3972 1780 4034 [mmortales
1806 3992 1951 4034 sane
1983 3974 2226 4051 gratias
2255 3975 2546 4036 habemus
2570 3976 2885 4039 Ludovico
2921 3978 3178 4055 Magno,
3214 3981 3325 4058 qui
3350 3991 3407 4039 te
3435 3992 3602 4039 acta-

334 4102 476 4145 rum
502 4101 710 4142 rerum
740 4081 948 4158 gloria
977 4078 1240 4151 clarum,
1273 4077 1460 4156 hujus
1487 4075 1751 4138 cmnobii
1773 4077 2121 4137 antistitem
2151 4078 2584 4146 constituerit;
2607 4099 2729 4160 qua
2753 4083 2817 4140 in
2849 4098 2915 4139 re
2933 4083 3139 4140 nescio
3169 4100 3253 4140 an
3269 4079 3420 4159 plus
3443 4083 3593 4151 tuis,

333 4187 835 4246 Eminentissime
862 4181 1244 4252 Cardinalis,
1276 4200 1458 4258 quam
1486 4181 1723 4240 nostris
1755 4180 2089 4240 commodis
2104 4183 2537 4260 prospexerit.
2574 4183 2739 4243 Hinc
2763 4182 2875 4242 illa
2904 4182 3098 4262 effusa
3127 4186 3193 4243 in
3221 4187 3594 4244 monasterio

331 4301 552 4348 ηοςινο
580 4288 824 4360 laetitia,
858 4289 1000 4347 hinc
1033 4284 1138 4345 ille
1162 4282 1428 4362 plausus
1465 4284 1740 4342 omnium
1772 4281 2083 4343 sodalium
2110 4284 2182 4344 de
2204 4295 2381 4346 tanta
2411 4289 2674 4365 fortuna
2703 4288 2827 4348 sibi
2855 4298 3069 4348 mutuo
3098 4285 3594 4365 gratulantium:

329 4414 456 4474 qua
486 4399 552 4455 in
582 4413 650 4454 re
695 4413 823 4454 non
860 4401 1076 4470 partes
1121 4390 1244 4452 tuli
1275 4389 1685 4467 posteriores.
1727 4387 1975 4467 Ecquid
2008 4390 2169 4450 enim
2207 4388 2635 4452 litteratorum
2665 4395 2846 4452 coetui
2887 4392 3036 4470 plus
3077 4393 3297 4470 gaudii
3346 4391 3589 4470 afferat,

329 4518 514 4577 quam
543 4518 681 4558 cum
710 4498 829 4558 sibi
859 4498 1205 4574 principem
1230 4514 1269 4553 a
1291 4510 1506 4571 regum
1533 4493 1996 4570 sapientissimo
2029 4492 2349 4572 designari
2384 4498 2779 4574 conspiciunt
2814 4515 2966 4567 eum,
2999 4514 3176 4575 quem
3207 4495 3355 4573 ipsi,
3391 4496 3447 4554 si
3479 4511 3591 4571 pe-

330 4617 438 4657 nes
479 4618 541 4658 se
570 4601 702 4679 ejus
732 4600 827 4658 rei
864 4596 1205 4656 arbitri-um
1228 4595 1476 4673 fuisset,
1509 4593 1820 4653 communi
1844 4595 2117 4654 omnium
2152 4593 2394 4656 calculo
2425 4597 2548 4656 sibi
2567 4597 3007 4674 cooptassent?

410 4700 488 4759 In
521 4697 1204 4759 San-Germanensibus
1259 4705 1464 4756 autem
1497 4693 1732 4754 (edibus
1769 4694 1925 4767 illis,
1953 4713 2087 4775 qua:
2117 4707 2212 4756 tot
2237 4698 2607 4774 principum
2637 4697 3020 4758 domicilium
3050 4702 3329 4776 fuerunt,
3377 4720 3487 4760 ceu
3524 4703 3593 4760 in

330 4818 475 4860 arce
500 4797 593 4858 vel
628 4796 880 4876 specula
911 4797 1175 4874 quadam
1205 4796 1610 4864 constitutus,
1649 4793 2151 4854 Eminentissime
2180 4795 2565 4870 Cardinalis,
2603 4796 2682 4854 iis
2721 4797 3000 4856 omnibus
3028 4797 3228 4875 fulges
3259 4816 3587 4859 ornamen-

333 4904 438 4975 tis,
471 4901 694 4980 quibus
729 4899 876 4958 olim
908 4899 1118 4958 varias
1152 4897 1430 4973 Europa:
1455 4907 1664 4974 gentes
1720 4894 2109 4968 illustrabas,
2158 4898 2445 4978 quodque
2483 4898 2766 4959 mirabile
2808 4901 2982 4959 dictu
3013 4913 3120 4972 est,
3166 4920 3364 4961 annos
3392 4921 3591 4984 prope

330 5006 662 5066 Nestoreos
693 5020 987 5072 emensus,
1021 5001 1234 5061 divina
1255 4999 1522 5079 quadam
1551 4996 1863 5058 celeritate
1898 4999 2138 5075 ingenii
2173 5001 2542 5080 dicendique
2573 5003 2775 5078 copia,
2803 5003 2963 5061 sicut
2996 4999 3143 5061 olim
3174 5002 3278 5063 ille
3307 5005 3590 5066 Cornea.

332 5108 459 5177 des,
522 5107 794 5165 omnium
821 5105 902 5164 ad
929 5117 988 5166 te
1014 5105 1254 5163 animos
1293 5102 1603 5162 convertis
1635 5111 1688 5161 et
1718 5101 1915 5178 rapis.
1955 5101 2035 5162 Te
2060 5121 2219 5182 saepe
2251 5105 2318 5166 in
2347 5123 2636 5164 consessu
2685 5105 3075 5165 eruditorum
3116 5107 3488 5183 suspicimus
3516 5109 3590 5168 de

332 5210 552 5286 quovis
603 5207 954 5267 litterarum
1002 5225 1220 5285 genere
1250 5208 1341 5267 ita
1360 5204 1568 5283 perite
1603 5203 2020 5276 disserentem,
2067 5213 2138 5265 ut
2179 5207 2502 5285 fateantur
2536 5224 2737 5265 omnes
2770 5215 2828 5264 te
2857 5223 2985 5263 non
3007 5208 3210 5266 minus
3238 5209 3587 5270 eruditione

332 5330 515 5390 quam
550 5311 854 5388 dignitate
893 5313 1130 5390 primas
1155 5321 1379 5372 tenere.
1405 5310 1564 5372 Nam
1591 5311 1716 5370 sive
1751 5309 1823 5370 de
1850 5311 2121 5373 historia
2152 5319 2205 5370 et
2236 5309 2635 5388 geographia,
2684 5310 2809 5368 sive
2836 5310 2907 5369 de
2935 5309 3116 5367 rebus
3156 5310 3583 5370 ecclesiasticis

334 5423 386 5470 et
422 5413 738 5471 canonicis
761 5420 1012 5489 agatur,
1038 5430 1255 5490 parem
1280 5413 1346 5471 in
1379 5410 1665 5471 omnibus
1693 5409 2053 5493 facultatem
2094 5412 2365 5484 exhibes,
2400 5413 2466 5469 in
2490 5408 2689 5482 nulla,
2723 5421 2789 5470 ut
2826 5412 2916 5470 ita
2952 5411 3170 5481 dicam,
3204 5412 3372 5469 orbis
3410 5411 3580 5470 litte-

333 5511 497 5568 rarii
538 5519 722 5587 parte
767 5511 1004 5588 hospes.
1045 5513 1198 5572 Tum
1244 5511 1300 5570 si
1329 5507 1412 5570 ad
1448 5510 1896 5571 mansuetiores
1924 5511 2140 5571 Musas
2171 5519 2230 5569 te
2252 5512 2506 5589 referas,
2551 5508 2822 5580 Greecas,
2862 5507 3118 5568 Latinas
3160 5507 3577 5591 Gallicasque,

333 5612 638 5670 memoria:
663 5609 965 5689 felicitate
975 5612 1258 5691 juvenes,
1290 5610 1530 5689 ingenii
1556 5611 1905 5672 acrimonia
1935 5610 2213 5674 eruditos
2242 5606 2544 5690 quoslibet
2569 5607 2908 5670 antecellis.

409 5739 487 5810 (ι)
541 5738 655 5795 Cic.
701 5737 855 5794 Fam.
891 5753 941 5806 ι,
978 5739 1031 5795 5.
