4064 6262
365 403 432 460 13
1807 417 2205 479 ΡΗΛΕΕᾺΤΙΟ,
3590 440 3660 496 η

434 525 704 604 Stupent
732 549 883 592 sane
910 533 963 593 ii
980 552 1134 613 quos
1155 535 1241 597 ad
1263 539 1657 601 consortium
1681 542 1781 602 tui
1802 561 2054 604 evocare
2078 546 2387 623 dignaris,
2420 547 2847 616 litteratorum
2865 556 3168 636 princeps
3188 555 3653 633 amabilissime,

365 636 415 687 et
450 629 709 690 rediisse
739 645 976 711 putant
1023 634 1137 696 illa
1178 648 1462 716 tempora
1506 642 1733 721 quibus
1770 645 1934 706 inter
1964 648 2292 727 principes
2326 652 2500 712 viros
2534 654 2599 714 in
2631 659 2801 716 omni
2832 674 3053 736 genere
3079 661 3374 722 micabas.
3430 659 3656 728 Omnia

361 733 586 811 quippe
620 736 687 794 in
710 747 771 797 te
791 737 1086 816 ﬂoridam
1119 741 1397 802 redolent
1423 755 1698 813 (etatem;
1731 746 1895 808 bona
1920 748 2233 825 valetudo,
2267 773 2505 816 summa
2533 760 2768 835 gratia,
2803 733 3019 822 tantus
3051 761 3158 822 ille
3191 765 3541 844 injocando
3571 765 3655 826 lc-

357 851 495 915 pos,
528 838 619 899 sic
650 851 1029 919 temperatus
1056 855 1128 905 ut
1150 845 1319 907 nihil
1328 849 1519 926 jocus
1548 849 1621 909 de
1647 854 1962 928 gravitate
1992 852 2308 936 decerpat.
2338 860 2466 936 Qui
2489 872 2548 923 te
2572 861 2755 924 talem
2773 866 3009 941 vident,
3044 868 3113 929 id
3130 887 3193 927 se
3218 838 3421 933 oculis
3443 869 3653 934 obser-

360 956 505 999 vare
531 949 762 1019 putant
794 942 965 1024 quod
989 946 1242 1024 quidam
1275 967 1304 1008 e
1331 950 1645 1011 veteribus
1668 952 1837 1013 dixit
1867 973 1881 1009 :

1284 1112 1328 1167 A
1353 1114 1519 1170 certis
1556 1116 1715 1171 annis
1746 1133 1925 1173 aevum
1956 1134 2206 1176 remeare
2237 1132 2521 1193 peractum

433 1292 597 1369 Quis
628 1293 830 1373 igitur
858 1294 1121 1376 Origeni
1146 1300 1475 1381 fortunam
1504 1319 1630 1359 non
1657 1302 2021 1379 gratuletur
2054 1324 2252 1379 suam,
2287 1309 2398 1386 qui
2430 1309 2494 1370 in
2520 1314 3051 1389 prcestantissima
3082 1316 3359 1398 Operum
3388 1339 3651 1384 suorum

352 1406 538 1473 parte
555 1414 718 1474 pene
731 1399 1051 1461 redivivus
1076 1405 1444 1480 conspectui
1469 1406 1727 1465 sistitur
1751 1418 1862 1468 tuo
1880 1410 1908 1467 ?
1929 1428 2001 1469 ac
2024 1412 2135 1489 qui
2168 1412 2335 1472 inter
2355 1416 2471 1476 cwi
2493 1417 2597 1476 sui
2626 1416 3028 1481 Christianos
3054 1421 3323 1500 palmam
3340 1428 3650 1489 eruditio-

356 1504 458 1562 nis
492 1502 748 1579 tulerat,
768 1506 905 1587 jam
936 1518 1015 1579 te,
1050 1509 1410 1569 litterarum
1452 1509 1657 1582 decus,
1713 1522 2062 1589 patronum
2103 1516 2322 1591 ambit,
2365 1529 2436 1580 ut
2468 1521 2779 1598 auspiciis
2807 1524 2938 1584 tuis
2978 1542 3057 1585 ea:
3087 1528 3359 1590 tenebris
3393 1529 3506 1591 ubi
3534 1532 3648 1592 diu

356 1602 628 1667 latuerat
655 1609 938 1685 eductus,
969 1611 1054 1673 ad
1074 1614 1472 1673 eruditorum
1504 1616 1711 1676 orbem
1730 1616 1952 1698 faciles
1988 1621 2204 1682 aditus
2232 1623 2535 1700 reperiat,
2567 1635 2777 1688 cert-us
2799 1631 3158 1706 patrocinii
3175 1633 3277 1693 tui
3294 1636 3565 1711 pignore
3585 1655 3651 1697 se

354 1710 423 1771 in
465 1710 813 1789 pristinam
857 1730 988 1772 non
1014 1732 1417 1779 reversurum
1446 1715 1801 1796 caliginem.
1841 1720 2032 1782 Hunc
2073 1717 2181 1782 ille
2196 1722 2331 1802 jam
2361 1721 2650 1786 laborum
2676 1728 2960 1807 fructum
3000 1740 3341 1809 exspectat.
3374 1732 3647 1807 Quantis

356 1814 518 1872 enim
544 1812 887 1876 sudoribus
913 1817 1349 1897 Hexaplorum
1377 1832 1432 1883 et
1465 1823 1881 1900 Octaplorum
1922 1842 2081 1903 opus
2109 1826 2370 1888 molitus
2398 1830 2507 1902 sit,
2541 1833 2717 1892 testis
2743 1830 2839 1892 vel
2867 1834 3071 1912 ipsius
3094 1838 3305 1914 operis
3335 1838 3643 1913 conditio,

352 1918 530 1977 testis
553 1927 609 1977 et
632 1919 1085 1999 Hieronymus,
1110 1926 1221 2004 qui
1236 1922 1564 2005 Origenem
1593 1933 1946 2008 χαλκᾶντιρον
1966 1929 2269 2009 appellat,
2304 1936 2453 2013 quia
2472 1934 2712 1998 scilicet
2739 1938 2983 1998 viscera
3023 1944 3210 2019 quasi
3240 1961 3408 2002 (enea
3438 1944 3514 2004 ob
3546 1962 3648 2004 σεο

348 2020 718 2081 siduitatem
749 2026 1071 2088 scribendi
1093 2028 1317 2091 habere
1342 2033 1698 2110 putabatur
1726 2052 1742 2091 :
1773 2036 1842 2095 in
1873 2036 2055 2115 cujus
2104 2034 2477 2117 colligendis
2507 2039 2798 2122 reliquiis
2831 2043 3027 2104 multo
3055 2042 3267 2107 labore
3294 2046 3649 2110 diuturnis-

350 2143 467 2203 que
488 2126 741 2205 vigiliis
771 2133 1180 2207 exercitatus,
1218 2153 1378 2213 pene
1410 2141 1621 2218 factus
1650 2158 1783 2199 sum
1816 2150 1871 2199 et
1904 2141 2039 2217 ipse
2063 2145 2415 2224 χαλκέντερος
2457 2162 2476 2203 :
2511 2147 2883 2226 fortunatus
2922 2161 3128 2210 tamen
3168 2152 3227 2213 si
3265 2153 3446 2214 hasce
3482 2174 3645 2215 meas

352 2228 831 2293 lucubrationes
856 2235 1097 2298 lubenti
1121 2242 1331 2303 animo
1363 2246 1713 2322 acceperis;
1742 2243 2165 2323 fortunatior,
2184 2247 2244 2309 si
2267 2248 2352 2310 ad
2371 2248 2768 2326 diuturnum,
2795 2260 2869 2313 ut
2896 2269 3103 2331 spero,
3127 2263 3390 2333 tempus,
3420 2268 3645 2335 patro-

348 2335 513 2396 cinio
546 2346 662 2397 tuo
694 2339 798 2399 uti
829 2355 1107 2419 pergam.

1705 2649 1797 2705 Fr.
1854 2650 2174 2709 Benmnnns
2214 2670 2284 2709 ne
2323 2652 2716 2721 Momnucon,

1502 2717 1808 2776 Monachus
1836 2722 2225 2781 Benedictinus
2252 2740 2285 2780 e
2331 2717 2755 2801 congregatione
2783 2727 2974 2787 Sancti
3006 2731 3200 2786 Mauri.

1156 2965 3555 2995 ..κ-*Ἦ

1556 3133 2446 3269 ΡΒλίΕΡΑΤΙΟ.

417 3559 557 3614 Inter
576 3556 969 3629 prastantiora
994 3553 1247 3626 Origenis
1275 3572 1439 3627 opera
1474 3557 1778 3627 principem
1809 3557 2057 3612 obtinere
2076 3555 2259 3611 locum
2293 3552 2536 3627 "exopta
2557 3556 2668 3624 illa,
2699 3566 2853 3613 tanto
2874 3558 3060 3615 labore
3086 3561 3382 3634 studioque
3413 3566 3640 3622 concin-

342 3662 489 3719 nata,
526 3654 776 3709 fatentur
802 3652 1002 3707 eruditi
1037 3654 1242 3722 quique
1275 3662 1388 3707 tum
1422 3661 1653 3716 veteres,
1683 3663 1798 3706 tum
1834 3656 2187 3707 recentiores.
2230 3651 2367 3706 Cum
2397 3649 2542 3706 enim
2574 3652 2785 3707 homini
2814 3653 3129 3709 Christiano
3159 3656 3294 3711 nihil
3324 3659 3395 3714 ad
3430 3670 3635 3717 rectam

339 3749 499 3804 tidem
523 3750 879 3805 statuendam
910 3764 1202 3820 moresque
1241 3749 1621 3803 informandus
1660 3750 2026 3819 opportunius
2059 3748 2458 3803 sitdivinarum
2490 3748 2902 3819 Scripturarum
2945 3751 3326 3824 intelligentia,
3349 3756 3471 3826 ejus
3504 3774 3641 3815 sane

338 3847 559 3904 utilitati
576 3856 713 3902 tunc
727 3848 933 3917 optime
948 3848 1256 3902 consultum
1277 3855 1498 3917 putatur
1519 3861 1583 3900 cu
1593 3863 1643 3900 m
1660 3847 1938 3916 quidpiam
1960 3846 2013 3899 in
2043 3847 2223 3901 lucem
2242 3847 2423 3900 editur
2434 3846 2501 3900 ad
2518 3846 2808 3902 reseranda
2832 3846 3127 3918 Scripturre
3145 3867 3347 3908 arcana
3360 3862 3415 3908 et
3429 3853 3497 3907 ad
3514 3855 3638 3925 ejus

339 3939 565 3995 intimos
590 3956 793 3995 sensus
817 3940 1182 4010 explorandos
1209 3940 1707 3994 accommodatum.
1733 3937 1875 4005 Quid
1915 3954 2099 3993 autem
2132 3954 2199 3994 eo
2234 3939 2289 3993 in
2332 3954 2529 4009 genere
2556 3940 2904 4008 accuratius,
2936 3943 3069 4011 quid
3106 3948 3172 3998 ad
3204 3943 3503 4015 Scripturze
3550 3964 3641 4001 sa-

336 4049 447 4090 crm
476 4040 714 4091 mentem
735 4036 1083 4105 aperiendam
1116 4036 1461 4090 commodius
1484 4034 1687 4089 eximio
1715 4034 1807 4090 illo
1834 4034 2199 4104 Hexaplorum
2218 4045 2271 4089 et
2291 4033 2638 4104 Octaptorum
2655 4038 2856 4106 opere?
2882 4037 2956 4092 lbi
2977 4053 3215 4107 namque
3236 4080 3249 4105 ,
3279 4052 3474 4111 pneter
3490 4040 3637 4100 LXX

337 4129 708 4199 lnterpretum
747 4131 1061 4194 editionem,
1097 4138 1207 4185 tres
1256 4130 1379 4184 aliae
1424 4129 1925 4199 interpretationes,
1970 4144 2000 4182 a
2039 4128 2217 4184 doctis
2250 4128 2383 4182 viris
2418 4128 2637 4198 Aquila,
2681 4128 3012 4201 Symmacho
3038 4142 3093 4187 et
3122 4131 3493 4191 'l‘lieodotione
3517 4139 3638 4193 ela-

339 4224 569 4290 borata'z,
611 4226 667 4279 in
714 4226 973 4279 omnibus
1022 4222 1301 4279 Hebraicae
1351 4222 1649 4297 Scripturae
1682 4224 1836 4279 libris
1873 4225 2303 4293 comparebant;
2344 4224 2396 4278 in
2432 4224 2589 4280 libris
2633 4226 2799 4280 etiam
2833 4242 2943 4280 non
2978 4230 3169 4296 paucis
3208 4230 3374 4284 trium
3409 4233 3637 4303 insuper

340 4318 579 4372 aliorum
613 4316 969 4386 interpretum
996 4331 1397 4388 anonymorum
1428 4316 1697 4370 editiones
1726 4331 1758 4370 e
1787 4315 2009 4385 regione
2035 4315 2262 4368 aderant
2306 4330 2417 4368 uno
2451 4315 2555 4369 sub
2600 4326 2823 4385 aspectu
2853 4317 3043 4387 posita:
3068 4335 3083 4385 ε
3109 4319 3181 4373 ita
3207 4330 3264 4373 ut
3292 4335 3479 4374 earum
3508 4339 3636 4377 om.

340 4417 497 4470 nium
528 4415 779 4479 lectione,
827 4424 881 4468 et
920 4422 1113 4468 mutuo
1143 4412 1287 4466 facta
1326 4413 1761 4481 comparatione,
1796 4411 1841 4465 si
1887 4426 1997 4480 qua
2029 4410 2265 4466 obscura
2296 4416 2351 4463 et
2381 4408 2625 4465 diflicilia
2661 4423 3014 4466 occurrerent
3036 4452 3051 4476 ,
3089 4413 3248 4482 longe
3285 4412 3500 4471 facilius
3528 4418 3626 4472 tali

340 4508 594 4564 subsidio
626 4507 1067 4575 explanarentur.
1096 4501 1235 4557 Hinc
1261 4502 1466 4558 factum
1499 4514 1582 4558 est
1610 4513 1669 4557 ut
1695 4502 1869 4556 sancti
1916 4500 2125 4565 Patres,
2155 4516 2219 4555 ac
2262 4514 2474 4557 veteres
2508 4500 2806 4567 scriptores
2840 4500 3199 4556 ecclesiastici
3227 4518 3365 4571 pene
3398 4519 3590 4563 omnes
3616 4546 3634 4573 ,

340 4603 489 4672 iique
518 4601 757 4654 maxime
781 4598 876 4669 qui
911 4598 1087 4653 doctis
1117 4598 1171 4651 in
1208 4612 1423 4652 sacram
1460 4597 1800 4664 Seripturam
1838 4595 2256 4650 commentariis
2286 4596 2556 4656 claruere.
2596 4589 2966 4660 Hexaplomm
2996 4591 3250 4664 Origenis
3294 4610 3454 4649 “sum
3498 4611 3638 4665 P783-

339 4674 713 4767 slantiamqne
743 4694 948 4767 passim
979 4694 1379 4751 commendent.
1413 4691 1685 4748 Eusebius
1717 4708 1933 4760 nempe,
1960 4692 2265 4757 Diodorus,
2311 4691 2766 4762 Chrysostomus,
2797 4688 3202 4760 Theodoretus,
3233 4691 3534 4765 Procopius
3579 4707 3636 4750 et

340 4794 470 4859 alii;
504 4792 757 4859 interque
786 4785 1014 4842 Latinos
1039 4784 1425 4856 Hieronymus,
1457 4786 1549 4855 qui
1583 4800 1688 4839 non
1722 4784 1777 4837 in
1807 4784 2232 4838 Commentariis
2268 4783 2434 4837 modo
2464 4782 2579 4837 suis
2623 4797 2725 4853 ope
2767 4784 2984 4838 illorum
3011 4794 3269 4854 perpetuo
3302 4787 3497 4853 utitur,
3536 4790 3630 4843 sed

338 4888 509 4941 etiam
536 4884 592 4937 in
627 4880 946 4938 adornanda
969 4878 1169 4933 eximia
1197 4879 1284 4932 illa
1311 4877 1549 4933 editione
1579 4877 1796 4942 Latina,
1831 4893 1997 4947 quam
2033 4877 2198 4932 hodie
2241 4875 2525 4949 Vulgatam
2555 4876 2930 4948 appellamus,
2980 4877 3425 4950 frequentissime
3455 4883 3633 4954 Aqui-

343 4978 452 5034 lam
490 4977 573 5033 vel
600 4974 1015 5047 Symmachum,
1044 4975 1225 5029 rarius
1255 4972 1687 5027 Theodotionem
1717 4974 1921 5028 aliasve
1947 4973 2213 5027 editiones
2245 4976 2513 5045 sequitur.

415 5072 475 5145 _Si
504 5072 635 5142 quid
677 5084 919 5140 unquam
945 5067 1616 5138 immortalitate-dignum
1646 5069 1909 5124 emissum
1943 5068 1996 5123 in
2037 5069 2215 5123 lucem
2254 5068 2454 5136 fuerit,
2480 5072 2528 5125 si
2552 5084 2662 5139 qua
2702 5068 3011 5127 lucubratio
3037 5086 3067 5126 a
3094 5079 3401 5142 temporum
3427 5074 3631 5145 injuria

339 5138 608 5223 vindicari
634 5138 919 5229 meruerit,
948 5162 1063 5217 haec
1096 5178 1230 5217 sane
1268 5171 1387 5217 erat
1421 5170 1502 5217 tot
1537 5170 1693 5233 parta
1736 5162 1957 5233 vigiliis,
1988 5162 2291 5229 laboribus,
2324 5138 2653 5233 sumptibus.
2696 5164 2788 5229 At,
2816 5164 2956 5234 proh
2985 5162 3176 5219 dolori
3212 5180 3243 5219 a
3267 5166 3484 5221 saeculis
3507 5168 3631 5235 plus

341 5280 504 5334 quam
535 5271 663 5317 octo
696 5259 931 5332 ingentis
960 5260 1119 5313 molis
1146 5274 1286 5328 opus
1310 5259 1385 5313 ita
1419 5259 1597 5327 periit,
1632 5266 1780 5313 utne
1808 5258 2072 5328 particula
2103 5257 2324 5328 quidem
2356 5257 2499 5328 ejus,
2536 5268 2596 5313 ut
2632 5257 2809 5314 fuerat
2844 5258 2913 5313 ab
2938 5258 3174 5329 Origene
3194 5260 3586 5315 concinnatum
3610 5302 3627 5326 ,

342 5359 409 5412 ad
445 5372 545 5411 nos
566 5371 740 5425 usque
768 5354 1065 5418 devenerit,
1090 5369 1190 5408 nec
1214 5368 1339 5422 spes
1369 5354 1618 5408 videatur
1648 5368 1770 5408 esse
1796 5354 2074 5423 quidpiam
2106 5366 2735 5422 unquam'emersurum.
2763 5369 2875 5425 quo
2897 5361 3046 5409 tanta
3069 5354 3285 5424 jactura
3316 5357 3625 5423 sarciatur.;

344 5465 376 5503 a
407 5459 647 5518 tempore
702 5456 884 5501 autem
932 5444 1119 5499 amissi
1152 5444 1335 5514 operis
1386 5444 1596 5514 aliquot
1627 5443 1885 5498 emuxere
1924 5445 2155 5509 saecula,
2193 5445 2514 5513 ignorantiae
2542 5444 2782 5499 tenebris
2815 5445 2951 5499 adeo
2993 5444 3211 5508 obruta.
3242 5453 3391 5499 utne
3428 5460 3629 5501 sensus

344 5547 561 5617 quidem
598 5542 876 5613 importati
904 5541 1091 5594 damni
1140 5555 1305 5609 penes
1347 5540 1595 5595 homines
1628 5541 1819 5603 etiam,
1858 5548 1918 5594 ut
1971 5540 2064 5595 illa
2098 5548 2284 5606 aetate,
2318 5542 2512 5597 doctos
2542 5556 2666 5597 esse
2704 5541 2998 5596 videretur.
3033 5541 3103 5595 At
3144 5551 3265 5611 post
3291 5550 3624 5608 restaurata,

344 5642 607 5712 proximis
646 5637 885 5704 saeculis,
918 5637 1219 5691 litterarum
1253 5636 1631 5705 bonarumque
1662 5637 1861 5691 artium
1889 5637 2068 5690 studia
2094 5679 2109 5700 ,
2137 5636 2231 5690 ubi
2262 5645 2509 5692 veterum
2545 5636 2768 5706 scripta,
2796 5650 2919 5706 qua:
2936 5636 3029 5691 diu
3058 5636 3348 5704 jacuerant
3371 5635 3623 5692 interitui

345 5734 611 5800 proxima.
641 5746 673 5783 e
716 5729 825 5784 situ
872 5728 1139 5783 vindicari
1187 5737 1242 5783 et
1292 5728 1349 5782 in
1398 5728 1672 5797 publicum
1722 5729 1897 5783 emitti
1928 5737 2247 5798 coeperunt,
2287 5744 2395 5783 non
2426 5726 2647 5783 defuere
2674 5728 2776 5783 viri
2807 5729 2901 5799 qui
2924 5726 2993 5782 de
3024 5728 3401 5784 restaurandis
3436 5729 3482 5784 si
3510 5743 3627 5783 non

348 5825 624 5895 flexaplis,
662 5821 1034 5891 Hexaplorum
1079 5822 1269 5875 saltem
1313 5821 1549 5885 laciniis,
1576 5822 1901 5891 cogitarent.
1949 5821 2053 5890 Qui
2081 5837 2211 5875 vero
2238 5823 2448 5892 primus
2481 5822 2558 5875 rei
2602 5836 2825 5875 manum
2856 5820 3099 5876 admovit
3120 5819 3423 5875 Flaminius
3454 5820 3622 5877 Nobi-

348 5918 471 5984 lius,
504 5920 557 5972 in
582 5918 768 5976 Bibliis
797 5916 1003 5971 Graecis
1035 5913 1219 5971 Romae
1241 5915 1390 5972 cusis
1420 5930 1564 5970 anno
1594 5913 1756 5981 1587,
1793 5916 1995 5970 multas
2024 5915 2235 5985 Aquilae
2254 5958 2268 5983 ,
2305 5914 2642 5986 Symmachi,
2666 5924 2721 5969 et
2748 5911 3144 5970 Tlieodotionis
3166 5914 3503 5982 aliorumque
3533 5913 3621 5969 in-
