4064 6262
432 285 502 345 ιδ
1853 270 2247 326 Ριιεγλτιο.
3344 314 3358 324 τ
3620 280 3687 335 ιο

433 410 726 473 terpretum
755 396 1015 452 lectiones
1050 392 1195 468 notis
1223 390 1473 452 inseruit,
1502 395 1770 460 quotquot
1790 388 2040 442 videlicet
2061 398 2173 441 tum
2193 403 2258 440 ex
2287 384 2550 441 Romanis
2577 384 2879 452 eodicibus,
2907 398 3021 443 tum
3054 401 3120 443 ex
3148 396 3391 444 veterum
3419 387 3573 444 libris
3595 407 3691 445 cx—

431 512 653 567 cerpere
685 503 930 565 potuerat
952 490 1145 545 Petrus
1177 485 1418 542 Moriuus
1433 485 1733 546 Parisinus,
1766 492 1823 537 ut
1848 498 1914 537 ex
1947 482 2191 552 ejusdem
2228 479 2422 534 Morini
2447 482 2688 567 epistolis
2713 483 3054 553 aliorumque
3076 483 3401 537 testimoniis
3422 485 3690 553 arguitur.

502 590 619 649 Sub
652 591 765 646 haec
791 586 1029 643 Joannes
1045 584 1276 639 Drusius
1294 583 1484 637 eadem
1518 581 1631 651 ipsa
1662 596 1783 650 qua
1808 578 2109 632 Flaminius
2137 578 2398 641 ediderat,
2427 592 2534 630 non
2566 579 2755 647 paucis
2782 579 3189 634 accessionibus
3214 579 3538 649 locupletat:
3566 595 3692 637 cum

441 686 672 742 eruditis
705 683 847 737 notis
876 679 1165 748 descripsit
1192 697 1205 733 :
1239 684 1294 730 at
1319 692 1442 730 cum
1469 674 1579 730 fato
1606 681 2017 742 prmoccupatus
2048 685 2112 726 ea
2139 670 2197 725 in
2226 670 2501 740 publicum
2538 670 2699 724 edere
2728 686 2834 724 non
2865 671 3148 741 potuisset,
3180 678 3304 740 post
3334 671 3453 739 ejus
3480 671 3692 725 obitum

430 780 737 853 publicandi
769 794 954 834 curam
988 777 1229 844 suscepit
1279 773 1526 826 Sixtinus
1556 770 1783 823 Amama
1826 765 2219 822 llebraicarum
2244 766 2543 819 litterarum
2581 762 2901 821 Frattekerae
2924 765 3202 835 professor
3232 782 3529 843 :_opusque
3547 767 3693 821 Arn-

431 877 622 932 ltemize
655 874 851 943 prodiit
884 887 1028 925 anno
1054 870 1212 931 1622,
1243 869 1348 923 hoc
1374 866 1531 921 titulo
1564 882 1577 919 :
1625 862 1867 918 Veterum
1892 864 2242 931 interpretum
2268 860 2574 915 Grecorum
2623 863 2679 915 in
2725 872 2892 915 totum
2924 859 3078 930 Vetus
3107 861 3495 915 Testamentum
3531 860 3699 931 Frag—

430 980 626 1035 menta,
649 970 890 1031 collecta,
912 982 1060 1020 versa
1082 973 1129 1018 et
1146 966 1285 1019 notis
1304 963 1578 1016 illustrata
1600 977 1631 1014 a
1657 957 1865 1013 Joanne
1888 958 2106 1025 Drusio,
2134 956 2330 1026 lingua
2352 965 2552 1010 sanctae
2573 958 2626 1009 in
2650 956 2942 1009 illustrium
2980 956 3175 1011 Frisia:
3206 958 3453 1010 ordinum
3492 956 3699 1011 Acade-

430 1067 560 1130 mia,
580 1064 703 1118 dum
728 1064 935 1126 viveret,
958 1059 1270 1131 profanare.
1312 1056 1493 1110 Drusii
1528 1055 1681 1109 labor
1711 1070 1741 1108 a
1773 1053 2007 1108 laudatis
2040 1051 2176 1107 viris
2213 1050 2478 1115 laudatus
2502 1088 2518 1114 ,
2549 1051 2848 1105 litterarum
2889 1065 3168 1106 sacrarum
3198 1052 3460 1108 studiosis
3494 1065 3698 1121 magno

433 1158 557 1212 usui
597 1156 717 1211 fuit.
747 1154 904 1210 Hunc
925 1168 1025 1224 ego
1052 1153 1249 1206 librum
1281 1149 1592 1218 frequenter
1631 1147 1784 1202 adire
1816 1147 2092 1210 solebam,
2119 1153 2415 1215 antequam
2456 1146 2523 1200 dc
2557 1146 2710 1201 novis
2750 1145 3158 1200 accessionibus
3190 1144 3455 1201 faciendis
3481 1146 3693 1216 cogita-

430 1270 546 1309 rem
576 1267 591 1306 :
624 1260 680 1307 et
696 1228 938 1305 mirabar
963 1246 1192 1303 subinde
1212 1262 1277 1300 ex
1300 1254 1451 1300 tanto
1472 1257 1637 1313 Opere
1667 1242 1801 1297 adeo
1829 1256 2001 1311 pauca
2022 1256 2308 1311 superesse
2338 1239 2665 1311 fragmenta.
2687 1239 2825 1294 Cum
2860 1250 3041 1295 autem
3072 1241 3390 1298 erolveudis
3413 1242 3699 1298 codicibus

429 1344 635 1402 Graecis
686 1343 903 1399 solitam
960 1340 1145 1394 darem
1175 1352 1419 1407 operam,
1468 1335 1582 1405 jam
1613 1333 1743 1389 anni
1769 1340 1898 1388 sunt
1933 1334 2221 1403 plusquam
2247 1333 2437 1405 viginti
2474 1342 2620 1400 tres,
2657 1350 2804 1397 rem,
2844 1350 3034 1404 quam,
3057 1349 3211 1406 pctut
3237 1336 3693 1407 diligentissime,

432 1456 553 1497 sum
576 1455 833 1510 egressus
864 1457 876 1489 :
914 1445 1027 1491 tum
1063 1434 1244 1505 siqua
1294 1442 1540 1487 veterum
1591 1430 1944 1499 interpretum
1986 1430 2105 1484 loca
2170 1428 2225 1483 in
2278 1429 2668 1499 manuscriptis
2704 1439 3077 1493 occurrerent,
3113 1431 3297 1486 statim
3329 1431 3396 1486 ad
3434 1431 3696 1488 Drusiutn

430 1530 812 1601 properabam,
844 1537 903 1582 ut
923 1526 1259 1595 explorarem
1291 1539 1359 1578 an
1391 1523 1677 1577 observata
1706 1522 1962 1592 editaque
1991 1536 2199 1576 essent.
2238 1519 2396 1575 Brevi
2419 1531 2601 1575 autem
2632 1523 2875 1592 comperi
2906 1524 3075 1578 multa
3103 1523 3468 1593 praetermissa
3492 1521 3697 1591 fuisse,

429 1626 543 1680 imo
564 1640 630 1681 ex
654 1625 767 1695 jam
804 1621 1107 1678 observatis
1129 1630 1183 1674 et
1210 1618 1373 1676 editis
1403 1634 1512 1673 non
1534 1631 1708 1687 pauca
1725 1631 1847 1671 esse
1876 1632 1998 1685 qua:
2040 1631 2207 1671 manu
2247 1616 2457 1670 medica
2503 1626 2743 1686 egerent.
2779 1613 2917 1671 Hinc
2962 1617 3144 1672 omnia
3179 1616 3489 1671 describere
3528 1616 3695 1685 coepi,

429 1718 800 1792 paulatimque
825 1725 939 1770 tum
974 1714 1029 1768 in
1060 1713 1256 1780 Gallia,
1298 1722 1409 1766 tum
1438 1711 1493 1765 in
1524 1708 1694 1775 ltalia,
1727 1718 1782 1763 et
1808 1707 2158 1780 potissimum
2188 1707 2396 1772 Romae,
2430 1716 2639 1763 tantam
2682 1709 2975 1764 lectionum
3002 1710 3196 1764 silvam
3230 1709 3444 1779 reperi,
3471 1720 3529 1764 ut
3554 1709 3698 1764 Druo

427 1817 583 1871 siana
610 1811 856 1869 collectio
886 1820 1087 1866 nostrae
1104 1818 1419 1879 comparata
1450 1822 1519 1863 ne
1555 1807 1824 1863 decimam
1860 1805 2105 1875 quidem,
2146 1805 2257 1859 imo
2310 1820 2380 1859 ne
2416 1803 2685 1860 decimam
2714 1805 2962 1875 quintam
2990 1807 3110 1875 ejus
3140 1818 3349 1876 partem
3376 1808 3692 1879 attingeret.

426 1911 748 1981 Quanquam
779 1923 888 1962 non
915 1905 971 1961 in
995 1906 1251 1962 omnibus
1283 1902 1579 1974 Scripturre
1621 1917 1791 1959 sacra:
1823 1902 1980 1957 libris
2009 1902 2237 1971 aequalis
2279 1900 2541 1956 offeratur
2566 1902 2861 1957 lectionum
2902 1903 3119 1959 messis.
3144 1902 3279 1959 Nam
3306 1904 3361 1959 in
3397 1903 3695 1960 Pentateu-

426 2005 553 2068 cho,
585 2004 629 2057 si
660 2013 990 2056 annumeres
1025 2013 1089 2051 ea
1121 2013 1245 2067 quae
1270 1996 1322 2049 in
1346 1993 1658 2066 Appendice
1685 2007 1750 2048 ex
1784 1992 1972 2048 codice
2002 1991 2342 2047 Coisliniano
2375 1992 2764 2062 adjunximus,
2798 2009 2868 2050 ne
2907 1996 3216 2050 vicesimam
3236 1998 3456 2066 quidem
3480 2009 3700 2052 nostra-

426 2111 547 2150 rum
586 2104 796 2165 partem
823 2100 1042 2162 aequam
1063 2090 1342 2145 Drusianae
1388 2088 1668 2144 lectiones.
1704 2088 1763 2143 ln
1809 2087 1966 2143 libris
1987 2084 2155 2142 Josue
2187 2086 2516 2142 etJudicum
2535 2102 2678 2159 pene
2707 2090 2844 2145 nihil
2886 2090 3052 2145 habet
3091 2089 3345 2156 Drusius,
3378 2092 3473 2146 ubi
3504 2106 3607 2146 nos
3634 2092 3693 2146 in

424 2187 653 2259 singulis
678 2201 816 2258 pene
842 2184 1123 2241 versiculis
1145 2184 1405 2238 lectiones
1431 2182 1779 2253 proferimus.
1807 2184 1867 2238 In
1900 2182 2055 2237 libris
2082 2179 2314 2252 Regum,
2341 2185 2578 2238 maxime
2596 2184 2648 2237 in
2679 2184 2859 2253 primo
2884 2194 2941 2241 et
2963 2187 3225 2252 secundo,
3244 2189 3333 2242 vis
3355 2187 3697 2258 quinquage-

424 2282 619 2336 simam
657 2292 970 2335 nostrorum
1010 2280 1333 2347 particulam
1359 2279 1579 2333 exhibet
1595 2279 1702 2333 ille.
1732 2278 1789 2332 ln
1819 2278 1961 2333 libro
1980 2275 2085 2331 Job
2105 2277 2295 2333 multis
2326 2280 2572 2348 partibus
2604 2278 2932 2335 Drusianam
2956 2291 3179 2353 superat
3206 2292 3392 2337 nostra
3421 2282 3690 2349 collectio,

425 2375 734 2447 pariterque
764 2374 817 2429 in
849 2372 1104 2438 Psalmis,
1124 2389 1355 2444 quorum
1391 2374 1545 2428 multi
1571 2389 1708 2444 pene
1730 2382 1903 2429 totum
1938 2371 2332 2444 Symmachum
2360 2384 2771 2442 repraesentant.
2801 2374 2858 2430 ln
2911 2373 3241 2442 Proverbiis,
3273 2362 3603 2433 Ecclesiaste
3637 2386 3695 2431 et

422 2471 667 2527 Canticis
696 2485 803 2525 non
842 2471 1010 2523 multa
1054 2468 1381 2538 proferimus
1423 2484 1585 2523 nova.
1620 2466 1817 2523 Verum
1850 2469 1902 2523 in
1931 2469 2211 2539 prophetis
2244 2468 2520 2532 omnibus,
2550 2470 2823 2540 prascipue
2849 2485 2979 2525 vero
3011 2472 3065 2525 in
3094 2470 3331 2526 Jeremia
3354 2513 3371 2538 ,
3414 2469 3695 2526 Ezechiele

423 2574 481 2621 et
510 2565 813 2619 minoribus
850 2564 1149 2635 prophetis,
1188 2573 1270 2619 tot
1294 2564 1537 2618 nondum
1568 2565 1857 2619 observata
1890 2574 2229 2634 comparent,
2255 2574 2317 2618 ut
2343 2563 2612 2619 Drusiana
2637 2565 2884 2620 collectio
2910 2567 2977 2622 iis
3006 2568 3201 2621 obruta
3250 2567 3498 2621 videatur
3542 2581 3688 2622 esse.

493 2659 591 2713 His
621 2661 695 2715 ita
724 2659 1073 2729 comparatis,
1096 2658 1163 2714 de
1188 2658 1352 2713 modo
1376 2659 1740 2716 concinnandi
1771 2660 2075 2729 edendiquc
2100 2659 2282 2729 cperis
2325 2674 2435 2713 non
2461 2675 2568 2714 una
2595 2659 2700 2715 fuit
2727 2662 3028 2717 amicorum
3073 2665 3363 2718 sententia.
3406 2663 3511 2716 Alii
3546 2663 3694 2716 enim

425 2755 681 2811 volebant
710 2765 880 2809 totum
933 2753 1262 2809 Hebraicum
1295 2753 1380 2807 edi
1428 2763 1635 2808 textum
1679 2771 1804 2809 cum
1837 2755 2286 2825 interpretatione
2315 2754 2424 2808 τῶν
2445 2754 2523 2819 0',
2544 2754 2735 2810 eadem
2758 2772 2985 2827 prorsus
3012 2760 3270 2814 methodo
3295 2775 3402 2829 qua
3431 2758 3695 2830 Origenes

421 2847 686 2909 ediderat,
711 2845 784 2901 ita
821 2854 880 2899 ut
912 2859 1001 2900 sex
1028 2844 1227 2913 ubique
1273 2844 1541 2898 coltmmte
1569 2842 1849 2909 adessent,
1873 2852 1927 2897 ct
1949 2844 2124 2898 sicubi
2164 2843 2399 2898 aliorum
2431 2844 2792 2914 interpretum
2828 2846 3099 2904 editiones
3122 2848 3446 2915 deficerent,
3486 2864 3696 2907 vacuus

424 2942 499 2997 ibi
532 2944 685 2997 locus
712 2941 1129 3010 relinqueretur.
1158 2941 1229 2993 At
1267 2953 1353 2993 me
1386 2939 1708 3004 reluctante,
1732 2946 1788 2993 et
1817 2948 2024 3007 quanto
2054 2937 2418 2993 litteratorum
2452 2939 2822 3007 incommodo,
2857 2944 3187 3014 quantisque
3237 2944 3546 3015 sumptibus
3582 2954 3693 3000 tam

424 3037 663 3091 innnane
698 3049 839 3105 opus
881 3034 1220 3105 proditurum
1249 3040 1394 3087 esset
1414 3032 1702 3101 objiciente
1739 3032 1838 3103 (a),
1873 3034 1955 3087 vel
1982 3032 2143 3088 iidem
2175 3034 2277 3102 ipsi
2304 3033 2396 3103 qui
2426 3034 2533 3088 tale
2556 3036 2847 3091 consilium
2874 3038 3169 3107 dederant,
3202 3049 3453 3096 auctores
3473 3041 3693 3097 demum

424 3132 661 3195 fuerunt,
695 3140 754 3185 ut
780 3130 833 3183 in
868 3130 1043 3200 primo
1097 3130 1276 3183 solum
1309 3126 1587 3182 Gencseos
1617 3128 1816 3198 capite,
1849 3128 2010 3197 quasi
2056 3143 2156 3199 pro
2180 3128 2507 3198 specimine,
2539 3129 2883 3200 Origenianae
2904 3135 3175 3189 columna:
3204 3136 3459 3192 adessent
3491 3156 3504 3191 :
3545 3152 3608 3192 ac
3638 3137 3695 3194 in

422 3225 776 3297 sequentibus
806 3224 1000 3278 deinde
1023 3223 1311 3293 capitibus,
1340 3238 1404 3277 ea
1428 3222 1606 3278 solum
1637 3222 1754 3277 loca
1793 3222 2117 3279 aﬂ'errentur
2168 3224 2224 3279 in
2272 3226 2790 3297 medium,quorum
2826 3229 3201 3298 interpretatio
3233 3232 3349 3285 sive
3388 3235 3692 3289 secundum

417 3319 697 3389 Aquilam,
750 3317 865 3373 sive
902 3316 1200 3371 secundum
1249 3315 1388 3368 alios
1414 3324 1629 3383 reperta
1647 3311 1872 3371 fuisset:
1910 3316 1985 3370 ita
2034 3322 2095 3370 ut
2146 3315 2408 3370 lectiones
2449 3318 2557 3371 illa:
2588 3334 2714 3372 cum
2769 3316 3015 3382 Hebraeo,
3046 3319 3192 3375 LXX
3220 3320 3611 3393 lnterpretibus
3640 3331 3696 3379 ct

420 3411 651 3482 Vulgata
685 3420 1034 3482 comparatae,
1064 3424 1174 3464 uno
1201 3408 1305 3465 sub
1327 3408 1840 3481 aspectu‘jacerent,
1871 3418 1926 3466 ct
1956 3410 2177 3482 quidem
2209 3412 2403 3469 eodem
2432 3413 2645 3480 ordine,
2665 3421 2931 3483 quantum
2964 3414 3181 3483 licebat,
3211 3430 3322 3485 quo
3354 3417 3425 3470 ab
3462 3417 3696 3489 Origene

420 3507 477 3566 in
508 3505 765 3576 Hexaplis
798 3507 989 3576 posita:
1017 3504 1251 3559 fuerant.
1490 3580 1495 3583 _

489 3600 807 3670 Compendii
833 3615 962 3655 vero
991 3615 1179 3668 causa,
1209 3602 1302 3657 ubi
1322 3600 1433 3656 duo
1458 3601 1543 3657 vel
1577 3610 1686 3656 tres
1714 3600 1798 3655 vel
1831 3600 2015 3670 plures
2044 3600 2370 3671 interpretes
2411 3604 2605 3660 eodem
2636 3619 2865 3675 prorsus
2894 3605 3063 3661 modo
3080 3614 3323 3673 vertunt,
3354 3622 3417 3661 ac
3439 3607 3559 3662 sine
3584 3607 3696 3663 nullo

419 3693 507 3748 vel
540 3693 769 3749 minimo
804 3692 1143 3756 discrimine,
1179 3704 1310 3749 tunc
1336 3694 1642 3749 versionem
1674 3708 1783 3747 non
1812 3694 2110 3762 repetimus
2157 3697 2225 3750 ad
2269 3696 2537 3766 singulos,
2571 3706 2634 3751 ut
2676 3697 2880 3752 fecerat
2907 3697 3171 3767 Origenes
3192 3741 3207 3764 ,
3232 3700 3325 3754 sed
3354 3701 3576 3755 nomina
3596 3717 3692 3757 eo—

420 3800 543 3841 rum
572 3785 666 3856 qui
698 3784 945 3840 similiter
975 3784 1311 3854 interpretati
1336 3782 1575 3850 fuerant,
1604 3799 1632 3837 a
1660 3783 1835 3854 prima
1860 3782 2042 3838 solum
2069 3785 2311 3840 nominis
2334 3785 2536 3853 littera,
2564 3787 2945 3859 pra-mittimus
2972 3790 3074 3843 hoc
3110 3798 3270 3858 pacto
3292 3791 3384 3853 A.,
3414 3790 3500 3853 Σ..
3534 3789 3595 3845 Θ.
3631 3792 3694 3845 ιν

416 3879 534 3941 τοῖς
562 3876 866 3950 μυκτῆρσιν
899 3874 1064 3932 αὑτοῦ
1093 3875 1181 3938 Α..
1210 3874 1295 3942 5.,
1328 3873 1459 3940 Th.,
1484 3877 1541 3930 in
1571 3877 1792 3929 naribus
1820 3873 1956 3944 ejus.
1988 3872 2021 3928 Il

2087 3877 2270 3932 oraica:
2299 3876 2572 3941 lectionis.
2602 3890 2657 3933 et
2682 3879 3188 3949 interpretationum
3223 3879 3692 3954 Grascarum,quae

420 3970 569 4025 illam
601 3981 927 4040 sequuntur,
953 3971 1262 4025 versionem
1300 3969 1551 4025 Latinam
1583 3969 1639 4023 in
1691 3969 1863 4024 altera
1922 3970 2177 4024 columna
2205 3986 2237 4023 e
2283 3970 2507 4042 regione
2545 3972 2819 4043 ponimus,
2853 3973 3143 4043 subjuncta
3172 3974 3344 4030 altero
3377 3976 3697 4032 charactere

421 4061 651 4133 Vulgata
679 4062 893 4126 Latina,
928 4062 1169 4115 utetiam
1201 4058 1387 4115 Graece
1413 4060 1649 4129 imperiti
1682 4060 1787 4114 hac
1820 4066 2011 4112 nostra
2037 4058 2356 4115 collectione
2388 4061 2467 4114 uti
2497 4062 2735 4117 valeant.

486 4152 606 4209 Non
637 4154 863 4207 deer-aut
893 4151 987 4221 qui
1011 4149 1204 4206 vellent
1246 4150 1517 4219 integrum
1562 4150 1649 4203 edi
1698 4158 1913 4204 textum
1945 4145 2216 4202 Biblicum
2245 4189 2259 4212 ,
2288 4148 2379 4204 alii
2405 4148 2769 4217 llebraicum,
2806 4151 2899 4206 alii
2939 4148 3215 4215 LXX,alii
3246 4168 3375 4208 vero
3404 4153 3693 4227 Vulgatam

416 4248 688 4314 Latinam,
725 4259 786 4303 ut
814 4248 1019 4303 scilicet
1044 4247 1138 4316 qui
1178 4244 1432 4315 llexaptis
1463 4246 1689 4309 nostris,
1730 4244 1824 4297 ubi
1858 4252 2046 4299 textus
2077 4242 2287 4313 integer
2325 4245 2631 4301 secundum
2672 4247 2877 4301 nullam
2921 4247 3213 4302 editionem
3249 4248 3437 4315 adest,
3465 4252 3543 4308 uti
3579 4252 3692 4305 vel-

417 4345 552 4409 lent,
576 4343 650 4398 ibi
682 4351 861 4396 tamen
890 4350 1057 4395 totam
1086 4338 1381 4409 Scriptura:
1403 4339 1599 4393 seriem
1627 4337 1929 4393 secundum
1959 4338 2201 4405 aliquam
2235 4353 2303 4392 ex
2339 4338 2673 4393 editiouibus
2707 4340 2774 4393 ad
2808 4354 3029 4394 manum
3064 4340 3348 4394 haberent.
3391 4339 3470 4396 Ne
3496 4342 3688 4410 multa,

418 4437 522 4491 hoc.
544 4438 671 4492 item
696 4435 987 4491 consilium
1036 4434 1402 4504 respuendum
1450 4433 1579 4489 duxi
1615 4434 1923 4503 :siquidem
1958 4448 2047 4488 res
2083 4433 2158 4488 ita
2207 4433 2533 4487 concinnata
2580 4444 2700 4498 est,
2730 4443 2790 4488 ut
2820 4436 3055 4505 quisque
3077 4437 3365 4491 commode
3390 4440 3585 4506 possit,
3605 4438 3691 4493 vel

417 4525 768 4591 llebraicum,
792 4526 873 4579 vel
909 4524 1047 4578 LXX
1087 4525 1431 4595 interpretes,
1461 4524 1547 4578 vel
1570 4521 1853 4591 Vulgatam
1878 4521 2149 4587 Latinam,
2176 4524 2261 4577 vel
2282 4523 2503 4578 demum
2537 4523 2838 4596 Polyglotta
2865 4527 3002 4594 ipsa,
3025 4527 3128 4582 hac
3149 4537 3415 4599 praesente
3434 4539 3487 4584 et
3504 4540 3689 4600 aperta

421 4617 786 4688 Menapiorum
819 4616 1156 4681 collectione,
1182 4616 1487 4685 perlegere;
1519 4624 1685 4682 atque
1710 4614 1801 4668 ubi
1837 4622 2134 4683 suppetunt
2168 4620 2410 4668 veterum
2451 4614 2808 4684 interpretum
2834 4616 3119 4686 lectiones,
3164 4618 3382 4674 easdem
3426 4634 3549 4675 cum
3583 4638 3690 4689 eo,

417 4725 581 4779 quem
613 4725 725 4781 prae
752 4710 1006 4763 ntauibus
1035 4710 1259 4772 habent,
1287 4707 1583 4779 Scriptum
1610 4717 1759 4762 textu
1800 4705 2071 4769 conferre,
2104 4714 2163 4759 ut
2188 4706 2428 4776 plurium
2458 4708 2816 4777 interpretum
2854 4708 3063 4763 auxilio
3088 4726 3176 4766 res
3210 4711 3395 4767 minus
3431 4716 3574 4767 tritas
3600 4713 3686 4767 vel

418 4807 663 4859 obscura:
697 4803 910 4858 facilius
939 4802 1162 4872 intelligi
1193 4810 1415 4872 queant.

492 4898 735 4969 Singulis
774 4898 1044 4968 capitibus
1074 4907 1234 4952 notas
1258 4895 1601 4965 subjicimus,
1633 4894 1725 4950 ubi
1760 4894 1937 4965 primo
1955 4895 2159 4950 dicitur
2182 4897 2456 4951 undeuam
2484 4895 2751 4951 lectiones
2774 4905 3016 4952 veterum
3036 4898 3392 4969 interpretum
3417 4911 3687 4972 excerpta:

420 4997 641 5052 fuerint.
672 4994 875 5049 Deinde
917 4996 963 5049 si
993 5010 1098 5062 qua
1130 4994 1200 5048 ad
1252 5008 1436 5047 veram
1467 4992 1753 5046 lectionem
1797 4993 2146 5046 asserendam
2182 5005 2451 5062 oportuna
2480 5001 2791 5061 suppetant,
2814 5008 2876 5047 ea
2924 4994 3070 5050 clare
3116 5011 3215 5065 pro
3252 4996 3473 5051 modulo
3498 5008 3688 5053 nostro

418 5091 769 5163 proferimus.
791 5090 932 5145 Loca
952 5089 1172 5144 Patrum
1191 5104 1254 5143 ac
1275 5098 1514 5143 veterum
1536 5089 1863 5157 scriptorum
1886 5087 2169 5142 selectiora
2195 5088 2507 5157 adjicimus,
2531 5102 2721 5141 eorum
2751 5088 2988 5143 maxime
3014 5105 3247 5158 quorum
3273 5104 3463 5159 opera,
3490 5099 3687 5160 prrter

419 5181 850 5251 ἀποσπασμάτια
864 5181 1075 5251 (exigua
1088 5180 1407 5248 fragmenta)
1421 5194 1543 5247 qua:
1561 5178 1614 5232 in
1630 5176 1851 5231 Catenis
1863 5179 2248 5246 manuscriptis
2272 5188 2588 5252 supersunt,
2608 5179 2881 5247 deperdita
2899 5190 3046 5235 sunt.
3061 5180 3268 5235 Horum
3286 5197 3416 5237 vero
3433 5181 3682 5237 festivam

417 5276 631 5344 copiam
649 5273 1040 5327 auimadvertet
1060 5272 1309 5324 eruditus
1340 5271 1529 5335 lector,
1557 5270 1859 5339 praesertim
1886 5272 1936 5324 iu
1964 5270 2354 5327 Pentateuclto.
2384 5274 2429 5325 Α
2463 5274 2850 5342 prolixioribus
2880 5273 3355 5344 explanationibus
3376 5274 3681 5342 compendii

417 5383 585 5423 causa
618 5366 1004 5422 abstinuimus.
1037 5361 1153 5417 Non
1174 5366 1320 5418 enim
1351 5365 1406 5418 in
1435 5366 1717 5435 proposito
1753 5365 1913 5421 nobis
1948 5365 2050 5420 fuit
2077 5369 2468 5424 commentaria
2491 5386 2626 5423 nova
2658 5370 2713 5423 in
2748 5369 3085 5438 Scripturam
3119 5383 3333 5425 sacram
3363 5368 3551 5433 edere,
3585 5367 3681 5425 sed

415 5479 482 5518 ea
515 5462 693 5517 solum
733 5460 926 5517 afferre
950 5475 1072 5530 qua
1092 5470 1334 5516 veterum
1362 5461 1721 5529 interpretum
1769 5460 2093 5519 lectionibus
2129 5463 2209 5518 vel
2240 5463 2500 5518 eruendis
2524 5465 2602 5519 vel
2644 5464 3033 5519 conﬁrmandis
3068 5463 3376 5519 necessaria
3397 5472 3573 5519 erant.
3602 5464 3675 5517 Ex

483 5586 555 5651 ta)
583 5582 941 5651 hlmigenium
967 5582 1190 5632 ordinem
1206 5587 1569 5651 ,__partitionem
1608 5565 1799 5651 scilicet
1843 5589 1893 5635 tu
1936 5588 2187 5651 columnas
2210 5600 2318 5642 sex.
2345 5584 2405 5635 ab
2420 5588 2536 5651 ipso
2557 5587 2778 5651 Origene
2804 5588 3101 5651 institutum,
3126 5586 3434 5635 retinuimus.
3469 5583 3682 5651 Grandis

420 5648 596 5714 utique
628 5644 785 5705 labor,
818 5651 1043 5714 sumptus
1083 5644 1402 5714 grandioresl
1424 5660 1548 5707 «tuos
1571 5654 1736 5695 tamen
1761 5649 1810 5714 in
1848 5656 2054 5714 gratiam
2083 5650 2325 5714 lectorum
2358 5644 2976 5714 sub'euudos'receplmus.
3003 5648 3258 5701 Prooeunt
3293 5659 3415 5709 ergo
3457 5648 3685 5711 οπηειο

421 5708 644 5771 reliquis:
667 5721 766 5759 non
783 5722 883 5773 jam
905 5705 1105 5758 nomine
1129 5719 1291 5770 tenus,
1317 5708 1407 5759 sed
1433 5705 1549 5760 rere
1574 5720 1732 5767 iiuna;
1754 5705 2050 5761 distributae.
2078 5711 2212 5762 Εοιπ.
2239 5712 2453 5763 Panos.
