4064 6262
335 335 399 394 Π
1765 336 2153 394 ΡΒᾹΞΕΔΤΙΟ.
3526 344 3593 399 18

338 448 514 509 Drusll
539 452 693 508 notis
722 466 823 509 eas
850 453 1149 522 delegimus
1175 460 1229 509 et
1258 452 1669 521 exscripsimus,
1700 468 1824 523 qua:
1853 453 2101 509 utiliores
2133 469 2256 511 esse
2284 453 2624 511 videbantur.
2658 456 2807 514 Licet
2832 457 2981 516 enim
3011 458 3103 515 ille
3124 460 3330 518 strenui
3350 462 3587 531 scripto-

338 546 415 604 ris
446 561 652 601 munus
677 545 1010 615 impleverit,
1034 544 1407 614 grammaticis
1428 552 1611 599 tamen
1639 544 2119 613 adnotationibus,
2154 560 2256 616 pro
2277 560 2430 601 more
2453 560 2557 603 suo
2576 587 2594 614 ,
2625 548 2808 604 omnia
2832 549 2900 605 ad
2929 566 3187 607 nauseam
3214 567 3387 620 usque
3415 554 3594 624 reple-

342 638 440 703 vit,
473 637 549 691 ita
599 644 664 690 ut
708 652 799 691 res
854 635 1080 690 omnino
1112 636 1269 690 tritas
1293 642 1348 691 et
1380 634 1583 703 cuique
1625 635 1841 705 pervias
1887 636 2094 707 passim
2132 634 2320 693 aderat
2351 635 2555 709 :quain
2582 652 2698 693 rem
2720 638 2823 709 ipsi
2849 679 2865 706 ,
2886 654 2987 696 nec
3013 640 3132 697 sine
3160 640 3425 710 ludibrio,
3459 642 3595 701 vitio

344 729 583 786 vertebat
602 725 880 798 Iosephus
912 727 1173 797 Scaliger.
2354 742 2357 743 ν

412 819 729 876 Euitionum
760 818 1032 885 ordinem,
1057 832 1219 889 quem
1240 816 1500 889 Origenes
1519 817 1845 884 instituerat,
1878 819 2205 877 servandum
2237 817 2366 876 duxi
2384 858 2404 884 ,
2433 820 2506 877 ita
2542 828 2603 875 ut
2630 820 2808 891 primo
2830 820 3039 877 locetur
3065 819 3360 879 Hebraicus
3386 830 3592 891 textus,

340 916 538 973 deinde
565 915 787 986 Aquila,
831 923 956 985 post
1012 911 1396 985 Symmachus,
1427 922 1624 984 quarto
1654 915 1774 971 loco
1806 913 1971 979 LXX,
2000 923 2279 985 postremo
2321 913 2624 971 Theodotio
2657 933 2669 969 :
2709 923 2871 986 atque
2912 916 3000 971 ubi
3029 926 3139 971 tres
3169 917 3289 971 alia.-
3328 916 3595 975 editiones

341 1014 555 1085 quinta,
585 1019 742 1067 sexta
764 1019 820 1066 et
846 1009 1078 1080 septima
1100 1010 1386 1076 habentur,
1424 1009 1529 1064 illae
1552 1009 1862 1066 novissima:
1890 1011 2137 1064 omnium
2170 1018 2465 1080 ponantur.
2493 1007 2724 1069 Hehrmi.
2748 1009 3114 1075 Samaritani,
3144 1018 3199 1065 et
3228 1008 3351 1081 Syri
3376 1009 3597 1068 Gmcas

342 1108 838 1177 interpretationes,
858 1120 981 1176 qua:
1013 1119 1402 1174 nonnunquam
1433 1117 1750 1170 occurrunt,
1780 1119 1995 1174 semper
2020 1114 2141 1174 post
2170 1102 2498 1160 chraicum
2522 1113 2727 1159 textum
2757 1111 2811 1158 et
2840 1113 2966 1159 ante
2989 1104 3128 1161 alias
3150 1103 3416 1161 editiones
3436 1104 3588 1161 Grae-

342 1214 438 1255 cas
470 1200 735 1254 locamus.
769 1196 1049 1254 Hebraica:
1069 1197 1329 1253 lectiones
1358 1196 1479 1251 sine
1501 1197 1718 1266 punctis
1746 1196 2190 1267 motionibusque
2228 1194 2601 1254 Massoreticis
2635 1195 2727 1252 hic
2769 1210 2983 1266 semper
3015 1200 3369 1254 scribuntur:
3402 1210 3502 1253 nec
3528 1194 3598 1250 ll-

342 1294 534 1351 herum
564 1294 670 1349 fuit
698 1308 857 1349 secus
880 1307 1061 1363 agere,
1084 1290 1213 1363 quia
1242 1299 1385 1346 notae
1411 1291 1514 1346 illa:
1541 1291 1903 1347 Massoreticae
1932 1292 2231 1361 saepissime
2252 1292 2320 1347 ad
2347 1292 2515 1375 alium
2546 1305 2772 1349 sensum
2797 1292 3186 1359 determinant,
3209 1293 3596 1366 diversumque

340 1387 414 1444 ab
436 1402 501 1442 eo
522 1401 686 1458 quem
716 1387 791 1441 illi
809 1385 979 1442 secuti
1010 1394 1156 1441 sunt.
1177 1383 1455 1439 Lineolam
1473 1393 1651 1437 tamen
1670 1382 1924 1453 Maccaplt
1947 1384 2171 1449 dictam,
2191 1393 2250 1438 ut
2271 1384 2326 1438 in
2356 1383 2721 1459 Massoreticis
2741 1387 2893 1443 libris
2912 1396 3223 1455 usurpatur,
3257 1389 3593 1444 retinendam

336 1479 495 1543 duxi,
525 1478 653 1549 quia
686 1477 808 1548 ejus
836 1476 1074 1547 aliquam
1099 1477 1365 1532 rationem
1398 1475 1658 1532 habuisse
1678 1476 1929 1531 videntur
1964 1485 2176 1533 veteres
2200 1476 2312 1543 illi,
2349 1483 2411 1531 ut
2438 1491 2510 1533 ex
2544 1477 2722 1532 verbis
2748 1475 3031 1534 Hebraicis
3059 1477 3244 1535 Grazce
3270 1479 3591 1551 descriptis,

335 1584 465 1643 qua
496 1578 811 1640 supersunt,
842 1569 1108 1641 liquidum
1131 1570 1370 1626 videtur.

411 1662 667 1719 Hebraici
700 1670 881 1717 textus
906 1660 1156 1717 Latinam
1186 1659 1691 1730 interpretationem
1713 1657 1964 1715 dedimus
1986 1699 1999 1725 ,
2028 1661 2246 1731 qualem
2295 1660 2497 1718 dedere
2528 1658 2724 1719 Santes
2756 1660 3033 1734 Pagninus
3066 1663 3150 1719 vel
3194 1662 3352 1719 Arias
3380 1663 3593 1720 Monta-

337 1770 487 1810 nus:
524 1770 653 1809 nam
683 1755 1007 1809 alterutrum
1048 1753 1163 1809 fere
1215 1752 1532 1824 sequimur;
1567 1752 1640 1807 ita
1669 1760 1850 1808 tamen
1885 1760 1944 1807 ut
1971 1753 2201 1821 quando
2228 1754 2305 1810 illi
2328 1756 2497 1811 nimio
2536 1755 2794 1827 scrupulo
2841 1756 3314 1826 interpretationes
3359 1758 3594 1814 ederunt

339 1848 627 1911 barbaras,
678 1857 732 1903 et
755 1863 879 1919 qua:
909 1848 1000 1902 vix
1031 1846 1436 1919 intelligantur,
1469 1845 1607 1901 alias
1648 1844 2045 1900 substituamus
2082 1847 2305 1916 paulum
2335 1848 2697 1919 elegantiorea
2716 1857 2770 1903 et
2801 1849 3081 1904 clariores.
3114 1847 3215 1905 Vix
3252 1851 3397 1904 enim
3433 1864 3593 1921 aequo

333 1943 527 1997 animo
554 1940 721 2005 feras.
746 1940 977 2011 exempli
1012 1954 1200 2002 causa,
1229 1954 1345 2006 eos,
1384 1938 1477 1994 ubi
1508 1946 1593 2022 ιικ
1622 1952 1723 2007 pro
1741 1939 1826 1991 ira
1864 1936 2149 2004 accipitur,
2174 1938 2319 2008 quod
2336 1940 2539 2010 passim
2562 1941 2846 2011 contingit,
2877 1955 3066 1996 nasum
3086 1949 3314 2004 vertere,
3332 1950 3387 1996 et
3404 1957 3594 1996 nasum

338 2034 459 2101 Dei,
480 2050 582 2106 pro
609 2035 699 2088 ira
729 2032 826 2089 Dei
858 2033 1063 2102 ubique
1086 2031 1453 2100 interpretari,
1484 2039 1546 2084 ut
1574 2037 1767 2085 caetera
1794 2036 2001 2084 taceam
2029 2028 2363 2099 κακοζηλίας
2393 2032 2660 2102 exempla.
2692 2030 2925 2088 Nomina
2954 2046 3085 2089 vero
3116 2035 3333 2104 propria
3357 2048 3468 2088 non
3504 2048 3596 2091 se-

333 2127 579 2185 cundum
603 2124 1011 2183 Hassoretlcam
1033 2123 1343 2186 lectionem,
1370 2121 1467 2176 sed
1498 2128 1556 2176 ut
1580 2130 1791 2177 veteres
1818 2120 2099 2192 legebant,
2133 2128 2193 2176 ut
2227 2120 2523 2191 plurimum
2556 2124 2953 2195 exprimimus;
2982 2126 3031 2181 si
3057 2139 3216 2182 secus
3241 2126 3486 2194 accidat,
3506 2125 3592 2183 vel

329 2219 552 2276 incuria
576 2219 663 2275 vel
692 2221 847 2289 lapsu
873 2218 1335 2289 typographorum
1360 2214 1584 2271 accidit.

398 2310 719 2368 Asteriscos
746 2322 799 2367 et
848 2311 1040 2366 ohelos
1077 2309 1474 2379 apposuimus,
1507 2308 1825 2379 ubicunque
1874 2308 1929 2364 in
1962 2308 2349 2380 manuscriptis
2392 2310 2742 2367 notabantur.
2772 2309 3011 2368 Cateros
3037 2322 3239 2377 autem,
3265 2314 3358 2384 qui
3384 2314 3589 2385 passim

321 2405 771 2463 occurrebantin
799 2402 1058 2474 Hezuplia
1086 2400 1456 2473 Origeuianis,
1477 2414 1730 2471 quosque
1749 2400 1864 2470 jam
1891 2401 2179 2455 restituere
2196 2399 2580 2457 difﬁcillimum
2606 2411 2769 2469 esset,
2790 2419 2897 2459 non
2922 2404 3316 2475 perquirendos
3342 2423 3464 2463 esse
3487 2424 3591 2478 pu-

325 2498 597 2556 tavimus.
624 2495 784 2564 Nam,
814 2506 875 2551 ut
897 2495 1073 2551 fusius
1094 2496 1147 2550 in
1176 2495 1638 2551 Prazliminarihus
1666 2495 1899 2561 dicetur,
1929 2494 2318 2551 asteriscon
2348 2495 2586 2553 maxima
2612 2513 2738 2566 pars
2758 2498 2925 2568 hujus
2952 2500 3168 2571 generis
3197 2509 3373 2567 erant,
3405 2512 3464 2558 ut
3494 2519 3591 2573 pa-

325 2607 459 2648 rum
496 2592 625 2647 inde
658 2591 798 2646 lucis
833 2590 901 2645 ad
942 2588 1248 2645 litterarum
1278 2587 1669 2644 Hebraicarum
1702 2586 2115 2658 intelligentiam
2156 2586 2459 2644 accederet.
2494 2588 2776 2660 Siquidem
2804 2598 2955 2645 tanto
2991 2591 3249 2661 scrupulo
3276 2591 3492 2647 fuerant
3518 2595 3590 2648 ab

324 2685 570 2759 Origene
619 2685 805 2757 positi,
856 2694 916 2739 ut
961 2683 1047 2739 vel
1096 2697 1262 2752 quam
1291 2681 1545 2737 minimas
1567 2680 1863 2751 particulas
1898 2680 2359 2750 Hebraismosque
2386 2696 2600 2747 omnes,
2628 2684 2722 2753 qui
2754 2683 2941 2739 Graeca
2977 2685 3161 2757 lingua
3194 2702 3301 2741 non
3332 2697 3595 2756 poterant

321 2784 602 2842 concinne
658 2778 954 2846 enuntiari,
1002 2779 1207 2855 quique
1239 2776 1375 2831 nihil
1406 2778 1473 2832 ad
1520 2791 1743 2833 sensum
1790 2774 2099 2844 faciebant,
2130 2776 2440 2848 importuna
2475 2777 2731 2850 ἁκριῦεἰᾳ
2763 2788 3032 2836 notarent.
3072 2779 3228 2836 Tunc
3248 2797 3379 2837 vero
3409 2785 3591 2840 solqu

320 2876 580 2934 asterisci
603 2884 658 2930 et
683 2890 746 2929 ea
777 2889 899 2944 quae
922 2873 1201 2929 asteriscis
1224 2871 1607 2927 indicabantur
1639 2871 1789 2929 utilia
1809 2881 1984 2939 erant,
2015 2887 2140 2927 cum
2164 2874 2440 2929 clausulas
2461 2882 2557 2929 aut
2587 2874 2750 2931 verba
2782 2890 2813 2928 s
2839 2873 2982 2930 LXX
3021 2876 3410 2947 interpretibus
3449 2895 3592 2949 pra:-

323 2974 589 3031 termissa
622 2971 953 3027 exhibebant
983 2989 995 3024 :
1033 2969 1200 3040 hujus
1225 2978 1407 3025 autem
1443 2968 1658 3040 generis
1687 2969 1980 3023 asteriscos
2008 2983 2227 3025 summo
2276 2969 2458 3025 studio
2490 2970 2916 3040 perquisivimus
2937 3014 2952 3039 ,
2982 2974 3078 3042 qui
3109 2974 3157 3028 si
3184 2990 3309 3030 cum
3341 2974 3463 3031 aliis
3495 2991 3590 3031 su-

319 3066 687 3138 pervacaneis
720 3076 1133 3135 comparentur.
1181 3063 1501 3133 paucissimi
1546 3074 1696 3119 sunt.
1724 3062 1878 3119 Obeli
1917 3074 2121 3128 autem,
2167 3080 2231 3121 ea
2262 3080 2386 3134 qua:
2410 3064 2466 3119 in
2495 3064 2640 3120 LXX
2667 3064 3059 3137 lnterpretibus
3087 3068 3464 3125 redundabant
3495 3071 3593 3127 ad.

320 3173 607 3224 notantes,
661 3162 1015 3231 assequendte
1075 3158 1485 3229 Scripturarum
1539 3160 1728 3226 menti,
1784 3169 1845 3215 ut
1896 3160 2193 3231 plurimum
2223 3159 2416 3215 saltem
2438 3200 2452 3223 ,
2481 3175 2675 3230 parum
2707 3162 3102 3218 conducebant.
3139 3163 3504 3230 Quamobrem
3536 3167 3591 3223 id

318 3258 572 3312 maxime
590 3256 924 3321 curavimus,
946 3264 1007 3311 ut
1028 3270 1192 3325 quam
1224 3253 1489 3325 plurimas
1511 3269 1795 3324 possemus
1817 3265 2063 3310 veterum
2091 3255 2445 3325 interpretum
2476 3256 2735 3312 lectiones
2757 3256 3007 3313 studioso
3026 3257 3215 3313 lectori
3245 3260 3587 3318 oﬂ'erremus.

400 3350 592 3407 Sicubi
630 3366 797 3423 porro
826 3351 1139 3422 hujusmodi
1175 3349 1436 3405 lectiones
1464 3348 1655 3404 Latine
1682 3359 1893 3405 tanturn
1925 3350 2006 3405 vel
2035 3351 2104 3405 ab
2133 3347 2465 3421 Hieronymo
2489 3350 2573 3404 vel
2596 3350 2666 3405 ab
2696 3351 2967 3422 Hesychia
2991 3350 3313 3418 all‘eruntur,
3344 3367 3409 3407 ex
3441 3353 3590 3408 Lati-

319 3447 418 3505 nis
445 3448 636 3505 Graeca
662 3446 843 3503 facere
864 3447 985 3503 sine
1016 3445 1253 3516 alicujus
1276 3460 1379 3501 ms.
1412 3445 1737 3501 auctoritate
1769 3454 2047 3501 tentavere
2083 3444 2305 3516 quidam
2342 3443 2681 3516 :Graecaque
2727 3444 3044 3517 hujusmodi
3074 3444 3399 3517 fragmenta,
3431 3452 3589 3520 quasi

321 3558 651 3615 germanum
680 3542 913 3612 Aquilae,
974 3540 1311 3611 Symmachi,
1362 3539 1752 3597 Theodotionis
1796 3549 1855 3597 et
1903 3541 2134 3598 aliorum
2164 3548 2409 3608 textum,
2443 3541 2501 3597 in
2532 3541 2711 3597 lucem
2746 3543 3067 3599 emiserunt.
3100 3542 3173 3597 Ex
3215 3545 3414 3614 talique
3449 3561 3587 3600 ausu

321 3638 655 3706 plerumque
686 3638 887 3692 accidit
912 3645 973 3691 ut
1008 3637 1167 3707 longe
1194 3635 1471 3705 disparata
1496 3651 1597 3706 pro
1625 3635 1768 3691 veris
1798 3636 2220 3704 substituantur,
2249 3625 2395 3707 quod
2419 3636 2725 3706 sepissime
2751 3636 2957 3707 experti
2988 3652 3201 3701 sumus,
3228 3654 3353 3695 cum
3378 3653 3589 3709 reperta

322 3746 457 3786 vera
486 3730 741 3795 lectione,
766 3731 912 3786 illius
933 3731 1049 3785 sine
1080 3730 1403 3786 auctoritate
1424 3728 1632 3785 codicis
1662 3726 1898 3797 alicujus
1924 3726 2238 3783 substitute
2266 3728 2468 3783 νωθεία
2496 3730 2795 3797 conspicua
2818 3728 2940 3784 fuit.
2964 3728 3074 3785 Nec
3100 3731 3348 3800 improbo
3382 3740 3586 3799 tamen,

321 3829 556 3899 quando
584 3828 925 3898 exploratum
963 3834 1048 3881 est
1081 3841 1150 3881 ex
1178 3824 1381 3896 quibus
1404 3822 1611 3880 Grecis
1640 3824 1823 3880 verbis
1856 3822 2049 3878 Latina
2076 3825 2388 3890 manarint,
2420 3824 2467 3879 si
2503 3832 2636 3879 tunc
2662 3824 2777 3894 ipsa
2802 3824 2988 3881 Graeca
3033 3826 3198 3880 verba
3232 3826 3539 3882 iudicentur
3569 3846 3586 3883 :

321 3919 561 3987 exentpli
587 3930 775 3982 causa,
811 3917 858 3972 si
885 3899 1010 3988 quis
1032 3926 1274 3971 veterum
1326 3915 1532 3972 diceret
1574 3914 1786 3985 Aquila:
1814 3913 2103 3970 lectionem
2149 3915 2231 3970 sic
2260 3915 2480 3981 habere,
2519 3924 2570 3968 et
2598 3916 2656 3968 tn
2683 3916 2891 3968 nomine
2909 3916 3027 3985 ejus
3060 3926 3235 3985 gentes
3262 3918 3547 3986 sperabunt
3568 3957 3586 3985 ,

322 4004 463 4067 ‘unc
488 4012 610 4094 sine
638 4011 880 4081 periculo
919 4010 1025 4065 dici
1057 4018 1239 4080 posset
1266 4007 1455 4065 Graeca
1488 4008 1574 4065 sic
1605 4007 1884 4090 habuisse,
1922 4024 1927 4061 τ

1981 4008 2017 4060 t‘t
2039 4007 2099 4067 ἐν
2125 4006 2204 4081 τῷ
2224 4008 2449 4078 ὀνόματι
2477 4005 2643 4062 αὑτοῦ
2671 4005 2739 4061 τὰ
2766 4006 2895 4078 εΘνη
2918 4004 3181 4061 ὲλπιοῦσι.
3213 4008 3282 4063 At
3310 4010 3401 4063 illo
3421 4010 3586 4065 etiam

323 4120 465 4161 casu
497 4104 805 4161 monendus
836 4112 980 4159 esset
1013 4104 1185 4159 lector
1205 4102 1394 4159 Graeca
1416 4117 1481 4157 ex
1508 4101 1719 4159 Latinis
1751 4099 1897 4158 facta
1934 4101 2127 4168 fuisse,
2154 4102 2302 4172 quod
2332 4103 2497 4157 etiam
2526 4116 2741 4158 summa
2775 4102 3036 4173 religione
3061 4104 3413 4174 praestitimus
3441 4122 3454 4155 :
3484 4105 3588 4159 liu-

321 4196 681 4271 jusmodique
699 4196 820 4251 loca
847 4209 1060 4266 semper
1082 4194 1298 4251 uncinis
1321 4193 1671 4260 inclusimus,
1718 4207 1845 4249 cum
1872 4195 1956 4250 vel
1978 4209 2047 4249 ex
2077 4192 2289 4250 Latinis
2328 4191 2471 4247 facta
2491 4232 2506 4259 ,
2536 4192 2617 4247 vel
2648 4192 2870 4249 aliunde
2894 4194 3061 4249 dubia
3089 4195 3248 4251 nobis
3275 4209 3397 4251 esse
3433 4196 3584 4252 vide-

326 4294 555 4353 bantur.

434 4381 742 4439 Ilonendus
792 4389 878 4437 est
934 4382 1200 4437 candidus
1241 4380 1434 4449 lector,
1481 4389 1542 4436 ut
1580 4396 1706 4460 cum
1752 4379 1872 4436 loca
1932 4379 2180 4450 quaedam
2215 4380 2270 4434 in
2303 4377 2674 4435 Pentateucho
2707 4379 2994 4435 consulere
3026 4378 3285 4443 voluerit,
3319 4392 3425 4433 non
3462 4393 3585 4433 eam

328 4481 515 4548 modo,
536 4495 661 4551 quae
687 4478 742 4533 in
774 4477 1038 4549 principio
1063 4478 1242 4547 posita
1281 4485 1385 4543 est,
1439 4476 1803 4545 llexaptorum
1831 4474 2234 4539 collectionem,
2271 4475 2366 4529 sed
2419 4473 2583 4529 etiam
2624 4473 2990 4543 Appendicem
3026 4490 3241 4544 semper
3270 4475 3429 4527 adeat
3462 4492 3475 4526 :
3512 4474 3586 4528 ibi

331 4592 570 4647 namque
593 4574 828 4646 plurima
878 4574 1111 4644 reperiet
1138 4572 1383 4627 nondum
1429 4571 1715 4627 observata
1750 4571 1909 4626 nobis
1941 4586 2068 4625 cum
2097 4568 2527 4625 Peutateuchum
2570 4567 2877 4633 ederemus,
2904 4567 3196 4637 aliquando
3228 4568 3394 4621 etiam
3431 4552 3588 4637 plura

327 4687 495 4744 quam
522 4686 577 4724 in
610 4668 877 4739 principio
905 4682 1285 4739 posueramus.
1317 4665 1602 4722 Lectiones
1652 4666 1724 4721 ibi
1762 4667 1967 4732 multae,
2000 4665 2169 4737 ignoti
2203 4673 2361 4719 antea
2397 4663 2741 4731 interpretis,
2780 4678 2883 4716 suo
2927 4664 3141 4717 auctori
3182 4664 3585 4730 restituuntur;

331 4765 449 4822 alia:
478 4780 639 4821 secus
672 4764 859 4833 positae
883 4760 1443 4839 emcndantur.Hanc
1463 4771 1643 4817 autem
1678 4760 2022 4818 Collectionis
2059 4768 2261 4816 nostrae
2286 4768 2497 4829 partem
2526 4758 2647 4814 ideo
2674 4757 2728 4812 in
2761 4759 2896 4824 line,
2922 4758 3253 4828 Appendicis
3287 4773 3441 4813 more
3462 4798 3475 4823 ,
3503 4758 3586 4812 lo-

328 4863 596 4923 cavimus,
621 4860 752 4931 quia
780 4858 849 4914 ad
880 4858 1266 4914 bibliothecam
1295 4857 1708 4923 Coisliniauam,
1737 4874 1804 4913 ex
1836 4857 1993 4926 cujus
2020 4857 2205 4912 codice
2234 4853 2531 4926 pcrinsigni
2558 4854 2818 4909 lectiones
2857 4854 2976 4908 illas
3000 4856 3331 4923 posteriores
3356 4850 3587 4907 mutuati

328 4974 543 5023 sumus,
573 4957 780 5012 aditum
812 4956 1098 5025 impetrare
1129 4955 1475 5024 nequivimus
1493 4954 1591 5026 (α),
1620 4954 1791 5008 donec
1819 4954 1873 5007 in
1894 4952 2015 5022 ejus
2038 4952 2442 5023 possessionem
2468 4949 2676 5005 veniret
2702 4930 3105 5004 illustrissimus
3132 4947 3282 5000 Dom.
3318 4947 3588 5003 Henricus

329 5053 560 5110 Carolus
584 5053 658 5108 du
684 5051 954 5107 Cambout
976 5052 1042 5106 de
1063 5048 1292 5114 Coislin,
1327 5051 1438 5106 dux
1468 5059 1522 5106 et
1566 5066 1666 5121 par
1693 5049 1938 5105 Francia:
1958 5090 1971 5117 ,
1994 5050 2288 5120 episc0pus
2317 5046 2598 5111 Mctensis,
2635 5044 2988 5101 Coisliniana:
3017 5042 3241 5099 farniliai
3267 5044 3456 5107 decus,
3490 5043 3588 5112 qui

331 5166 430 5220 pro
458 5150 643 5204 innata
678 5146 1053 5202 beneﬁcientia
1085 5146 1301 5201 codices
1349 5146 1509 5201 nobis
1562 5149 1629 5201 ad
1684 5155 1877 5200 nutum
1931 5142 2318 5215 suppeditavit.
2348 5142 2472 5197 Haec
2504 5155 2668 5211 porro
2712 5140 3040 5195 bibliotheca
3082 5138 3585 5207 manuscriptorum

330 5242 639 5298 Graecorum
671 5240 828 5309 copia
859 5244 1067 5308 paucis,
1096 5239 1410 5309 pr.estantia
1435 5255 1562 5295 vero
1590 5248 1646 5295 et
1670 5241 1997 5313 antiquitate
2020 5239 2155 5293 nulli
2183 5238 2454 5293 concedit.
2490 5234 2696 5291 Horum
2732 5236 3042 5307 catalogum
3086 5232 3425 5303 peramplum
3462 5245 3585 5301 pre-

333 5339 593 5409 tiosisquc
611 5335 894 5392 anecdotis
921 5334 1059 5389 bene
1081 5336 1267 5390 multis
1290 5334 1615 5391 instructum
1653 5336 1757 5389 sub
1792 5336 1912 5404 ejus
1944 5334 2205 5404 auspiciis
2240 5347 2521 5403 paramus,
2551 5330 2861 5402 propediem
2890 5331 2943 5382 in
2974 5329 3149 5383 lucem
3183 5325 3476 5380 edendum.

400 5436 570 5491 Solita
600 5449 732 5503 erga
765 5446 868 5490 nos
891 5431 1226 5487 humanitate
1254 5445 1467 5501 semper
1505 5446 1639 5487 usus
1671 5439 1755 5486 est
1780 5432 2188 5487 illustrissimus
2223 5430 2392 5485 abbas
2420 5430 2489 5483 de
2515 5426 2776 5507 Louvois,
2800 5424 3149 5478 Bibliotheca:
3183 5421 3363 5489 Regia:
3392 5417 3588 5491 praefe-

332 5540 467 5598 ctus,
497 5533 590 5602 qui
619 5547 719 5601 pro
746 5537 876 5585 voto
900 5528 1059 5583 nobis
1082 5527 1261 5598 regios
1295 5529 1512 5582 codices
1532 5527 1761 5592 obtulit,
1792 5542 2029 5596 quorum
2060 5540 2222 5582 usum
2258 5524 2485 5594 singula:
2522 5522 2694 5577 ferme
2735 5519 2899 5590 hujus
2942 5520 3123 5587 operis
3154 5522 3361 5585 pagina:
3388 5510 3583 5567 testin-

331 5636 537 5682 eantur.
570 5624 783 5682 Ofliciis
817 5626 946 5681 item
976 5625 1091 5681 suis
1113 5639 1215 5680 nos
1243 5624 1491 5680 certatim
1525 5625 1800 5693 prosecuti
1830 5635 1959 5682 sunt
1985 5665 1999 5688 ,
2026 5621 2090 5678 γ.
2114 5622 2200 5679 Cl.
2226 5620 2485 5679 Nicolaus
2513 5618 2790 5683 Clemens,
2836 5616 2905 5671 de
2923 5615 3083 5684 cujus
3103 5612 3255 5667 obitu
3286 5610 3581 5665 admodum

394 5719 458 5784 (α)
483 5723 748 5772 Lectiones
770 5720 954 5771 codicis
968 5718 1279 5793 “Coisliniani.
1302 5732 1426 5834 quas
1447 5720 1498 5768 in
1524 5722 1798 5785 appendice
1821 5724 2106 5783 coniecerat
2127 5716 2560 5778 Houtefalcouius,
2601 5714 2663 5765 ad
2684 5716 2954 5779 capitulum
2994 5710 3399 5772 unumquodque.
3441 5717 3583 5767 cuius

394 5791 456 5834 t.
490 5785 794 5834 revocandas
812 5796 1111 5834 curavtmus.
1138 5782 1278 5834 Lota.
1334 5783 1523 5830 ‘Araot.

334 5782 456 5847 sunt,
490 5785 794 5836 revocandas
812 5785 1111 5835 curavimus.
1138 5782 1278 5835 EDf‘t'.
1311 5782 1523 5834 Panos.
1564 5839 1571 5847 _
