4064 6262
327 225 400 287 ςο
1698 225 2216 284 ΡΒᾸΞῙᾸΜΙΝΑΒΙΑ
3532 236 3609 293 20

328 344 627 411 doluimus,
652 355 707 400 et
735 344 1141 401 eruditissimus
1191 344 1433 402 Joannes
1463 346 1768 415 Boivinius,
1822 350 2125 403 litterarum
2164 350 2407 404 omnium
2435 391 2449 416 ,
2485 353 2834 424 maximeque
2865 354 3201 423 Graecarum,
3248 354 3439 411 notitia
3466 358 3610 413 cele-

331 437 469 496 bris.

402 531 749 586 Bibliotheca:
775 531 1101 588 Colbertina:
1133 532 1424 590 thesauros
1452 535 1611 598 nobis
1646 538 1860 605 aperuit
1890 538 2381 606 praestantissimus
2409 538 2582 595 abbas
2621 541 2689 596 de
2715 539 3036 613 Seignelay,
3070 543 3300 613 ejusque
3329 542 3487 614 jussu
3511 558 3612 602 eo-

327 629 477 685 dices
506 628 663 682 nobis
692 642 791 694 pro
821 636 948 683 voto
974 630 1342 683 commodavit
1370 628 1433 683 V.
1457 629 1539 685 Cl.
1568 631 1639 685 du
1671 632 1906 697 Cbesne,
1935 632 2179 701 ejusdem
2208 634 2547 690 bibliothecae
2573 644 2778 690 custos.
2808 634 3255 691 Vetustissimuin
3296 637 3613 708 pulcherri-

331 738 589 793 mumque
616 722 1007 792 PrOphetarum
1036 724 1299 789 codicem,
1327 736 1550 796 rogante
1576 726 1867 782 Maecenate
1900 738 2087 783 nostro
2128 728 2570 784 eminentissimo
2603 729 2870 785 cardinali
2917 729 3220 797 d‘Estrées,
3252 747 3283 787 a
3319 729 3439 786 RR.
3497 730 3606 788 PP.

328 820 553 876 Jesuitis
585 820 651 873 ad
680 828 916 888 quatuor
941 820 1116 875 solum
1147 820 1266 876 dies
1297 821 1709 892 impetravimus
1744 842 1754 875 :
1785 824 2049 893 pluraque
2074 823 2200 877 inde
2218 825 2530 894 excerpturi
2553 839 2797 890 eramus,
2828 825 2875 879 si
2893 824 3295 880 diuturniorem
3317 826 3371 879 in
3396 840 3463 881 eo
3482 839 3613 897 opo-

335 930 451 969 ram
476 928 677 982 ponere
707 913 972 969 licuisset.
999 914 1214 971 Gratias
1242 918 1368 972 item
1394 918 1659 973 habemus
1682 920 1953 974 maximas
1978 920 2299 976 doctissimo
2330 921 2600 991 nobisque
2632 921 2971 976 amicissimo
2995 920 3247 976 Michaeli
3274 920 3513 993 Leqmen
3540 936 3609 980 ex

332 1009 525 1063 ordine
550 1008 988 1078 praedicatorum,
1009 1009 1103 1077 qui
1134 1008 1410 1066 Francisci
1442 1009 1757 1067 Combelisii
1810 1013 2045 1069 schedas
2075 1014 2233 1070 nobis
2267 1016 2505 1084 obtulit,
2536 1017 2681 1072 unde
2709 1032 2821 1073 non
2857 1016 3193 1087 spernendas
3223 1018 3279 1073 in
3308 1016 3506 1075 Genesi
3550 1026 3609 1076 et

332 1102 519 1159 Exodo
548 1113 791 1159 veterum
817 1103 1079 1159 lectiones
1104 1107 1500 1174 excerpsimus.

401 1198 460 1253 In
511 1198 663 1254 Italia
707 1214 816 1254 non
859 1215 1032 1269 pauca
1072 1214 1139 1255 ex
1170 1201 1452 1256 codicibus
1481 1200 1760 1258 Vaticanis
1803 1204 2037 1259 mutuati
2082 1219 2276 1262 sumus
2298 1244 2313 1270 ,
2352 1202 2513 1278 longe
2538 1206 2697 1276 plura
2732 1206 3013 1262 collecturi
3039 1210 3085 1264 si
3116 1209 3425 1264 liberiorem
3452 1208 3614 1266 nobis

331 1294 539 1349 aditum
568 1293 786 1350 fecisset
819 1296 866 1350 is
898 1296 992 1366 qui
1013 1306 1126 1349 tum
1158 1297 1529 1353 celeberrima:
1553 1299 1699 1355 illius
1728 1298 2081 1356 Bibliotheca:
2120 1310 2310 1357 custos
2335 1310 2473 1357 erat.
2506 1300 2677 1357 Multo
2718 1302 3042 1373 ampliorem
3077 1303 3371 1358 lectionum
3394 1302 3610 1373 copiam

332 1391 697 1459 suppeditavit
727 1390 1056 1448 bibliotheca
1092 1390 1210 1450 RR.
1234 1391 1341 1449 PP.
1381 1392 1439 1448 S.
1468 1392 1655 1449 Basilii
1704 1394 1913 1459 Romae,
1940 1396 2101 1465 cujus
2146 1398 2369 1453 codices
2412 1411 2511 1467 pro
2551 1406 2680 1453 voto
2711 1398 2780 1453 ad
2808 1413 3035 1452 manum
3071 1413 3290 1467 semper
3319 1398 3616 1454 habuimus

332 1486 597 1541 beneﬁcio
644 1487 1087 1542 reverendissimi
1133 1487 1194 1541 Ρ.
1236 1486 1380 1543 Petri
1434 1490 1701 1556 blennitii,
1738 1491 1905 1546 totius
1950 1492 2164 1548 ordinis
2204 1492 2445 1569 praefecti
2477 1493 2784 1569 generalis,
2808 1493 2902 1565 qui
2927 1493 3127 1548 studiis
3157 1492 3363 1549 nostris
3394 1506 3617 1563 semper

333 1580 485 1643 favit,
518 1590 573 1636 et
596 1581 917 1653 rogantibus
946 1598 1229 1657 nunquam
1258 1583 1451 1640 defuit.

762 1984 1647 2138 PRMLIMINAIIIA
1768 1983 1897 2137 IN

2024 1982 2521 2139 [EXAPLA
2628 1981 3169 2142 ORIGENIS

1474 2426 1857 2515 CAPUT
1934 2423 2461 2514 PRIMUM.

923 2619 1015 2679 De
1079 2616 1524 2696 Tetraplorum
1577 2625 1771 2697 alque
1810 2614 2252 2694 Hexaplorum
2293 2612 2670 2684 nominibus
2701 2624 2762 2675 et
2786 2611 3010 2676 forma.

336 2779 379 2830 Ι.
413 2778 769 2849 Tetraplomm
808 2786 863 2828 et
905 2779 1245 2849 ilexgplorum
1266 2782 1418 2849 varia
1450 2781 1677 2849 nomina.
1720 2778 1783 2849 Il.
1807 2779 1905 2827 Cur
1925 2778 2156 2849 Tetrapla
2179 2783 2230 2849 et
2272 2776 2500 2849 Hexapla
2531 2776 3143 2849 Qrigenes'adlgrnaverit.
3176 2775 3365 2849 Ill.._An
3390 2777 3616 2849 Hexapla

399 2844 539 2907 prius
560 2838 704 2902 quam
728 2841 985 2902 Tetrapla.
1010 2838 1208 2893 Certum
1232 2843 1428 2891 videtur
1450 2842 1683 2903 Tetrapla
1708 2846 1843 2902 prius
1862 2855 1920 2902 qu

399 2906 690 2953 cinnaverit.
715 2902 772 2951 V.
802 2905 907 2961 Qua
949 2907 1139 2952 ratione
1164 2904 1417 2961 Tetrapla,
1439 2904 1660 2961 Hexapla
1690 2912 1742 2951 et
1775 2902 1920 2961 Octa;

2034 2838 2259 2899 Hexapla
2286 2838 2521 2888 adornata
2542 2839 2709 2888 fuisse.
2738 2838 2817 2887 IV.
2856 2839 2963 2896 Quo
2987 2845 3212 2900 tempore
3249 2840 3474 2903 Hexapla
3496 2838 3615 2890 cou-

2024 2902 2321 2961 digesserit,
2367 2904 2591 2961 itemque
2631 2902 2900 2961 Euneapla.
2926 2899 3012 2949 Vl.
3052 2902 3105 2949 In
3128 2901 3311 2961 quibus
3344 2903 3615 2961 Seripturin

397 2902 690 2953 cinnaverit.
715 2902 772 2951 V.
802 2905 907 2961 Qua
949 2907 1139 2952 ratione
1164 2904 1417 2965 Tetrapla,
1439 2902 1660 2966 Hexapla
1690 2912 1742 2951 et
1775 2902 1920 2964 Octa;

400 2965 544 3037 libris
568 2973 668 3037 tres
680 2966 819 3037 .alias‘
828 2965 1075 3037 editiones
1100 2964 1338 3037 Heraplis
1360 2966 1627 3037 addiderit.
1646 2966 1750 3014 Vll.
1768 2964 1863 3037 _l)e
1890 2979 1917 3011 n

2024 2902 2321 2962 digesserit,
2367 2904 2591 2961 itemque
2631 2902 2900 2961 Euneapla.
2926 2902 3012 2949 Vl.
3052 2902 3105 2949 In
3128 2902 3311 2963 quibus
3344 2903 3449 2952 S‘cri
3489 2910 3613 2952 tum

2044 2965 2091 3011 in
2118 2963 2419 3037 margin’ibus
2444 2962 2780 3037 Herxa‘plorum
2818 2961 2877 3037 ab
2900 2960 3129 3037 Origene
3167 2965 3358 3037 positis.
3381 2917 3613 3037 .VlﬂnAn

398 3024 691 3075 Samaritani
718 3032 771 3076 et
790 3027 901 3086 Syri
924 3028 1167 3077 lectiones
1188 3023 1565 3092 in'marginibus
1587 3028 1920 3090 Hexaplorum

396 3090 580 3138 Graecas
610 3090 869 3139 versionea
888 3087 1090 3139 fuerint.

2024 3028 2203 3073 averit.
2252 3023 2333 3076 IX.
2362 3023 2537 3073 Utrum
2574 3023 2806 3086 Origenis
2834 3031 3061 3085 tempore
3100 3023 3393 3075 Satnaritani
3418 3033 3474 3076 et
3500 3026 3615 3088 Syri

443 3194 485 3248 I.
522 3194 889 3263 Tetraplorum
915 3204 966 3250 et
994 3194 1356 3266 Hexaplorum
1394 3198 1542 3253 varia
1573 3198 1807 3250 nomina.

2024 3192 2368 3247 emendatum
2398 3189 2569 3245 fuisse
2593 3188 2668 3260 μὴ
2700 3192 2767 3261 τῇ
2795 3187 2934 3241 Σιὼν
2960 3229 2975 3252 ,
3014 3191 3254 3259 nunquid
3292 3189 3445 3246 Siom’
3464 3234 3479 3258 ,
3512 3210 3613 3247 ex-

409 3286 543 3353 Quas
561 3286 630 3342 de
660 3285 1041 3359 Tetraplorum
1101 3297 1157 3343 et
1194 3287 1559 3359 Hexaplorum
1604 3289 1921 3345 nominibus

338 3379 539 3434 dicturi
563 3394 777 3444 sumus,
807 3379 1075 3448 nonduin,
1106 3391 1165 3435 ut
1202 3394 1334 3451 puto
1355 3422 1370 3447 ,
1410 3381 1703 3436 observata
1745 3380 1919 3446 fuere,

337 3486 509 3541 quare
543 3472 630 3526 vel
676 3471 793 3541 ipsa
842 3472 1078 3527 novitate
1110 3472 1376 3542 placitura
1433 3487 1556 3528 esse
1587 3472 1922 3543 sperandum

335 3574 439 3618 est.
474 3562 727 3633 Tetrapla
752 3575 805 3619 et
843 3562 1105 3633 Hexapla,
1139 3567 1219 3621 sic
1253 3565 1307 3619 in
1355 3564 1554 3634 plurali
1598 3566 1921 3634 exprimun-

338 3666 427 3708 tur
450 3656 519 3709 ab
542 3654 797 3725 Origene,
832 3654 1092 3720 Eusebio,
1126 3655 1430 3726 Epiphanio
1469 3665 1526 3710 et
1563 3654 1919 3726 Hieronymo,

334 3748 653 3817 τετραπλᾶ,
690 3746 953 3813 Ἐξαπλᾶ,
979 3749 1342 3819 videnturque
1361 3750 1434 3803 ita
1458 3748 1713 3819 primitus
1737 3747 1923 3818 appel-

337 3841 445 3894 lata
480 3839 669 3896 fuisse.
718 3839 915 3895 Verum
944 3841 1036 3895 alii
1072 3843 1395 3910 posterioris
1433 3842 1533 3896 aevi
1558 3842 1732 3898 Graeci
1784 3841 1922 3896 scri-

337 3944 519 4003 ptores
553 3932 895 4003 frequentius
923 3933 1279 4005 Τετραπλοῦν
1304 3945 1360 3990 et
1401 3935 1701 4002 Ἐξαπλοῦν
1728 3936 1781 3990 in
1807 3936 1921 3991 sin-

336 4026 511 4093 gulari
539 4025 813 4089 dicebant,
865 4024 1172 4095 Tetraplum
1205 4027 1460 4083 videlicet
1511 4037 1565 4082 et
1594 4026 1919 4097 Hexaplum,

338 4128 396 4171 ut
425 4119 628 4186 passim
658 4119 1067 4175 animadvertas
1099 4120 1154 4174 in
1193 4121 1339 4176 notis
1373 4120 1537 4189 hujus
1581 4122 1782 4190 operis.
1830 4119 1923 4174 Sic

338 4210 391 4261 in
420 4218 546 4263 nota
576 4210 644 4263 ad
674 4210 928 4264 ultimum
962 4221 1126 4282 caput
1159 4211 1284 4265 libri
1310 4210 1353 4264 ll
1385 4210 1594 4282 Regum
1617 4251 1633 4277 ,
1665 4213 1724 4264 ὲν
1754 4212 1811 4264 δὲ
1843 4211 1922 4282 τῷ

348 4298 618 4370 Ἐξαπλῷ,
663 4302 899 4366 καὶτοῖς
946 4301 1362 4374 ἁκριὸεστέροις
1405 4304 1516 4357 τῶν
1547 4304 1920 4373 ἀντιγράφων,

336 4390 392 4442 in
417 4388 660 4458 Hexaplo
692 4402 872 4444 autem
898 4401 947 4444 et
973 4393 1028 4443 in
1050 4392 1474 4467 aceuratioribus
1505 4392 1920 4459 exemplaribus,

335 4490 441 4533 etc.
481 4478 544 4534 Et
582 4480 709 4534 alibi
744 4480 1077 4550 frequenter,
1107 4484 1347 4537 maxime
1389 4483 1446 4537 in
1490 4481 1646 4536 libris
1688 4480 1921 4553 Regum.

2024 3292 2223 3352 puncta
2260 3283 2436 3336 littera
2462 3298 2512 3351 ρ.
2543 3279 2797 3350 Tetrapla
2836 3280 3000 3351 igitur
3031 3281 3426 3354 Τετρασέλιδον
3452 3322 3467 3346 ,
3505 3283 3612 3337 He-

2025 3376 2185 3445 xapla
2214 3390 2341 3429 vero
2403 3372 2783 3439 Ἐξασὲ).ιδον,
2838 3374 3121 3443 sextuplex
3168 3374 3425 3429 columna
3466 3376 3617 3430 dice-

2026 3470 2246 3531 bantur,
2284 3475 2341 3518 ut
2369 3466 2555 3520 videas
2583 3469 2639 3518 in
2675 3475 2801 3519 nota
2836 3464 2905 3519 ad
2946 3481 3067 3535 cap.
3100 3482 3130 3518 v
3164 3465 3404 3523 Michaeze
3435 3486 3448 3522 :
3485 3470 3615 3538 quia

2026 3555 2278 3625 Tetrapla
2320 3553 2593 3625 Origenis,
2627 3566 2863 3625 quatuor
2892 3557 3172 3613 versiones
3196 3558 3429 3629 Aquilze,
3454 3559 3617 3631 Sym-

2026 3650 2227 3713 machi,
2265 3647 2405 3702 LXX
2429 3649 2790 3717 Interpretqu
2814 3658 2868 3703 et
2898 3647 3293 3707 Theodotiouis
3326 3669 3421 3721 per
3462 3654 3615 3707 colu-

2025 3755 2183 3796 mnas
2208 3758 2239 3794 e
2268 3740 2489 3811 regione
2527 3740 2737 3809 positas
2781 3742 3324 3810 complecteliantur;
3373 3743 3612 3816 Hexapla

2025 3846 2154 3886 vero
2192 3842 2399 3886 textum
2432 3831 2759 3887 Hebraicum
2789 3832 2986 3888 litteris
3018 3833 3303 3891 Hebraicis
3326 3877 3343 3898 .
3381 3846 3434 3890 et
3463 3852 3495 3892 e
3528 3853 3613 3891 τε*

2024 3923 2185 3993 gione
2205 3924 2452 3993 proxime
2472 3922 2726 3978 eumdem
2748 3925 2925 3995 ipsum
2950 3924 3153 3981 Gratcis
3176 3925 3407 3993 litteris;
3425 3938 3615 3997 postea

2023 4026 2262 4087 quatuor
2286 4017 2507 4072 Graecas
2538 4018 3020 4087 interpretationes
3052 4018 3244 4073 eodem
3292 4036 3403 4089 quo
3446 4036 3614 4090 supra

2024 4110 2133 4163 ritu
2164 4110 2393 4172 locatas,
2420 4109 2776 4164 exhibebant.
2814 4108 2969 4172 Σελὶς
3001 4121 3184 4163 autem
3222 4111 3495 4181 signiticat
3522 4128 3614 4182 pa-

2024 4202 2230 4273 ginam,
2261 4200 2640 4272 τετρασέλιδον
2670 4200 2926 4273 paginam
2971 4202 3470 4271 quadruplicatam,
3511 4217 3610 4256 seu

2024 4304 2260 4364 quatuor
2314 4295 2721 4358 columnarum,
2791 4293 3099 4358 ἑξασὲλιδον
3153 4309 3284 4349 vero
3355 4296 3611 4366 paginam

2026 4389 2481 4457 sextuplicatam,
2538 4388 2653 4441 sive
2705 4403 2803 4442 sex
2860 4389 3260 4443 columnarum.
3314 4386 3383 4441 Ut
3428 4399 3611 4443 autem

2022 4478 2301 4550 τετραπλᾶ
2330 4478 2728 4550 τετρασέλιδον,
2762 4488 2817 4533 et
2854 4477 3063 4545 ἐξαπλᾶ
3102 4476 3405 4545 ἐξασέλιδον
3445 4495 3613 4535 voca-

337 4571 581 4625 lndicant
607 4584 787 4627 autem
820 4544 1114 4647 ’έετραπλᾶ
1148 4591 1243 4629 seu
1273 4572 1648 4645 Τετραπλοῦν,
1677 4544 1920 4644 quadru-

2026 4544 2243 4633 batilur,
2278 4571 2357 4625 sic
2377 4544 2718 4635 είόκταπλᾶ,
2751 4544 3117 4635 ὀκταοέλιδον,
3148 4544 3283 4624 νδίνθ
3319 4585 3457 4639 opus
3487 4582 3613 4625 octo

335 4662 552 4729 plicem,
601 4664 841 4729 Ἑξαπλᾶ
876 4682 1005 4720 vero
1056 4682 1153 4721 seu
1194 4665 1529 4731 Ἐξαπλοῦν,
1564 4665 1922 4735 sextuplicem

337 4752 636 4820 Scriptura:
662 4764 894 4820 textum,
933 4773 1044 4812 uno
1066 4768 1361 4827 conspectu
1394 4758 1673 4830 positum,
1708 4770 1770 4812 ut
1800 4760 1915 4827 plu.

338 4844 489 4897 ribus
522 4844 662 4899 infra
697 4850 1195 4915 representabitur.
1230 4848 1356 4905 Haec
1403 4866 1571 4919 porro
1604 4850 1919 4923 signiﬁcan-

335 4937 445 4989 tius
474 4951 504 4989 a
537 4935 739 4991 ϐπερὶ»
758 4940 1077 4994 auctoribus
1109 4957 1216 4994 non
1236 4942 1426 5010 paucis
1460 4949 1726 4996 vocantur
1751 4943 1915 4995 etiam

335 5028 744 5097 Τετρασέλιδον,
782 5031 897 5085 sive
930 5032 1268 5102 quadruplex
1311 5033 1589 5087 columna.
1635 5031 1726 5087 Sic
1772 5032 1919 5087 enim

336 5120 567 5173 habetur
595 5120 647 5173 in
681 5124 829 5175 notis
868 5122 933 5177 ad
960 5123 1153 5191 psalm.
1183 5139 1381 5178 unvr
1408 5140 1474 5180 ex
1500 5124 1690 5179 codice
1722 5122 1918 5178 Coisli-

338 5212 501 5267 niano
534 5232 545 5267 :
578 5214 777 5284 Μήτηρ
801 5215 939 5267 Σιὼν
967 5216 1026 5268 τὸ
1064 5232 1096 5286 ρ
1116 5216 1257 5270 κατὰ
1288 5217 1611 5288 προσθήκην
1636 5215 1813 5268 ἔκειτο
1838 5216 1919 5277 εἰς

333 5303 433 5374 τὴν
464 5304 571 5356 τῶν
602 5308 657 5358 0'
691 5309 748 5358 ὲν
787 5305 865 5376 τῷ
892 5306 1299 5378 Τετρασελίδῳο
1337 5310 1395 5360 ὲν
1443 5308 1499 5361 δὲ
1540 5308 1621 5383 τῷ
1663 5310 1920 5362 Ὀκτασε-

334 5392 479 5463 λίδῳ,
508 5396 581 5466 μὴ
612 5400 677 5467 τῇ
715 5396 853 5451 Σιὼν
880 5398 1048 5468 ἡγουν
1077 5397 1201 5469 δίχα
1224 5397 1318 5451 τοῦ
1355 5399 1453 5467 ρὦ
1491 5396 1612 5465 Quo
1646 5398 1922 5467 significa-

338 5495 445 5551 tur,
475 5490 527 5541 in
556 5488 916 5554 Tetraselido,
950 5491 1065 5545 sive
1106 5491 1157 5543 iu
1201 5489 1456 5560 Tetraplo
1484 5489 1627 5543 LXX
1664 5490 1922 5543 habuisse

336 5576 622 5636 lectionem
654 5579 802 5633 illam
832 5581 1102 5646 vitiatam,
1134 5582 1335 5652 Μήτηρ
1364 5580 1524 5644 Σιὼν,
1551 5580 1724 5634 Mater
1755 5578 1921 5643 Sion;

2022 4664 2426 4728 columnarum,
2454 4671 2513 4716 ut
2534 4662 2719 4717 videas
2744 4663 2797 4715 in
2820 4671 2946 4717 nota
2976 4662 3042 4716 ad
3075 4661 3347 4731 psalmum
3384 4678 3609 4717 Lxxxvt.

2024 4758 2232 4813 Dicitur
2265 4744 2448 4811 autem
2471 4771 2612 4827 opus
2646 4756 3213 4822 octo_columnarum,
3246 4756 3377 4825 quia
3416 4766 3612 4826 praeter

2022 4862 2117 4901 sex
2162 4854 2493 4901 memoratas
2540 4845 2830 4910 editiones,
2860 4846 2982 4901 dua:
3032 4845 3153 4900 alia:
3190 4845 3521 4914 quibusdam
3554 4847 3613 4901 in

2026 4936 2181 4993 libris
2225 4944 2524 4989 memorato
2558 4935 2937 4990 columnarum
2978 4936 3089 4991 situ
3139 4936 3610 5005 reprzesentaban-

2026 5038 2133 5082 llIl'.

2099 5119 2279 5175 Semel
2310 5118 2437 5172 item
2469 5118 2522 5171 in
2556 5117 2700 5173 notis
2729 5115 2797 5170 ad
2830 5113 3106 5182 Hesaiam,
3140 5132 3261 5187 cap.
3303 5134 3387 5185 nl,
3423 5119 3476 5185 Ῡ.
3513 5118 3607 5182 24,

2027 5210 2256 5281 legimus
2286 5209 2684 5275 πεντασέλιδον,
2722 5209 2823 5262 hoc
2848 5218 2932 5263 est
2958 5210 3202 5279 quinque
3224 5212 3607 5266 columnarum

2023 5319 2180 5375 npus.
2215 5301 2351 5356 Nota
2392 5310 2573 5356 autem
2632 5302 2748 5355 hinc
2776 5301 2955 5371 prodit
2984 5316 3048 5355 ex
3098 5302 3298 5373 insigni
3331 5319 3435 5357 ms.
3490 5302 3605 5356 RR.

2024 5394 2130 5450 PP.
2155 5392 2509 5459 Jesuitarum,
2530 5402 2583 5447 et
2608 5396 2687 5448 sic
2723 5395 2884 5448 habet
2918 5396 3002 5448 :oi
3028 5395 3087 5448 Γ.
3116 5395 3286 5466 στίχοι
3310 5399 3358 5449 οἱ
3389 5396 3609 5449 ὑποκεί-

2028 5503 2179 5557 μενοι
2207 5486 2308 5537 οὐκ
2331 5485 2537 5537 ἔκειντο
2570 5486 2628 5537 ὲν
2659 5484 2736 5555 τῷ
2757 5485 3141 5556 πεντασελίδῳ,
3171 5488 3291 5539 οὐδὲ
3328 5488 3610 5557 Ὠριγένης

2028 5578 2389 5649 ἐξηγούμενος
2412 5576 2616 5630 τούτων
2644 5579 2907 5649 ἐμνήσθη.
2946 5579 3000 5632 Id
3026 5588 3109 5632 est
3141 5597 3153 5632 :
3196 5578 3319 5631 Tres
3343 5580 3608 5647 subjuncti

338 5673 393 5726 in
428 5668 737 5726 Cctaselido
778 5683 959 5729 autem
997 5674 1111 5730 sive
1146 5676 1200 5729 in
1240 5674 1468 5745 Octaplo
1516 5674 1589 5729 ita
1637 5674 1836 5731 lectum
1872 5682 1927 5728 et
2031 5673 2271 5730 versiculi
2305 5689 2408 5726 non
2430 5679 2578 5728 erant
2612 5672 2665 5724 in
2688 5669 3047 5736 Pentaselido,
3076 5672 3181 5725 sive
3202 5674 3255 5724 in
3290 5670 3425 5725 libro
3453 5672 3610 5743 quin-
