4064 6262
382 341 461 405 as
1761 345 2287 403 manusuam
3512 324 3513 327 ‘
3569 350 3642 408 ει

380 463 498 521 si”e
550 462 943 535 ἐπισκευάσας,
987 470 1103 526 sive
1150 469 1666 536 ἑπικατασκευάσας
1719 470 1931 542 legatur

2066 472 2159 524 τὸν
2186 470 2396 543 εἱρμὸν,
2436 477 2568 536 etc.,
2613 469 2920 527 referantur
2945 470 3013 526 ad
3040 469 3339 536 δείκνυται,
3372 480 3427 528 et
3446 486 3641 528 sensus

381 557 531 613 hunc
554 573 676 614 esse
704 560 943 615 arbitror
969 562 1197 632 hujusce
1226 562 1332 620 loci
1369 567 1591 620 sensum
1624 580 1637 615 :
1686 561 1961 633 Hexaplo-

381 664 501 704 rum
522 650 674 707 nobis
702 654 1028 722 exemplaria
1065 656 1277 728 reliquit
1302 675 1321 714 :
1370 676 1491 713 cum
1522 660 1742 713 seorsim
1774 658 1962 712 editio-

379 754 498 793 nem
526 740 755 810 Aquila,
790 741 1094 814 Symmachi
1148 758 1197 802 et
1236 748 1608 807 Theodotionis
1644 767 1764 806 cum
1804 748 1958 811 LXX

379 831 769 905 Interpretibus
798 841 851 894 in
880 840 1142 913 Tetraplis
1166 845 1489 916 digessisset.

449 926 707 985 Aoristus
747 932 893 987 enim
935 933 1040 990 hoc
1091 935 1196 991 situ
1249 936 1466 1007 positus
1515 953 1630 993 rem
1682 946 1959 1009 postremo

376 1022 717 1078 enuntiatum
755 1025 910 1094 prius
953 1025 1151 1081 factam
1185 1042 1308 1083 esse
1345 1028 1599 1094 denotat,
1636 1045 1801 1100 quam
1836 1044 1956 1083 eam

381 1127 504 1181 qua:
523 1115 846 1184 praecedenti
870 1116 1039 1172 verbo
1068 1117 1364 1175 indicatur.
1389 1118 1515 1177 Hice
1538 1136 1669 1176 vero
1699 1121 1958 1193 loquendi

379 1203 556 1260 forma
588 1206 723 1263 adeo
770 1209 929 1265 obvia
973 1211 1117 1280 apud
1149 1212 1450 1283 scriptores
1478 1212 1701 1269 Graecos
1745 1225 1848 1277 est,
1898 1226 1959 1269 ut

376 1293 579 1348 mirum
608 1296 678 1351 sit
708 1297 884 1353 virum
919 1298 1138 1356 doctum
1175 1304 1232 1358 in
1271 1317 1331 1358 re
1366 1310 1478 1357 tam
1520 1315 1706 1375 aperta
1739 1304 1954 1375 lapsum

374 1397 518 1442 esse.
543 1384 635 1442 Sic
659 1391 799 1460 apud
834 1391 1163 1449 Strabonem
1188 1396 1285 1452 lib.
1309 1413 1408 1453 xm
1432 1397 1549 1453 haec
1584 1398 1747 1452 verba
1772 1415 1789 1450 :
1825 1400 1956 1452 Ἀτ-

373 1477 537 1545 calo;
564 1480 835 1549 διεδέξατο
858 1484 959 1557 τὴν
977 1485 1172 1558 ἀρχὴν,
1198 1490 1294 1543 καὶ
1320 1488 1663 1563 ἀνηγορεύθη
1701 1487 1956 1559 βασιλεὺς

373 1563 530 1636 οὗτος
565 1573 815 1649 πρῶτος,
846 1578 1076 1648 νικήσας
1125 1580 1375 1645 Γαλάτας
1410 1581 1536 1654 νίκῃ
1583 1581 1796 1658 μεγάλῃ
1816 1620 1833 1648 ,
1875 1585 1957 1637 sic

2063 563 2154 628 sit,
2205 573 2487 619 ostensum
2535 574 2621 620 est
2674 562 2977 620 secundum
3036 566 3236 621 seriem
3266 565 3351 620 vel
3399 580 3466 619 ex
3495 568 3641 627 serie

2061 652 2314 710 Hebraici
2352 656 2662 711 etaliarum
2692 655 2996 712 editionum
3022 696 3036 718 .
3071 664 3281 711 textum
3315 656 3423 711 τῶν
3462 661 3519 711 O'
3544 654 3641 712 ali-

2058 755 2193 817 quot
2224 747 2277 802 in
2312 750 2445 806 locis
2474 751 2902 820 transpositam,
2926 758 2982 805 et
3023 760 3355 820 prapostere
3400 750 3638 805 locatum

2058 839 2258 905 fuisse;
2289 841 2540 896 videlicet
2570 842 2626 897 in
2654 852 2783 897 nota
2818 841 2888 897 ad
2918 843 3218 914 marginem
3258 841 3636 911 Tetraplorum

2056 932 2256 1003 posita.
2280 949 2402 1005 quae
2420 934 2674 990 monebat
2691 950 2758 992 eo
2779 935 2900 992 loco
2922 935 3118 991 seriem
3145 933 3256 989 τῶν
3273 934 3327 988 0'
3363 933 3636 988 turbatam

2055 1035 2110 1080 et
2133 1027 2524 1096 transpositam
2556 1041 2679 1084 esse
2716 1045 2730 1081 :
2764 1044 2888 1099 qua
2918 1036 3224 1098 sequuntur
3248 1026 3417 1091 enim,
3443 1024 3636 1081 τούτου

2056 1115 2216 1191 χάριν
2249 1115 2644 1189 παρεθήκαμεν
2674 1117 3017 1181 ἀκολουθίαν,
3057 1118 3175 1173 ideo
3209 1127 3408 1171 rectam
3448 1119 3637 1171 seriem

2056 1209 2182 1281 (hic)
2217 1213 2590 1280 opposuimus,
2647 1222 2831 1281 aperte
2863 1211 3108 1267 indicant
3143 1212 3290 1266 illam
3334 1210 3639 1266 restitutio-

2055 1318 2179 1357 nem
2220 1311 2345 1373 post
2368 1304 2513 1358 edita
2559 1304 2809 1373 'l'etrapla
2864 1303 3066 1359 factam
3124 1303 3314 1359 fuisse.
3371 1300 3468 1358 His
3513 1318 3638 1373 quas

2048 1394 2165 1465 jam
2194 1395 2427 1450 dicimus
2450 1395 2610 1450 (idem
2638 1394 2769 1451 facit
2790 1406 2919 1452 nota
2942 1396 3151 1453 codicis
3176 1394 3288 1449 RR.
3312 1392 3417 1448 PP.
3454 1390 3639 1448 lesui-

2056 1496 2233 1541 tarum
2259 1488 2468 1557 collegii
2502 1486 2762 1543 Ludovici
2787 1487 2987 1561 Magni,
3018 1501 3184 1559 quam
3215 1484 3355 1541 infra
3385 1483 3631 1541 edemus.

2055 1577 2129 1633 lbi
2164 1593 2401 1649 namque
2443 1580 2642 1635 dicitur
2680 1579 2969 1651 Origenem
3014 1579 3270 1650 Tetrapla
3297 1593 3396 1634 sua
3443 1592 3634 1633 corre-

374 1664 761 1735 explicantur:
814 1670 1026 1726 Attalus
1071 1675 1276 1741 excepit
1324 1674 1624 1743 imperium.
1665 1683 1718 1727 et
1749 1675 1952 1743 primus
2054 1670 2200 1723 xisse
2258 1676 2312 1723 et
2362 1670 2587 1725 scholiis
2630 1671 2971 1727 illustrasse:
3027 1687 3151 1742 quae
3199 1670 3408 1726 scholia
3456 1669 3633 1739 ipsius

374 1769 469 1811 rex
495 1758 856 1829 proclamant:
878 1772 976 1828 est,
998 1773 1278 1834 postquam
1304 1780 1549 1834 magnam
1571 1766 1845 1820 victoriam
1888 1766 1952 1819 de
1987 1824 2024 1834 ﬁ
2054 1757 2308 1828 Origenis
2330 1774 2494 1813 manu
2525 1760 2798 1830 descripta
2834 1761 3046 1815 viderat
3072 1763 3117 1816 is
3141 1760 3237 1831 qui
3280 1769 3466 1815 notam
3512 1756 3633 1812 Edi-

373 1824 586 1906 Calatis
608 1824 985 1921 reportaverat.
998 1824 1141 1910 ham
1163 1856 1289 1913 licet
1304 1824 1420 1914 hate
1437 1859 1661 1915 victoria
1678 1867 1942 1928 postremo

2054 1824 2337 1903 dit.vlllam
2366 1864 2529 1919 porro
2554 1851 2677 1906 cod.
2709 1824 3368 1920 bionspeliensis—notam
3407 1848 3477 1905 ad
3524 1846 3633 1902 lle-

374 1935 496 1998 loeo
528 1942 805 1997 enuntiari
838 1944 1107 2013 videatur,
1143 1961 1211 2014 ex,
1235 1949 1529 2018 perspicuo
1579 1956 1761 2003 tamen
1800 1958 1942 2006 noto‘

2055 1940 2217 2010 xapla
2261 1939 2511 2011 Origenis
2554 1943 2826 2012 pertinere
2864 1956 2973 1996 non
3023 1938 3432 2011 ambigendum.
3492 1935 3627 1992 Nam

372 2043 482 2099 que
508 2046 610 2086 usu
660 2032 748 2087 hic
792 2034 1117 2101 intelligitur
1170 2038 1456 2094 victoriam
1505 2040 1853 2110 praecessisse
1899 2048 1955 2095 et
2056 2033 2111 2086 in
2145 2031 2399 2101 Hexaplis
2422 2032 2512 2088 ille
2542 2033 2659 2089 suis
2696 2033 2816 2089 loca
2845 2032 3201 2103 Septuaginta
3244 2030 3626 2101 interpretum,

374 2118 851 2192 inaugurationem
876 2137 1121 2185 secutam
1165 2144 1309 2186 esse.
1337 2128 1495 2187 Hunc
1546 2131 1677 2187 item
1728 2129 1952 2188 Eusebii

382 2208 563 2267 locum
596 2215 676 2270 sic
715 2216 988 2289 intelligas
1017 2228 1253 2290 oportet,
1286 2236 1351 2276 ac
1382 2221 1429 2277 si
1462 2222 1634 2279 series
1663 2224 1736 2277 ita
1769 2239 1828 2279 se
1856 2223 1954 2279 lia-

382 2301 554 2367 heret,
587 2305 732 2371 ἰδίως
757 2308 854 2380 τὴν
893 2310 1118 2366 Ἀκύλου
1149 2311 1243 2366 καὶ
1289 2312 1586 2386 Συμμάχου
1621 2317 1717 2370 καὶ
1759 2314 1950 2369 Θεοδο-

376 2394 568 2459 τίωνος
607 2396 816 2451 ἔκδοσιν
858 2401 975 2473 ἅμα
1007 2405 1072 2472 τῇ
1116 2402 1225 2456 τῶν
1254 2407 1309 2456 U'
1354 2405 1414 2456 ὲν
1453 2408 1568 2467 τοῖς
1617 2405 1951 2477 Τετραπλοῖς

369 2487 899 2555 ιωκαταπευάσας,
928 2491 997 2544 τὰ
1026 2491 1135 2547 τῶν
1160 2493 1470 2566 λεγομένων
1515 2496 1794 2563 Ἐξαπλῶν
1818 2499 1950 2571 ἡμῖν

368 2576 675 2648 ἀντίγραφα
706 2582 1122 2640 καταλέλοιπεν
1156 2586 1210 2641 id
1238 2598 1342 2652 est,
1371 2605 1490 2642 cum
1513 2588 1733 2642 δεον-,τίω
1755 2589 1948 2642 editio-

372 2680 485 2721 nem
507 2670 736 2740 Aquilae,
778 2670 1083 2742 Symmachi
1129 2686 1177 2732 et
1221 2678 1593 2734 Theodotionis
1639 2698 1757 2734 cum
1794 2678 1945 2734 LXX

374 2755 754 2829 Interpretibus
797 2766 853 2818 in
886 2763 1147 2836 Tetraplis
1195 2771 1534 2839 digessisset,
1581 2772 1947 2842 Ileataplorum

369 2851 520 2907 nobis
550 2854 876 2923 exemplaria
904 2858 1134 2929 reliquit.
1166 2859 1423 2933 Nihilque
1442 2862 1607 2919 oilicit
1630 2864 1760 2920 huic
1780 2866 1950 2921 inter-

368 2946 678 3013 pretationi,
710 2964 812 3003 vox
839 2952 1139 3020 composita
1173 2955 1723 3021 ἑπικατασκευάσαςι
1755 2959 1944 3015 eadem

367 3035 569 3109 quippe
622 3040 763 3094 ratio
808 3057 965 3113 aeque
995 3043 1136 3099 valet
1170 3045 1223 3100 in
1279 3048 1601 3117 compositis
1633 3051 1945 3121 quibusque

366 3136 533 3202 atque
567 3130 621 3185 in
652 3131 1012 3202 simplicibus,
1038 3151 1162 3191 cum
1196 3138 1289 3192 tali
1318 3139 1481 3193 modo
1512 3152 1868 3211 usurpantur.

434 3221 550 3289 Qua
575 3225 753 3294 posita
781 3228 1231 3297 interpretatione
1264 3230 1517 3303 Tetrapla
1571 3234 1715 3291 haud
1776 3236 1943 3294 dubie

366 3312 531 3389 prius
554 3332 719 3387 quam
750 3315 991 3391 Hexapla
1021 3321 1253 3379 ediderit
1273 3324 1559 3394 Origenes.
1596 3325 1662 3383 Et
1686 3328 1801 3384 haec
1827 3338 1943 3384 erat

364 3406 707 3464 eruditorum
750 3412 938 3480 opinio
968 3422 1261 3484 antequam
1310 3414 1596 3483 Valesius.
1638 3432 1942 3477 memorato

365 3496 586 3557 Eusebii
608 3500 730 3557 loco
760 3500 1182 3575 {ultushnovam
1210 3507 1464 3574 aperiret.
1488 3508 1569 3565 Ad
1596 3512 1711 3567 hzec
1732 3524 1939 3579 autem,

365 3589 618 3662 Origenis
649 3604 776 3649 nota
808 3595 863 3650 in
885 3606 1049 3667 caput
1080 3612 1224 3656 xun
1252 3600 1479 3659 Genesis
1506 3619 1561 3658 v.
1595 3605 1648 3670 6,
1679 3619 1845 3674 quam
1872 3620 1941 3660 ex

364 3686 553 3742 codice
580 3686 964 3758 Monspeliensi
992 3692 1139 3747 eruit
1160 3690 1558 3762 Combetisius,
1610 3705 1777 3753 totam
1823 3700 1939 3754 sol-

362 3788 491 3831 vere
512 3779 869 3847 qumstionem
898 3780 1132 3837 videtur.
1179 3780 1313 3838 Eam
1360 3801 1523 3857 porro
1557 3788 1639 3843 sic
1667 3788 1941 3845 edidimus

362 3867 551 3923 eodem
579 3872 734 3925 loco:
772 3870 989 3943 Ἐπειδὴ
1017 3875 1077 3926 ὲν
1098 3877 1214 3940 τοῖς
1237 3876 1603 3956 Τετραπλοῖς,
1636 3879 1697 3948 ἐξ
1736 3874 1813 3936 ὧν
1844 3883 1941 3941 καὶ

361 3959 424 4015 τὸ
449 3960 782 4033 ἀντίγραφον
805 3963 1140 4037 μετελήφθη,
1169 3967 1306 4039 πρὸς
1323 3969 1415 4027 τὸν
1439 3971 1639 4047 εἱρμὸν
1661 3973 1751 4029 τὸν
1778 3974 1837 4030 ὲν
1860 3976 1942 4046 τῷ

372 4050 646 4125 Ἐϐραῖκῷ
683 4055 779 4108 καὶ
806 4057 929 4120 ταῖς
959 4056 1150 4124 ἄλλαις
1175 4060 1421 4118 ἐκδόσεσι
1455 4064 1727 4122 δείκνυται
1759 4071 1855 4123 καὶ
1903 4072 1938 4142 ὴ

357 4145 469 4200 τῶν
500 4145 898 4219 Ἑϐδομήκοντα
928 4149 986 4204 εν
1010 4168 1121 4206 τισι
1152 4154 1335 4220 τόποις
1356 4159 1705 4227 μετατεθεῐσα
1723 4201 1738 4226 ,
1771 4162 1845 4227 ὡς
1870 4163 1940 4220 τὰ

361 4237 557 4311 πρῶτα
592 4239 797 4314 ὕστερα
820 4242 916 4297 καὶ
944 4242 1015 4297 τὰ
1043 4244 1245 4319 ὓστερα
1266 4250 1456 4322 πρῶτα
1476 4252 1732 4322 γενέσθαι
1753 4271 1768 4285 ο
1800 4255 1939 4327 ὅπερ

359 4332 457 4387 καὶ
485 4332 718 4388 ἐνταῦθα
753 4335 952 4409 εὑρέθη
983 4336 1232 4393 παθοῦσα
1250 4357 1265 4372 ν
1289 4340 1480 4397 τούτου
1501 4346 1664 4417 χάριν
1694 4348 1940 4420 παρεθή-

358 4437 538 4496 καμεν
569 4424 890 4487 ἀκολουθίαν
909 4444 923 4457 ·
958 4428 1073 4483 εστι
1097 4430 1155 4492 δὲ
1188 4432 1348 4504 αὕτη.
1379 4434 1491 4507 Τῷ,
1522 4439 1937 4511 Κατοικήσομεν

2054 2137 2179 2191 qua
2203 2124 2289 2177 vel
2320 2124 2667 2180 librariorum
2700 2124 2980 2193 lapsu,vel
3003 2125 3110 2180 alio
3140 2140 3271 2179 casu
3300 2122 3632 2191 transposita

2053 2213 2293 2283 fuerant,
2325 2216 2504 2270 ordini
2546 2232 2648 2271 suo
2688 2218 2963 2282 restituit,
3013 2226 3073 2271 ut
3101 2216 3244 2272 intra
3284 2215 3627 2286 probabitur.

2122 2305 2281 2372 Quod
2328 2317 2510 2361 autem
2554 2309 2611 2361 in
2668 2306 2940 2377 Tetraplis
2990 2308 3285 2363 editionem
3331 2305 3475 2361 LXX
3518 2322 3629 2361 non

2051 2397 2420 2452 emendaverit
2472 2394 2775 2469 Origenes,
2824 2398 2918 2453 sed
2970 2398 3037 2453 iis
3089 2413 3309 2452 manum
3359 2398 3629 2452 medicam

2050 2496 2242 2559 postea
2274 2491 2611 2553 admoverit,
2646 2506 2839 2560 nempe
2871 2505 2997 2545 cum
3022 2487 3259 2561 Hexapla
3307 2498 3362 2545 et
3402 2486 3631 2558 Octapla

2052 2582 2366 2643 adornaret,
2397 2583 2585 2638 multis
2614 2599 2679 2638 ex
2706 2583 2841 2638 locis
2856 2582 3266 2653 comprobatur.
3300 2581 3392 2638 Sic
3416 2584 3631 2653 psalmo

2051 2689 2273 2737 Lxxxvt,
2315 2674 2371 2727 in
2426 2684 2554 2731 nota
2602 2675 2667 2729 ad
2708 2676 2745 2746 3'
2795 2675 2829 2730 5
2875 2674 3128 2745 superius
3165 2690 3317 2729 num.
3364 2676 3389 2730 ι
3441 2676 3625 2741 allata,

2049 2763 2251 2819 dicitur
2293 2767 2472 2821 locum
2511 2766 2663 2823 illum
2709 2768 2959 2821 vitiatum
3007 2766 3208 2838 Μήτηρ
3250 2764 3408 2832 Σιὼν,
3455 2766 3630 2822 Mater

2050 2854 2202 2924 Sion,
2251 2859 2344 2928 qui
2380 2860 2600 2929 respicit
2645 2858 2969 2914 Hebraicum
3008 2842 3188 2945 pw‘n,
3222 2858 3405 2913 haberi
3438 2858 3493 2913 in
3521 2856 3625 2914 Τε-

2047 2951 2330 3014 traselido,
2363 2951 2480 3006 sive
2509 2952 2564 3006 in
2591 2950 2879 3021 Tetraplo;
2915 2966 3077 3007 secus
3106 2959 3287 3005 autem
3314 2950 3370 3004 in
3397 2947 3627 3005 Octase-

2048 3043 2180 3107 liilo,
2217 3044 2333 3098 sive
2368 3044 2424 3097 in
2470 3041 2731 3112 Octaplo,
2769 3043 2865 3099 ubi
2903 3056 3051 3099 recte
3089 3042 3400 3116 legebatur,
3446 3042 3520 3115 μὴ
3553 3044 3623 3116 τῇ

1967 3169 2013 3229 c
2050 3135 2210 3199 Σιὼν,
2242 3136 2478 3207 nunquid
2534 3135 2685 3199 Sion,
2717 3135 2844 3206 quia
2872 3135 3123 3191 videlicet
3161 3136 3307 3190 hunc
3336 3134 3515 3190 locum
3566 3133 3623 3188 in

2046 3226 2315 3297 Tetraplis
2359 3228 2680 3284 mendosum
2703 3270 2719 3292 ,
2753 3228 2806 3281 in
2837 3225 3079 3297 Octaplis
3101 3236 3285 3296 postea
3318 3226 3625 3284 emendavit

2041 3322 2328 3394 Origenes.
2362 3325 2420 3377 In
2442 3322 2581 3378 libro
2615 3330 2795 3376 autem
2825 3319 2929 3377 Job
2952 3318 3393 3390 frequentissima
3414 3334 3620 3373 memo-

2042 3426 2237 3471 rantur
2268 3418 2384 3471 loca
2414 3430 2482 3471 ex
2514 3414 2787 3485 Tetraplis
2822 3417 3131 3483 desumpta.
3163 3410 3366 3481 quibus
3392 3411 3621 3466 demou-

2041 3517 2252 3563 stratur
2281 3507 2421 3563 LXX
2458 3508 2813 3577 lnterpretum
2869 3505 3185 3570 editionem,
3236 3518 3359 3575 qua:
3402 3503 3473 3557 ab
3499 3500 3623 3557 Oti-

2040 3617 2179 3671 gene
2221 3602 2277 3655 in
2324 3600 2592 3671 Tetraplis
2642 3600 2817 3670 posita
2848 3596 3052 3662 fuerat,
3104 3612 3218 3650 non
3272 3595 3618 3651 emendatam

2040 3693 2215 3750 fuisse
2242 3713 2257 3760 ;
2294 3695 2387 3749 sed
2437 3703 2494 3750 et
2522 3696 2815 3768 σφάλματα
2857 3703 2911 3749 et
2937 3699 3305 3764 praeposterus
3334 3688 3617 3752 lectiones,

2039 3800 2164 3853 quae
2190 3784 2243 3837 in
2274 3786 2675 3855 exemplaribus
2698 3784 2808 3839 τῶν
2837 3786 2894 3839 O'
2922 3784 3247 3845 exstabant,
3287 3779 3493 3834 intacta
3542 3778 3616 3834 lbi

2040 3878 2409 3942 remansisse,
2456 3885 2515 3931 ut
2561 3877 2798 3948 quisque
2845 3874 3281 3932 animadvertere
3335 3871 3509 3942 possit
3558 3871 3616 3924 in

2040 3968 2187 4023 notis
2214 3970 2436 4024 nostris.
2478 3965 2834 4038 Exploratum
2869 3968 3055 4038 itaque
3099 3972 3184 4020 est
3219 3974 3428 4019 textum
3469 3958 3616 4015 LXX

2040 4054 2400 4127 lnterpretum
2428 4058 2483 4112 in
2512 4057 2781 4128 Tetraplis
2803 4073 2911 4113 non
2937 4056 3283 4110 emendatum
3301 4052 3493 4117 fuisse,
3521 4051 3615 4107 sed

2040 4158 2234 4222 postea
2267 4155 2321 4203 in
2351 4148 2606 4220 llexaplis
2636 4150 2691 4204 id
2745 4150 3065 4219 praastitisse
3106 4145 3417 4214 Origenem.
3470 4142 3618 4209 Qua-

2040 4255 2262 4313 propter
2282 4243 2372 4297 ubi
2402 4243 2468 4297 de
2489 4243 2822 4296 emendanda
2844 4238 2988 4298 LXX
3008 4240 3362 4308 luterpretum
3381 4237 3617 4291 lectione

2040 4337 2219 4405 agitur
2277 4333 2417 4403 apud
2467 4341 2719 4396 veteres,
2775 4330 3016 4400 Hexapla
3070 4344 3306 4399 semper,
3360 4325 3614 4397 Tetrale

2039 4442 2316 4497 nunquam
2351 4425 2607 4480 citantur.
2636 4422 2776 4479 Hinc
2796 4433 2977 4478 autem
3008 4422 3273 4491 liquidum
3310 4430 3397 4476 est
3423 4419 3616 4475 Tetra-

358 4518 408 4573 oi
439 4518 625 4582 παῖδές
657 4534 752 4573 σου
794 4521 853 4575 ἐν
884 4522 955 4593 τῇ
990 4522 1189 4596 Γεσὲμ,
1233 4527 1563 4587 συνάπτεται
1599 4533 1663 4585 τὸ
1683 4573 1698 4596 ,
1722 4529 1858 4587 Eine
1879 4534 1937 4588 δὲ

2043 4520 2127 4593 pla
2160 4518 2313 4588 prius
2334 4532 2499 4587 quam
2533 4514 2758 4585 Octapla
2781 4518 2924 4570 edita
2949 4516 3119 4570 fuisse
3145 4532 3159 4569 :
3190 4530 3315 4570 nam
3358 4515 3402 4569 si
3431 4512 3614 4569 Hexa-

358 4609 559 4680 Φαραὼ
583 4609 661 4681 τῷ
700 4612 918 4684 Ἰωσὴφ,
952 4618 1360 4687 κατοικήτωσαν
1389 4624 1447 4674 ὲν
1466 4626 1537 4694 γῇ
1564 4624 1760 4696 Γεσὲμ.
1791 4625 1854 4679 Et
1877 4626 1937 4681 δὲ

359 4700 577 4773 iniam,
604 4702 685 4755 ὃτι
708 4704 845 4757 εἰσιν
869 4706 928 4759 ἑν
956 4707 1162 4772 αὐτοῖς.
1188 4708 1305 4765 Hoc
1336 4722 1422 4767 est
1449 4732 1463 4767 :
1497 4713 1935 4790 Quandoquidem

358 4791 415 4848 in
450 4790 731 4861 Tetraplis,
767 4797 906 4851 unde
922 4800 1190 4868 exemplar
1212 4811 1601 4873 transumptum
1626 4818 1726 4874 est,
1754 4824 1937 4865 secun-

356 4884 486 4944 dum
510 4886 695 4941 seriem
725 4886 977 4945 Hebraiei
1002 4896 1335 4965 aliarumque
1364 4896 1657 4952 editionum
1690 4902 1930 4955 ostendi-

359 4983 469 5039 tur,
524 4974 871 5049 Septuaginta
909 4981 1266 5055 lnterpretum
1317 4988 1597 5044 editionem
1647 4992 1849 5062 aliquot
1879 4994 1933 5048 in

357 5068 492 5127 locis
520 5074 899 5143 transpositam
925 5075 1132 5145 fuisse;
1167 5078 1245 5135 ita
1287 5088 1346 5132 ut
1377 5095 1496 5150 quis
1528 5083 1710 5150 priora
1757 5095 1931 5150 erant,

357 5162 658 5228 posterius;
684 5179 800 5233 quc
847 5166 1159 5236 posteriora,
1205 5169 1354 5238 prius
1400 5169 1703 5227 locarentur
1744 5188 1764 5227 :
1792 5176 1933 5245 quod

358 5248 454 5304 που
498 5253 661 5307 etiam
685 5255 800 5309 loco
830 5258 1087 5313 accidisse
1134 5259 1577 5329 deprehenditur;
1607 5264 1726 5318 ideo
1756 5282 1932 5321 veram

356 5342 545 5394 seriem
582 5343 665 5397 hic
702 5348 1065 5415 opposuimus,
1112 5364 1230 5421 qua:
1261 5351 1340 5406 sic
1370 5350 1545 5407 habet.
1590 5351 1692 5409 His
1720 5355 1887 5410 verbis
1913 5399 1929 5425 ,

355 5427 736 5521 llabita-bimus
764 5437 917 5504 pueri
945 5438 1027 5493 tui
1059 5440 1115 5493 in
1140 5449 1284 5495 terra
1322 5441 1518 5521 Cesem
1540 5483 1555 5507 ,
1594 5444 1935 5518 subjungitur

356 5519 521 5574 illud:
541 5519 686 5583 Dixit
712 5534 892 5581 autem
914 5524 1130 5586 Pharao
1150 5528 1350 5602 Ioseph
1375 5546 1392 5586 :
1425 5519 1681 5590 Habitent
1706 5536 1764 5591 in
1787 5548 1929 5594 terra

355 5610 571 5670 Gesem.
626 5615 685 5671 Si
721 5629 903 5673 autem
955 5623 1211 5688 noveris,
1244 5624 1392 5694 quod
1423 5625 1535 5681 sint
1587 5628 1643 5682 in
1690 5630 1791 5692 eis.
1819 5638 1925 5687 etc.

354 5701 529 5769 Quam
577 5718 760 5765 notam
811 5720 872 5765 ut
900 5721 1046 5769 recte
1094 5714 1385 5789 intelligas,
1434 5722 1703 5793 virgulam
1754 5739 1929 5793 ponas

354 5803 563 5865 oportet
592 5806 715 5871 post
744 5814 929 5857 vocem
952 5803 1282 5882 μετελήφθη,
1302 5810 1451 5867 itaut
1470 5813 1749 5884 sequentia
1778 5815 1913 5887 πρὸς

2038 4615 2127 4682 pla
2153 4628 2278 4667 cum
2310 4611 2554 4667 editione
2586 4611 2794 4666 scilicet
2822 4610 2913 4663 illa
2934 4608 3043 4663 τῶν
3066 4611 3121 4663 O’
3157 4624 3186 4663 a
3223 4608 3436 4663 mendis
3482 4623 3611 4678 pur-

2035 4716 2178 4775 gata,
2206 4702 2360 4773 prius
2386 4702 2649 4758 edidisset
2690 4701 2988 4770 Origenes;
3035 4716 3102 4757 an
3138 4701 3393 4755 credatur
3430 4700 3607 4770 ipsum

2033 4806 2223 4867 postea
2253 4812 2378 4853 cum
2405 4794 2655 4864 Tetrapla
2681 4793 2890 4857 ederet,
2927 4794 3093 4847 missa
3130 4793 3220 4847 illa
3263 4808 3425 4865 quam
3457 4802 3611 4850 tanto

2032 4890 2223 4944 labore
2246 4888 2649 4943 emaculaverat
2673 4884 2966 4956 llexaplari
2998 4885 3254 4951 editione,
3298 4886 3461 4941 aliam
3526 4886 3611 4941 in-

2032 4984 2380 5040 emendatam
2410 4993 2464 5039 et
2481 4984 2677 5040 erratis
2708 4983 2924 5053 plenam
2950 4980 3299 5051 posuisseild
3322 4990 3468 5035 certe
3481 4996 3606 5037 cum

2031 5089 2182 5134 recta
2210 5080 2421 5135 ratione
2453 5086 2763 5149 pugnaret:
2805 5084 2860 5130 et
2894 5085 3154 5146 praeterea
3189 5074 3343 5130 locus
3386 5072 3607 5129 Eusebii

2033 5187 2194 5244 quem
2220 5186 2384 5240 supra
2407 5169 2820 5239 descripsimus,
2845 5182 3054 5223 necnon
3077 5181 3313 5236 sequens
3332 5164 3604 5237 Origcnis.

2030 5264 2085 5319 id
2130 5274 2314 5333 aperte
2362 5269 2607 5316 narrant.
2643 5259 2767 5315 Hzec
2813 5268 2995 5314 autem
3052 5258 3301 5330 pluribus
3331 5258 3604 5329 prosecuti

2036 5369 2250 5421 sumus,
2275 5353 2401 5423 quia
2432 5352 2702 5407 Henricus
2731 5349 2982 5406 Valesius
3004 5350 3181 5405 locum
3219 5347 3440 5404 Eusebii
3482 5364 3605 5420 per-

2034 5461 2221 5518 peram
2255 5446 2664 5516 interpretatus,
2702 5442 2879 5499 doctis
2904 5441 3115 5513 aliquot
3141 5440 3273 5497 viris
3304 5442 3491 5497 fucum
3520 5439 3605 5498 fe-

2028 5545 2199 5593 cerat.

2206 5624 2295 5682 lV.
2334 5624 2453 5695 Quo
2487 5634 2712 5691 tempore
2741 5622 2985 5693 Hexapla
3012 5623 3417 5677 concinnaverit.

2102 5715 2179 5774 De
2223 5725 2463 5785 tempore
2507 5729 2619 5784 quo
2672 5710 2909 5782 Hexapla
2960 5712 3247 5766 adornavit
3293 5712 3591 5783 Origenes.

2033 5825 2259 5883 prorsus
2291 5809 2573 5867 ἀσύστατα
2604 5816 2789 5865 narrat
2822 5806 3180 5880 Epiphanius,
3208 5809 3301 5879 qui
3333 5809 3429 5878 ait,
3463 5806 3592 5865 οτι.
