4064 6262
328 354 395 407 25
1565 355 1634 411 IN
1671 354 1997 413 HEXAPLA
2034 354 2375 413 ORIGENIS.
3526 352 3594 407 26

329 484 514 543 genem
542 485 575 525 a
603 476 859 542 tempore
888 472 1039 530 Decii
1072 474 1140 530 ad
1166 489 1341 545 usque
1368 473 1661 545 imperium
1690 475 1829 531 Galli
1862 484 1917 531 et
1946 483 1989 540 Α
2022 475 2335 549 Symmachi
2364 475 2760 543 interpretatio.
2790 468 3029 526 Eusebio
3055 467 3241 523 itidem
3266 466 3592 538 astipulatur

330 560 613 618 Volusiani
666 571 723 617 et
772 564 918 621 ultra
970 566 1268 623 ﬂoruisse:
1319 581 1387 623 ac
1434 567 1489 621 in
1534 568 1916 637 persecutione

332 654 474 711 Decii
508 656 682 710 multa
721 672 948 726 passum
973 696 991 723 ,
1035 673 1214 729 neque
1247 668 1425 715 tamen
1474 658 1736 730 martyrio
1780 673 1914 713 con-

327 754 688 810 summatum,
723 744 1032 803 Caesaream
1071 750 1452 805 concessisse:
1487 749 1615 804 inde
1638 748 1915 822 Jerosoly-

2014 566 2384 639 Epiphanius,
2428 566 2677 622 scribens
2722 561 2916 619 haaresi
2959 576 3120 625 inv,
3148 573 3270 629 cap.
3308 558 3376 625 3,
3403 558 3591 631 Orige-

2015 673 2139 713 nem
2189 658 2601 713 lucubrationes
2635 668 2767 709 suas
2810 653 2867 707 in
2919 651 3301 720 Scripturam,
3350 649 3591 720 impulsu

2013 748 2290 804 Ambrosii
2320 757 2623 819 susceptas,
2647 748 2715 801 ab
2746 743 3003 814 Hexaplis
3025 742 3196 798 fuisse
3215 742 3587 812 auspicatum:

329 850 518 902 mam,
563 848 755 915 postea
818 836 1067 910 Tyrum:
1121 840 1248 904 ubi.
1297 841 1475 911 pergit
1520 840 1642 904 ille,
1684 850 1810 896 octo
1860 851 1888 895 ε

2013 840 2088 894 Τὸ
2113 840 2361 913 πρῶτον,
2399 839 2605 909 inquit,
2644 833 2807 891 αὐτοῦ
2856 833 3131 905 ἐπιμελῶς
3169 824 3593 906 ἐφιλοτιμήσατο

325 925 519 995 viginti
564 942 836 983 annorum
871 931 1048 999 spatio
1090 940 1371 997 moratus.
1412 930 1653 1003 chapla
1688 946 1913 1003 compo-

324 1019 457 1073 suit.
489 1016 617 1074 Haec
648 1017 1015 1090 Epiphanius,
1046 1025 1142 1095 qui
1182 1024 1383 1079 mirum
1419 1033 1684 1095 quantum
1718 1039 1747 1079 a
1780 1038 1912 1079 vero

321 1110 680 1168 aberraverit.
706 1111 843 1169 Nam
870 1130 1017 1179 cum,
1045 1114 1281 1171 Eusebio
1309 1124 1467 1181 teste,
1500 1113 1764 1186 Origenes
1803 1115 1910 1170 im-

320 1204 643 1272 perantibus
686 1203 844 1261 Callo
897 1204 1303 1271 etVolusiano,
1359 1208 1454 1277 qui
1506 1223 1652 1261 anno
1702 1205 1910 1262 Christi

315 1294 426 1352 254
454 1296 584 1351 ι·εεί
616 1305 767 1361 sunt,
802 1296 1025 1363 obierit,
1083 1298 1171 1352 vix
1221 1300 1399 1368 potuit
1451 1309 1574 1369 post
1605 1296 1751 1353 Decii
1781 1315 1907 1368 per-

317 1388 660 1442 secutionem
719 1378 846 1442 anni
888 1387 992 1443 251
1053 1389 1229 1445 tribus
1285 1390 1447 1444 annis
1498 1390 1720 1447 vixisse.
1775 1388 1907 1447 June

312 1476 487 1549 igitur
512 1479 869 1535 doctissimus
916 1479 1429 1553 illustrissimusque
1469 1481 1734 1549 iluctius,
1765 1485 1907 1554 reje-

311 1570 423 1625 ctis
453 1568 744 1640 Epiphanii
789 1571 958 1636 notis,
982 1572 1201 1628 aliunde
1240 1572 1510 1629 calculum
1549 1581 1736 1645 petere
1780 1576 1908 1631 niti-

310 1672 404 1719 tur
418 1679 438 1719 :
455 1671 625 1732 utque
642 1663 1069 1733 probabiliorem
1090 1680 1152 1721 ea
1169 1666 1237 1721 de
1259 1681 1318 1722 re
1337 1668 1901 1737 statuatsententiain,

307 1755 379 1810 ad
407 1763 627 1825 tempus
653 1753 938 1811 Maximini
964 1773 1102 1826 opus
1140 1756 1506 1830 Hexaplorum
1544 1770 1802 1815 revocat:
1836 1777 1901 1816 ac

2013 934 2341 1000 συναγαγεῖν
2364 928 2475 983 τῶν
2507 928 2566 995 ἒξ
2588 927 2916 1000 ἑρμηνειῶν.
2960 926 3126 996 Atqui
3165 936 3297 983 tunc
3327 926 3591 997 temporis

2010 1020 2357 1076 Alexandriae
2400 1022 2744 1075 versabatur.
2800 1016 3158 1087 itetorquehit
3203 1019 3587 1088 argumentum

2009 1106 2211 1177 aliquis
2235 1148 2248 1169 .
2274 1116 2331 1162 et
2367 1106 2546 1174 dicet,
2578 1108 2682 1162 hoc
2722 1115 2963 1176 tempore
2992 1121 3086 1161 sex
3112 1106 3588 1175 interpretationes

2009 1195 2063 1249 in
2096 1210 2266 1250 unum
2292 1196 2550 1267 colligere
2576 1211 2684 1250 non
2704 1197 2948 1265 potuisse
2971 1192 3281 1265 Origenetn,
3302 1196 3395 1265 qui
3419 1195 3585 1250 etiam

2009 1296 2125 1342 tum
2177 1286 2491 1360 Symmachi
2544 1288 2993 1357 interpretatione
3034 1297 3088 1342 et
3135 1287 3372 1342 editione
3419 1286 3584 1345 Sexta

2009 1389 2243 1436 careret.
2282 1378 2602 1450 Respondeo
2648 1376 3013 1449 Hexaplorum
3055 1377 3583 1448 coagmentationem

2005 1478 2188 1524 mente
2221 1468 2602 1539 praeformasse
2629 1468 2834 1539 ipsum,
2879 1483 3004 1522 cum
3033 1476 3179 1523 esset
3202 1466 3581 1533 Alexandriae,

2006 1573 2115 1612 non
2152 1558 2272 1628 ipsa
2310 1568 2715 1628 coagmentasse
2738 1596 2755 1620 ,
2802 1572 2927 1613 cum
2957 1556 3201 1611 nondum
3247 1556 3583 1627 exemplaria

2004 1647 2233 1705 haberet
2254 1649 2323 1704 ad
2345 1665 2567 1704 manum
2590 1667 2605 1704 :
2633 1650 2728 1705 sed
2754 1650 2867 1721 jam
2892 1647 3016 1703 inde
3039 1647 3173 1718 ipsis
3191 1648 3584 1719 investigandis

2004 1756 2225 1809 operam
2252 1742 2489 1797 dedisse.
2522 1738 2711 1810 Itaque
2737 1756 2847 1795 non
2878 1740 3013 1796 dicit
3039 1739 3379 1811 Epiphanius
3417 1743 3583 1817 συνῆ·

308 1845 583 1903 Caesarea
610 1847 928 1903 inchoatum
958 1886 977 1914 ,
1028 1847 1157 1922 Tyri
1180 1828 1361 1906 autem
1402 1850 1700 1923 perfectum
1733 1851 1888 1907 fuisse

2003 1852 2207 1906 γαγενς
2237 1838 2351 1904 sed,
2386 1838 2809 1909 ἐφιλοτιμήσατο
2836 1839 3181 1906 συναγαγεῖν.
3220 1855 3242 1889 ιι

303 1938 586 2008 opinatur.
648 1938 725 1995 De
747 1947 903 1996 tanto
945 1950 1128 1998 autem
1167 1942 1380 1999 edendo
1414 1959 1577 2014 opere
1616 1945 1730 2015 jam
1773 1953 1904 2001 tunc
1972 1966 1977 1971 δ

300 2029 582 2100 cogitasse
608 2027 898 2100 Origenem
927 2041 1104 2101 putat,
1132 2049 1259 2089 cum
1286 2033 1629 2090 Alexandria
1658 2051 1903 2091 versare-

302 2126 433 2173 tur:
457 2118 769 2190 ibidemque
795 2123 1087 2178 nonnullas
1107 2122 1404 2193 Scriptura
1425 2126 1902 2195 interpretationes

299 2209 595 2281 collegisse
618 2212 1056 2284 contulisseque:
1076 2231 1197 2286 quae
1231 2215 1402 2273 totius
1422 2227 1713 2273 structura:
1734 2218 1899 2273 veluti

298 2300 615 2356 rudimenta
664 2304 854 2358 haberi
913 2314 1213 2374 poterant;
1274 2307 1470 2362 deinde
1523 2306 1784 2365 Caesareae
1840 2309 1897 2363 in

297 2388 647 2461 Cappadocia
672 2392 751 2447 rei
778 2394 923 2449 serio
944 2410 1163 2450 manum
1193 2395 1540 2461 admovisse;
1568 2398 1899 2469 demumque

298 2478 434 2553 Tyri
457 2482 778 2540 absolvisse.
807 2482 900 2541 Sic
917 2485 1006 2541 ille
1035 2484 1486 2559 Origem‘anorum
1507 2488 1602 2544 lib.
1626 2505 1666 2555 ι,
1690 2506 1813 2562 cap.
1837 2491 1894 2559 ὃ,

289 2586 435 2628 num
460 2571 516 2627 2.
546 2572 680 2644 Ejus
703 2577 868 2631 verba
913 2575 1120 2632 referre
1148 2593 1257 2633 non
1288 2580 1511 2649 pigebit.

371 2682 397 2717 ι
442 2663 821 2735 Tetraplorum
851 2676 909 2723 et
934 2666 1299 2741 ﬂexaplorum
1322 2710 1337 2735 ,
1366 2687 1604 2742 quorum
1651 2674 1889 2729 mentio-

288 2770 428 2811 nem
466 2754 599 2811 fecit
649 2755 921 2814 Eusebius
961 2759 1059 2815 lib.
1106 2777 1160 2816 vi
1211 2760 1456 2829 Hirtam,
1496 2780 1617 2835 cap.
1662 2766 1748 2830 i6,
1800 2768 1890 2822 cui

290 2849 535 2917 tempori
568 2848 914 2920 adiungenda
946 2855 1018 2908 sit
1053 2851 1385 2924 descriptio,
1429 2865 1670 2913 statuere
1701 2874 1889 2929 prom-

282 2951 452 3009 ptum
491 2954 601 2993 non
626 2947 729 2995 est.
762 2934 990 2997 Factum
1033 2943 1087 2999 id
1124 2944 1435 3016 significare
1468 2950 1683 3005 videtur
1716 2950 1888 3006 Euse-

286 3027 427 3083 bius
469 3030 645 3084 multo
686 3042 976 3102 antequam
1009 3034 1342 3091 Alexandria
1384 3038 1648 3112 Origenes
1691 3058 1884 3099 exces-

284 3120 499 3186 sisset,
530 3131 661 3177 tunc
691 3123 951 3179 nimirum
997 3141 1124 3181 cum
1167 3127 1522 3187 Ambrosium
1558 3134 1625 3188 ad
1677 3134 1880 3194 Christi

282 3212 463 3267 ﬁdem
506 3215 881 3271 convertebat.
933 3216 1273 3297 Epiphanius
1321 3232 1504 3279 autem
1550 3225 1677 3297 Tyri
1727 3227 1883 3283 lucu-

279 3305 453 3358 brata
482 3320 546 3359 ea
589 3321 698 3361 non
739 3308 906 3362 semel
934 3313 1286 3369 asseveravit.
1320 3314 1437 3386 Ego
1462 3333 1590 3372 vero
1621 3318 1769 3373 aliud
1802 3319 1879 3376 rei

280 3394 423 3449 huic
469 3404 687 3466 tempus
717 3398 938 3468 deputo,
989 3403 1210 3470 quando
1250 3406 1494 3475 scilicet,
1529 3406 1881 3467 Christianos

283 3496 529 3541 vexante
570 3485 900 3548 Maximino.
925 3490 1231 3550 Ctesaream
1261 3496 1621 3568 Cappadociae
1659 3502 1725 3556 ad
1757 3502 1879 3557 Fir-

280 3577 583 3633 milianum
617 3580 865 3652 confugit
903 3581 1187 3656 Origenes.
1221 3588 1266 3641 A
1310 3587 1527 3645 Juliana
1560 3594 1704 3663 enim
1745 3594 1881 3650 libe-

273 3670 475 3725 raliter
493 3683 756 3743 exceptus
782 3684 835 3729 et
860 3677 1021 3731 domo
1051 3686 1107 3732 et
1136 3680 1460 3736 bibliotheca
1488 3698 1518 3737 a
1544 3682 1878 3755 Symmacho

273 3759 417 3814 olim
472 3762 743 3817 instructa
771 3803 789 3827 ,
840 3766 907 3820 ad
952 3782 1076 3822 eam
1125 3769 1323 3824 deinde
1372 3770 1708 3829 hereditatis
1751 3775 1875 3845 jure

273 3853 647 3919 transmissa,
680 3866 874 3912 nactus
907 3859 1019 3915 illic
1049 3870 1133 3915 est
1166 3859 1463 3931 Scriptum
1492 3881 1665 3920 saci-a:
1690 3882 1876 3923 exem-

272 3943 459 4014 plaria
480 3985 496 4009 ,
523 3946 723 4015 quibus
759 3963 894 4004 usus
936 3948 1115 4006 fuerat
1142 3951 1528 4023 Symmachus.
1576 3953 1715 4012 Tum
1746 3973 1874 4012 vero

272 4032 506 4088 Codices
539 4036 717 4103 ipsum
763 4038 1078 4095 conﬂixisse
1124 4042 1267 4096 inter
1314 4059 1374 4098 se
1427 4055 1480 4100 et
1519 4046 1874 4116 coniunxisse

270 4122 569 4191 probabile
596 4133 720 4180 est:
758 4128 853 4181 sed
885 4144 1010 4183 cum
1047 4129 1356 4186 institutum
1387 4148 1528 4203 opus
1569 4151 1667 4205 per
1697 4153 1874 4209 angu-

270 4217 417 4271 stias
462 4218 724 4286 temporis
754 4219 828 4273 ihi
858 4220 1141 4278 absolvere
1173 4238 1279 4277 non
1322 4234 1530 4294 posset,
1557 4242 1870 4297 supremam

273 4304 387 4374 ipsi
433 4320 658 4361 manum
702 4309 757 4363 in
796 4311 910 4364 otio
947 4310 1114 4383 Tyrio
1159 4314 1507 4384 imposuisse.
1554 4315 1675 4374 Non
1721 4322 1869 4390 quod

271 4398 348 4451 de
380 4396 449 4453 iis
479 4400 746 4469 cogitasse
774 4399 1069 4473 Origeuem
1102 4414 1217 4461 tum
1246 4407 1481 4477 primum
1516 4422 1700 4480 putem
1727 4430 1741 4478 ;
1771 4414 1869 4469 sed

2076 1928 2168 1983 Sic
2216 1930 2301 1983 vir
2345 1929 2755 1986 eruditissimus
2788 1928 3102 1999 opinionem
3145 1945 3303 1984 suam
3334 1943 3585 1988 asserere

2001 2019 2218 2075 nititur.
2259 2019 2359 2075 His
2389 2028 2570 2075 autem
2619 2028 2888 2091 repugnat
2916 2018 3302 2077 Tillemontius
3322 2062 3338 2086 ,
3367 2022 3463 2094 qui
3492 2030 3580 2079 ta-

2000 2128 2125 2167 men
2158 2124 2213 2168 et
2239 2114 2355 2183 ipse
2381 2114 2539 2185 quasi
2570 2113 2893 2169 hariolando
2925 2129 3041 2168 rem
3071 2113 3143 2169 ita
3172 2123 3489 2186 pertractat,
3518 2124 3583 2174 ut

1998 2205 2199 2264 dubius
2244 2205 2417 2260 lector
2462 2205 2673 2274 ignoret
2706 2205 2797 2260 ubi
2835 2204 2965 2276 ligat
2993 2204 3208 2277 pedem.
3251 2205 3385 2279 Ejus
3412 2207 3577 2266 verba

1998 2301 2079 2355 sic
2107 2297 2299 2352 Latina
2331 2294 2582 2351 facimus.

2073 2405 2094 2441 ι
2128 2386 2261 2442 Post
2287 2383 2566 2442 Valesium
2613 2384 2840 2443 liuetius
2873 2386 3149 2442 existimat
3180 2384 3420 2457 ﬂexapla
3448 2383 3577 2443 0n“-

1996 2495 2187 2551 genem
2220 2479 2461 2535 edidisse
2494 2488 2786 2550 antequam
2817 2479 3068 2551 Tetrapla
3106 2480 3483 2538 concinnaret.
3514 2479 3573 2536 Si

1994 2571 2068 2627 ita
2117 2585 2177 2626 se
2223 2586 2314 2626 res
2345 2571 2576 2638 habeat,
2621 2587 2732 2627 non
2782 2573 2960 2644 potuit
3010 2572 3275 2645 Origenes
3320 2571 3576 2644 ﬂexaplis

1994 2677 2217 2718 manum
2256 2663 2551 2717 admovere
2582 2673 2875 2733 antequam
2907 2663 3293 2720 Alexandriam
3328 2679 3389 2721 se
3436 2666 3576 2722 reci-

1992 2766 2167 2827 peret,
2208 2756 2354 2826 quod
2382 2754 2579 2811 accidit
2609 2770 2754 2809 anno
2779 2756 2906 2821 231,
2938 2756 3380 2827 quandoquidem
3409 2754 3576 2814 Sexta

1989 2849 2206 2914 versio,
2235 2862 2401 2918 quam
2442 2847 2495 2902 in
2540 2845 2797 2918 Hexaplis
2831 2848 3065 2913 locavit,
3097 2861 3244 2902 anno
3274 2847 3573 2904 Alexandri

1991 2935 2176 2992 Severi
2209 2939 2471 3009 septimo,
2515 2951 2575 2993 ut
2604 2946 2790 2993 narrat
2819 2936 3178 3007 Epiphanius,
3207 2948 3420 3009 reperta
3451 2946 3573 3005 est.

1992 3030 2047 3084 id
2076 3040 2160 3084 est
2196 3045 2345 3084 anno
2375 3028 2581 3084 Christi
2610 3029 2737 3094 228,
2764 3029 2848 3083 vel
2880 3029 3093 3083 tantillo
3119 3037 3280 3085 antea
3303 3035 3569 3100 tempore.

1986 3122 2125 3177 Cum
2155 3130 2336 3176 autem
2371 3119 2668 3191 Septimam
2703 3134 2923 3190 quoque
2955 3121 3249 3175 editionem
3270 3161 3285 3185 ,
3316 3134 3441 3191 qua
3465 3135 3571 3176 suo

1986 3213 2100 3267 ha'c
2132 3221 2341 3283 reperta
2373 3212 2506 3279 fuit,
2545 3213 2598 3265 in
2626 3209 2885 3281 Hexaplis
2912 3212 3193 3281 posuerit,
3219 3225 3287 3266 ac
3313 3212 3481 3268 variis
3508 3226 3569 3266 a-

1982 3308 2185 3377 gitatus
2229 3306 2497 3377 negotiis,
2543 3315 2833 3376 antequam
2876 3304 3179 3362 Ctesaream
3222 3313 3429 3376 peteret
3454 3320 3563 3363 uo-i

1983 3407 2071 3453 sat
2099 3399 2195 3453 otii
2225 3408 2420 3453 nactus
2457 3396 2626 3452 fuisse
2657 3397 2943 3464 videatur;
2977 3397 3089 3451 veri
3115 3413 3250 3453 sane
3273 3398 3450 3453 simile
3473 3406 3561 3455 est

1978 3504 2103 3543 eum
2138 3490 2192 3543 in
2224 3490 2326 3544 hac
2368 3488 2502 3543 urbe
2538 3487 2779 3558 Hexapla
2809 3502 3067 3541 exorsum
3092 3504 3233 3543 esse.
3266 3486 3392 3545 Haec
3432 3504 3562 3543 vero

1979 3582 2242 3650 temporis
2273 3580 2411 3635 ratio
2440 3596 2565 3634 cum
2599 3577 2887 3649 Epiphanii
2922 3580 3235 3635 narratione
3268 3580 3564 3635 convenire

1979 3671 2213 3737 videtur,
2233 3671 2327 3740 qui
2345 3670 2421 3725 ait
2442 3672 2619 3740 ipsum
2645 3668 2884 3738 Hexapla
2911 3684 3167 3724 exorsum
3195 3685 3317 3725 esse
3341 3671 3564 3740 quando

1978 3760 2180 3834 Tyrum
2212 3777 2274 3818 se
2300 3764 2544 3832 recepit;
2580 3769 2635 3816 et
2665 3761 2855 3832 viginti
2891 3770 3017 3820 octo
3050 3763 3210 3817 annis
3253 3762 3382 3817 huic
3411 3763 3562 3832 operi

1975 3854 2283 3910 insudasse.
2319 3852 2519 3910 Verum
2550 3863 2611 3908 ut
2639 3855 2755 3909 haec
2779 3855 3081 3911 consistere“
3105 3863 3353 3925 possent,
3383 3870 3563 3912 annos

1974 3944 2279 4000 octodecim
2310 3960 2410 4013 pro
2440 3944 2633 4015 viginti
2663 3954 2789 3999 octo
2825 3945 3109 4015 legendum
3154 3955 3332 4010 esset,
3362 3955 3418 4000 et
3457 3961 3557 4017 pro

1975 4034 2119 4106 Tyro
2154 4034 2462 4089 Caesaream
2501 4035 2944 4090 substitueudum
2990 4034 3172 4091 foret:
3216 4037 3309 4090 ubi
3343 4037 3561 4094 videtur

1972 4126 2235 4199 Origenes
2268 4127 2453 4183 sedem
2485 4128 2737 4198 posuisse
2764 4128 2834 4182 ab
2863 4143 3009 4183 anno
3037 4128 3137 4183 251
3174 4130 3241 4183 ad
3266 4128 3394 4184 250.
3422 4128 3562 4186 Nam

1973 4221 2020 4274 si
2052 4219 2171 4273 vita:
2199 4218 2397 4273 seriem
2426 4220 2699 4286 attendas,
2729 4221 2911 4274 statim
2938 4221 3092 4276 dicas
3115 4222 3405 4290 Origenem
3446 4237 3558 4281 non

1969 4311 2216 4382 potuisse
2238 4308 2369 4382 Tyri
2400 4325 2577 4366 annos
2597 4310 2668 4365 28
2691 4313 3049 4367 commorari:
3077 4312 3355 4384 multoque
3374 4316 3562 4372 minus

1971 4402 2055 4458 be
2087 4400 2268 4474 Tyriae
2310 4418 2480 4458 mora:
2529 4412 2653 4471 post
2695 4401 2845 4458 Decii
2889 4404 3321 4472 persecutionem
3368 4405 3557 4460 cousi-

268 4488 625 4586 Alexandriae
659 4490 893 4550 fortasse
925 4494 1078 4565 prius
1109 4500 1294 4553 animo
1324 4499 1646 4567 informata,
1679 4504 1865 4561 Caesa-

1987 4494 2126 4564 ;nari
2152 4502 2403 4564 possnnt.
2429 4493 2484 4548 id
2518 4493 2647 4549 licet
2681 4492 2874 4548 fecerit
2905 4494 3273 4564 Epiphanius:
3304 4496 3557 4565 quando-

272 4592 385 4633 ηε
408 4578 768 4649 Cappadociae
798 4584 1071 4652 inchoata,
1096 4586 1325 4645 Athenis
1348 4599 1402 4645 et
1423 4590 1683 4649 Cresareae
1713 4596 1862 4651 Stra-

275 4675 425 4727 tonis
468 4672 680 4752 ali’ecta,
718 4692 785 4731 ac
828 4676 952 4749 Tyri
990 4680 1209 4735 demum
1256 4684 1495 4739 arbitror
1538 4686 1709 4744 fuisse
1741 4707 1863 4759 per-

272 4760 439 4815 tecta.
477 4761 554 4818 Ita
588 4762 828 4821 Eusebio
874 4768 1198 4824 conciliatur
1232 4770 1591 4844 Epiphanius,
1622 4793 1859 4847 quorum

274 4851 373 4907 ille
402 4852 645 4925 aliquam
693 4856 750 4911 in
786 4860 1185 4918 concinnandis
1215 4862 1473 4935 Hexaplis
1517 4866 1863 4927 Alexandria;

275 4957 502 5012 operam
536 4944 606 5000 ab
632 4943 867 5019 Origene
889 4951 1123 5018 positam
1155 4953 1365 5009 videtur
1390 4957 1735 5028 signiﬁcare;
1771 4961 1860 5018 hic

271 5033 405 5108 Tyri
438 5034 612 5093 fuisse
634 5043 936 5110 composita
972 5054 1157 5111 aperte
1184 5044 1380 5113 docet;
1410 5050 1556 5119 quod
1588 5051 1662 5105 ita
1700 5054 1861 5107 intel-

269 5128 555 5199 ligendum
588 5140 693 5197 est,
728 5147 839 5191 :‘on
866 5132 992 5205 Tyri
1025 5135 1201 5191 solum
1236 5154 1301 5192 ea
1332 5140 1647 5196 elaborasse
1673 5142 1863 5216 Orige-

270 5235 424 5286 ηοω,
453 5221 547 5276 sed
574 5223 629 5275 in
663 5222 732 5279 iis
756 5224 920 5279 etiam
949 5226 1087 5282 locis
1110 5226 1165 5281 in
1196 5230 1397 5302 quibus
1437 5244 1561 5287 octo
1585 5245 1639 5289 et
1669 5234 1859 5306 viginti

272 5319 402 5365 ante
436 5322 670 5368 mortem
706 5316 868 5371 annis
904 5326 1156 5378 versatus
1184 5331 1305 5386 est,
1337 5335 1476 5391 quos
1511 5320 1638 5395 Tyri
1668 5336 1856 5382 trans-

1967 4586 2187 4655 quidem
2220 4583 2481 4656 Origenes
2509 4593 2631 4655 post
2653 4602 2774 4639 eam
2807 4586 3240 4656 persecutionem
3269 4588 3360 4641 vix
3388 4587 3559 4644 trien-

1963 4679 2056 4732 nio
2089 4679 2247 4733 vixit.
2298 4676 2498 4733 Verum
2538 4678 2643 4733 hoc
2683 4679 2859 4748 posito
2906 4694 3091 4733 rerum
3140 4686 3555 4751 temporumque

1962 4772 2176 4838 ordine,
2208 4772 2399 4844 ingens
2427 4772 2556 4825 hinc
2584 4772 2761 4826 oritur
2787 4769 3097 4837 diliicultas,
3126 4773 3272 4843 quod
3305 4773 3557 4828 videatur

1961 4864 2223 4936 Origenes
2249 4865 2361 4935 jam
2398 4862 2637 4933 llexapla
2656 4863 2738 4917 vel
2756 4861 3009 4933 Tetrapla
3043 4879 3143 4919 sua
3172 4864 3409 4921 edidisse
3426 4880 3553 4921 cum

1962 4954 2107 5010 Julio
2154 4955 2416 5011 Africano
2463 4956 2721 5027 scripsit,
2749 4969 2874 5026 quae
2916 4964 3098 5010 tamen
3145 4956 3378 5027 epistola
3405 4972 3556 5015 anno

1962 5046 2070 5101 228
2099 5049 2224 5102 data
2257 5049 2429 5104 fuisse
2454 5047 2688 5104 videtur.
2714 5047 2771 5102 lu
2804 5048 2897 5102 illa
2921 5049 3129 5121 quippe
3147 5048 3375 5119 epistola
3406 5047 3555 5105 Afri-

1961 5156 2102 5195 cano
2132 5152 2319 5197 narrat
2346 5157 2407 5197 se
2440 5141 2644 5213 ingenti
2682 5140 2868 5197 labore
2899 5139 3150 5198 Hebraici
3188 5151 3243 5196 et
3281 5140 3424 5197 LXX
3464 5142 3552 5200 ln-

1962 5241 2261 5304 terpretum
2307 5234 2493 5291 varias
2534 5233 2836 5301 lectiones,
2875 5231 3016 5290 facta
3056 5234 3347 5305 utriusque
3382 5235 3555 5292 colla-

1962 5324 2111 5381 tione
2143 5323 2427 5391 collegisse
2446 5365 2461 5389 ,
2491 5340 2667 5405 eaque
2697 5325 2765 5380 de
2796 5341 2968 5381 causa
2993 5328 3177 5381 varias
3203 5340 3399 5383 omnes
3426 5328 3551 5384 edi-

270 5410 425 5457 actos
440 5418 723 5474 perperam
745 5404 1085 5476 Epiphanius
1103 5410 1356 5469 credidit.
1379 5411 1590 5470 Firmat
1612 5426 1856 5473 nostrain
1958 5408 2139 5472 tiones
2160 5404 2597 5483 examinavisse,
2620 5418 2711 5473 ubi
2749 5432 2881 5474 sane
2909 5417 3165 5489 Tetrapla
3190 5420 3327 5475 satis
3364 5429 3552 5491 aperte

271 5494 642 5583 conjecturam
668 5498 815 5569 quod
841 5499 919 5552 ait
938 5498 1321 5560 Eusebiuslib.
1340 5520 1414 5559 vi.
1442 5503 1589 5583 Hist.
1614 5524 1736 5579 cap.
1769 5509 1855 5578 l7,
1960 5508 2202 5563 iudicare
2254 5509 2490 5562 videtur.
2550 5507 2708 5576 Quod
2758 5509 2804 5565 si
2839 5508 2955 5565 haec
2985 5508 3239 5580 Origeuis
3276 5511 3438 5567 verba
3478 5508 3550 5566 de

276 5580 593 5654 Symmachi
623 5588 1131 5659 interpretationem
1161 5594 1217 5649 in
1249 5580 1853 5656 JuliaanBibliothei-a
1959 5596 2102 5652 LXX
2127 5614 2249 5654 cum
2278 5600 2450 5655 obelis
2479 5608 2531 5653 et
2564 5599 2846 5673 asteriscis
2874 5598 3116 5653 editione
3156 5598 3381 5670 intelligi
3412 5615 3545 5671 pos-

271 5674 555 5748 Origenem
602 5680 899 5751 reperisse.
958 5680 1210 5740 Nondum
1260 5687 1445 5761 itaque
1485 5688 1726 5762 Hexapla
1770 5695 1853 5747 vel
1958 5702 2111 5755 sent,
2152 5706 2317 5760 quam
2364 5693 2417 5745 in
2450 5690 2641 5745 eadem
2676 5690 2903 5760 cpistola
2937 5698 3375 5752 commemorat,
3428 5692 3545 5747 lure

273 5767 519 5843 Tetrapla
563 5773 1041 5843 concinnaverat,
1074 5792 1311 5848 quorum
1342 5796 1470 5852 pars
1512 5798 1708 5856 magna
1748 5784 1852 5841 fuit
1954 5782 2123 5839 editio
2155 5798 2288 5841 sane
2336 5783 2557 5840 nonnisi
2605 5792 2730 5855 post
2774 5781 3026 5856 Tetrapla
3072 5782 3395 5842 concinnari
3444 5799 3537 5854 po.
