4064 6262
492 261 563 313 21
714 220 718 223 ’
1121 344 1126 348 _
1868 266 2389 324 PRELIMINARIA
3679 276 3751 330 es

505 387 674 440 tuisse
721 387 947 441 videtur.
984 381 1117 440 Nam
1154 386 1207 442 id
1232 389 1412 457 operis
1447 404 1569 442 cum
1606 387 1874 457 Tetraplis
1920 404 2071 441 com-
2106 393 2150 448 Α
2179 397 2257 439 ter
2287 388 2588 455 disputans,
2619 404 2780 450 supra
2822 389 3021 442 dictam
3060 387 3300 467 faceresit»
3350 399 3586 446 astruere
3612 395 3754 447 vide-

503 481 694 539 mode.
741 478 862 534 sine
910 476 1180 550 Tctraplis
1222 481 1442 536 nonnisi
1487 496 1686 550 magno
1733 481 1918 535 labore
1958 480 2075 534 ﬁeri

501 579 733 641 poterat.

576 679 598 713 s
632 662 854 714 Certum
882 669 966 715 est
1011 671 1192 716 autem
1225 659 1515 731 Origencm
1559 659 1890 716 Nicomediae
1935 661 2077 715 hanc

499 755 566 810 ad
594 753 911 809 Africanum
943 756 1230 823 epistolam
1263 755 1591 826 scripsisse:
1623 771 1856 826 cumque
1904 756 1986 810 bis
2019 755 2073 809 in

500 845 766 901 Grzeciam
811 847 915 900 iter
947 847 1262 914 instituerit,
1308 849 1574 904 alterutro
1605 849 1798 905 itinere
1825 849 2075 905 Nicome-

496 941 641 996 diam
671 939 892 1010 petiisse
910 948 963 993 et
984 940 1268 1009 epistolam
1291 940 1507 996 dedisse
1533 941 1776 1010 videtur;
1800 959 1865 999 ac
1893 945 2074 1012 potius

497 1035 697 1103 primo,
733 1046 899 1100 quam
932 1033 1212 1086 secundo:
1252 1038 1453 1088 etenim
1484 1036 1720 1104 primum
1749 1051 1895 1090 anno
1925 1037 2032 1090 29.8
2056 1080 2072 1104 ,

499 1123 799 1176 secundum
826 1123 1114 1177 duodecim
1144 1133 1265 1192 post
1294 1139 1464 1180 annos
1495 1125 1747 1181 instituit.
1779 1126 2074 1182 Africanus

497 1226 626 1264 vero
657 1213 833 1284 ipsum
873 1216 965 1268 lilii
999 1217 1220 1270 nomine
1253 1218 1575 1289 compellat,
1607 1219 1750 1290 quod
1781 1221 1962 1291 aptius
2005 1223 2075 1279 ad

496 1303 797 1356 secundum
830 1304 1117 1358 referatur.

575 1409 593 1440 ε
631 1391 756 1446 Ηωρ
797 1401 857 1448 ut
889 1395 1194 1450 consistere
1241 1395 1454 1464 possint
1483 1397 1776 1454 dicendum
1816 1402 2029 1457 videtur
2054 1444 2071 1471 ,

495 1478 782 1551 Origenem
838 1483 1086 1555 Tetrapla
1117 1488 1478 1543 concinnasse
1507 1498 1633 1545 ante
1675 1506 1881 1545 annum
1926 1493 2069 1557 228,

497 1572 602 1626 sub
646 1573 760 1628 haec
807 1585 990 1630 autem
1028 1585 1152 1645 post
1199 1588 1469 1646 repertam
1513 1578 1733 1635 Sextam
1778 1582 2068 1638 editionem

496 1660 736 1733 Hexapla
764 1666 1020 1731 edidisse,
1057 1667 1148 1722 ubi
1179 1669 1423 1738 quintam
1454 1680 1509 1726 et
1540 1681 1748 1728 sextam
1782 1675 2063 1731 locaverit:

498 1752 625 1808 licet
655 1770 768 1810 non
800 1766 886 1811 sat
930 1758 1157 1830 intelligi
1210 1760 1386 1829 possit
1423 1776 1524 1816 cur
1565 1778 1672 1817 non
1716 1767 1961 1833 quintam
2014 1769 2068 1823 in

496 1843 766 1918 Tetraplis
800 1853 1066 1919 posuerit,
1097 1852 1144 1908 si
1177 1853 1268 1908 illa
1300 1869 1446 1909 anno
1473 1855 1579 1909 217
1623 1859 1839 1914 inventa
1875 1859 2067 1927 fuerit,

495 1948 556 1992 ut
587 1938 926 2010 Epiphanius
971 1955 1199 2013 narrat;
1247 1949 1355 2004 nisi
1395 1949 1533 2004 forte
1571 1949 1789 2007 dicatur
1819 1951 2069 2023 Tetrapla

492 2030 657 2085 etiam
686 2032 814 2088 ante
839 2033 986 2088 hunc
1011 2051 1215 2091 annum
1248 2039 1485 2108 perfecta
1512 2040 1704 2108 fuisse,
1734 2044 1821 2098 cui
1853 2055 2072 2100 senten-

495 2119 583 2175 tiae
607 2119 790 2178 lavere
818 2125 1035 2180 videtur
1062 2126 1330 2186 Eusebius
1350 2172 1365 2185 .
1391 2173 1405 2186 .
1432 2173 1448 2188 .
1470 2172 1486 2188 .
1505 2171 1521 2186 .
1543 2172 1558 2186 .
1580 2173 1595 2186 .
1618 2171 1635 2186 .
1657 2173 1672 2189 .
1708 2133 1802 2189 Vir
1827 2137 2071 2195 clarissi-

494 2227 618 2267 mus
649 2211 878 2271 Huetius
905 2225 1058 2285 putat
1079 2216 1366 2289 Origenem
1397 2221 1634 2296 Hexapla
1658 2242 1916 2283 exorsum
1946 2244 2069 2284 esse

493 2317 642 2357 anno
669 2303 809 2367 235,
848 2306 1012 2361 nixus
1045 2307 1262 2364 Eusebii
1297 2315 1608 2369 testimonio
1631 2356 1646 2379 ,
1678 2318 1769 2386 qui
1801 2319 1912 2383 ait,
1945 2318 2069 2375 Ori-

494 2409 689 2462 genem
725 2396 1199 2466 interpretationes
1224 2401 1540 2473 Symmachi
1574 2408 1627 2462 in
1665 2409 2003 2480 Scripturam
2035 2428 2067 2468 a

491 2485 709 2542 Juliana
743 2491 1040 2559 accepisse.
1086 2490 1226 2548 Hinc
1266 2494 1429 2550 infert
1462 2513 1584 2552 eum
1606 2540 1620 2563 ,
1651 2517 1776 2555 cum
1825 2505 2065 2559 nondum

493 2579 809 2652 Symmachi
874 2585 1182 2640 versionem
1247 2590 1585 2658 accepisset,
1651 2609 1760 2647 non
1823 2598 2069 2665 potuisse

496 2667 772 2738 Hexapla,
830 2688 952 2740 qua:
1005 2675 1149 2729 haud
1193 2678 1357 2732 dubie
1410 2679 1723 2751 Symmachi
1772 2687 2065 2742 editionem

492 2761 1012 2832 complectebant-ur,
1043 2767 1333 2824 adornare.
1367 2771 1435 2826 At
1462 2775 1756 2830 verisimile
1785 2793 1893 2831 non
1919 2779 2069 2834 vide-

492 2859 602 2916 tur,
629 2847 918 2924 Origenem
952 2856 1265 2928 Symmachi
1297 2868 1623 2933 versionem,
1649 2867 1718 2920 60
1743 2879 1866 2923 ante
1892 2885 2068 2926 annos

490 2943 866 3006 elaboratam.
935 2959 1042 3004 tam
1103 2967 1226 3006 sero
1276 2969 1495 3009 nactum
1555 2974 1718 3014 esse:
1784 2974 2068 3032 potestque

2181 489 2285 535 tur.
2319 480 2484 548 Atque
2539 480 2630 532 hos
2676 479 2978 550 Symmachi
3026 479 3444 535 Commentarios
3475 500 3579 536 una
3632 501 3753 537 cum

2176 567 2302 620 aliis
2350 583 2514 620 sacra:
2560 567 2853 636 Scriptura:
2888 570 3411 640 interpretationibus
3458 572 3522 624 ab
3573 575 3754 626 eodem

2175 657 2487 722 elaboratis,
2539 667 2764 711 testatur
2796 656 3044 727 Origenes
3085 674 3139 711 sc
3184 675 3215 710 a
3255 655 3478 710 Iuliana
3521 659 3752 725 quadam

2177 750 2457 818 accepisse,
2482 749 2551 802 ad
2575 765 2734 818 quam
2763 750 2803 801 ii
2838 748 2963 803 libri
2991 751 3335 803 successionis
3357 749 3480 816 jure
3513 765 3760 817 pervene-

2178 848 2298 892 rant
2315 857 2335 903 ;
2365 840 2456 894 ubi
2481 840 2634 902 illud,
2662 840 2718 892 in
2743 839 2932 909 quibus
2958 841 3208 894 adversus
3238 837 3577 907 Evangelium
3614 838 3753 891 Mat-

2177 930 2300 983 tltwi
2324 930 2518 983 acriter
2542 929 2844 995 disputans,
2871 928 3231 997 supradictam
3255 929 3495 982 Ineresim
3515 937 3755 984 astruere

2175 1023 2399 1087 videtur,
2428 1039 2494 1076 et
2517 1023 2783 1077 diametro
2817 1021 3123 1091 oppositam
3159 1019 3394 1075 Eusebio
3423 1022 3750 1076 sententiam

2173 1114 2345 1169 eil'ert.
2377 1112 2514 1168 Nam
2567 1129 2631 1168 ea
2662 1112 2996 1168 Griecorum.
3021 1114 3316 1166 verborum
3365 1125 3522 1166 mens
3558 1120 3665 1176 est,
3697 1112 3754 1165 in

2171 1208 2362 1278 quibus
2393 1205 2637 1261 Hatthtei
2671 1205 2956 1276 Evangelia
2980 1205 3159 1270 nixus,
3191 1205 3272 1259 vel
3302 1205 3369 1259 ad
3411 1205 3666 1268 litteram,
3697 1205 3756 1258 in

2172 1301 2359 1370 quibus
2387 1300 2456 1352 ad
2487 1298 2724 1353 Matthwi
2760 1296 3109 1368 Evangelium
3155 1297 3454 1361 intendens,
3487 1313 3754 1349 memora-

2173 1399 2284 1445 tam
2308 1389 2547 1445 Iueresim
2588 1398 2905 1459 propugnat.
2941 1386 3158 1443 Etenim
3209 1398 3421 1442 certum
3465 1395 3551 1441 est
3589 1384 3756 1440 Ebio—

2172 1482 2317 1535 nitas
2347 1495 2445 1550 pro
2471 1495 2570 1535 sua
2592 1481 2791 1535 tuenda
2823 1480 3014 1534 hairesi
3043 1477 3337 1551 Evangelia
3361 1478 3596 1535 Matthaei
3622 1494 3752 1535 usos

2170 1571 2378 1628 fuisse:
2420 1582 2476 1628 et
2520 1573 2666 1627 hunc
2713 1570 2934 1627 Eusebii
2977 1571 3159 1626 locum
3215 1572 3487 1640 respicere
3538 1573 3753 1628 videtur

2172 1660 2556 1734 Hieronymus,
2583 1677 2707 1719 cum
2744 1664 2823 1716 ait
2852 1663 2907 1716 in
2943 1661 3205 1733 Catalogo
3242 1663 3558 1730 scriptorum
3582 1662 3750 1718 eccleo

2169 1756 2530 1819 siasticorum,
2579 1755 2649 1810 de
2696 1753 2932 1825 Origene
2978 1755 3253 1824 loquens:
3301 1755 3508 1823 Aquila:
3548 1755 3751 1809 scilicet

2167 1846 2384 1901 Pontici
2402 1846 2674 1916 proselyti,
2696 1855 2746 1900 et
2771 1844 3139 1900 Theodotionis
3157 1843 3419 1912 Ebiontei,
3433 1857 3481 1899 et
3505 1843 3750 1916 Symma-

2167 1942 2252 1994 chi
2267 1941 2499 2011 ejusdem
2515 1940 2779 2009 dogmatis
2797 1954 2815 1993 :
2832 1940 2922 2010 qui
2943 1939 2999 1992 in
3023 1938 3370 2010 Euangelium
3390 1956 3591 2011 quoque
3606 1941 3749 1997 κατὰ

2167 2032 2442 2088 Ματθαῖον
2467 2033 2679 2102 scripsit
2705 2032 3144 2095 Commentarios,
3176 2034 3238 2085 de
3260 2047 3361 2099 quo
3388 2043 3438 2087 et
3465 2050 3621 2087 suum
3651 2037 3749 2087 do-

2168 2142 2289 2196 gma
2335 2126 2648 2194 conﬁrmare
2696 2133 2940 2179 conatur.
2994 2121 3052 2176 In
3107 2124 3211 2179 hoc
3256 2133 3436 2178 autem
3482 2135 3744 2194 peccant,

2168 2218 2226 2271 ni-
2278 2215 2456 2283 fallor,
2507 2215 2756 2271 Valesius
2807 2228 2863 2272 et
2913 2215 3314 2281 Tillemontius,
3357 2220 3502 2285 quod
3554 2233 3743 2273 vocem

2163 2308 2312 2362 δοκεῖ
2339 2317 2551 2362 vertant
2580 2309 2803 2374 videtur,
2838 2323 2963 2362 cum
3015 2310 3286 2365 sexcentis
3326 2309 3586 2380 exemplis
3617 2326 3745 2381 pro-

2168 2400 2324 2454 betur
2353 2400 2412 2452 τὺ
2441 2399 2609 2464 δοκεῖ,
2635 2401 2870 2453 maxime
2899 2400 3041 2469 apud
3087 2401 3384 2471 scriptores
3415 2403 3745 2456 ecclesiasti-

2166 2505 2284 2554 cos,
2336 2505 2445 2543 non
2481 2490 2730 2544 minuere
2780 2489 3193 2546 atﬁrmationem
3223 2507 3238 2544 :
3275 2507 3383 2561 qua
3418 2491 3485 2547 de
3517 2509 3575 2546 re
3621 2493 3745 2548 vide

2166 2577 2578 2634 Onomasticum
2610 2589 2858 2633 nostrum
2890 2581 2956 2634 ad
2990 2581 3271 2637 Athanasii
3307 2580 3504 2652 Opera,
3534 2584 3588 2636 in
3613 2598 3745 2640 voce

2165 2674 2348 2727 δοκεῖς
2387 2673 2438 2725 id
2475 2680 2657 2726 autem
2695 2683 2839 2727 recte
2889 2673 2944 2726 in
2981 2672 3149 2726 allato
3177 2673 3297 2728 loco
3330 2674 3587 2745 exprimit
3616 2673 3741 2730 Hie-

2168 2780 2451 2833 ronymus.
2492 2767 2649 2818 Δοκεῖ
2676 2763 2840 2835 igitur
2875 2765 3011 2818 nihil
3044 2765 3228 2826 oﬂicit,
3259 2768 3555 2834 quominus
3591 2769 3744 2822 dica-

2168 2861 2257 2907 tur
2283 2853 2670 2925 Symmachum
2702 2854 2877 2924 palam
2903 2864 2957 2909 et
2987 2871 3051 2909 ex
3083 2855 3332 2925 professo
3365 2855 3742 2914 Ebionitarum

2169 2945 2415 3000 haeresim
2450 2945 2779 3013 defendisse,
2811 2956 2868 3001 et
2897 2936 3043 3001 hunc
3078 2962 3307 3022 prorsus
3344 2949 3599 3004 existimo
3620 2967 3744 3007 esse

488 3038 776 3091 commode
805 3037 1075 3094 Eusebius
1110 3042 1332 3113 intelligi
1374 3058 1467 3100 aut
1501 3049 1566 3101 de
1603 3050 1721 3118 ipso
1755 3051 2061 3122 Symmachi

2169 3038 2333 3108 hujus
2362 3038 2463 3092 loci
2489 3052 2733 3092 sensum.

486 3130 829 3198 antegrapho
856 3171 868 3194 ,
906 3148 1031 3186 nam
1067 3148 1130 3187 ex
1163 3136 1280 3203 ipso
1311 3138 1640 3208 Symmacho
1682 3143 1812 3196 illud
1848 3142 2064 3200 Juliana

488 3232 806 3288 acceperat,
837 3232 931 3276 aut
959 3224 1025 3278 de
1051 3230 1444 3282 commentario
1481 3232 1717 3300 quodam
1752 3234 2065 3305 Symmachi

491 3307 546 3362 in
579 3308 918 3379 Scripturam
941 3353 957 3370 .
990 3331 1099 3368 non
1134 3317 1200 3368 de
1227 3318 1346 3386 ejus
1395 3323 1662 3375 versione.
1693 3323 1771 3375 En
1809 3325 2068 3401 ipsa.Eu-

491 3402 624 3455 sebii
655 3402 813 3456 verba
842 3424 854 3457 :
892 3406 1116 3461 Exstant
1160 3422 1295 3464 certe
1323 3412 1481 3464 etiam
1527 3432 1664 3467 nunc
1687 3416 2067 3473 Commentarii

490 3489 817 3560 Symmachi,
842 3497 894 3548 in
919 3500 1107 3566 quibus
1135 3499 1418 3571 Evangelia
1440 3506 1724 3558 secundum
1752 3506 2063 3562 Matt/urunt

488 3583 704 3637 innixus
739 3602 1082 3642 memoratam
1112 3592 1528 3662 (Ebionitarum)
1568 3598 1791 3651 lueresin
1825 3612 2063 3655 astruere

488 3670 712 3726 videtur.
752 3674 862 3726 llos
889 3687 1062 3730 autem
1097 3679 1344 3750 Origenes
1373 3700 1490 3734 cum
1517 3687 1638 3738 aliis
1665 3686 1971 3756 Symmachi
2007 3691 2060 3744 in

486 3758 793 3830 Scripturas
818 3766 1335 3837 interpretationibus
1382 3792 1413 3826 α
1461 3773 1684 3830 Juliana
1710 3783 1938 3846 quadam
1970 3798 2061 3833 ac-

485 3855 687 3922 etpisse
736 3873 790 3909 se
841 3870 1118 3913 memorat.
1173 3862 1229 3915 Si
1281 3865 1565 3935 ὲρμηνείαι
1611 3870 1819 3936 possint
1857 3872 1945 3926 hic
1993 3874 2061 3927 de

483 3947 882 4000 commentario
928 3948 1192 4019 intelligi,
1227 3957 1371 4021 quod
1415 3959 1681 4012 netninem
1713 3969 1844 4027 puto
1892 3977 2059 4032 nega-

488 4043 704 4099 turum,
761 4048 820 4091 ut
871 4040 951 4093 sic
1006 4040 1112 4095 hoc
1164 4044 1284 4098 loco
1333 4046 1665 4118 intelligatur
1713 4053 1905 4108 suadet
1954 4068 2056 4109 vox

480 4124 677 4193 ἄλλων,
708 4129 854 4195 aliis,
895 4132 964 4186 ab
989 4129 1227 4188 Eusebio
1257 4138 1520 4191 adhibita.

555 4235 579 4272 ι
626 4215 933 4277 Verisimile
968 4240 1100 4279 sane
1146 4237 1232 4280 est
1270 4225 1558 4297 Origenem
1612 4231 1731 4301 ipso
1762 4233 2057 4290 Caracallte

482 4316 744 4379 tempore,
773 4309 1150 4382 Tetraplorum
1181 4334 1319 4388 opus
1350 4336 1607 4376 exorsum
1631 4340 1775 4391 esse,
1803 4331 2054 4396 quando-

2239 3129 2334 3184 His
2371 3130 2598 3196 carptim
2653 3128 2974 3192 observatis,
3007 3128 3118 3197 jam
3160 3127 3226 3182 ad
3277 3137 3438 3184 notas
3481 3132 3740 3200 temporis

2165 3222 2469 3276 veniamus.
2503 3219 2770 3275 Euseb‘ius
2800 3219 2936 3274 nihil
2967 3234 3103 3289 pene
3132 3220 3310 3273 attulit
3358 3221 3503 3276 unde
3550 3222 3737 3276 calcu-

2165 3314 2277 3367 lum
2311 3311 2509 3365 ducere
2536 3310 2725 3364 liceat:
2758 3306 3091 3377 Epiphanius
3117 3322 3268 3368 vero,
3302 3307 3498 3361 inﬁdus
3529 3319 3738 3377 tempo-

2165 3419 2287 3458 rum
2315 3401 2592 3472 magister,
2624 3400 2804 3453 omnia
2837 3413 2972 3467 pene
3001 3399 3239 3453 miscuit.
3269 3399 3516 3453 Attamen
3544 3401 3738 3454 nonni-

2163 3495 2242 3549 hil
2272 3493 2665 3564 probabilit'atis
2695 3490 2893 3545 habere
2926 3489 3136 3544 videtur
3165 3493 3309 3559 quod
3340 3492 3414 3545 ait
3440 3490 3737 3548 Tillemon-

2166 3587 2294 3651 tius,
2354 3601 2548 3654 nempe
2597 3585 2890 3640 verisimile
2944 3600 3066 3642 esse
3127 3583 3415 3655 Origenem
3485 3587 3738 3658 Hexaplis

2162 3680 2387 3734 edendis
2422 3695 2640 3732 manum
2689 3679 2998 3734 admovisse
3027 3691 3314 3748 postquam
3353 3679 3571 3735 Sextam
3616 3684 3735 3737 edi-

2161 3773 2363 3826 tionem
2403 3780 2704 3840 repererat;
2753 3772 2953 3840 reperit
3001 3779 3206 3828 autem.
3241 3770 3542 3841 Epiphanio
3575 3784 3734 3842 teste,

2159 3880 2302 3919 anno
2331 3855 2618 3918 Menandri
2653 3861 2836 3919 Severi
2877 3864 3132 3933 septimo,
3180 3865 3234 3919 id
3260 3874 3342 3920 est
3369 3864 3570 3920 Christi
3601 3866 3730 3924 9.23.
3766 3932 3784 3948 .

2158 3955 2226 4010 Et
2264 3957 2394 4025 quia
2441 3955 2639 4008 abhinc
2669 3955 2736 4009 ad
2773 3970 2975 4010 annum
3005 3955 3135 4016 231,
3165 3973 3275 4024 quo
3329 3956 3632 4011 Caesaream
3673 3974 3735 4014 se

2160 4048 2382 4117 recepit,
2406 4052 2516 4100 non
2542 4056 2628 4102 sat
2654 4047 2751 4100 otii
2779 4056 2833 4102 et
2860 4050 3129 4102 commodi
3160 4048 3416 4104 habuisse
3439 4050 3647 4104 videtur
3672 4059 3733 4106 ut

2136 4149 2267 4213 tam
2300 4139 2531 4194 arduam
2573 4154 2686 4192 rem
2719 4141 3041 4208 susciperet,
3071 4153 3379 4210 opportune
3421 4143 3475 4198 in
3522 4159 3730 4201 annum

2154 4231 2281 4297 251,
2308 4246 2432 4286 cum
2462 4230 2723 4285 Caesarea:
2747 4242 2950 4300 ageret,
2979 4229 3342 4300 Hexaplorum
3376 4250 3515 4302 opus
3539 4237 3729 4290 remit-

2155 4324 2308 4378 titur.
2342 4323 2498 4390 Quod
2527 4336 2707 4378 autem
2739 4324 2927 4392 objicit
2954 4324 3058 4378 sibi
3102 4324 3482 4382 Tillemontius
3514 4344 3581 4383 ex
3615 4327 3732 4397 epi—

478 4400 696 4464 quidem
729 4403 1016 4471 Eusebius,
1048 4409 1192 4463 nulla
1249 4421 1430 4468 motus
1458 4415 1565 4469 alia
1593 4419 1900 4486 occasione,
1937 4422 2051 4476 haec
2083 4434 2127 4487 ι)
2155 4414 2292 4469 SW3
2315 4413 2578 4477 Αίτίοθυίι
2603 4415 2693 4468 ubi
2718 4412 3006 4483 origellem
3031 4415 3118 4469 me
3145 4417 3312 4470 mium
3338 4419 3590 4487 apponi".
3616 4436 3725 4473 ηυη

478 4496 634 4562 quasi
656 4495 934 4552 Caracalla
963 4500 1261 4569 imperante
1285 4517 1433 4574 gesta
1462 4520 1669 4564 narrat.
1705 4509 1870 4583 quue
1903 4515 2053 4570 vide-

478 4598 566 4639 tur
597 4586 824 4642 Huetius
857 4592 1051 4657 partim
1085 4596 1275 4648 saltem
1307 4597 1614 4654 admittere.
1658 4619 1679 4652 ι

547 4674 822 4733 Hactenus
841 4678 1240 4750 Tillemontius,
1263 4687 1353 4756 qui
1388 4699 1662 4756 postremo
1689 4691 1910 4749 allatum
1941 4692 2049 4749 Eu-

476 4767 610 4822 sebii
660 4770 837 4824 locum
891 4772 1048 4843 longe
1101 4778 1299 4833 melius
1347 4783 1571 4837 vertisse
1613 4777 1838 4838 'videtur
1883 4801 2047 4855 quam

476 4857 744 4915 Henricus
770 4861 1037 4918 Valesius.
1066 4865 1252 4921 Graeca
1289 4870 1368 4923 sic
1400 4871 1635 4926 habent:
1670 4875 1779 4927 Καὶ
1804 4875 2050 4946 ὑπομνή-

476 4968 623 5022 ματα
653 4954 948 5024 Συμμάχου
978 4957 1145 5009 εἰσέτι
1171 4959 1264 5010 νῦν
1289 4963 1532 5032 φέρεται,
1560 4965 1615 5015 ἐν
1643 4960 1723 5028 οἷς
1741 4965 1888 5020 δοκεῖ
1913 4969 2048 5038 πρὸς

472 5045 534 5095 τὸ
562 5045 704 5096 κατὰ
735 5045 1011 5101 Ματθατον
1040 5050 1456 5121 ἀποτεινόμενος
1482 5056 1810 5124 Εὐαγγέλιον
1837 5059 1933 5129 τὴν
1959 5060 2044 5112 δε-

469 5133 786 5206 δηλωμένην
816 5139 1027 5208 αἵρεσιν
1056 5142 1357 5212 κρατύνειν.
1397 5145 1584 5200 Ταῦτα
1614 5148 1669 5200 δὲ
1695 5151 1722 5201 ὁ
1765 5149 2046 5222 Ὡριγένης

473 5226 614 5297 μετὰ
642 5229 735 5280 καὶ
762 5229 936 5284 ἄλλων
959 5234 1036 5295 εἰς
1066 5233 1162 5296 τὰς
1195 5235 1414 5305 Γραφάς
1445 5237 1746 5308 ὲρμηνειῶν
1778 5240 1868 5292 τοῦ
1898 5243 2045 5310 Συμε-

473 5322 645 5388 μάχου
693 5324 948 5392 σημαίνει
1001 5327 1151 5396 παρὰ
1203 5328 1495 5398 Ἰουλιανῆς
1539 5347 1681 5392 τινος
1741 5331 2039 5401 εἰληφέναι,

469 5409 534 5478 ἠν
569 5409 660 5463 καί
695 5429 824 5480 φησι
861 5418 988 5484 παρ’
1019 5407 1196 5470 αὐτοῦ’
1221 5419 1516 5488 Συμμάχων
1551 5421 1649 5483 τὰς
1679 5421 1894 5491 βίϐλους
1926 5424 2038 5476 διας

467 5499 744 5564 δέξασθαι.
795 5503 916 5559 llrec
947 5523 1112 5575 porro
1143 5510 1221 5563 sic
1259 5513 1532 5565 transtulit
1575 5512 1840 5568 Henricus
1877 5512 2038 5569 Vale-

469 5590 622 5642 sitis:
673 5593 900 5648 [adstant
944 5608 1078 5650 certe
1120 5602 1405 5652 etiamnum
1449 5603 1826 5656 Commentarii
1883 5604 2039 5672 Sym—

471 5686 662 5752 machi,
688 5687 739 5740 in
769 5689 954 5759 quibus
984 5689 1228 5746 adversus
1262 5692 1602 5764 Erangelium
1635 5693 1871 5751 Matt/nvi
1897 5699 2036 5750 acri-

2154 4505 2287 4567 tanti
2316 4519 2438 4559 esse
2467 4506 2730 4560 momenti
2753 4505 2993 4570 videtur;
3022 4521 3144 4559 nam
3179 4507 3473 4561 verisimile
3497 4517 3579 4562 cst
3605 4509 3727 4562 ideo

2153 4596 2325 4651 lilium
2360 4611 2727 4665 nuncupasse,
2758 4601 2884 4666 quia
2911 4596 3088 4666 longe
3132 4597 3311 4650 minor
3355 4606 3513 4652 aetate
3560 4608 3723 4653 erat:

2151 4705 2274 4757 quae
2305 4688 2442 4742 ratio
2475 4696 2584 4740 tam
2615 4687 2668 4742 in
2697 4688 2875 4756 primo
2909 4702 3075 4758 quam
3105 4689 3156 4741 in
3197 4689 3440 4743 secundo
3473 4688 3726 4762 Origenis

2152 4779 2343 4833 itinere
2373 4794 2472 4848 par
2501 4778 2645 4832 haud
2701 4764 2863 4833 dubie
2891 4788 3028 4834 erat.
3077 4777 3189 4836 Nec
3232 4781 3433 4839 desunt
3477 4784 3725 4853 exempla

2149 4871 2351 4938 quibus
2376 4870 2427 4924 id
2462 4870 2850 4926 confirmetur:
2883 4869 3152 4928 Eusebius
3177 4874 3319 4928 enim
3369 4871 3727 4932 Vercellensis

2149 4959 2468 5031 Dionysium
2516 4960 2973 5018 Mediolanensem
3019 4965 3354 5034 episcopum,
3406 4975 3564 5022 aetate
3607 4967 3721 5036 jam

2148 5062 2423 5106 maturum
2450 5053 2820 5124 dignitateque
2843 5057 3224 5125 conspicuum,
3251 5073 3311 5113 se
3335 5067 3514 5114 tamen
3535 5058 3724 5128 junio-

2146 5158 2284 5208 rem,
2314 5143 2483 5198 tilium
2526 5144 2850 5214 compellare
2881 5145 3106 5200 solebat.
3147 5145 3226 5200 Ex
3287 5149 3354 5204 iis
3401 5164 3566 5217 porro
3599 5165 3723 5220 quae

2145 5232 2384 5286 diximus
2436 5235 2601 5301 probe
2641 5234 3036 5290 animadvertet
3069 5236 3307 5304 prudens
3343 5237 3532 5304 lector,
3582 5254 3722 5293 non-

2145 5325 2252 5379 nisi
2284 5324 2575 5381 levissimis
2604 5327 2933 5396 conjecturis
2974 5345 3156 5398 posse,
3187 5346 3296 5399 quo
3329 5337 3574 5401 tempore
3602 5329 3708 5385 He-

2144 5421 2301 5489 xapla
2323 5420 2465 5475 edita
2490 5419 2712 5486 iuerint,
2741 5420 3003 5475 indicari:
3034 5423 3388 5491 quamobrem
3413 5437 3537 5511 cum
3568 5425 3718 5479 nullo

2142 5504 2386 5568 vei'erum
2419 5512 2729 5567 testimonio
2769 5513 2945 5583 possit
2979 5513 3065 5568 hic
3111 5515 3196 5568 vel
3225 5525 3371 5569 certa
3401 5504 3493 5570 vel.
3527 5516 3717 5568 admo-

2143 5605 2270 5658 dum
2303 5604 2595 5672 probabilis
2621 5604 2986 5677 chronologia:
3015 5606 3152 5661 ratio
3182 5608 3369 5672 statui,
3391 5607 3457 5662 ad
3483 5608 3718 5665 certiora

2144 5695 2431 5775 statuenda
2465 5710 2841 5766 properemus.
3315 5677 3335 5696 ’
