4064 6262
299 264 368 322 29
1532 271 1601 327 ΙΝ
1640 272 1893 330 llEXAPl

2003 274 2348 335 ORIGENIS.
3506 281 3579 337 ω

306 384 366 442 ‘l.
393 384 511 454 Qua
534 388 746 444 ratione
777 387 1053 466 Tetrapla,
1092 389 1620 466 Πεπαριανοειορια
1664 395 1893 466 digesse-
1925 406 1969 462 Α
1999 400 2136 451 hanc
2173 410 2353 451 notam
2380 398 2600 453 habente
2621 415 2639 452 :
2674 399 2933 454 Accurate
2970 398 3223 455 editiones
3254 416 3431 453 omnes
3454 417 3573 454 Cur-

753 461 851 524 rit,
880 462 1106 532 itemque
1141 461 1438 533 Enneapla.

374 570 452 628 De
500 571 894 646 Tetraplorum
941 587 996 632 et
1043 576 1410 649 Hexaplorum
1454 582 1669 647 ordine,
1718 584 1893 655 deque

308 663 659 734 interpretum
708 668 843 733 situ,
876 670 1022 725 nulla
1053 673 1165 741 jam
1200 683 1378 743 potest
1411 676 1544 729 oriri
1578 685 1893 733 controver-

311 754 412 809 sia.
440 755 561 811 Haec
588 758 795 828 quippe
821 760 968 815 clare
999 771 1053 816 et
1084 762 1202 816 sine
1231 765 1459 835 ambage
1493 767 1561 819 ab
1592 766 1894 838 Epiphanio

308 856 365 902 et
387 846 723 921 Hieronymo
746 852 1140 909 describuntur
1166 872 1179 907 :
1214 858 1423 912 accedit
1453 858 1579 911 item
1618 862 1893 928 specimen

310 940 516 996 codicis
560 943 865 1009 Barberini,
902 946 995 1001 ubi
1042 948 1421 1003 columnarum
1468 950 1604 1004 ordo
1644 964 1896 1008 accurate

308 1033 623 1088 exhibetur.
652 1032 714 1089 In
757 1033 1035 1107 Tetraplis
1065 1039 1231 1110 igitur
1276 1043 1500 1109 praaibat
1538 1043 1749 1111 Aquila:
1780 1045 1896 1098 edi-

309 1124 407 1191 tio,
435 1141 466 1181 e
496 1128 722 1197 regione
751 1130 1001 1197 proxime
1024 1132 1354 1200 sequebatur
1391 1132 1703 1203 Symmachi
1734 1136 1898 1189 inter-

308 1217 564 1286 pretatio,
595 1227 785 1288 postea
816 1219 963 1275 LXX
1015 1220 1398 1292 lnterpretum.
1424 1235 1701 1295 postremo
1727 1225 1897 1282 Theo-

307 1310 570 1366 dotionis.
602 1311 659 1366 In
690 1313 795 1369 hoc
823 1324 1006 1369 autem
1034 1316 1142 1370 situ
1175 1331 1282 1370 non
1313 1318 1453 1370 ratio
1476 1320 1760 1387 temporis,
1786 1335 1897 1387 quo

308 1401 538 1471 singulae
564 1403 1041 1475 interpretationes
1069 1407 1227 1461 editae
1251 1407 1485 1474 fuerant,
1514 1411 1892 1480 spectabatur:

306 1510 449 1553 nam
470 1497 787 1552 ut‘eertum
827 1510 913 1555 est
948 1500 1243 1555 editionem
1276 1500 1414 1555 LXX
1454 1504 1702 1557 omnium
1748 1504 1895 1556 anti—

305 1588 636 1659 quissimam
667 1606 814 1657 esse,
860 1590 934 1645 ita
967 1593 1313 1661 exploratum
1347 1593 1564 1648 videtur
1593 1596 1893 1649 editionem

306 1682 702 1740 Theodotionis
724 1685 1039 1756 Symmachi
1063 1688 1560 1756 interpretationem
1583 1696 1743 1743 aetate
1758 1706 1896 1759 pra:-

1998 500 2153 544 rectte
2192 501 2353 545 sunt:
2384 491 2594 545 collata:
2634 493 2771 544 enim
2804 493 3016 561 fuerunt
3045 509 3164 545 cum
3199 489 3441 559 Tetraplo
3473 492 3579 544 Ile-

1996 582 2135 645 saia,
2167 591 2213 635 et
2244 600 2361 635 cum
2396 582 2659 651 Ilexaplo.
2704 583 2787 636 Ad
2820 585 2954 646 lure,
2999 584 3063 636 ab
3109 585 3265 638 initio
3294 600 3457 654 usque
3506 589 3575 636 ad

1998 676 2249 729 visionem
2314 675 2459 743 Tyri,
2515 678 2823 728 accuratius
2875 677 3178 730 emendatus
3230 686 3333 729 est.
3409 674 3575 729 Nacti

1995 771 2134 823 enim
2165 779 2331 821 tomos
2360 769 2650 834 exegeticos
2679 766 2921 835 Origenis
2950 771 3005 820 in
3036 766 3289 821 Hesaiam
3316 784 3477 838 usque
3508 768 3575 821 ad

1997 864 2157 932 ﬁnem
2206 862 2418 917 visionis
2478 861 2626 931 Tyri,
2683 870 2735 913 et
2786 861 2967 915 sedulo
3010 862 3423 923 considerantes,
3472 877 3576 930 quo

1997 970 2152 1008 sensu
2187 954 2424 1023 singulas
2455 953 2710 1005 dictiones
2737 954 3012 1020 acceperit,
3041 962 3301 1021 quantum
3339 953 3575 1024 facultas

1999 1046 2121 1098 tulit
2166 1062 2314 1098 omne
2362 1046 2600 1109 dubium,
2648 1055 2697 1097 et
2731 1044 3035 1112 perplexum
3083 1045 3370 1099 secundum
3423 1044 3575 1097 illius

1996 1153 2206 1189 sensum
2249 1138 2593 1190 correximus.
2641 1136 2902 1189 Prarterea
2934 1134 3127 1189 collata
3162 1145 3240 1188 est
3284 1136 3445 1188 etiam
3480 1134 3573 1187 ,θε-

1996 1231 2276 1298 ptuaginta
2319 1228 2671 1296 Interpretum
2720 1228 2882 1282 editio
2927 1244 3044 1281 cum
3089 1230 3159 1281 iis
3200 1245 3318 1297 quae
3361 1229 3415 1280 in
3461 1226 3575 1281 Ile-

1960 1382 1965 1385 ,
1996 1322 2167 1373 saiam
2198 1321 2410 1387 scripsit
2453 1319 2706 1372 Eusebius
2731 1334 2749 1371 :
2778 1330 2933 1387 atque
2963 1318 3019 1371 in
3050 1318 3237 1388 quibus
3264 1327 3377 1371 erat
3406 1320 3577 1371 sarie-

1998 1424 2105 1475 tas,
2136 1414 2390 1482 indagata
2425 1412 2768 1480 expositionis
2803 1427 2982 1475 sensu,
3018 1412 3304 1465 secundum
3335 1409 3451 1479 ejus
3479 1426 3575 1464 τσο

1999 1506 2191 1557 tionem
2222 1505 2516 1557 emendavi.

2067 1597 2270 1651 Deinde
2295 1614 2425 1651 vero
2449 1607 2575 1651 aute
2608 1595 2946 1649 Ezechiclcm
2980 1595 3094 1649 haec
3121 1603 3246 1648 nota
3285 1595 3499 1662 legitur.

2066 1691 2393 1761 Μετελήφθη
2424 1690 2478 1743 δὲ
2509 1690 2614 1743 ἀπὸ
2655 1690 2991 1761 ἀντιγράφου
3037 1688 3131 1742 τοῦ
3172 1687 3315 1741 ἀόὁᾶ
3359 1688 3574 1741 Ἀπολι-

305 1776 529 1840 cedere,
558 1775 707 1847 quod
754 1776 921 1842 intra,
975 1777 1083 1833 Deo
1121 1777 1358 1843 favente,
1399 1780 1739 1848 probabitur.
1786 1779 1890 1835 Sed

1994 1783 2204 1853 ναρεου,
2235 1781 2327 1834 τοῦ
2353 1780 2752 1851 κοινοῦιάρχου,
2784 1782 2840 1833 ἐν
2948 1776 3338 1833 καθυπόκειται
3362 1778 3536 1833 ταῦτα
3558 1795 3575 1811 δ

306 1865 434 1921 ideo
468 1865 678 1935 Aquilae
708 1867 948 1936 primum
976 1867 1156 1923 locum
1186 1869 1488 1939 deputavit,
1522 1870 1753 1940 ejusque
1779 1872 1897 1927 edi—

301 1956 514 2011 tionem
544 1957 784 2026 priorem
831 1959 1017 2029 posuit
1044 1958 1331 2031 Origenes,
1364 1962 1494 2030 quia
1544 1962 1636 2017 ille
1665 1978 1896 2033 scrupu-

304 2045 482 2102 losius
521 2062 685 2117 quam
728 2049 911 2104 caeteri
959 2065 1152 2106 omnes
1191 2051 1513 2109 Hebraicam
1566 2055 1895 2124 scripturam

304 2140 534 2194 verbum
568 2156 601 2195 e
644 2142 809 2197 verbo
851 2142 1077 2198 reddere
1108 2145 1413 2203 studuerat.
1463 2146 1591 2203 Post
1621 2150 1769 2205 hunc
1799 2164 1897 2205 au-

304 2239 423 2286 tem
468 2230 863 2303 Symmachum
897 2233 1118 2297 locavit,
1152 2239 1283 2306 quia
1318 2238 1407 2294 ille
1445 2242 1696 2309 propius,
1729 2257 1894 2311 quam

304 2317 455 2372 LXX
483 2329 539 2373 et
570 2318 875 2375 Thwdotio
903 2322 971 2377 ad
999 2323 1279 2379 veritatem
1321 2324 1643 2382 Hebraicam
1670 2328 1897 2382 accede-

306 2408 423 2461 bat.
492 2406 700 2462 Deinde
752 2406 897 2463 LXX
961 2414 1261 2481 pra-posuit
1318 2413 1702 2484 Theodotioni,
1764 2417 1894 2486 quia

305 2499 615 2555 Theodotio
663 2498 807 2554 LXX
862 2500 1189 2571 lnterpretes
1216 2520 1247 2559 e
1293 2506 1519 2578 vestigio
1558 2522 1697 2575 pene
1739 2509 1895 2579 sequi

303 2592 617 2647 videbatur.
642 2592 891 2663 Tetrapla
918 2610 1050 2650 vero
1075 2610 1173 2649 sua
1198 2594 1458 2667 Origenes
1488 2616 1652 2654 manu
1676 2601 1893 2670 propria

303 2686 640 2749 emendavit,
688 2686 1023 2756 scholiisque
1065 2687 1379 2744 illustravit.
1427 2690 1735 2762 Iisdemque
1792 2691 1896 2749 Te~

306 2777 502 2846 traplis
531 2793 675 2833 nova
720 2775 990 2833 Eusebius
1038 2779 1247 2834 scholia
1292 2782 1513 2849 adjecit,
1560 2784 1616 2836 in
1668 2784 1896 2852 quibus-

306 2871 435 2923 dam
464 2870 656 2924 saltem
689 2867 987 2939 Scriptura:
1016 2869 1207 2926 libris:
1243 2872 1408 2942 idque
1454 2875 1507 2928 in
1541 2875 1672 2939 alio,
1708 2885 1770 2930 ut
1807 2876 1889 2931 vi-

306 2961 495 3024 detur,
517 2978 683 3030 quam
714 2962 768 3015 in
794 2959 1128 3032 Origeniano
1161 2964 1480 3033 exemplari,
1512 2967 1659 3035 quod
1688 2976 1896 3037 postre-

306 3071 463 3111 mum
499 3054 767 3128 Pamphili
789 3066 845 3112 et
875 3056 1100 3112 Eusebii
1132 3071 1297 3125 opera
1325 3060 1673 3115 emendatum
1703 3071 1809 3128 est,
1835 3071 1889 3115 ut

303 3151 638 3205 testiﬁcatur
664 3151 782 3220 ipse
807 3148 1082 3207 Eusebius
1111 3152 1167 3206 in
1196 3162 1325 3207 nata
1358 3153 1594 3222 quadam
1625 3155 1896 3223 exempla-

304 3248 393 3301 ris
430 3243 547 3299 RH.
576 3244 683 3300 PP.
733 3243 1094 3308 Jcsuitarum.
1140 3261 1306 3313 quam
1361 3246 1630 3301 edidimus
1681 3245 1895 3301 Patare-

305 3339 552 3410 graphite
577 3336 777 3392 Greca:
803 3353 857 3407 p.
884 3336 1014 3393 226.
1044 3336 1199 3392 Hanc
1224 3351 1389 3401 porro
1432 3346 1644 3400 notam,
1681 3352 1893 3393 necnon

306 3432 539 3484 alteram
576 3444 699 3499 qua:
725 3428 1001 3498 praecedit,
1032 3436 1219 3497 utpote
1256 3443 1378 3497 qua.-
1411 3428 1479 3481 ad
1521 3426 1894 3482 conﬁrmanda

304 3520 548 3591 plurima
575 3534 642 3574 ex
675 3533 841 3588 supra
888 3518 1053 3574 dictis
1095 3535 1205 3573 non
1236 3532 1428 3587 parum
1460 3517 1723 3572 momenti
1763 3516 1895 3571 aﬂ‘e-

267 3647 277 3655 .
305 3616 455 3667 rant,
502 3604 594 3661 hic
618 3607 931 3662 exscribere
960 3609 1139 3663 visum
1166 3617 1267 3662 est.
1298 3608 1440 3661 Ante
1467 3605 1721 3661 Hesaiam
1762 3623 1893 3678 ergo

304 3698 365 3752 in
398 3694 587 3752 codice
612 3711 780 3768 supra
812 3706 1113 3755 memorato
1142 3698 1374 3768 legitur:

382 3790 715 3864 Μετελήφθη
750 3792 782 3845 ὁ
813 3792 1042 3857 Ἡσαΐας
1089 3793 1199 3847 ἀπὸ
1231 3794 1567 3866 ἀντιγράφου
1612 3793 1707 3847 τοῦ
1748 3794 1896 3848 ἀδεᾶ

317 3882 727 3956 ’Δπολιναρίου,
771 3884 867 3938 τοῦ
901 3884 1301 3957 κοινοΰιάρχου,
1331 3888 1389 3940 ὲν
1425 3880 1471 3954 ᾦ
1500 3885 1896 3942 καθυπόκειται

300 3975 506 4029 ταῦτα’
534 3975 860 4047 Μετελήφθη
889 3979 919 4030 ὁ
953 3976 1180 4039 Ἠσαῖας
1208 3979 1273 4030 ὲκ
1300 3975 1409 4030 τῶν
1443 3979 1583 4031 κατὰ
1610 3976 1710 4041 τὰς
1741 3978 1893 4032 ἐκδό-

306 4084 428 4132 σεις
469 4066 771 4130 Ἑξαπλῶν.
821 4065 1147 4137 Ἀντεϐλήθη
1178 4064 1235 4120 δὲ
1269 4067 1364 4120 καὶ
1392 4067 1527 4138 πρὸς
1554 4067 1743 4139 ἕτερον
1766 4069 1892 4134 ἑξα-

308 4160 504 4225 πλοῦν,
534 4160 657 4230 ἔχον
688 4160 787 4231 τὴν
820 4159 1273 4232 παρασημεὶωσιν
1299 4160 1525 4231 ταύτηψ
1543 4160 1891 4232 Διωρθώνται

305 4251 557 4322 ἀκριϐῶς
579 4254 751 4306 πᾶσαν.
782 4253 840 4305 ai
870 4252 1108 4315 ἐκδόσεις
1127 4268 1139 4281 ·
1168 4251 1576 4322 ἁντεϐλήθησαν
1603 4251 1711 4324 γὰρ
1747 4253 1886 4323 πρὸς

306 4341 648 4411 τετραπλοῦν
679 4340 928 4405 Ἡσαΐαν,
955 4341 1035 4393 ἔτι
1059 4341 1116 4394 δὲ
1143 4342 1239 4394 καὶ
1264 4342 1403 4414 πρὸς
1430 4343 1715 4411 ἑξαπλοῦν.
1748 4344 1893 4414 Πρὸς

1997 1871 2324 1943 Μετελήφθη
2371 1872 2479 1926 ἀπὸ
2524 1872 2629 1925 τῶν
2674 1873 2817 1925 κατὰ
2868 1870 2968 1935 τὰς
3014 1870 3255 1931 ἐκδόσεις
3302 1868 3574 1936 ἑξαπλῶν,

1998 1965 2093 2017 xa‘:
2115 1962 2395 2035 διιυρθὼθη
2429 1964 2538 2017 ἀπὸ
2568 1964 2675 2015 τῶν
2710 1963 3018 2033 Ὢριγένους
3040 1960 3204 2014 αὐτοῦ
3232 1959 3573 2032 τετραπλῶν,

1997 2055 2155 2108 ἆτινα
2213 2054 2308 2107 καὶ
2351 2053 2513 2106 αὑτοῦ
2557 2054 2700 2123 χειρὶ
2738 2051 3036 2123 διὼρΘωτο,
3090 2052 3186 2105 καὶ
3228 2050 3577 2121 ἐσχολιογρά-

1997 2163 2155 2216 φητο.
2198 2144 2255 2198 'O
2294 2144 2552 2208 Εὐσέϐιος
2580 2144 2692 2211 ἐγὼ
2722 2144 2907 2213 σχόλια
2946 2142 3254 2215 παρέθηκα.
3288 2141 3574 2213 Πάμφιλος

1995 2240 2092 2292 καὶ
2116 2236 2375 2300 Εὐσέϐιος
2410 2234 2833 2308 ὲδιωρθώσαντο.

2067 2329 2387 2398 Desumptus
2435 2338 2511 2382 est
2574 2325 2865 2397 (Ezechiel)
2919 2326 2984 2379 ab
3038 2325 3329 2396 exemplari
3367 2325 3574 2379 abbatis

1996 2420 2295 2491 Apolinarii
2328 2419 2735 2491 cauobiarchw,
2787 2420 2844 2472 in
2886 2424 2989 2487 quo
3016 2417 3129 2472 haec
3170 2416 3528 2486 subjiciuntur
3553 2433 3574 2469 :

1998 2511 2309 2580 Exscriptus
2334 2520 2412 2565 est
2441 2510 2504 2564 ab
2533 2508 2791 2579 Hexaplis
2813 2509 3070 2563 editiones
3096 2507 3574 2577 complectentibus,

1993 2615 2045 2660 et
2078 2614 2340 2660 correctus
2374 2615 2453 2659 est
2482 2606 2551 2658 ad
2581 2605 2739 2673 ﬁdem
2772 2603 3142 2672 Tetraplorum
3171 2601 3435 2672 Origenis,
3457 2618 3576 2672 qua

1995 2701 2155 2752 etiam
2179 2715 2340 2751 manu
2366 2699 2478 2767 ejus
2501 2696 2774 2752 emendata
2795 2706 2845 2750 et
2869 2695 3081 2750 scholiis
3103 2693 3377 2747 illustrata
3400 2704 3571 2749 erant.

1996 2788 2110 2860 Ego
2145 2788 2405 2843 Eusebius
2432 2790 2633 2844 scholia
2660 2790 2852 2861 adjeci.
2895 2786 3206 2859 Pamphilus
3234 2796 3284 2841 et
3314 2787 3573 2843 Eusebius

1991 2888 2357 2935 correxerunt.

2071 2969 2198 3026 Htec
2233 2980 2383 3027 tanta
2420 2982 2695 3026 tantorum
2728 2980 3041 3040 sumptuum
3091 2986 3256 3043 Opera
3293 2985 3574 3040 nunquam

1997 3062 2264 3131 potuisset
2291 3059 2575 3133 Origenes,
2610 3062 2907 3117 mediocris
2936 3061 3169 3116 fortuna:
3198 3061 3303 3126 vir,
3325 3062 3573 3131 exsequi,

1998 3153 2104 3207 nisi
2140 3152 2424 3208 facultates
2477 3153 2949 3208 subministrasset
2997 3152 3341 3216 Ambrosius,
3380 3150 3462 3204 vir
3504 3151 3574 3207 ad

1996 3258 2211 3297 summa
2247 3252 2429 3304 natus.
2474 3244 2569 3312 qui
2597 3242 2814 3313 Origeni
2863 3258 3075 3313 semper
3113 3243 3367 3297 stimulos
3408 3242 3576 3297 adde‘

1994 3336 2108 3399 bat,
2124 3335 2255 3390 utin
2277 3333 2551 3404 publicum
2569 3350 2725 3389 usum
2745 3335 2975 3403 plurima
2993 3334 3372 3404 perscriberet,
3389 3348 3578 3388 cumu-

1993 3428 2210 3498 lateque
2237 3430 2424 3483 omnia
2466 3428 2864 3497 suppeditabat,
2896 3427 2967 3479 ita
3011 3438 3069 3480 ut
3092 3424 3194 3495 ipsi
3226 3424 3573 3495 tachygrapbi

1994 3519 2109 3575 sive
2137 3517 2335 3573 notarii
2364 3529 2592 3589 septem,
2625 3517 2827 3571 librarii
2861 3516 3105 3574 totidem.
3138 3513 3329 3584 puellae
3357 3514 3483 3567 item
3517 3515 3574 3567 in

1994 3612 2348 3683 calligrapbia
2392 3611 2724 3670 exercitata.
2768 3623 2981 3676 semper
3010 3606 3076 3659 ad
3118 3620 3339 3659 manum
3367 3613 3569 3659 essent.

2068 3702 2459 3773 Hexaplorum,
2501 3712 2561 3757 ut
2590 3717 2753 3770 supra
2786 3701 3049 3763 diximus,
3082 3697 3329 3751 ordinem
3363 3697 3441 3752 ita
3481 3710 3575 3751 ac-

1995 3805 2183 3850 curate
2228 3795 2543 3850 describunt
2592 3793 2929 3863 Epiphanius
2975 3798 3029 3843 et
3080 3789 3463 3860 Hieronymus,
3513 3796 3575 3843 ut

1995 3888 2129 3942 nihil
2155 3889 2267 3958 jam
2298 3886 2631 3942 dilbcultatis
2654 3901 2716 3938 ea
2747 3885 2814 3938 de
2840 3902 2896 3938 re
2922 3882 3179 3953 supersit.
3210 3882 3364 3936 Libet
3390 3890 3574 3934 autem

1995 3979 2160 4035 verba
2211 3977 2528 4048 Hieronymi
2579 3977 2669 4030 hic
2721 3991 2994 4045 apponere
3048 3990 3112 4028 ex
3166 3972 3463 4028 Comment.
3517 3971 3578 4024 iu

1996 4069 2173 4139 Epist.
2217 4070 2286 4123 ad
2325 4069 2544 4122 Titum:
2589 4067 2737 4121 Unde
2778 4067 2925 4121 nobis
2960 4083 3102 4120 cura!
3144 4066 3244 4134 fuit
3279 4080 3456 4119 omnes
3485 4078 3576 4115 ve-

1994 4166 2117 4218 teris
2170 4161 2298 4231 legis
2350 4162 2531 4225 libros,
2577 4176 2705 4227 quos
2758 4162 2837 4212 vir
2890 4159 3074 4212 doctus
3133 4156 3487 4210 Adamantius
3518 4154 3575 4205 in

1994 4253 2236 4323 Hexapla
2258 4253 2567 4322 digesserat,
2588 4254 2651 4304 de
2683 4251 2995 4305 Ctesariensi
3024 4248 3339 4301 bibliotheca
3370 4245 3572 4299 descri-

1993 4356 2131 4415 ptos,
2162 4361 2227 4399 ex
2265 4346 2395 4413 ipsis
2433 4344 2752 4396 authenticis
2789 4343 3092 4406 emendare,
3134 4340 3187 4393 iu
3230 4338 3419 4409 quibus
3454 4338 3575 4404 ipsa

306 4434 541 4497 τούτοις,
562 4420 659 4487 ita).
688 4433 799 4485 ἀπὸ
826 4434 924 4502 τῆς
958 4432 1156 4506 ἀρχῆς,
1189 4432 1295 4498 ἕως
1337 4432 1434 4487 τοῦ
1478 4436 1755 4505 ὁράματος
1786 4434 1891 4487 To-

1996 4438 2223 4493 Hebrtca
2256 4437 2484 4506 propriis
2516 4446 2641 4490 sunt
2669 4435 3063 4489 characteribus
3094 4432 3245 4488 verba
3269 4432 3573 4498 descripta;

311 4544 432 4599 ρου,
463 4524 852 4597 ἀκριϐέστερον
880 4523 1202 4595 διώρθωται.
1232 4525 1651 4598 Εὐπορήσαντες
1672 4526 1778 4580 τῶν
1805 4526 1891 4596 μέ-

312 4636 404 4689 χρι
437 4617 625 4681 τέλους
656 4616 750 4669 τοῦ
785 4615 1060 4688 ὁράματος
1110 4616 1289 4689 Τύρου
1329 4618 1513 4687 τόμων
1552 4617 1892 4689 ἑξηγητικῶν

307 4713 392 4773 sic
435 4710 529 4763 τὸν
585 4708 811 4763 Ἡσαΐαν
856 4706 1184 4779 Ὠριγὲνοος,
1236 4709 1333 4763 καὶ
1375 4707 1622 4779 ἀκριϐῶς
1670 4710 1894 4781 ἐπιστή-

310 4818 511 4864 σαντες
549 4802 618 4871 τῇ
653 4799 831 4870 ἐννοίᾳ
859 4798 981 4853 καθ’
1012 4801 1080 4872 ἢν
1109 4800 1415 4873 ἐξηγήσατο
1456 4801 1693 4871 ἑκάστην
1727 4801 1889 4866 λέξιν,

312 4893 500 4957 καθὼς
534 4888 647 4946 οἷον
684 4910 744 4946 τε
794 4888 886 4963 ἦν,
947 4893 1043 4946 καὶ
1095 4894 1205 4947 πᾶν
1258 4893 1561 4963 ἀμφίϐολον
1614 4893 1759 4947 κατὰ
1794 4894 1893 4965 τὴν

310 4986 529 5041 ἔκεινου
578 4985 787 5038 ἔννοιαν
834 4982 1279 5055 διωρθωσάμηθα.
1322 4986 1465 5056 Πρὸς
1496 4984 1709 5048 τούτοις
1739 5001 1893 5038 συνε-

310 5078 475 5150 κρίθη
506 5078 541 5148 ἡ
571 5076 680 5131 τῶν
724 5076 1127 5147 Ἐσδομήκοντα
1150 5074 1365 5140 ἐκδοσις
1393 5078 1488 5129 καὶ
1520 5076 1654 5146 πρὸς
1695 5076 1762 5130 τὰ
1789 5076 1893 5131 ὑπὸ

310 5170 576 5224 Εὐσεσίου
612 5171 693 5233 εἰς
738 5168 965 5223 Ἡσαΐαν
1007 5167 1293 5239 εἰρημένα,
1346 5169 1440 5223 καὶ
1473 5169 1531 5221 ἐν
1571 5163 1653 5231 οἷς
1698 5168 1894 5238 διεφώ-

308 5279 458 5325 νουν,
489 5261 588 5330 τῆς
622 5260 937 5332 ἐξηγήσεως
966 5260 1068 5328 τὴν
1111 5257 1321 5313 ἔννοιαν
1365 5257 1720 5331 ζητήσαντες,
1756 5259 1893 5330 πρὸς

308 5346 482 5417 αὐτὴν
514 5346 961 5420 ὲδιωροωσάμην.

384 5438 704 5508 Desumptus
733 5448 815 5494 est
848 5438 1075 5493 Hesaias
1105 5441 1170 5493 ab
1203 5440 1493 5511 exemplari
1523 5439 1728 5494 abbatis
1750 5439 1894 5508 Apo-

308 5530 492 5585 linarii
534 5532 941 5596 ccaobiarchte,
970 5532 1026 5584 in
1067 5548 1170 5602 quo
1209 5533 1319 5587 hare
1365 5532 1760 5601 subjiciuntur:
1793 5531 1895 5586 De-

308 5634 543 5693 suntptus
566 5634 643 5681 est
676 5622 917 5679 Hesaias
938 5622 1004 5678 ab
1035 5623 1289 5692 Hexaplis
1325 5624 1610 5678 secundum
1637 5624 1892 5679 editiones

310 5716 599 5776 admotis.
645 5715 905 5775 Collatus
950 5725 1129 5771 autem
1172 5716 1275 5786 fuit
1322 5732 1441 5771 cum
1490 5716 1597 5774 alio
1650 5715 1895 5786 Hexaplo

1992 4539 2045 4581 et
2093 4527 2289 4583 Graecis
2333 4527 2525 4580 litteris
2575 4529 2786 4579 tramite
2832 4541 3077 4591 expressa
3129 4525 3323 4579 vicino.
3377 4520 3577 4591 Aquila

1992 4621 2153 4672 etiam
2179 4629 2228 4671 et
2257 4616 2623 4687 Symmachus,
2650 4614 2998 4686 Septuaginta
3020 4629 3069 4669 et
3106 4613 3392 4670 Theodotio
3422 4629 3576 4668 suum

1994 4709 2229 4763 ordinem
2272 4715 2464 4761 tenent.
2503 4706 2764 4760 Nonnulli
2812 4724 2930 4760 vero
2967 4707 3115 4769 libri,
3146 4716 3196 4762 et
3244 4706 3473 4760 maxime
3520 4704 3575 4760 hi

1991 4801 2083 4871 qui
2122 4798 2264 4867 apud
2305 4797 2554 4852 Hebraeos
2598 4814 2749 4852 versu
2792 4799 3069 4867 compositi
3114 4810 3262 4865 sunt,
3294 4809 3398 4851 tres
3436 4795 3575 4851 alias

1992 4892 2245 4945 editiones
2272 4892 2487 4945 additas
2518 4890 2745 4943 habent:
2772 4906 2928 4959 quam
2956 4888 3233 4955 Quintam,
3257 4901 3305 4943 et
3332 4887 3572 4953 Sextum,

1992 4990 2040 5035 et
2073 4977 2361 5047 Septimum
2398 4981 2799 5034 translationem
2826 4992 3034 5044 vocant,
3070 4980 3437 5033 auctoritatem
3462 4980 3576 5032 sine

1994 5073 2292 5127 nominibus
2343 5072 2691 5138 interpretum
2741 5082 3072 5125 consecutus.
3133 5068 3364 5123 Planum
3413 5068 3576 5137 igitur

1992 5173 2080 5221 est
2101 5162 2339 5233 Hexapla
2374 5164 2455 5217 sic
2480 5164 2743 5231 disposita
2774 5164 2964 5227 fuisse,
3004 5172 3061 5216 ut
3097 5163 3329 5231 primam
3363 5162 3574 5215 colum-

1995 5270 2121 5309 nam
2169 5262 2461 5325 occuparet
2491 5254 2793 5309 Hebraicus
2827 5264 3034 5320 textus,
3065 5252 3345 5307 Hebraicis
3381 5252 3575 5307 litteris

1994 5347 2331 5416 descriptus;
2358 5348 2651 5401 secundum
2696 5348 2836 5401 idem
2876 5346 3178 5401 chraicus
3206 5344 3406 5401 ϐῖκός
3436 5344 3575 5399 litte-

1997 5438 2074 5494 ris
2103 5448 2388 5503 exaratus;
2420 5440 2634 5493 tertiam
2664 5440 2884 5508 Aquila,
2906 5447 3159 5504 quartam
3191 5437 3575 5507 Symmachus.

1996 5529 2242 5598 quintam
2279 5528 2420 5582 LXX
2460 5530 2803 5600 lnterpretes,
2851 5540 3060 5585 sextam
3096 5528 3420 5583 Theodotio.
3464 5526 3575 5583 Cu-

1992 5622 2086 5693 jus
2106 5622 2184 5677 rei
2220 5624 2558 5678 luculentum
2587 5626 2895 5693 suppeditat
2918 5626 3222 5695 exetnplum
3249 5624 3413 5678 codex
3441 5623 3574 5677 Bar-

1997 5714 2243 5785 beriuus,
2295 5715 2388 5770 ubi
2437 5730 2470 5771 v
2536 5717 2558 5772 l
2614 5716 2809 5786 capitis
2859 5732 2895 5770 ll
2946 5714 3099 5772 Osca:
3141 5715 3447 5786 propheta),
3486 5716 3576 5772 illo
