4064 6262
410 284 480 343 33
1614 287 1682 343 IN
1720 287 2045 344 HEXAPLA
2083 287 2429 346 ORIGENIS.
3600 308 3673 364 δι

408 416 440 458 e
479 399 693 475 regione
720 399 966 459 aliarum
1015 407 1225 476 positas
1268 405 1438 465 fuisse
1478 407 1535 465 in
1565 409 1708 466 libro
1735 408 1980 465 Psalmo-
2012 407 2054 464 Α
2087 418 2210 460 mus
2243 407 2543 463 admodum
2581 407 2953 481 perfunctorie
3001 416 3283 481 narravit;
3318 433 3420 473 nec
3456 421 3673 478 videtur

408 510 551 561 rum,
580 504 632 550 et
654 497 709 551 in
732 496 1032 554 duodecim
1067 499 1351 573 Prophetls
1381 503 1708 557 minoribus.
1743 502 1803 559 ln
1830 502 1989 559 Psal-

405 595 514 648 Itis
539 584 753 663 quidem
783 604 901 651 tres
948 597 1072 654 illas
1120 598 1388 656 editiones
1436 616 1533 671 per
1578 609 1751 655 totum
1786 601 1982 656 librum

403 686 691 755 adiunctas
721 688 891 745 fuisse
922 694 1157 747 suadent
1181 689 1483 762 frequentia
1509 692 1848 764 singularum
1875 693 1985 748 fra-

404 790 620 847 gmenta
642 798 763 850 quae
790 783 997 851 passim
1023 785 1418 841 observantur:
1453 787 1505 840 in
1535 786 1821 841 duodecim
1854 802 1983 841 vero

404 869 692 943 Prophetis
716 875 1041 937 minoribus,
1069 887 1202 930 teste
1232 877 1577 949 Hieronymo,
1608 888 1801 947 prteter
1822 878 1984 947 Aqui-

404 964 539 1030 lam,
589 966 1002 1036 Symmachum,
1036 967 1198 1034 LXX,
1230 968 1659 1033 Thcodotionem
1710 981 1764 1026 et
1808 971 1982 1037 Quin-

402 1064 541 1121 tam,
578 1058 702 1111 duze
742 1060 863 1114 alia:
900 1059 1167 1116 editiones
1211 1062 1472 1130 apposita:
1512 1071 1690 1123 erant,
1735 1062 1983 1117 videlicet

403 1146 573 1203 Sexta
608 1160 662 1204 et
696 1149 955 1219 Septima,
1000 1168 1232 1221 quarum
1277 1151 1577 1220 fragmenta
1622 1153 1977 1219 exhibemus;

399 1238 623 1305 Quinta:
643 1257 835 1311 nempe
862 1242 1321 1310 frequentissima,
1347 1245 1575 1299 aliarum
1601 1259 1729 1299 vero
1746 1246 1975 1299 rariora.

399 1331 693 1387 Canticum
727 1345 908 1389 autem
942 1332 1198 1392 Habacuc
1244 1339 1541 1393 secundum
1583 1354 1748 1393 uuam
1780 1356 1846 1393 ex
1894 1339 1979 1395 his

399 1423 698 1493 postremis
762 1425 1093 1483 editionibus
1144 1428 1414 1496 integrum
1489 1438 1975 1496 repraesentamns,

396 1516 548 1586 quod
578 1533 705 1571 cum
748 1534 847 1573 nec
878 1519 1111 1586 Quinte,
1141 1536 1241 1574 nec
1278 1520 1457 1577 Sexta:
1496 1536 1621 1576 esse
1650 1522 1843 1592 possit,
1886 1537 1975 1577 se-

396 1607 591 1678 quitur
617 1622 683 1662 ex
736 1608 975 1679 Septima
1001 1612 1348 1684 desumptum
1376 1628 1517 1669 esse.

469 1697 532 1753 In
565 1701 809 1758 Canticis
846 1705 1206 1771 canticorum,
1234 1705 1452 1771 Quinta:
1496 1705 1672 1760 solum
1705 1714 1759 1759 et
1800 1703 1975 1760 Sextre

395 1790 666 1848 lectiones
694 1794 1028 1861 aﬂ'eruntur;
1060 1795 1315 1866 Septima:
1342 1814 1408 1851 ne
1432 1797 1722 1866 vestigium
1755 1796 1975 1866 quidem

394 1882 653 1949 habetur,
701 1886 846 1941 unde
885 1886 1121 1942 fortasse
1152 1888 1395 1956 suspirio
1442 1889 1653 1942 oriatur
1683 1888 1770 1942 hic
1800 1887 1977 1958 Septi-

396 1990 549 2030 Inam
578 1992 689 2032 non
725 1976 967 2032 adfuisse
998 1995 1122 2033 cum
1155 1980 1299 2044 aliis,
1350 1979 1495 2049 quod
1544 1987 1727 2034 tamen
1759 1978 1975 2033 nonnisi

393 2075 603 2123 temere
633 2068 892 2124 aﬂirmari
922 2080 1101 2141 potest
1133 2090 1145 2125 :
1184 2071 1362 2142 potuit
1388 2073 1560 2138 enim,
1582 2072 1686 2127 etsi
1712 2070 1969 2137 adfuerit,

392 2174 427 2215 a
460 2160 843 2217 collectoribus
870 2164 1090 2233 negligi.
1150 2232 1153 2235 ἰ

469 2250 528 2305 ln
577 2251 948 2309 Pentateucho
981 2263 1163 2309 autem
1211 2254 1471 2321 Quintam
1502 2264 1557 2312 et
1589 2255 1810 2309 Sextam
1854 2256 1972 2310 edi-

391 2343 601 2397 tionem
632 2344 813 2399 locum
856 2354 1159 2414 Occupasse
1188 2363 1347 2400 suum
1386 2348 1749 2415 testiﬁcantur
1779 2362 1970 2401 exem~

390 2435 483 2505 pla
520 2451 626 2490 non
658 2451 832 2505 pauca
876 2455 890 2492 :
927 2439 1009 2493 sic
1050 2440 1279 2495 Genesis
1306 2455 1426 2510 cap.
1459 2455 1645 2505 xxxiv,
1685 2440 1739 2507 ᾗ.
1784 2438 1871 2503 l5,
1901 2454 1968 2493 ex

386 2528 586 2583 aulico
627 2528 798 2599 Regio
846 2530 1070 2585 affertur
1111 2530 1328 2597 Quinta:
1352 2530 1609 2586 editionis
1658 2532 1839 2597 lectio,
1876 2531 1969 2585 ubi

388 2635 581 2675 vocem
632 2629 763 2680 mu
810 2622 899 2676 hic
950 2623 1219 2692 interpres
1277 2622 1441 2676 vertit
1500 2623 1866 2692 εὐνοήσομεν;
1914 2629 1969 2677 et

386 2728 512 2782 cap.
540 2728 701 2777 xxxv,
732 2731 784 2768 v.
816 2714 975 2773 l9.in
1006 2715 1153 2769 hunc
1182 2717 1357 2769 locum
1382 2698 1498 2776 ειηὸ
1519 2723 1619 2775 nt:
1640 2726 1742 2775 im
1770 2724 1968 2778 πυτ-ἐκ

385 2805 715 2860 Ambrosius
755 2806 809 2859 in
846 2808 1003 2876 epist.
1055 2805 1122 2860 ad
1172 2805 1565 2862 llorontianum
1598 2808 1671 2861 ait
1717 2827 1729 2860 :
1763 2806 1966 2871 Quinta

382 2910 569 2954 autem
607 2900 849 2961 traditio,
896 2898 1156 2967 Ephrata,
1202 2902 1319 2969 ipse
1354 2909 1440 2954 est
1488 2899 1687 2954 domus
1743 2901 1901 2969 panis
1948 2918 1962 2955 :

380 2986 489 3041 hoc
551 2989 879 3056 preteritum
947 2996 1024 3041 est
1103 2990 1156 3041 in
1234 2989 1463 3041 aliorum
1542 2989 1916 3043 traditionibus
1945 3027 1962 3053 ,

2085 498 2207 567 ejus
2248 501 2627 558 testimonium
2662 504 2729 559 ad
2757 520 2821 560 ea
2863 523 2986 578 qua:
3012 509 3326 578 supradicta
3360 522 3489 566 sunt
3519 516 3676 583 peni-

2087 601 2175 647 tus
2201 593 2473 663 quadrare
2510 612 2702 667 posse;
2735 599 3006 669 siquidem
3050 600 3128 655 ait
3156 602 3264 668 ille,
3309 605 3362 658 in
3392 608 3673 662 nonnullis

2083 687 2242 742 libris
2264 696 2318 741 et
2362 689 2602 743 maxime
2625 689 2691 743 iis
2725 690 2819 760 qui
2852 706 3011 746 versu
3047 693 3339 762 compositi
3371 706 3522 761 sunt,
3558 707 3673 752 tres

2082 778 2242 842 alias,
2254 778 2523 833 editiones
2541 796 2733 851 nempe
2748 778 3030 847 Quintam,
3047 778 3148 836 Sex
3158 790 3265 837 tam
3279 791 3333 836 et
3345 782 3667 855 Septimam.

2082 870 2295 923 additas
2331 866 2532 933 fuisse;
2563 871 2636 927 ita
2686 881 2741 927 ut
2786 888 2849 927 ex
2890 874 3009 945 ejus
3044 874 3227 930 verbis
3269 875 3458 931 inferri
3507 894 3671 948 posse

2083 964 2349 1026 videatur,
2366 964 2663 1019 maximam
2691 963 3055 1036 chaplorum
3081 975 3290 1038 partem
3310 969 3401 1023 ubi
3425 978 3538 1028 tres
3565 973 3671 1028 illa:

2081 1056 2347 1109 editiones
2365 1056 2565 1113 additae
2588 1055 2803 1113 fuerant
2817 1074 2940 1114 esse
2961 1058 3132 1116 libros
3159 1065 3451 1129 metricos;
3476 1080 3669 1137 nempe

2078 1143 2204 1209 Job,
2236 1146 2482 1203 Psalmos
2536 1156 2589 1202 et
2621 1147 2957 1215 Proverbia;
2994 1158 3048 1205 et
3084 1162 3264 1208 tamen
3299 1158 3665 1226 apertissimis

2057 1238 2342 1304 'exemplis
2378 1241 2631 1308 superius
2662 1242 2951 1309 probatum
2978 1251 3083 1307 est,
3112 1246 3232 1302 illas
3257 1248 3528 1306 editiones
3563 1251 3665 1307 ad-

2079 1327 2249 1382 fuisse
2297 1328 2349 1383 in
2382 1328 2775 1396 Pentateucho,
2824 1332 2879 1385 in
2919 1330 3206 1399 Prophetis
3254 1340 3580 1407 minoribus,
3607 1352 3664 1396 et

2082 1418 2136 1472 in
2177 1417 2466 1486 Canticis;
2510 1437 2575 1475 ex
2614 1422 2769 1477 libris
2814 1438 2946 1478 vero
2983 1429 3227 1484 metricis
3255 1426 3505 1488 Psalmos
3535 1443 3661 1490 tan~

2078 1522 2192 1565 tum
2226 1512 2392 1567 trium
2440 1515 2658 1569 illarum
2693 1516 2998 1571 editionum
3032 1519 3315 1589 reliquias,
3352 1533 3408 1578 et
3435 1525 3657 1595 quidem

2079 1604 2553 1674 frequentissimas
2589 1606 2871 1675 pra-ferre;
2900 1605 3003 1663 Job
3031 1618 3216 1666 autem
3250 1621 3303 1667 et
3338 1612 3660 1687 Proverbia,

2077 1712 2314 1765 quorum
2357 1700 2593 1754 maxima
2624 1701 2917 1756 lectionum
2953 1699 3337 1773 llexaplarium
3394 1707 3528 1763 silva
3559 1725 3657 1766 su-

2078 1799 2298 1859 perest,
2344 1807 2416 1846 ne
2450 1792 2738 1860 vestigium
2782 1794 2999 1864 quidem
3044 1797 3210 1852 trium
3268 1798 3483 1855 illarum
3543 1803 3662 1856 edi-

2078 1881 2287 1936 tionum
2322 1882 2543 1937 habere.
2580 1880 2678 1939 His
2718 1886 3027 1956 conspectis
3062 1904 3221 1944 nemo
3250 1893 3526 1961 negaverit
3558 1895 3659 1949 ad-

2075 1976 2297 2029 modum
2330 1974 2546 2030 diliicile
2586 1991 2710 2031 esse
2757 1978 3010 2047 superius
3046 1980 3211 2035 allata
3249 1984 3495 2054 exempla
3528 2000 3657 2041 cum

2073 2066 2255 2121 verbis
2281 2064 2600 2137 Hieronymi
2628 2068 2943 2123 conciliare.

2144 2155 2283 2208 Cum
2314 2165 2495 2210 autem
2525 2156 2751 2211 omnino
2779 2167 2986 2213 certum
3018 2160 3085 2215 sit
3120 2158 3409 2233 Origcncm
3450 2181 3561 2219 non
3598 2166 3654 2221 in

2072 2246 2327 2301 omnibus
2362 2244 2659 2316 Scriptum
2690 2248 2846 2303 libris
2876 2259 2985 2305 tres
3018 2252 3140 2307 illas
3174 2252 3603 2323 interpretationi
3624 2271 3653 2309 s

2071 2335 2373 2404 adiecisse,
2418 2337 2590 2407 quaeri
2638 2347 2817 2408 ponest
2866 2356 2996 2393 num
3051 2352 3160 2396 tres
3207 2341 3281 2396 illi
3328 2344 3651 2415 interpretes

2071 2440 2238 2485 totam
2290 2428 2628 2501 Scripturam
2670 2433 2780 2486 sint
2824 2433 3181 2502 interpretati,
3212 2451 3280 2490 an
3324 2452 3421 2492 eas
3470 2439 3646 2493 solum

2071 2537 2252 2596 partes
2293 2543 2418 2598 qua:
2460 2529 2529 2582 ab
2570 2525 2805 2598 Origene
2837 2530 2892 2585 in
2939 2530 3181 2603 Octaplis
3210 2535 3466 2591 adhibitre
3495 2548 3646 2592 sunt.

2071 2616 2215 2673 Sane
2244 2634 2391 2685 cum,
2424 2620 2501 2674 illi
2552 2621 2743 2674 saltem
2779 2621 2889 2677 duo
2924 2625 3157 2693 priores,
3193 2625 3644 2696 Pentateuchum.

2068 2705 2334 2775 Psalmos,
2362 2720 2419 2765 et
2458 2727 2525 2765 ex
2560 2710 2886 2783 Hieronymo
2918 2712 3022 2770 Job
3062 2728 3115 2771 et
3160 2717 3491 2786 Proverbia;
3518 2740 3643 2777 cum

2066 2799 2193 2855 item
2235 2802 2460 2857 Cantica
2509 2812 2564 2856 et
2610 2803 2848 2859 minores
2892 2803 3195 2876 Prophetas
3244 2812 3640 2881 transtulerint,

2066 2908 2174 2948 non
2224 2894 2381 2947 video
2431 2894 2562 2963 quid
2614 2911 2796 2950 causa:
2840 2894 3025 2963 fuerit,
3074 2914 3175 2953 cur
3219 2904 3428 2958 medios
3473 2904 3644 2963 libros

2065 2984 2371 3047 omiserint,
2400 2986 2658 3054 quodque
2695 2986 2870 3056 magis
2895 2997 3106 3057 urgeat,
3136 3004 3262 3044 eum
3312 3004 3421 3047 tres
3449 2993 3525 3048 illi
3559 2996 3639 3048 in-

380 3074 483 3130 tubi
535 3077 854 3132 traditiones
906 3077 995 3132 ille
1043 3093 1142 3148 pro
1195 3078 1528 3131 editionibus
1591 3088 1838 3147 usurpat.
1892 3078 2028 3139 Etc
2063 3082 2324 3142 terpretes
2371 3085 2431 3129 ut
2477 3074 2770 3144 plurimum
2823 3076 2878 3129 in
2925 3077 3116 3132 iisdem
3162 3078 3458 3151 Scriptum
3486 3085 3640 3140 libris

334 3193 345 3205 -
380 3163 561 3223 Levit.
632 3184 670 3234 t,
731 3168 795 3222 l6
853 3188 867 3222 :
928 3171 992 3223 Α.
1057 3170 1140 3233 Σ.,
1198 3169 1296 3240 τὴν
1357 3170 1685 3233 σιτίζουσαν.
1747 3172 1810 3225 Θ.
1866 3171 1955 3233 Ε..

375 3256 486 3329 τὴν
534 3258 703 3327 ὀσφὺν
744 3260 813 3332 ἢν
858 3263 1020 3331 ἡμεῖς
1065 3261 1338 3331 καλοῦμεν
1370 3262 1564 3332 φύσαν.
1596 3262 1726 3317 Item
1779 3261 1953 3317 Levit.

377 3364 505 3419 cap.
538 3366 602 3412 tt,
630 3367 685 3405 ν.
718 3351 772 3416 5,
803 3352 857 3404 in
887 3353 1131 3420 Append.
1170 3354 1224 3407 Σ.
1260 3354 1346 3419 Ε.,
1378 3354 1487 3408 ἀπὸ
1512 3354 1619 3407 τῶν
1650 3354 1958 3426 καρπωμά-

372 3455 494 3494 των
524 3442 752 3513 Κυρίου.
782 3440 848 3497 Et
871 3443 1042 3497 Levit.
1074 3460 1151 3510 XI,
1187 3444 1273 3497 17.
1299 3446 1362 3499 Δ.
1393 3447 1468 3499 0’.
1500 3446 1562 3500 8.
1592 3447 1678 3509 E.,
1707 3448 1956 3500 νυκτιπό-

374 3531 501 3599 pag.
536 3549 595 3597 ς.
628 3532 818 3602 γλαὺξ,
861 3534 922 3588 E.
959 3534 1235 3599 Quintam,
1268 3552 1328 3600 ς.
1378 3536 1595 3591 Sextum
1641 3538 1865 3603 indicat,
1901 3550 1956 3595 et

372 3624 667 3693 utriusque
713 3626 1092 3695 interpretatio
1140 3626 1385 3681 aﬂ'ertur.
1422 3628 1738 3698 Ibidemque
1775 3645 1829 3683 v.
1860 3630 1948 3684 3i.

371 3718 454 3770 ον.
489 3717 553 3771 Θ.
578 3718 666 3783 Ε.,
695 3718 877 3773 αὐτῶν
910 3717 1269 3791 τεθνηκότων.
1303 3718 1462 3774 Hisce
1492 3731 1601 3773 tam
1639 3722 1841 3788 apertis
1872 3733 1952 3776 te.

372 3808 651 3866 Itimoniis
679 3810 943 3879 refragari
974 3827 1133 3867 nemo
1172 3826 1333 3880 posse
1376 3812 1607 3867 videtur.
1650 3814 1719 3867 At
1749 3816 1949 3870 mirum

366 3914 455 3954 est
476 3901 733 3968 Quintam
760 3912 815 3956 et
839 3903 1060 3957 Sextam
1088 3904 1383 3958 editionem
1407 3920 1439 3959 a
1464 3904 1682 3959 nemine
1706 3915 1948 3960 veterum

372 3994 712 4059 Graecorum,
745 3996 838 4065 qui
873 3996 927 4049 in
959 3994 1386 4050 Pentateuchum
1420 4006 1499 4051 tot
1540 3996 1946 4052 Commentaria

365 4089 681 4153 ediderunt,
723 4100 1077 4143 memoratam
1112 4090 1323 4158 uspiam
1362 4088 1548 4143 fuisse.
1577 4088 1655 4142 De
1701 4088 1944 4158 Septima

368 4181 428 4235 in
474 4178 848 4236 Pentateucho
885 4182 1015 4235 nihil
1051 4182 1211 4236 hodie
1253 4200 1266 4236 :
1296 4193 1479 4236 utrum
1525 4198 1657 4236 vero
1681 4184 1811 4236 olim
1843 4185 1945 4237 ad-

365 4270 556 4338 fuerit,
605 4272 906 4341 ignoratur.
952 4269 1154 4326 Praeter
1201 4273 1365 4326 hosce
1400 4274 1590 4333 libros.
1638 4274 1729 4328 ubi
1776 4276 1940 4328 trium

364 4366 737 4437 posteriorum
777 4365 1079 4419 editionum
1116 4367 1340 4435 vestigia
1376 4370 1699 4436 reperimus,
1731 4367 1785 4420 in
1818 4368 1942 4422 aliis

362 4460 532 4513 etiam
570 4455 849 4512 exstitisse
874 4455 1183 4511 subindicat
1241 4456 1605 4529 Hieronymus
1636 4457 1841 4512 Comm.
1886 4460 1941 4511 in

364 4548 543 4619 Epist.
592 4551 662 4603 ad
716 4549 897 4602 Titum
930 4565 950 4603 :
1001 4547 1261 4603 Nonnulli
1313 4564 1432 4602 vero
1481 4549 1624 4613 libri,
1654 4548 1844 4617 inquit,
1889 4557 1940 4602 et

360 4645 598 4699 maxime
623 4643 679 4698 hi
715 4644 807 4713 qui
844 4643 984 4711 apud
1021 4641 1271 4696 Hebrwos
1293 4657 1445 4695 uersu
1470 4640 1751 4709 compositi
1788 4652 1938 4708 sunt,

361 4747 469 4791 tres
512 4735 651 4790 alias
690 4735 943 4790 editiones
987 4735 1200 4788 additas
1229 4733 1441 4799 habent,
1469 4748 1631 4805 quam
1656 4732 1936 4798 Quintam,

356 4838 409 4883 α
435 4826 674 4893 δαείη,
700 4836 749 4882 et
777 4826 1067 4897 Septimum
1097 4826 1499 4879 translationem
1523 4832 1731 4886 tocant,
1758 4835 1938 4877 aucto-

358 4920 575 4973 ritatem
603 4919 715 4973 sine
763 4918 1062 4971 nominibus
1096 4918 1438 4983 interpretum
1489 4923 1817 4967 consecutus.
1857 4912 1935 4966 Ex

357 5011 517 5066 libris
564 5022 743 5065 tamen
791 5024 950 5063 versu
999 5008 1321 5075 conscriptis
1369 5007 1469 5060 soli
1506 5005 1709 5059 Psalmi
1765 5006 1930 5058 trium

355 5101 726 5172 posteriorum
775 5100 1281 5167 interpretationuln
1330 5097 1589 5166 reliquias
1616 5095 1928 5164 prurit-runt.

354 5194 417 5249 In
460 5193 565 5249 Job
602 5201 782 5246 autem
839 5200 893 5245 et
937 5189 1267 5251 Proverbiis,
1313 5190 1415 5243 etsi
1463 5188 1643 5255 ampla
1698 5187 1929 5241 aliarum

351 5286 657 5341 editionum
683 5298 840 5353 seges
863 5278 1146 5343 oll‘eratur,
1176 5280 1310 5340 nihil
1340 5280 1501 5334 hodie
1524 5279 1593 5333 de
1623 5278 1797 5333 tribus
1819 5278 1929 5333 illis

351 5377 649 5452 postremis
677 5375 1063 5443 interpretibus
1102 5383 1371 5442 superest.

426 5465 484 5523 Si
515 5476 725 5521 stemus
759 5463 1070 5533 Hieronymi
1105 5463 1303 5525 verbis,
1341 5465 1394 5515 in
1429 5462 1496 5515 iis
1523 5461 1703 5525 libris;
1727 5460 1815 5513 ubi
1842 5460 1926 5513 ha:

344 5570 642 5634 postrema;
680 5558 949 5613 editiones
982 5555 1397 5617 adhibebantur,
1431 5564 1539 5608 tres
1589 5569 1799 5622 semper
1837 5554 1927 5607 ad-

345 5663 524 5720 erant,
550 5667 655 5708 nec
694 5647 897 5716 Quinta
925 5649 1041 5703 sine
1067 5644 1252 5713 Sexta,
1290 5662 1389 5701 nec
1424 5654 1657 5713 utraque
1680 5645 1800 5697 sine
1826 5644 1924 5699 Se-

340 5744 511 5818 ptime
534 5744 721 5800 locum
749 5740 962 5814 uspiam
996 5737 1248 5795 habebat.
1274 5736 1474 5794 Verum
1504 5735 1619 5792 haec
1651 5732 1918 5806 Hierony-

2059 3169 2421 3236 reperiantur,
2455 3167 2579 3223 licet
2610 3168 2752 3223 haud
2782 3168 2947 3223 dubie
2976 3171 3143 3225 variis
3170 3172 3223 3225 in
3249 3172 3385 3229 locis
3412 3176 3641 3245 scripse-

2058 3258 2188 3322 rint,
2230 3274 2329 3313 cur
2376 3259 2596 3312 eosdem
2644 3256 2814 3311 libros
2847 3273 2914 3311 ex
2947 3257 3211 3315 llebraico
3244 3265 3633 3329 converterint,

2056 3349 2273 3402 cesdem
2323 3348 2659 3402 omiserint:
2710 3348 2813 3400 hoc
2862 3357 3009 3403 certe
3058 3366 3233 3421 neque
3275 3368 3407 3408 casu
3455 3371 3632 3426 neque

2055 3441 2288 3495 consilio
2339 3441 2582 3496 accidere
2630 3444 2870 3512 potuisse
2921 3443 3154 3497 videtur.
3188 3442 3244 3497 Si
3279 3446 3630 3514 respondeas.

2055 3550 2153 3587 cur
2185 3549 2315 3602 ergo
2347 3530 2607 3603 Origenes
2634 3535 2686 3588 in
2718 3534 3043 3604 quibusdam
3082 3534 3253 3597 libris,
3288 3550 3395 3589 non
3428 3536 3481 3591 in
3512 3553 3632 3591 om-

2054 3628 2237 3686 nibus.
2272 3626 2394 3681 illas
2422 3626 2689 3681 editiones
2719 3628 3051 3696 apposuerit,
3084 3642 3344 3696 reponam
3379 3642 3502 3698 ego,
3529 3645 3630 3685 cur

2054 3720 2108 3772 in
2136 3717 2368 3772 Threnis
2422 3718 2537 3773 sive
2584 3716 3091 3775 Lamentationibus
3142 3716 3410 3784 Ieremia,
3452 3722 3630 3776 solum

2053 3810 2441 3882 Symmachum
2469 3824 2596 3863 cum
2638 3811 2877 3865 editione
2903 3809 3013 3865 τῶν
3053 3812 3111 3865 0'
3136 3812 3356 3876 locavit,
3390 3828 3516 3867 cum
3548 3820 3629 3867 ta-

2051 3916 2175 3954 men
2203 3900 2398 3969 Aquila
2427 3910 2481 3954 et
2505 3898 2810 3954 Thcodotio
2841 3900 3005 3969 hujus
3035 3899 3184 3963 libri,
3214 3900 3437 3969 perinde
3464 3910 3631 3970 atque

2049 3992 2304 4056 aliorum,
2340 3992 2839 4060 interpretationem
2886 3992 3294 4069 adornaverint,
3332 3998 3391 4045 ut
3426 3992 3626 4047 ibidem

2047 4086 2103 4141 in
2135 4086 2338 4141 Monito
2377 4086 2693 4154 probamus.
2732 4084 2868 4140 Hinc
2899 4100 3029 4140 sane
3069 4085 3239 4155 liquet
3280 4101 3345 4141 ex
3380 4088 3482 4141 hac
3505 4084 3625 4141 Ori-

2045 4178 2201 4247 genis
2236 4177 2531 4231 omissione
2560 4176 2810 4231 concludi
2843 4193 2952 4230 non
2989 4193 3171 4246 posse,
3206 4178 3326 4232 illas
3358 4178 3625 4233 editiones

2044 4286 2156 4323 non
2199 4270 2459 4339 integras,
2504 4269 2598 4322 sed
2641 4270 2856 4338 aliquos
2890 4278 3100 4322 tantum
3150 4268 3428 4325 llebraicte
3471 4270 3621 4325 Scri-

2045 4368 2216 4429 ptura:
2264 4358 2430 4411 libros
2467 4359 2777 4426 complexas
2822 4356 3012 4412 fuisse.
3045 4358 3313 4413 Caeterum
3359 4374 3472 4414 rem
3512 4377 3619 4417 non

2048 4451 2267 4522 penitus
2294 4450 2628 4520 exploratam
2663 4450 2881 4504 lectoris
2913 4449 3125 4519 judicio
3153 4451 3542 4520 permittimus.

2044 4565 2158 4621 VII.
2194 4566 2268 4619 De
2304 4566 2445 4619 notis
2474 4565 2527 4617 in
2555 4564 2884 4645 marginibus
2917 4562 3279 4632 llea'aplorum
3302 4565 3368 4617 ab
3392 4563 3619 4636 Origene

2724 4646 2932 4702 ρυειιιδ.

2114 4724 2172 4778 1η
2204 4724 2458 4793 Hexaplis
2491 4724 2703 4793 amplos
2734 4722 2900 4777 fuisse
2929 4722 3206 4792 margines
3250 4724 3398 4779 notis
3426 4722 3616 4795 Orige-

2042 4817 2220 4873 nianis
2261 4827 2513 4880 onustos,
2547 4825 2885 4885 compertum
2916 4815 3073 4870 nobis
3102 4826 3185 4870 est
3212 4834 3226 4869 :
3257 4818 3448 4870 horum
3482 4834 3613 4872 vero

2040 4918 2245 4980 partem
2270 4924 2377 4962 non
2403 4907 2681 4960 minimam
2708 4906 3345 4974 occupabantnominum
3372 4911 3615 4978 proprio-

2035 5020 2155 5057 rum
2201 4999 2585 5054 chraicorum
2645 4998 3040 5066 explicationes
3084 4996 3304 5053 Graecae.
3341 4997 3395 5053 ld
3426 5008 3607 5055 autem

2037 5094 2239 5146 indicat
2264 5092 2520 5159 Origenes
2555 5091 2605 5142 in
2637 5100 2762 5142 nota
2791 5090 3019 5158 quadam
3050 5089 3116 5141 ad
3140 5104 3262 5158 cap.
3296 5105 3459 5143 xxx"
3508 5089 3610 5146 Gu-

2033 5184 2200 5246 nesis,
2229 5184 2280 5251 ,ᾗ
2311 5182 2400 5242 36,
2444 5181 2533 5233 ubi
2571 5180 2651 5233 sic
2686 5180 2885 5233 habet:
2918 5179 3041 5241 Τοῖς
3079 5179 3177 5249 μὲν
3217 5179 3345 5251 περὶ
3379 5180 3607 5237 Ἀκύλαν

2033 5276 2125 5329 καὶ
2152 5273 2445 5343 Σύμμαχον
2481 5270 2753 5341 Φουτιφάρ
2791 5271 3005 5341 εἴρηται
3034 5271 3091 5322 ὲν
3118 5269 3291 5341 τούτῳ
3314 5271 3393 5341 τῷ
3422 5270 3603 5344 τόπῳο

2032 5370 2090 5420 ὲν
2115 5368 2171 5420 δὲ
2202 5366 2279 5435 τῷ
2308 5367 2477 5436 ἑτέρῳ
2500 5362 2861 5432 Φουρτιφαρὲ.
2896 5362 3057 5431 Καὶή
3094 5362 3191 5431 μὲν
3216 5364 3308 5413 τοῦ
3338 5364 3603 5430 παρόντος

2028 5459 2286 5527 ὀνόματος
2314 5456 2577 5526 ἑρμηνεία
2602 5455 2929 5523 παράκειται
2955 5454 3020 5522 τῇ
3050 5452 3194 5514 λέξει
3212 5469 3225 5481 ⁸
3253 5454 3284 5521 ἡ
3310 5452 3367 5505 δὲ
3390 5453 3603 5518 ἕκθεσις

2025 5550 2120 5603 τοῦ
2168 5550 2358 5619 ἑτέρου
2387 5550 2444 5601 ὲν
2475 5551 2588 5609 τοῖς
2623 5547 2747 5616 ἑξῆς
2781 5549 3049 5614 φανεῖται·
3081 5545 3131 5597 id
3164 5556 3247 5598 est
3280 5562 3292 5596 τ
3330 5545 3525 5614 Aquila
3550 5557 3601 5599 ct

2028 5640 2377 5708 Symmachus
2430 5636 2729 5706 Phutiphar
2777 5638 3023 5692 dixerunt
3069 5638 3165 5689 hoc
3215 5635 3353 5701 loco,
3394 5638 3446 5689 in
3489 5639 3602 5691 alio

2027 5742 2202 5787 autem
2228 5730 2581 5799 Phurtipharc
2610 5747 2627 5786 :
2656 5731 2927 5800 praesentis
2952 5747 3069 5786 vero
3090 5731 3317 5785 nominis
3340 5731 3603 5798 interpre-
