4064 6262
401 332 474 389 35
1753 333 2286 392 PRA'ZIJMINARIA
3615 347 3690 404 36

404 454 539 506 latio
564 451 677 505 voti
697 451 908 521 adjacet
940 450 1014 520 (id
1045 462 1127 506 est
1158 452 1211 505 in
1242 452 1532 521 margine),
1565 452 1788 507 alterius
1813 467 1988 509 autem
2020 463 2064 516 Α
2097 457 2259 508 nibus
2307 454 2565 510 collocari

399 542 692 611 explicatio
717 544 764 594 in
793 542 1128 612 sequentibus
1151 542 1533 597 declarabitur.
1563 542 1701 598 Ilinc
1731 556 1813 600 est
1841 547 1990 614 quod

404 636 459 689 in
524 635 915 690 vetustissimis
972 636 1402 706 manuscriptis,
1461 637 1604 691 unde
1660 639 1990 706 praecipuam

314 782 324 794 ,
405 728 776 798 llexaplorum
814 740 1027 799 partem
1071 731 1468 798 excerpsimus,
1499 731 1603 784 ille
1642 732 1995 800 propriorum

405 823 691 877 nominum
739 821 1135 876 llebraicorum
1190 822 1671 891 interpretationes
1701 824 1756 877 in
1788 824 1996 893 margi-

405 915 570 970 nilms
596 924 895 969 occurrant
920 933 934 980 ;
964 925 1021 968 ut
1050 914 1287 984 exempli
1321 930 1510 980 causa,
1541 915 1595 968 in
1619 914 1994 970 vetustissimo

407 1006 502 1063 illo
525 1008 714 1062 codice
739 1007 1098 1069 Coisliniano,
1130 1009 1221 1076 qui
1261 1007 1461 1062 unciali
1496 1007 1765 1076 quadrato
1801 1009 1996 1062 chara-

405 1111 555 1155 ctere
576 1102 815 1171 scriptus
847 1110 951 1165 est,
983 1115 1047 1154 ac
1076 1100 1213 1155 sexti
1247 1101 1333 1155 vel
1379 1101 1595 1170 septimi
1645 1101 1829 1156 seculi
1870 1117 1995 1158 esse

406 1202 655 1262 putatur,
682 1193 750 1247 ad
793 1191 1010 1261 singula
1039 1190 1151 1246 fere
1193 1192 1416 1246 nomina
1461 1193 1680 1262 propria
1723 1190 1992 1260 ejusmodi

407 1287 633 1350 notulre,
660 1285 770 1339 vim
794 1294 850 1338 et
876 1285 1262 1355 etymologiam
1295 1283 1535 1338 nominis
1561 1283 1888 1348 indicantes,
1910 1301 1995 1339 re-

409 1378 729 1447 periuntur;
767 1375 918 1431 verbi
949 1375 1146 1446 gratia,
1185 1375 1320 1447 ὲδὲμ
1343 1393 1356 1406 ·
1390 1376 1443 1429 in
1476 1391 1673 1445 marg.,
1704 1374 1930 1446 αῖμασις
1958 1376 1992 1448 ἢ

406 1469 611 1541 τρυφὴ,
637 1477 841 1536 septum
871 1477 964 1520 aut
987 1467 1227 1538 voluptas
1247 1486 1262 1535 ;
1286 1467 1490 1531 Φισὼν,
1517 1471 1692 1538 στόμα
1717 1468 1907 1540 κόρης,
1934 1484 1994 1522 os

408 1559 632 1628 puellae;
658 1558 880 1622 Εὑιλὰτ,
907 1558 1190 1629 ὠδίνησεν,
1219 1559 1544 1624 parturivit;
1571 1557 1748 1630 Γηὼν,
1775 1558 1992 1630 στῆθος,

410 1664 628 1722 pectus;
678 1651 956 1714 Αἰθιοπία,
1003 1652 1289 1716 ςκότωσις,
1334 1653 1732 1716 obtenebmtio;
1779 1653 1991 1726 Τίγρις,

410 1745 635 1818 ἁρπαγὴ
668 1746 701 1815 ἢ
738 1744 1089 1810 ταπείνιρηις,
1137 1746 1328 1815 rapina
1377 1756 1470 1799 aut
1520 1745 1860 1808 Itumiliatio;
1891 1747 1995 1798 Εὐο

2620 475 2631 509 :
2687 472 3004 527 quanquam
3060 459 3115 515 id
3173 461 3402 518 minime
3449 473 3684 521 constet.

2100 544 2224 600 "rec
2253 548 2451 614 quippe
2487 547 2666 600 solum
2698 549 2998 603 divinando
3022 550 3260 607 dicimus
3289 573 3303 607 :
3340 554 3515 609 donec
3537 556 3686 610 enim

2102 635 2286 703 aliqua
2316 635 2398 688 vel
2423 635 2633 690 tantilla
2663 652 2788 705 pars
2810 637 3198 708 llexaplorum,
3222 653 3282 698 ut
3303 644 3460 699 initio
3483 647 3685 716 scripta

2099 724 2346 792 fuerunt,
2374 740 2404 778 e
2438 727 2678 783 tenebris
2711 731 3015 794 rmerserit,
3051 741 3111 784 ut
3136 732 3251 802 jam
3283 735 3546 803 diximus,
3573 737 3661 806 ple

2098 832 2224 871 nam
2256 817 2662 891 perfectamque
2694 822 2915 878 illorum
2965 827 3217 881 nmitiam
3263 827 3536 898 expiscari
3576 845 3687 886 non

2099 909 2429 965 valebimus.

2102 1021 2196 1078 IX.
2262 1022 2456 1078 Utrum
2513 1025 2756 1107 Origenis
2807 1029 3422 1107 tempore_Samaritaui
3460 1044 3512 1089 et
3557 1033 3687 1107 Syri

2529 1097 2729 1154 Grece
2757 1097 3016 1155 versioues
3047 1102 3267 1170 fuerint.

2169 1184 2446 1253 Queritur
2474 1206 2606 1245 num
2651 1191 2938 1264 Origenes,
2981 1195 3068 1250 vel
3101 1196 3145 1251 si
3176 1197 3270 1266 qui
3303 1197 3394 1251 alii
3426 1199 3480 1252 in
3519 1197 3685 1254 Com-

2099 1280 2388 1336 mentariis
2417 1277 2472 1335 in
2508 1281 2846 1354 Scripturam
2878 1283 3214 1342 Samaritani
3258 1296 3314 1342 et
3343 1287 3465 1359 Syri
3495 1289 3686 1344 lectio-

2101 1386 2199 1427 nes
2229 1371 2417 1430 Grece
2446 1376 2836 1443 adhibuerunt,
2868 1392 2964 1432 eas
2993 1392 3060 1433 ex
3090 1376 3434 1434 Samaritana
3463 1387 3518 1433 et
3545 1379 3682 1450 Syra

2101 1467 2376 1534 versione,
2409 1468 2505 1523 ubi
2550 1485 2689 1540 opus
2721 1471 2824 1526 fuit
2853 1471 3045 1528 Grece
3075 1475 3484 1543 expresserint;
3515 1487 3585 1527 an
3612 1488 3682 1526 ex

2102 1559 2286 1630 aliqua
2319 1560 2652 1616 Samaritani
2682 1573 2736 1619 et
2766 1563 2886 1635 Syri
2918 1563 3105 1621 Greca
3133 1567 3506 1630 translatione,
3532 1569 3686 1636 prius

2102 1653 2388 1718 adornata,
2445 1659 2677 1711 mutuati
2727 1658 2854 1712 sint.
2909 1657 3152 1713 Grecam
3209 1655 3682 1712 Samaritanorum

2102 1743 2407 1800 versionem
2443 1746 2613 1803 fuisse
2645 1748 2826 1803 innuit
2860 1749 3223 1818 Epiphanius,
3261 1765 3386 1802 cum
3417 1750 3493 1803 ait
3524 1747 3686 1820 Sym-

411 1838 644 1909 φράτης,
677 1837 1008 1908 ηὐξημένος,
1041 1845 1271 1900 auctus;
1313 1836 1505 1906 Ἀδὰμ,
1536 1837 1860 1908 γηγενὴς,’ἢ
1907 1837 1996 1891 ἇν-

2107 1835 2383 1899 machum,
2415 1844 2475 1890 ut
2503 1834 2974 1891 Samaritanorum
3005 1837 3485 1905 interpretationes
3525 1851 3687 1892 crer-

410 1929 708 2001 Θρωπος,ἢ
752 1928 900 1999 χοῦς,
937 1929 1223 1998 terrigena,
1249 1936 1345 1980 aut
1390 1928 1566 1994 homo,
1593 1937 1684 1980 aut
1718 1927 1907 1997 pulvis.
1937 1927 2000 1981 Et

411 2022 617 2076 similes
651 2022 788 2074 bene
816 2021 1003 2074 multa:
1029 2037 1042 2073 :
1067 2035 1301 2089 quarum
1326 2035 1420 2073 eas
1451 2021 1629 2074 solum
1662 2035 1786 2089 que
1813 2021 2002 2074 melio-

412 2111 489 2165 ris
517 2121 660 2165 note
685 2111 816 2166 vise
849 2122 980 2166 sunt
1004 2113 1057 2165 in
1088 2111 1324 2166 decursu
1358 2113 1542 2181 operis
1571 2112 1954 2167 adnotavimus
1980 2131 1995 2179 ;

410 2201 549 2256 alias
568 2209 750 2255 autem
783 2201 933 2259 nullo
963 2200 1251 2271 dispendio
1282 2201 1478 2271 negligi
1510 2217 1673 2270 posse
1702 2201 1995 2267 duximus;

412 2303 528 2346 tum
579 2295 706 2362 quia
750 2309 948 2363 magna
988 2306 1120 2363 pars
1165 2308 1356 2346 earum
1406 2293 1460 2346 in
1509 2293 1650 2347 libro
1706 2291 1998 2346 Nomiuum

414 2383 809 2438 llebraicorum
837 2399 970 2439 cusa
1009 2394 1135 2448 est;
1166 2393 1281 2437 tum
1325 2387 1489 2438 etiam
1518 2386 1648 2454 quia
1680 2384 1998 2454 hujusmodi

409 2478 759 2548 etymologia:
810 2478 1136 2547 plerumque
1182 2475 1350 2540 leves,
1401 2476 1628 2531 detorta:
1687 2477 2000 2546 nulliusque

415 2571 572 2638 pretii
603 2580 754 2626 sunt.
785 2571 1033 2624 Aliarum
1061 2584 1186 2623 vero
1206 2568 1647 2636 adnutationum,
1677 2583 1817 2640 quas
1845 2570 2001 2626 initio

413 2662 714 2716 editionum
746 2664 1085 2733 singularum
1126 2659 1416 2731 Origenem
1460 2664 1712 2731 posuisse
1755 2661 2001 2718 subindi—

413 2766 503 2811 cat
553 2755 859 2822 Eusebius,
909 2755 1205 2811 admodum
1251 2756 1584 2827 deploranda
1633 2755 1848 2825 jactura
1892 2767 1996 2814 est.

413 2846 550 2901 Nam
581 2848 653 2901 ibi
674 2847 938 2902 editionis
962 2845 1231 2915 cujusque
1253 2849 1539 2904 historiam
1566 2849 1780 2903 texebat
1811 2858 1866 2903 et
1890 2866 2000 2919 quo

415 2936 540 2988 loco
589 2947 803 3004 reperta
839 2934 1370 2992 fuisser'indicabat.
1398 2937 1535 2992 Illud
1574 2953 1705 2993 vero
1738 2939 2000 2994 damnum

416 3025 543 3079 licet
569 3024 909 3096 Epiphanius
937 3028 991 3082 in
1022 3027 1164 3082 libro
1213 3027 1285 3082 De
1315 3029 1634 3098 ponderibus
1664 3040 1714 3084 et
1740 3033 2001 3085 mensuris

415 3127 699 3189 utcunque
725 3120 1016 3174 sarciverit
1038 3162 1053 3186 ,
1085 3131 1146 3175 at
1171 3121 1340 3175 multa
1375 3123 1598 3179 miscuit
1622 3123 1710 3177 ille
1732 3135 2001 3194 notasque

415 3221 724 3281 temporum
755 3210 1121 3275 labefactavit,
1147 3222 1208 3266 ut
1237 3213 1486 3283 pluribus
1509 3212 1650 3270 infra
1691 3215 1922 3271 dicetur.

417 3325 557 3384 VIII.
593 3329 678 3383 Att
711 3325 1045 3400 Samaritani
1071 3337 1122 3400 et
1149 3325 1284 3400 Syri
1301 3327 1550 3381 lectiones
1577 3330 1634 3382 in
1669 3328 1998 3400 marginibus

877 3396 1241 3467 Hexaplorum
1268 3398 1543 3452 locauerit.

486 3486 819 3544 Samaritani
859 3501 917 3544 et
943 3489 1067 3560 Syri
1091 3489 1354 3546 lectiones
1382 3491 1437 3544 in
1469 3490 1811 3560 marginibus
1845 3500 2000 3545 vetu-

415 3581 787 3635 stissimorum
830 3582 1248 3652 exemplarium,
1296 3599 1420 3652 qua:
1466 3580 1834 3651 llexaplorum
1885 3582 2000 3636 fra-

417 3678 636 3742 gmenta
658 3672 939 3737 exhibent,
965 3689 1202 3743 persepe
1221 3675 1606 3740 observantur;
1628 3674 1749 3745 Syri
1776 3674 1997 3744 quidem

419 3763 474 3814 in
513 3762 788 3832 plerisque
836 3761 1132 3833 Scriptnre
1170 3765 1352 3830 libris;
1396 3764 1726 3818 Samaritani
1768 3780 1897 3819 vero
1944 3764 1996 3817 in

417 3852 791 3909 Pentateucho
839 3865 1052 3911 tantum
1089 3876 1102 3911 :
1149 3859 1242 3912 ubi
1272 3873 1380 3912 non
1425 3857 1799 3928 infrequenter
1832 3859 1998 3912 inter-

419 3948 752 4017 pretationes
814 3947 1146 4003 Samaritani
1216 3951 1661 4015 animadvertas,
1724 3950 1998 4003 interdum

418 4039 585 4104 solas,
615 4040 816 4107 sepius
853 4055 977 4094 cum
1023 4041 1257 4093 aliorum
1289 4039 1643 4108 interpretum
1674 4037 1999 4092 lectionibus

417 4133 665 4187 collatas.
715 4131 853 4185 Cum
914 4141 1097 4186 autem
1155 4131 1260 4185 ille
1316 4129 1648 4183 Samaritani
1711 4129 1996 4191 lectiones,

420 4239 529 4278 non
575 4227 628 4278 in
673 4224 903 4278 vetustis
943 4224 1227 4278 codicibus
1263 4233 1498 4287 tantum,
1525 4222 1619 4275 sed
1654 4224 1815 4275 etiam
1854 4221 1994 4288 apud

417 4315 608 4372 Patres
641 4318 847 4387 quarti,
880 4318 1056 4387 quinti
1087 4326 1141 4371 et
1167 4317 1514 4386 sequentium
1547 4314 1874 4369 seculorum
1903 4327 1999 4368 oc-

417 4421 665 4474 currant,
698 4411 983 4480 probabile
1028 4422 1163 4463 sane
1209 4408 1423 4462 videtur
1471 4407 1650 4476 ipsum
1708 4403 1997 4474 Origenem

2104 1935 2259 1991 teret,
2289 1929 2504 1983 tertiam
2545 1929 2785 1984 edidisse
2822 1929 3260 1984 translationem.
3293 1925 3430 1982 Nam
3459 1926 3514 1983 id
3541 1929 3587 1982 si
3618 1927 3687 1982 de

2102 2017 2451 2074 Samaritana
2506 2020 2999 2089 interpretatione,
3064 2018 3415 2073 Samaritano
3471 2018 3685 2089 vulgari

2101 2111 2359 2166 idiomate
2409 2110 2574 2177 facta,
2628 2111 2857 2181 intelligi
2908 2111 3182 2180 quispiam
3235 2111 3545 2177 contendat,
3585 2125 3686 2166 cur

2101 2202 2488 2274 Symmachus,
2515 2204 2655 2258 inter
2681 2203 3062 2258 Samaritanos
3087 2203 3466 2266 doctissimus,
3493 2211 3552 2256 ut
3582 2199 3687 2255 tri-

2099 2295 2308 2350 bulium
2345 2309 2573 2349 suorum
2624 2293 3031 2350 Samaritanam
3067 2294 3481 2349 translationem
3527 2306 3685 2349 ever-

2099 2394 2237 2440 teret
2283 2395 2338 2440 et
2383 2383 2712 2451 confutaret,
2743 2385 2990 2442 Grecam
3027 2388 3535 2457 interpretationem
3566 2385 3687 2440 edi-

2097 2478 2278 2533 derit?
2316 2474 2477 2532 Certe
2528 2479 2756 2533 omnino
2804 2489 3238 2534 consentaneum
3290 2480 3506 2533 videtur
3556 2491 3682 2531 eum

2099 2569 2346 2624 Grecam
2387 2570 2698 2624 versionem
2741 2572 3000 2636 edidisse,
3033 2583 3090 2627 ut
3122 2588 3242 2626 eam
3270 2571 3428 2625 alteri
3460 2569 3683 2632 Grece,

2098 2676 2220 2731 que
2248 2670 2367 2715 erat
2394 2658 2894 2728 Samaritanorum,
2925 2672 3240 2734 opponeret.
3269 2660 3395 2716 llec
3425 2675 3558 2715 sane
3584 2660 3686 2713 ob-

2095 2752 2265 2821 jectio
2293 2752 2589 2806 admodum
2619 2753 2852 2822 urgebit,
2877 2755 2922 2808 si
2957 2765 3138 2808 tamen
3171 2768 3296 2807 vera
3323 2753 3433 2806 sint
3465 2765 3588 2822 que
3614 2747 3684 2804 de

2101 2840 2414 2913 Symmachi
2455 2859 2580 2898 cum
2633 2841 2995 2899 Samaritanis
3057 2843 3288 2898 dissidio
3340 2853 3526 2898 narrat
3553 2841 3685 2911 Epi-

2099 2936 2338 3005 phanius
2363 2953 2378 2988 :
2407 2951 2532 2988 nam
2559 2936 2680 3005 ejus
2709 2937 3020 2990 testimonio
3048 2953 3153 2990 non
3180 2934 3409 2990 multum
3436 2934 3678 2990 ﬁdimus.

2101 3028 2170 3080 At
2204 3043 2314 3081 non
2347 3026 2548 3082 desunt
2576 3027 2680 3080 alia
2713 3036 3056 3097 argumenta,
3091 3029 3291 3098 quibus
3322 3027 3373 3081 id
3399 3042 3682 3082 common-

2104 3126 2340 3184 stretur;
2389 3135 2516 3172 nam
2572 3134 2639 3172 ex
2687 3119 2822 3187 ipsis
2869 3119 3226 3174 Samaritana:
3272 3120 3528 3175 editionis
3569 3120 3681 3173 fra-

2105 3212 2339 3278 gmentis
2367 3211 2636 3280 arguitur,
2663 3227 2725 3265 ea
2757 3227 2824 3265 ex
2865 3213 3045 3282 aliqua
3090 3213 3442 3266 translatione
3489 3211 3678 3265 Greca

2098 3303 2389 3373 desumpta
2447 3303 2619 3358 fuisse
2672 3324 2686 3358 :
2743 3305 3003 3359 nimirum
3055 3305 3222 3359 Exodi
3273 3319 3464 3369 xxvut,
3515 3303 3570 3368 4,
3625 3312 3680 3358 et

2101 3389 2277 3446 Levit.
2314 3407 2435 3459 Vttt,
2468 3393 2524 3459 9,
2555 3409 2660 3446 vox
2706 3392 2972 3448 Ilebraica
3015 3402 3234 3456 Nalm,
3279 3395 3463 3460 mitra,
3505 3394 3584 3448 sic
3624 3396 3679 3448 itt

2103 3481 2448 3540 Samaritana
2502 3485 2756 3540 versione
2811 3487 3157 3555 exprimitur,
3205 3487 3418 3556 πήλιον,
3456 3487 3675 3556 piteunr.

2101 3575 2220 3630 Vox
2243 3588 2424 3630 autem
2453 3577 2644 3647 πήλιος
2676 3586 2770 3631 aut
2798 3577 2997 3642 πίλιος,
3027 3593 3152 3632 nam
3184 3578 3419 3648 idipsum
3445 3587 3551 3644 est,
3581 3593 3682 3647 pro

2099 3666 2288 3737 pileus,
2338 3668 2450 3736 jam
2499 3684 2527 3722 a
2559 3667 2853 3724 Plutarcho
2897 3679 3159 3739 usurpata
3203 3671 3625 3740 deprehenditur
3661 3689 3678 3726 :

2103 3759 2246 3812 unde
2268 3759 2576 3826 colligimus
2602 3761 2843 3816 Grecam
2879 3759 3347 3817 Samaritanorum
3373 3765 3678 3818 versionem

2101 3851 2248 3905 illam
2293 3868 2589 3922 usurpasse
2637 3868 2736 3922 pro
2770 3854 2932 3906 mitra
2964 3856 3047 3909 vel
3081 3857 3254 3908 ciduri
3300 3857 3679 3925 exprimenda.

2103 3943 2289 4011 Neque
2314 3943 2463 3998 enim
2498 3944 2824 4014 cogitaverit
2847 3945 3118 4013 quispiam
3146 3960 3334 3999 vocem
3364 3945 3681 4013 hujusmodi

2101 4034 2570 4090 Latino-Grecam
2605 4036 2657 4088 in
2685 4037 2937 4090 versione
2965 4037 3148 4108 aliqua
3176 4033 3681 4091 Samaritano—Vul-

2101 4129 2214 4197 gari
2266 4129 2522 4182 idiomate
2548 4128 2872 4182 concinnata
2903 4128 3082 4182 locum
3115 4129 3392 4194 habuisse,
3425 4145 3550 4183 cum
3581 4131 3682 4183 ho-

2101 4219 2288 4272 dierna
2320 4219 2794 4272 Samaritanorum
2820 4219 2998 4273 versio
3029 4221 3374 4288 pcrautiqua,
3409 4230 3468 4273 ut
3495 4221 3682 4276 existi-

2101 4322 2304 4380 matur,
2338 4315 2495 4384 longe
2530 4315 2675 4368 aliud
2698 4315 2968 4368 exhibeat.
2995 4313 3062 4368 Et
3087 4313 3258 4369 Exod.
3287 4332 3408 4384 cap.
3437 4332 3512 4385 vt,
3542 4317 3596 4387 ᾖ.
3617 4317 3676 4382 2,

2100 4422 2289 4461 vocem
2321 4413 2442 4466 mu
2468 4407 2546 4461 ait
2575 4405 2944 4460 Theodoretus
2973 4407 3025 4460 in
3074 4405 3424 4463 Samaritano
3449 4411 3681 4477 exprimi

416 4503 679 4561 lectiones
711 4503 834 4558 illas
877 4501 1207 4557 Samaritani
1243 4501 1298 4556 in
1339 4500 1588 4570 margine
1628 4497 1993 4567 Hexaplorum
2029 4534 2072 4588 ι)
2107 4501 2250 4566 ιαϐέ,
2287 4501 2415 4569 quia
2454 4500 2704 4554 videlicet
2735 4498 2816 4552 sic
2847 4499 2993 4552 illam
3021 4509 3368 4568 expresserat
3401 4502 3496 4570 qui
3525 4500 3678 4556 Gre-

415 4598 688 4668 posuisse.
739 4593 886 4651 Idem
935 4609 1099 4664 porro
1141 4592 1435 4648 dicendum
1463 4593 1678 4646 videtur
1719 4592 1787 4644 de
1832 4587 1992 4661 Syro,

414 4692 575 4761 cujus
602 4689 1076 4758 interpretationes
1097 4689 1304 4758 passim
1331 4685 1678 4755 reperiuntur
1696 4683 1748 4736 in
1775 4681 1995 4748 Genesi,

413 4793 471 4839 et
505 4781 715 4846 Exodo,
747 4782 803 4835 in
833 4779 1068 4835 Psalmis
1097 4781 1249 4843 item,
1282 4779 1336 4831 iu
1364 4777 1623 4839 Jeremia,
1656 4776 1709 4829 in
1740 4774 1993 4842 Threnis;

414 4876 560 4947 apud
607 4873 943 4928 Ezechielem
996 4873 1186 4935 etiam,
1239 4870 1514 4926 Danielem
1562 4878 1616 4922 et
1660 4865 1820 4923 Osee.
1871 4866 1995 4938 Syri

414 4983 582 5039 porro
612 4967 872 5022 lectiones
902 4965 1206 5020 all'eruntur
1232 4964 1301 5018 ab
1329 4963 1564 5018 Eusebio
1588 4959 1936 5026 Cesariensi,
1965 4974 1996 5012 a

417 5063 654 5118 Diodoro
674 5059 929 5115 Tarsensi
955 5057 1328 5127 frequentius;
1361 5057 1430 5110 ab
1457 5055 1694 5110 Eusebio
1716 5053 1993 5119 Emiseno,

417 5155 768 5226 Hieronymo,
785 5151 1128 5206 Theodoreto
1153 5158 1207 5204 et
1232 5151 1374 5204 aliis.
1398 5149 1665 5217 Quodque
1693 5147 1994 5202 notandum

415 5252 520 5307 est,
563 5241 728 5294 iidem
774 5239 1124 5308 maximeque
1167 5236 1459 5301 Diodorus,
1492 5237 1690 5308 Syrum
1730 5252 1852 5290 eum
1891 5236 1997 5290 He-

415 5335 564 5388 breo
608 5345 750 5401 sepe
790 5330 1132 5400 conjuugunt
1159 5331 1261 5384 hoc
1303 5338 1486 5399 pacto,
1527 5329 1585 5382 ὐ
1629 5328 1797 5398 Σύρος
1845 5330 1939 5381 καὶ
1965 5329 1995 5380 ὁ

427 5423 698 5494 Ἐϐραῖος,
739 5421 845 5485 vel,
906 5421 966 5474 Ὀ
1022 5421 1271 5492 Ἐϐραῖος
1315 5421 1411 5473 καὶ
1461 5421 1489 5473 ὁ
1537 5420 1730 5492 Σύρος,
1774 5421 1995 5489 quando

415 5517 623 5569 scilicet
646 5515 935 5568 amborum
961 5514 1436 5582 interpretationes
1464 5514 1818 5577 cooveniunt,
1847 5513 1994 5582 quod

415 5620 560 5674 sepe
602 5605 890 5674 contingit.
925 5602 1018 5658 Ile
1060 5620 1226 5674 porro
1257 5604 1538 5668 lectiones,
1574 5605 1794 5673 perinde
1831 5613 1994 5672 atque

416 5695 751 5751 Samaritani
802 5698 871 5750 ab
924 5696 1181 5764 Origene,
1213 5696 1633 5765 diligentissimo
1677 5696 1991 5752 versionum

417 5787 728 5854 collectore,
764 5795 1060 5857 potuerunt
1093 5789 1258 5842 etiam
1303 5788 1356 5841 in
1395 5785 1758 5855 llexaplorum
1792 5785 2000 5856 margi-

2101 4607 2220 4645 cam
2266 4590 2738 4644 Samaritanorum
2789 4589 3098 4643 versionem
3140 4589 3448 4643 adornavit.
3493 4588 3680 4660 Neque

2098 4683 2243 4737 enim
2270 4682 2386 4736 hec
2408 4681 2556 4734 varia
2581 4681 2763 4744 lectio,
2797 4680 2879 4733 vel
2904 4695 2971 4733 ex
2999 4681 3346 4735 Samaritaao
3379 4681 3678 4751 Scripture

2100 4780 2273 4837 textu,
2309 4771 2388 4823 vel
2431 4785 2498 4824 ex
2537 4769 2881 4823 Samaritana
2914 4767 3237 4823 Samaritice
3256 4771 3527 4840 descripta
3557 4787 3679 4826 ver-

2098 4862 2253 4916 sione
2297 4860 2518 4928 decerpi
2563 4868 2804 4929 poterat,
2855 4860 2944 4913 ubi
2991 4860 3188 4929 legitur
3242 4861 3511 4930 hodieque
3553 4871 3676 4923 mm

2097 4954 2219 5008 sine
2252 4953 2592 5008 discrimine.
2631 4951 2688 5005 Si
2717 4953 2842 5020 quis
2871 4953 3007 5007 alias
3035 4955 3088 5005 in
3125 4951 3491 5009 Pentateucho
3519 4971 3550 5010 a
3583 4971 3679 5010 no-

2097 5046 2185 5100 bis
2221 5046 2414 5099 allatas
2454 5043 2788 5098 Samaritani
2845 5042 3155 5112 interpretis
3209 5043 3470 5099 lectiones
3513 5062 3679 5102 accu-

2100 5146 2216 5192 rate
2245 5136 2563 5206 perpendat,
2591 5150 2656 5188 εχ
2685 5132 2894 5199 Greca,
2922 5135 2976 5188 ni
3012 5133 3196 5200 fallor,
3228 5135 3678 5207 interpretatione

2097 5228 2415 5296 desumptas
2446 5241 2570 5280 esse
2591 5225 2989 5296 deprehendet.

2171 5319 2280 5374 Nec
2322 5317 2489 5372 ollicit
2536 5318 2664 5371 huic
2711 5327 2910 5372 nostre
2953 5317 3195 5388 opinioni
3235 5327 3366 5374 nota
3422 5324 3671 5390 quedam

2096 5409 2258 5464 Num.
2289 5423 2553 5478 cap..xm,
2582 5409 2636 5477 ᾗ.
2675 5409 2724 5475 I,
2748 5425 2889 5477 que,
2916 5421 2974 5462 ut
3006 5411 3264 5476 arbitror,
3289 5409 3540 5481 Origenis
3567 5423 3671 5479 est,

2097 5503 2189 5558 ubi
2220 5517 2346 5557 cum
2370 5501 2620 5569 quedam
2662 5499 2936 5568 preferret
2966 5501 3344 5556 Samaritanus
3373 5503 3672 5558 Bibliorum

2097 5605 2280 5650 textus
2305 5609 2373 5649 ex
2407 5593 2834 5648 Deuteronomio
2876 5592 3186 5662 desumpta,
3222 5595 3411 5648 eadem
3456 5594 3570 5663 ipsa
3613 5607 3674 5650 se

2097 5686 2284 5744 Grece
2319 5686 2666 5740 transtulisse
2701 5685 3020 5742 testificatur
3049 5684 3334 5757 Origenes,
3370 5698 3424 5741 et
3451 5688 3670 5756 quidem

2099 5784 2262 5840 modo
2293 5781 2361 5838 ad
2383 5781 2679 5838 editionem
2707 5778 2852 5835 LXX
2882 5779 3319 5839 accommodato.
3349 5779 3384 5836 ἃ
3418 5781 3511 5836 καὶ
3534 5775 3678 5835 αὐτὰ
