  <div class='ocr_page' id='page_1' title='image "/cluster/home/n/w/nwhite01/storage/ocr_20150623/15/mdp.39015078384354/024.png"; bbox 0 0 4064 6262; ppageno 0'>
   <div class='ocr_carea' id='block_1_1' title="bbox 277 339 3525 408">
    <p class='ocr_par' dir='ltr' id='par_1_1' title="bbox 277 339 3525 408">
     <span class='ocr_line' id='line_1_1' title="bbox 277 339 3525 408; baseline 0.001 -13"><span class='ocrx_word' id='word_1_1' title='bbox 277 339 338 395; x_wconf 74' lang='lat'><strong>37</strong></span> <span class='ocrx_word' id='word_1_2' title='bbox 1470 342 1536 396; x_wconf 73' lang='lat' dir='ltr'><strong>IN</strong></span> <span class='ocrx_word' id='word_1_3' title='bbox 1579 341 1902 396; x_wconf 69' lang='lat' dir='ltr'><strong>HEXAI’IA</strong></span> <span class='ocrx_word' id='word_1_4' title='bbox 1939 341 2284 396; x_wconf 79' lang='lat' dir='ltr'><strong>ORIGENIS.</strong></span> <span class='ocrx_word' id='word_1_5' title='bbox 3455 353 3525 408; x_wconf 79' lang='lat'><strong>38</strong></span> 
     </span>
    </p>
   </div>
   <div class='ocr_carea' id='block_1_2' title="bbox 273 455 1835 536">
    <p class='ocr_par' dir='ltr' id='par_1_2' title="bbox 273 455 1835 531">
     <span class='ocr_line' id='line_1_2' title="bbox 273 455 1835 531; baseline -0.001 -17"><span class='ocrx_word' id='word_1_6' title='bbox 273 461 334 514; x_wconf 75' lang='lat' dir='ltr'><strong>hi</strong></span> <span class='ocrx_word' id='word_1_7' title='bbox 353 455 444 510; x_wconf 62' lang='grc' dir='ltr'><strong>τοτα</strong></span> <span class='ocrx_word' id='word_1_8' title='bbox 469 455 576 510; x_wconf 79' lang='grc' dir='ltr'><strong>τῶν</strong></span> <span class='ocrx_word' id='word_1_9' title='bbox 605 457 970 529; x_wconf 72' lang='grc' dir='ltr'><strong>Σαμαρειτῶν</strong></span> <span class='ocrx_word' id='word_1_10' title='bbox 1007 459 1296 531; x_wconf 76' lang='grc' dir='ltr'><strong>Ἐῦραῖκοῦ</strong></span> <span class='ocrx_word' id='word_1_11' title='bbox 1321 459 1688 530; x_wconf 70' lang='grc' dir='ltr'><strong>μετεϐάλομεν</strong></span> <span class='ocrx_word' id='word_1_12' title='bbox 1712 477 1835 513; x_wconf 83' lang='grc' dir='ltr'><strong>κατ·</strong></span> 
     </span>
    </p>
   </div>
   <div class='ocr_carea' id='block_1_3' title="bbox 1935 455 3525 536">
    <p class='ocr_par' dir='ltr' id='par_1_3' title="bbox 1955 457 3525 536">
     <span class='ocr_line' id='line_1_3' title="bbox 1955 457 3525 536; baseline 0.008 -25"><span class='ocrx_word' id='word_1_13' title='bbox 1955 457 2091 513; x_wconf 88' lang='lat' dir='ltr'><strong>Hinc</strong></span> <span class='ocrx_word' id='word_1_14' title='bbox 2116 475 2278 529; x_wconf 86' lang='lat' dir='ltr'><strong>porro</strong></span> <span class='ocrx_word' id='word_1_15' title='bbox 2309 459 2388 513; x_wconf 89' lang='lat' dir='ltr'><strong>sic</strong></span> <span class='ocrx_word' id='word_1_16' title='bbox 2416 467 2674 528; x_wconf 79' lang='lat' dir='ltr'><strong>arguatur</strong></span> <span class='ocrx_word' id='word_1_17' title='bbox 2700 478 2713 516; x_wconf 91' lang='lat'><strong>:</strong></span> <span class='ocrx_word' id='word_1_18' title='bbox 2745 461 2791 516; x_wconf 99' lang='lat' dir='ltr'><strong>si</strong></span> <span class='ocrx_word' id='word_1_19' title='bbox 2821 478 2922 518; x_wconf 78' lang='lat' dir='ltr'><strong>vox</strong></span> <span class='ocrx_word' id='word_1_20' title='bbox 2951 463 3038 518; x_wconf 89' lang='lat' dir='ltr'><strong>illa</strong></span> <span class='ocrx_word' id='word_1_21' title='bbox 3065 465 3092 517; x_wconf 93' lang='lat'><strong>6</strong></span> <span class='ocrx_word' id='word_1_22' title='bbox 3118 463 3288 536; x_wconf 78' lang='grc' dir='ltr'><strong>Σύρος</strong></span> <span class='ocrx_word' id='word_1_23' title='bbox 3316 473 3525 524; x_wconf 84' lang='lat' dir='ltr'><strong>versio-</strong></span> 
     </span>
    </p>
   </div>
   <div class='ocr_carea' id='block_1_4' title="bbox 275 549 1848 624">
    <p class='ocr_par' dir='ltr' id='par_1_4' title="bbox 275 549 1848 624">
     <span class='ocr_line' id='line_1_4' title="bbox 275 549 1848 624; baseline 0.001 -22"><span class='ocrx_word' id='word_1_24' title='bbox 275 549 509 620; x_wconf 67' lang='grc' dir='ltr'><strong>αλλήλως</strong></span> <span class='ocrx_word' id='word_1_25' title='bbox 547 552 611 620; x_wconf 81' lang='grc' dir='ltr'><strong>τῇ</strong></span> <span class='ocrx_word' id='word_1_26' title='bbox 658 549 767 603; x_wconf 81' lang='grc' dir='ltr'><strong>τῶν</strong></span> <span class='ocrx_word' id='word_1_27' title='bbox 794 553 851 603; x_wconf 91' lang='lat'><strong>0&#39;</strong></span> <span class='ocrx_word' id='word_1_28' title='bbox 879 551 1140 623; x_wconf 56' lang='grc' dir='ltr'><strong>ἑρμηνείᾳ</strong></span> <span class='ocrx_word' id='word_1_29' title='bbox 1161 555 1228 622; x_wconf 76' lang='grc' dir='ltr'><strong>τῇ</strong></span> <span class='ocrx_word' id='word_1_30' title='bbox 1256 553 1315 603; x_wconf 80' lang='grc' dir='ltr'><strong>ἐν</strong></span> <span class='ocrx_word' id='word_1_31' title='bbox 1345 551 1423 621; x_wconf 81' lang='grc' dir='ltr'><strong>τῷ</strong></span> <span class='ocrx_word' id='word_1_32' title='bbox 1446 552 1848 624; x_wconf 70' lang='grc' dir='ltr'><strong>Δευτερονθμῐῳ</strong></span> 
     </span>
    </p>
   </div>
   <div class='ocr_carea' id='block_1_5' title="bbox 271 642 1846 716">
    <p class='ocr_par' dir='ltr' id='par_1_5' title="bbox 271 642 1846 716">
     <span class='ocr_line' id='line_1_5' title="bbox 271 642 1846 716; baseline 0.004 -23"><span class='ocrx_word' id='word_1_33' title='bbox 271 643 563 715; x_wconf 73' lang='grc' dir='ltr'><strong>φερομένῃ.</strong></span> <span class='ocrx_word' id='word_1_34' title='bbox 586 642 700 696; x_wconf 80' lang='lat' dir='ltr'><strong>Non</strong></span> <span class='ocrx_word' id='word_1_35' title='bbox 721 646 871 698; x_wconf 84' lang='lat' dir='ltr'><strong>enim</strong></span> <span class='ocrx_word' id='word_1_36' title='bbox 897 646 985 700; x_wconf 91' lang='lat' dir='ltr'><strong>hic</strong></span> <span class='ocrx_word' id='word_1_37' title='bbox 1005 647 1182 716; x_wconf 78' lang='lat' dir='ltr'><strong>agitur</strong></span> <span class='ocrx_word' id='word_1_38' title='bbox 1207 646 1273 700; x_wconf 90' lang='lat' dir='ltr'><strong>de</strong></span> <span class='ocrx_word' id='word_1_39' title='bbox 1292 647 1633 700; x_wconf 76' lang='lat' dir='ltr'><strong>Samaritana</strong></span> <span class='ocrx_word' id='word_1_40' title='bbox 1664 647 1846 714; x_wconf 89' lang='lat' dir='ltr'><strong>aliqua</strong></span> 
     </span>
    </p>
   </div>
   <div class='ocr_carea' id='block_1_6' title="bbox 272 734 1848 806">
    <p class='ocr_par' dir='ltr' id='par_1_6' title="bbox 272 734 1848 806">
     <span class='ocr_line' id='line_1_6' title="bbox 272 734 1848 806; baseline 0.003 -20"><span class='ocrx_word' id='word_1_41' title='bbox 272 734 653 799; x_wconf 77' lang='lat' dir='ltr'><strong>translatione,</strong></span> <span class='ocrx_word' id='word_1_42' title='bbox 687 738 780 790; x_wconf 87' lang='lat' dir='ltr'><strong>sed</strong></span> <span class='ocrx_word' id='word_1_43' title='bbox 812 738 881 792; x_wconf 89' lang='lat' dir='ltr'><strong>de</strong></span> <span class='ocrx_word' id='word_1_44' title='bbox 913 739 1030 806; x_wconf 90' lang='lat' dir='ltr'><strong>ipso</strong></span> <span class='ocrx_word' id='word_1_45' title='bbox 1065 749 1213 793; x_wconf 74' lang='lat' dir='ltr'><strong>textu</strong></span> <span class='ocrx_word' id='word_1_46' title='bbox 1259 738 1560 792; x_wconf 88' lang='lat' dir='ltr'><strong>Bibliorum</strong></span> <span class='ocrx_word' id='word_1_47' title='bbox 1609 737 1848 792; x_wconf 87' lang='lat' dir='ltr'><strong>Samari-</strong></span> 
     </span>
    </p>
   </div>
   <div class='ocr_carea' id='block_1_7' title="bbox 271 830 1844 896">
    <p class='ocr_par' dir='ltr' id='par_1_7' title="bbox 271 830 1844 896">
     <span class='ocr_line' id='line_1_7' title="bbox 271 830 1844 896; baseline 0.003 -15"><span class='ocrx_word' id='word_1_48' title='bbox 271 837 400 881; x_wconf 88' lang='lat' dir='ltr'><strong>tano</strong></span> <span class='ocrx_word' id='word_1_49' title='bbox 447 830 572 883; x_wconf 90' lang='lat' dir='ltr'><strong>libri</strong></span> <span class='ocrx_word' id='word_1_50' title='bbox 607 833 991 896; x_wconf 70' lang='lat' dir='ltr'><strong>Numerorum,</strong></span> <span class='ocrx_word' id='word_1_51' title='bbox 1022 833 1113 887; x_wconf 92' lang='lat' dir='ltr'><strong>ubi</strong></span> <span class='ocrx_word' id='word_1_52' title='bbox 1157 835 1321 888; x_wconf 90' lang='lat' dir='ltr'><strong>etiam</strong></span> <span class='ocrx_word' id='word_1_53' title='bbox 1375 832 1538 887; x_wconf 85' lang='lat' dir='ltr'><strong>hodie</strong></span> <span class='ocrx_word' id='word_1_54' title='bbox 1582 832 1747 887; x_wconf 89' lang='lat' dir='ltr'><strong>multa</strong></span> <span class='ocrx_word' id='word_1_55' title='bbox 1777 848 1844 886; x_wconf 84' lang='lat' dir='ltr'><strong>ex</strong></span> 
     </span>
    </p>
   </div>
   <div class='ocr_carea' id='block_1_8' title="bbox 273 920 1845 996">
    <p class='ocr_par' dir='ltr' id='par_1_8' title="bbox 273 920 1845 996">
     <span class='ocr_line' id='line_1_8' title="bbox 273 920 1845 996; baseline 0.002 -20"><span class='ocrx_word' id='word_1_56' title='bbox 273 920 698 978; x_wconf 80' lang='lat' dir='ltr'><strong>Denteronomio</strong></span> <span class='ocrx_word' id='word_1_57' title='bbox 722 925 976 996; x_wconf 79' lang='lat' dir='ltr'><strong>decerpta</strong></span> <span class='ocrx_word' id='word_1_58' title='bbox 1007 927 1384 996; x_wconf 87' lang='lat' dir='ltr'><strong>reperiuntur:</strong></span> <span class='ocrx_word' id='word_1_59' title='bbox 1410 943 1532 996; x_wconf 64' lang='lat' dir='ltr'><strong>quae</strong></span> <span class='ocrx_word' id='word_1_60' title='bbox 1559 935 1621 981; x_wconf 90' lang='lat' dir='ltr'><strong>ut</strong></span> <span class='ocrx_word' id='word_1_61' title='bbox 1647 942 1845 996; x_wconf 69' lang='lat' dir='ltr'><strong>reprae-</strong></span> 
     </span>
    </p>
   </div>
   <div class='ocr_carea' id='block_1_9' title="bbox 269 1015 1844 1090">
    <p class='ocr_par' dir='ltr' id='par_1_9' title="bbox 269 1015 1844 1090">
     <span class='ocr_line' id='line_1_9' title="bbox 269 1015 1844 1090; baseline 0.006 -23"><span class='ocrx_word' id='word_1_62' title='bbox 269 1025 514 1070; x_wconf 84' lang='lat' dir='ltr'><strong>sentaret</strong></span> <span class='ocrx_word' id='word_1_63' title='bbox 557 1015 840 1088; x_wconf 80' lang='lat' dir='ltr'><strong>Origenes,</strong></span> <span class='ocrx_word' id='word_1_64' title='bbox 870 1035 1059 1074; x_wconf 89' lang='lat' dir='ltr'><strong>eorum</strong></span> <span class='ocrx_word' id='word_1_65' title='bbox 1090 1022 1592 1090; x_wconf 81' lang='lat' dir='ltr'><strong>interpretationem</strong></span> <span class='ocrx_word' id='word_1_66' title='bbox 1627 1037 1690 1077; x_wconf 75' lang='lat' dir='ltr'><strong>ex</strong></span> <span class='ocrx_word' id='word_1_67' title='bbox 1721 1038 1844 1076; x_wconf 91' lang='lat' dir='ltr'><strong>ver-</strong></span> 
     </span>
    </p>
   </div>
   <div class='ocr_carea' id='block_1_10' title="bbox 267 1107 1840 1178">
    <p class='ocr_par' dir='ltr' id='par_1_10' title="bbox 267 1107 1840 1178">
     <span class='ocr_line' id='line_1_10' title="bbox 267 1107 1840 1178; baseline 0.008 -19"><span class='ocrx_word' id='word_1_68' title='bbox 267 1107 421 1162; x_wconf 82' lang='lat' dir='ltr'><strong>sione</strong></span> <span class='ocrx_word' id='word_1_69' title='bbox 440 1111 551 1161; x_wconf 83' lang='grc' dir='ltr'><strong>τῶν</strong></span> <span class='ocrx_word' id='word_1_70' title='bbox 567 1113 643 1174; x_wconf 88' lang='lat'><strong>0&#39;,</strong></span> <span class='ocrx_word' id='word_1_71' title='bbox 665 1120 724 1164; x_wconf 90' lang='lat' dir='ltr'><strong>ut</strong></span> <span class='ocrx_word' id='word_1_72' title='bbox 753 1112 806 1166; x_wconf 91' lang='lat' dir='ltr'><strong>in</strong></span> <span class='ocrx_word' id='word_1_73' title='bbox 834 1111 1256 1169; x_wconf 87' lang='lat' dir='ltr'><strong>Deuteronomio</strong></span> <span class='ocrx_word' id='word_1_74' title='bbox 1271 1123 1410 1178; x_wconf 88' lang='lat' dir='ltr'><strong>erat,</strong></span> <span class='ocrx_word' id='word_1_75' title='bbox 1439 1125 1722 1170; x_wconf 89' lang='lat' dir='ltr'><strong>mutuatus</strong></span> <span class='ocrx_word' id='word_1_76' title='bbox 1737 1125 1840 1172; x_wconf 89' lang='lat' dir='ltr'><strong>est.</strong></span> 
     </span>
    </p>
   </div>
   <div class='ocr_carea' id='block_1_11' title="bbox 335 1203 1843 1277">
    <p class='ocr_par' dir='ltr' id='par_1_11' title="bbox 335 1203 1843 1277">
     <span class='ocr_line' id='line_1_11' title="bbox 335 1203 1843 1277; baseline 0.003 -19"><span class='ocrx_word' id='word_1_77' title='bbox 335 1203 414 1258; x_wconf 88' lang='lat' dir='ltr'><strong>De</strong></span> <span class='ocrx_word' id='word_1_78' title='bbox 442 1205 608 1276; x_wconf 86' lang='lat' dir='ltr'><strong>Syro,</strong></span> <span class='ocrx_word' id='word_1_79' title='bbox 637 1207 795 1277; x_wconf 86' lang='lat' dir='ltr'><strong>cujus</strong></span> <span class='ocrx_word' id='word_1_80' title='bbox 825 1206 1138 1277; x_wconf 79' lang='lat' dir='ltr'><strong>frequentes</strong></span> <span class='ocrx_word' id='word_1_81' title='bbox 1166 1209 1426 1264; x_wconf 81' lang='lat' dir='ltr'><strong>lectiones</strong></span> <span class='ocrx_word' id='word_1_82' title='bbox 1457 1210 1510 1263; x_wconf 90' lang='lat' dir='ltr'><strong>in</strong></span> <span class='ocrx_word' id='word_1_83' title='bbox 1539 1210 1745 1273; x_wconf 85' lang='lat' dir='ltr'><strong>multis,</strong></span> <span class='ocrx_word' id='word_1_84' title='bbox 1783 1218 1843 1263; x_wconf 89' lang='lat' dir='ltr'><strong>ut</strong></span> 
     </span>
    </p>
   </div>
   <div class='ocr_carea' id='block_1_12' title="bbox 264 1300 1842 1370">
    <p class='ocr_par' dir='ltr' id='par_1_12' title="bbox 264 1300 1842 1370">
     <span class='ocr_line' id='line_1_12' title="bbox 264 1300 1842 1370; baseline 0.001 -17"><span class='ocrx_word' id='word_1_85' title='bbox 264 1312 432 1368; x_wconf 81' lang='lat' dir='ltr'><strong>supra</strong></span> <span class='ocrx_word' id='word_1_86' title='bbox 484 1300 742 1364; x_wconf 73' lang='lat' dir='ltr'><strong>diximus,</strong></span> <span class='ocrx_word' id='word_1_87' title='bbox 779 1301 1076 1370; x_wconf 75' lang='lat' dir='ltr'><strong>Scripturte</strong></span> <span class='ocrx_word' id='word_1_88' title='bbox 1119 1301 1276 1356; x_wconf 80' lang='lat' dir='ltr'><strong>libris</strong></span> <span class='ocrx_word' id='word_1_89' title='bbox 1317 1311 1633 1368; x_wconf 87' lang='lat' dir='ltr'><strong>occurrunt,</strong></span> <span class='ocrx_word' id='word_1_90' title='bbox 1665 1303 1842 1370; x_wconf 87' lang='lat' dir='ltr'><strong>major</strong></span> 
     </span>
    </p>
   </div>
   <div class='ocr_carea' id='block_1_13' title="bbox 260 1394 1839 1469">
    <p class='ocr_par' dir='ltr' id='par_1_13' title="bbox 260 1394 1839 1469">
     <span class='ocr_line' id='line_1_13' title="bbox 260 1394 1839 1469; baseline 0.003 -22"><span class='ocrx_word' id='word_1_91' title='bbox 260 1402 348 1447; x_wconf 86' lang='lat' dir='ltr'><strong>est</strong></span> <span class='ocrx_word' id='word_1_92' title='bbox 380 1394 692 1449; x_wconf 81' lang='lat' dir='ltr'><strong>diliicultas.</strong></span> <span class='ocrx_word' id='word_1_93' title='bbox 726 1394 878 1451; x_wconf 84' lang='lat' dir='ltr'><strong>Licet</strong></span> <span class='ocrx_word' id='word_1_94' title='bbox 908 1397 1054 1450; x_wconf 88' lang='lat' dir='ltr'><strong>enim</strong></span> <span class='ocrx_word' id='word_1_95' title='bbox 1089 1398 1281 1452; x_wconf 88' lang='lat' dir='ltr'><strong>&#39;multa</strong></span> <span class='ocrx_word' id='word_1_96' title='bbox 1326 1399 1557 1454; x_wconf 85' lang='lat' dir='ltr'><strong>suadere</strong></span> <span class='ocrx_word' id='word_1_97' title='bbox 1601 1400 1839 1469; x_wconf 86' lang='lat' dir='ltr'><strong>possint,</strong></span> 
     </span>
    </p>
   </div>
   <div class='ocr_carea' id='block_1_14' title="bbox 263 1487 1840 1562">
    <p class='ocr_par' dir='ltr' id='par_1_14' title="bbox 263 1487 1840 1562">
     <span class='ocr_line' id='line_1_14' title="bbox 263 1487 1840 1562; baseline 0.003 -22"><span class='ocrx_word' id='word_1_98' title='bbox 263 1487 438 1541; x_wconf 89' lang='lat' dir='ltr'><strong>fuisse</strong></span> <span class='ocrx_word' id='word_1_99' title='bbox 466 1489 598 1541; x_wconf 90' lang='lat' dir='ltr'><strong>olim</strong></span> <span class='ocrx_word' id='word_1_100' title='bbox 628 1487 872 1544; x_wconf 70' lang='lat' dir='ltr'><strong>Grmcam</strong></span> <span class='ocrx_word' id='word_1_101' title='bbox 902 1490 1315 1544; x_wconf 85' lang='lat' dir='ltr'><strong>translationem</strong></span> <span class='ocrx_word' id='word_1_102' title='bbox 1345 1506 1413 1545; x_wconf 81' lang='lat' dir='ltr'><strong>ex</strong></span> <span class='ocrx_word' id='word_1_103' title='bbox 1457 1492 1707 1545; x_wconf 81' lang='lat' dir='ltr'><strong>versione</strong></span> <span class='ocrx_word' id='word_1_104' title='bbox 1739 1489 1840 1562; x_wconf 86' lang='lat' dir='ltr'><strong>Sy-</strong></span> 
     </span>
    </p>
   </div>
   <div class='ocr_carea' id='block_1_15' title="bbox 259 1578 1839 1651">
    <p class='ocr_par' dir='ltr' id='par_1_15' title="bbox 259 1578 1839 1651">
     <span class='ocr_line' id='line_1_15' title="bbox 259 1578 1839 1651; baseline 0.003 -20"><span class='ocrx_word' id='word_1_105' title='bbox 259 1578 410 1631; x_wconf 89' lang='lat' dir='ltr'><strong>riaca</strong></span> <span class='ocrx_word' id='word_1_106' title='bbox 458 1580 864 1643; x_wconf 83' lang='lat' dir='ltr'><strong>concinnatam,</strong></span> <span class='ocrx_word' id='word_1_107' title='bbox 893 1595 1013 1633; x_wconf 87' lang='lat' dir='ltr'><strong>eam</strong></span> <span class='ocrx_word' id='word_1_108' title='bbox 1045 1594 1239 1649; x_wconf 89' lang='lat' dir='ltr'><strong>nempe</strong></span> <span class='ocrx_word' id='word_1_109' title='bbox 1268 1596 1390 1648; x_wconf 65' lang='lat' dir='ltr'><strong>quae</strong></span> <span class='ocrx_word' id='word_1_110' title='bbox 1415 1583 1444 1633; x_wconf 92' lang='lat'><strong>6</strong></span> <span class='ocrx_word' id='word_1_111' title='bbox 1475 1579 1645 1651; x_wconf 79' lang='grc' dir='ltr'>Σύρος</span> <span class='ocrx_word' id='word_1_112' title='bbox 1672 1595 1839 1635; x_wconf 86' lang='lat' dir='ltr'><strong>voca-</strong></span> 
     </span>
    </p>
   </div>
   <div class='ocr_carea' id='block_1_16' title="bbox 261 1671 1838 1741">
    <p class='ocr_par' dir='ltr' id='par_1_16' title="bbox 261 1671 1838 1741">
     <span class='ocr_line' id='line_1_16' title="bbox 261 1671 1838 1741; baseline 0.004 -21"><span class='ocrx_word' id='word_1_113' title='bbox 261 1677 350 1721; x_wconf 85' lang='lat' dir='ltr'><strong>tur</strong></span> <span class='ocrx_word' id='word_1_114' title='bbox 376 1683 407 1722; x_wconf 87' lang='lat' dir='ltr'><strong>a</strong></span> <span class='ocrx_word' id='word_1_115' title='bbox 436 1671 741 1736; x_wconf 77' lang='lat' dir='ltr'><strong>veteribus;</strong></span> <span class='ocrx_word' id='word_1_116' title='bbox 766 1672 870 1724; x_wconf 88' lang='lat' dir='ltr'><strong>alia</strong></span> <span class='ocrx_word' id='word_1_117' title='bbox 897 1680 1075 1725; x_wconf 80' lang='lat' dir='ltr'><strong>tamen</strong></span> <span class='ocrx_word' id='word_1_118' title='bbox 1107 1680 1235 1724; x_wconf 90' lang='lat' dir='ltr'><strong>sunt</strong></span> <span class='ocrx_word' id='word_1_119' title='bbox 1265 1688 1386 1740; x_wconf 67' lang='lat' dir='ltr'><strong>quae</strong></span> <span class='ocrx_word' id='word_1_120' title='bbox 1413 1671 1482 1724; x_wconf 86' lang='lat' dir='ltr'><strong>ab</strong></span> <span class='ocrx_word' id='word_1_121' title='bbox 1505 1672 1608 1726; x_wconf 87' lang='lat' dir='ltr'><strong>hac</strong></span> <span class='ocrx_word' id='word_1_122' title='bbox 1632 1672 1838 1741; x_wconf 87' lang='lat' dir='ltr'><strong>ample-</strong></span> 
     </span>
    </p>
   </div>
   <div class='ocr_carea' id='block_1_17' title="bbox 255 1759 1834 1831">
    <p class='ocr_par' dir='ltr' id='par_1_17' title="bbox 255 1759 1834 1831">
     <span class='ocr_line' id='line_1_17' title="bbox 255 1759 1834 1831; baseline 0.001 -18"><span class='ocrx_word' id='word_1_123' title='bbox 255 1761 454 1814; x_wconf 81' lang='lat' dir='ltr'><strong>ctenda</strong></span> <span class='ocrx_word' id='word_1_124' title='bbox 491 1762 761 1815; x_wconf 83' lang='lat' dir='ltr'><strong>sententia</strong></span> <span class='ocrx_word' id='word_1_125' title='bbox 801 1761 1129 1814; x_wconf 80' lang='lat' dir='ltr'><strong>deterreant.</strong></span> <span class='ocrx_word' id='word_1_126' title='bbox 1150 1759 1294 1815; x_wconf 89' lang='lat' dir='ltr'><strong>Sane</strong></span> <span class='ocrx_word' id='word_1_127' title='bbox 1326 1762 1392 1816; x_wconf 94' lang='lat' dir='ltr'><strong>de</strong></span> <span class='ocrx_word' id='word_1_128' title='bbox 1422 1762 1672 1816; x_wconf 83' lang='lat' dir='ltr'><strong>versione</strong></span> <span class='ocrx_word' id='word_1_129' title='bbox 1697 1779 1834 1831; x_wconf 86' lang='lat' dir='ltr'><strong>qua-</strong></span> 
     </span>
    </p>
   </div>
   <div class='ocr_carea' id='block_1_18' title="bbox 256 1850 1834 1924">
    <p class='ocr_par' dir='ltr' id='par_1_18' title="bbox 256 1850 1834 1924">
     <span class='ocr_line' id='line_1_18' title="bbox 256 1850 1834 1924; baseline 0.002 -20"><span class='ocrx_word' id='word_1_130' title='bbox 256 1850 383 1904; x_wconf 87' lang='lat' dir='ltr'><strong>dam</strong></span> <span class='ocrx_word' id='word_1_131' title='bbox 433 1851 619 1908; x_wconf 59' lang='lat' dir='ltr'><strong>Greca</strong></span> <span class='ocrx_word' id='word_1_132' title='bbox 656 1855 739 1924; x_wconf 83' lang='lat' dir='ltr'><strong>agi</strong></span> <span class='ocrx_word' id='word_1_133' title='bbox 770 1853 980 1906; x_wconf 80' lang='lat' dir='ltr'><strong>videtur</strong></span> <span class='ocrx_word' id='word_1_134' title='bbox 1013 1853 1208 1909; x_wconf 84' lang='lat' dir='ltr'><strong>Ezech.</strong></span> <span class='ocrx_word' id='word_1_135' title='bbox 1247 1870 1367 1916; x_wconf 87' lang='lat' dir='ltr'><strong>vm,</strong></span> <span class='ocrx_word' id='word_1_136' title='bbox 1398 1853 1486 1918; x_wconf 76' lang='lat'><strong>16,</strong></span> <span class='ocrx_word' id='word_1_137' title='bbox 1519 1856 1610 1908; x_wconf 91' lang='lat' dir='ltr'><strong>ubi</strong></span> <span class='ocrx_word' id='word_1_138' title='bbox 1650 1869 1834 1910; x_wconf 85' lang='lat' dir='ltr'><strong>vocem</strong></span> 
     </span>
    </p>
   </div>
   <div class='ocr_carea' id='block_1_19' title="bbox 256 1925 1835 2014">
    <p class='ocr_par' dir='ltr' id='par_1_19' title="bbox 256 1925 1835 2014">
     <span class='ocr_line' id='line_1_19' title="bbox 256 1925 1835 2014; baseline 0 -14"><span class='ocrx_word' id='word_1_139' title='bbox 256 1925 400 2001; x_wconf 66' lang='grc' dir='ltr'><strong>είπκ</strong></span> <span class='ocrx_word' id='word_1_140' title='bbox 433 1944 604 2014; x_wconf 88' lang='lat' dir='ltr'><strong>Syrus</strong></span> <span class='ocrx_word' id='word_1_141' title='bbox 635 1945 906 2013; x_wconf 76' lang='grc' dir='ltr'><strong>κιγκλίδα,</strong></span> <span class='ocrx_word' id='word_1_142' title='bbox 950 1946 1001 1999; x_wconf 83' lang='lat' dir='ltr'><strong>itl</strong></span> <span class='ocrx_word' id='word_1_143' title='bbox 1036 1955 1117 2000; x_wconf 85' lang='lat' dir='ltr'><strong>est</strong></span> <span class='ocrx_word' id='word_1_144' title='bbox 1152 1945 1464 2008; x_wconf 70' lang='lat' dir='ltr'><strong>cancellum,</strong></span> <span class='ocrx_word' id='word_1_145' title='bbox 1508 1947 1671 1999; x_wconf 86' lang='lat' dir='ltr'><strong>vertit</strong></span> <span class='ocrx_word' id='word_1_146' title='bbox 1712 1964 1725 2000; x_wconf 90' lang='lat'>:</span> <span class='ocrx_word' id='word_1_147' title='bbox 1763 1947 1835 2000; x_wconf 85' lang='lat' dir='ltr'><strong>ibi</strong></span> 
     </span>
    </p>
   </div>
   <div class='ocr_carea' id='block_1_20' title="bbox 254 2038 1838 2110">
    <p class='ocr_par' dir='ltr' id='par_1_20' title="bbox 254 2038 1838 2110">
     <span class='ocr_line' id='line_1_20' title="bbox 254 2038 1838 2110; baseline 0.003 -24"><span class='ocrx_word' id='word_1_148' title='bbox 254 2047 418 2091; x_wconf 81' lang='lat' dir='ltr'><strong>vetus</strong></span> <span class='ocrx_word' id='word_1_149' title='bbox 445 2038 788 2101; x_wconf 85' lang='lat' dir='ltr'><strong>scholiastes,</strong></span> <span class='ocrx_word' id='word_1_150' title='bbox 827 2039 884 2091; x_wconf 86' lang='grc'><strong>’0</strong></span> <span class='ocrx_word' id='word_1_151' title='bbox 910 2039 1080 2109; x_wconf 76' lang='grc' dir='ltr'><strong>Σύρος</strong></span> <span class='ocrx_word' id='word_1_152' title='bbox 1109 2038 1208 2110; x_wconf 83' lang='grc' dir='ltr'><strong>τὴν</strong></span> <span class='ocrx_word' id='word_1_153' title='bbox 1235 2038 1484 2104; x_wconf 74' lang='grc' dir='ltr'><strong>κιγκλίδα</strong></span> <span class='ocrx_word' id='word_1_154' title='bbox 1515 2039 1688 2103; x_wconf 81' lang='grc' dir='ltr'><strong>καλεῖ,</strong></span> <span class='ocrx_word' id='word_1_155' title='bbox 1715 2039 1838 2109; x_wconf 73' lang='grc' dir='ltr'><strong>ἥτις</strong></span> 
     </span>
    </p>
   </div>
   <div class='ocr_carea' id='block_1_21' title="bbox 254 2127 1836 2196">
    <p class='ocr_par' dir='ltr' id='par_1_21' title="bbox 254 2127 1836 2196">
     <span class='ocr_line' id='line_1_21' title="bbox 254 2127 1836 2196; baseline 0.003 -18"><span class='ocrx_word' id='word_1_156' title='bbox 254 2127 478 2194; x_wconf 84' lang='grc' dir='ltr'><strong>λέγεται</strong></span> <span class='ocrx_word' id='word_1_157' title='bbox 508 2127 656 2195; x_wconf 79' lang='grc' dir='ltr'><strong>παρὰ</strong></span> <span class='ocrx_word' id='word_1_158' title='bbox 699 2131 809 2191; x_wconf 80' lang='grc' dir='ltr'>τοῖς</span> <span class='ocrx_word' id='word_1_159' title='bbox 844 2127 1057 2194; x_wconf 85' lang='grc' dir='ltr'><strong>πολλοῖς</strong></span> <span class='ocrx_word' id='word_1_160' title='bbox 1086 2128 1382 2196; x_wconf 77' lang='grc' dir='ltr'><strong>κάγκελλον</strong></span> <span class='ocrx_word' id='word_1_161' title='bbox 1403 2147 1414 2158; x_wconf 92' lang='grc'><strong>·</strong></span> <span class='ocrx_word' id='word_1_162' title='bbox 1454 2129 1505 2181; x_wconf 90' lang='lat' dir='ltr'><strong>id</strong></span> <span class='ocrx_word' id='word_1_163' title='bbox 1535 2138 1635 2184; x_wconf 87' lang='lat' dir='ltr'><strong>est.</strong></span> <span class='ocrx_word' id='word_1_164' title='bbox 1670 2127 1836 2196; x_wconf 82' lang='lat' dir='ltr'><strong>Syrus</strong></span> 
     </span>
    </p>
   </div>
   <div class='ocr_carea' id='block_1_22' title="bbox 253 2217 1834 2290">
    <p class='ocr_par' dir='ltr' id='par_1_22' title="bbox 253 2217 1834 2290">
     <span class='ocr_line' id='line_1_22' title="bbox 253 2217 1834 2290; baseline 0.002 -20"><span class='ocrx_word' id='word_1_165' title='bbox 253 2219 536 2272; x_wconf 80' lang='lat' dir='ltr'><strong>ciuclidem</strong></span> <span class='ocrx_word' id='word_1_166' title='bbox 564 2230 734 2282; x_wconf 77' lang='lat' dir='ltr'><strong>rorat,</strong></span> <span class='ocrx_word' id='word_1_167' title='bbox 758 2236 876 2290; x_wconf 76' lang='lat' dir='ltr'><strong>qua:</strong></span> <span class='ocrx_word' id='word_1_168' title='bbox 901 2221 1040 2287; x_wconf 84' lang='lat' dir='ltr'><strong>apud</strong></span> <span class='ocrx_word' id='word_1_169' title='bbox 1069 2219 1262 2274; x_wconf 80' lang='lat' dir='ltr'><strong>multos</strong></span> <span class='ocrx_word' id='word_1_170' title='bbox 1301 2221 1501 2272; x_wconf 82' lang='lat' dir='ltr'><strong>dicitur</strong></span> <span class='ocrx_word' id='word_1_171' title='bbox 1522 2217 1834 2273; x_wconf 83' lang='lat' dir='ltr'><strong>cancellum.</strong></span> 
     </span>
    </p>
   </div>
   <div class='ocr_carea' id='block_1_23' title="bbox 256 2305 1835 2376">
    <p class='ocr_par' dir='ltr' id='par_1_23' title="bbox 256 2305 1835 2376">
     <span class='ocr_line' id='line_1_23' title="bbox 256 2305 1835 2376; baseline 0.001 -13"><span class='ocrx_word' id='word_1_172' title='bbox 256 2305 359 2363; x_wconf 87' lang='lat' dir='ltr'><strong>Ubi</strong></span> <span class='ocrx_word' id='word_1_173' title='bbox 392 2325 496 2362; x_wconf 75' lang='lat' dir='ltr'><strong>vox</strong></span> <span class='ocrx_word' id='word_1_174' title='bbox 537 2310 793 2376; x_wconf 75' lang='grc' dir='ltr'><strong>κιγκλίδα</strong></span> <span class='ocrx_word' id='word_1_175' title='bbox 825 2310 1043 2366; x_wconf 86' lang='lat' dir='ltr'><strong>nonnisi</strong></span> <span class='ocrx_word' id='word_1_176' title='bbox 1071 2326 1139 2365; x_wconf 81' lang='lat' dir='ltr'><strong>ex</strong></span> <span class='ocrx_word' id='word_1_177' title='bbox 1180 2311 1431 2365; x_wconf 88' lang='lat' dir='ltr'><strong>versione</strong></span> <span class='ocrx_word' id='word_1_178' title='bbox 1462 2309 1647 2364; x_wconf 56' lang='lat' dir='ltr'><strong>Graeca</strong></span> <span class='ocrx_word' id='word_1_179' title='bbox 1691 2311 1835 2365; x_wconf 91' lang='lat' dir='ltr'><strong>sumi</strong></span> 
     </span>
    </p>
   </div>
   <div class='ocr_carea' id='block_1_24' title="bbox 254 2401 1836 2467">
    <p class='ocr_par' dir='ltr' id='par_1_24' title="bbox 254 2401 1836 2467">
     <span class='ocr_line' id='line_1_24' title="bbox 254 2401 1836 2467; baseline 0.006 -16"><span class='ocrx_word' id='word_1_180' title='bbox 254 2401 500 2467; x_wconf 88' lang='lat' dir='ltr'><strong>potuisse</strong></span> <span class='ocrx_word' id='word_1_181' title='bbox 555 2402 787 2456; x_wconf 84' lang='lat' dir='ltr'><strong>videtur.</strong></span> <span class='ocrx_word' id='word_1_182' title='bbox 842 2401 905 2456; x_wconf 87' lang='lat' dir='ltr'><strong>Et</strong></span> <span class='ocrx_word' id='word_1_183' title='bbox 937 2402 1166 2457; x_wconf 82' lang='lat' dir='ltr'><strong>Genesis</strong></span> <span class='ocrx_word' id='word_1_184' title='bbox 1214 2418 1406 2467; x_wconf 73' lang='grc' dir='ltr'>χχχιχ,</span> <span class='ocrx_word' id='word_1_185' title='bbox 1448 2402 1506 2465; x_wconf 75' lang='lat'><strong>2,</strong></span> <span class='ocrx_word' id='word_1_186' title='bbox 1553 2401 1683 2458; x_wconf 90' lang='lat' dir='ltr'><strong>illud</strong></span> <span class='ocrx_word' id='word_1_187' title='bbox 1719 2410 1836 2461; x_wconf 69' lang='lat' dir='ltr'><strong>iam</strong></span> 
     </span>
    </p>
   </div>
   <div class='ocr_carea' id='block_1_25' title="bbox 249 2478 1838 2567">
    <p class='ocr_par' dir='ltr' id='par_1_25' title="bbox 249 2478 1838 2567">
     <span class='ocr_line' id='line_1_25' title="bbox 249 2478 1838 2567; baseline 0.001 -22"><span class='ocrx_word' id='word_1_188' title='bbox 249 2478 442 2554; x_wconf 58' lang='grc' dir='ltr'><strong>κήτη</strong></span> <span class='ocrx_word' id='word_1_189' title='bbox 465 2496 535 2548; x_wconf 89' lang='lat' dir='ltr'><strong>ait</strong></span> <span class='ocrx_word' id='word_1_190' title='bbox 579 2494 848 2549; x_wconf 88' lang='lat' dir='ltr'><strong>Diodorus</strong></span> <span class='ocrx_word' id='word_1_191' title='bbox 872 2494 1068 2565; x_wconf 89' lang='lat' dir='ltr'><strong>Syrum</strong></span> <span class='ocrx_word' id='word_1_192' title='bbox 1094 2494 1321 2550; x_wconf 88' lang='lat' dir='ltr'><strong>vertisse</strong></span> <span class='ocrx_word' id='word_1_193' title='bbox 1344 2498 1484 2567; x_wconf 86' lang='grc' dir='ltr'><strong>ἀνηρ</strong></span> <span class='ocrx_word' id='word_1_194' title='bbox 1520 2494 1838 2548; x_wconf 81' lang='grc' dir='ltr'><strong>κατευοδού-</strong></span> 
     </span>
    </p>
   </div>
   <div class='ocr_carea' id='block_1_26' title="bbox 255 2587 1838 2659">
    <p class='ocr_par' dir='ltr' id='par_1_26' title="bbox 255 2587 1838 2659">
     <span class='ocr_line' id='line_1_26' title="bbox 255 2587 1838 2659; baseline 0 -19"><span class='ocrx_word' id='word_1_195' title='bbox 255 2604 442 2657; x_wconf 73' lang='grc' dir='ltr'><strong>μενος,</strong></span> <span class='ocrx_word' id='word_1_196' title='bbox 461 2587 850 2651; x_wconf 77' lang='lat' dir='ltr'><strong>Symmachum</strong></span> <span class='ocrx_word' id='word_1_197' title='bbox 870 2599 1048 2643; x_wconf 89' lang='lat' dir='ltr'><strong>autem</strong></span> <span class='ocrx_word' id='word_1_198' title='bbox 1061 2588 1430 2659; x_wconf 82' lang='grc' dir='ltr'><strong>εὐοδούμενος,</strong></span> <span class='ocrx_word' id='word_1_199' title='bbox 1449 2588 1698 2658; x_wconf 83' lang='lat' dir='ltr'><strong>Aquilam</strong></span> <span class='ocrx_word' id='word_1_200' title='bbox 1712 2605 1838 2640; x_wconf 83' lang='grc' dir='ltr'><strong>κατ-</strong></span> 
     </span>
    </p>
   </div>
   <div class='ocr_carea' id='block_1_27' title="bbox 253 2674 1836 2748">
    <p class='ocr_par' dir='ltr' id='par_1_27' title="bbox 253 2674 1836 2748">
     <span class='ocr_line' id='line_1_27' title="bbox 253 2674 1836 2748; baseline 0.003 -18"><span class='ocrx_word' id='word_1_201' title='bbox 253 2679 634 2748; x_wconf 72' lang='grc' dir='ltr'><strong>ευθυνὸμενος,</strong></span> <span class='ocrx_word' id='word_1_202' title='bbox 665 2675 808 2733; x_wconf 66' lang='lat' dir='ltr'><strong>LXX</strong></span> <span class='ocrx_word' id='word_1_203' title='bbox 840 2678 1247 2748; x_wconf 74' lang='grc' dir='ltr'><strong>ἐπιτυγχάνων·</strong></span> <span class='ocrx_word' id='word_1_204' title='bbox 1283 2693 1405 2748; x_wconf 68' lang='lat' dir='ltr'><strong>qua:</strong></span> <span class='ocrx_word' id='word_1_205' title='bbox 1451 2674 1836 2735; x_wconf 86' lang='lat' dir='ltr'><strong>translationes</strong></span> 
     </span>
    </p>
   </div>
   <div class='ocr_carea' id='block_1_28' title="bbox 254 2765 1836 2838">
    <p class='ocr_par' dir='ltr' id='par_1_28' title="bbox 254 2765 1836 2838">
     <span class='ocr_line' id='line_1_28' title="bbox 254 2765 1836 2838; baseline 0.001 -17"><span class='ocrx_word' id='word_1_206' title='bbox 254 2770 482 2822; x_wconf 74' lang='lat' dir='ltr'><strong>uliicum</strong></span> <span class='ocrx_word' id='word_1_207' title='bbox 513 2770 749 2823; x_wconf 83' lang='lat' dir='ltr'><strong>etl&#39;eruut</strong></span> <span class='ocrx_word' id='word_1_208' title='bbox 792 2784 1038 2830; x_wconf 90' lang='lat' dir='ltr'><strong>sensum,</strong></span> <span class='ocrx_word' id='word_1_209' title='bbox 1071 2784 1262 2838; x_wconf 87' lang='lat' dir='ltr'><strong>nempe</strong></span> <span class='ocrx_word' id='word_1_210' title='bbox 1313 2781 1648 2836; x_wconf 74' lang='lat' dir='ltr'><strong>prosperam.</strong></span> <span class='ocrx_word' id='word_1_211' title='bbox 1697 2765 1836 2823; x_wconf 83' lang='lat' dir='ltr'><strong>Hinc</strong></span> 
     </span>
    </p>
   </div>
   <div class='ocr_carea' id='block_1_29' title="bbox 253 2860 1835 2932">
    <p class='ocr_par' dir='ltr' id='par_1_29' title="bbox 253 2860 1835 2932">
     <span class='ocr_line' id='line_1_29' title="bbox 253 2860 1835 2932; baseline -0.003 -12"><span class='ocrx_word' id='word_1_212' title='bbox 253 2875 440 2920; x_wconf 80' lang='lat' dir='ltr'><strong>autem</strong></span> <span class='ocrx_word' id='word_1_213' title='bbox 490 2865 620 2932; x_wconf 89' lang='lat' dir='ltr'><strong>quid</strong></span> <span class='ocrx_word' id='word_1_214' title='bbox 667 2864 890 2932; x_wconf 83' lang='lat' dir='ltr'><strong>colligas</strong></span> <span class='ocrx_word' id='word_1_215' title='bbox 937 2863 1104 2930; x_wconf 88' lang='lat' dir='ltr'><strong>aliud,</strong></span> <span class='ocrx_word' id='word_1_216' title='bbox 1144 2860 1251 2916; x_wconf 86' lang='lat' dir='ltr'><strong>nisi</strong></span> <span class='ocrx_word' id='word_1_217' title='bbox 1280 2862 1566 2917; x_wconf 76' lang='lat' dir='ltr'><strong>lectionem</strong></span> <span class='ocrx_word' id='word_1_218' title='bbox 1601 2860 1721 2932; x_wconf 84' lang='lat' dir='ltr'><strong>Syri</strong></span> <span class='ocrx_word' id='word_1_219' title='bbox 1766 2878 1835 2917; x_wconf 75' lang='lat' dir='ltr'><strong>ex</strong></span> 
     </span>
    </p>
   </div>
   <div class='ocr_carea' id='block_1_30' title="bbox 253 2953 1836 3025">
    <p class='ocr_par' dir='ltr' id='par_1_30' title="bbox 253 2953 1836 3025">
     <span class='ocr_line' id='line_1_30' title="bbox 253 2953 1836 3025; baseline 0.001 -16"><span class='ocrx_word' id='word_1_220' title='bbox 253 2956 727 3012; x_wconf 73' lang='lat' dir='ltr'><strong>versioneGrteca</strong></span> <span class='ocrx_word' id='word_1_221' title='bbox 756 2957 1099 3025; x_wconf 87' lang='lat' dir='ltr'><strong>desumptam</strong></span> <span class='ocrx_word' id='word_1_222' title='bbox 1131 2955 1320 3010; x_wconf 88' lang='lat' dir='ltr'><strong>fuisse.</strong></span> <span class='ocrx_word' id='word_1_223' title='bbox 1368 2953 1504 3008; x_wconf 85' lang='lat' dir='ltr'><strong>Nam</strong></span> <span class='ocrx_word' id='word_1_224' title='bbox 1539 2955 1584 3010; x_wconf 90' lang='lat' dir='ltr'><strong>si</strong></span> <span class='ocrx_word' id='word_1_225' title='bbox 1637 2953 1836 3009; x_wconf 81' lang='lat' dir='ltr'><strong>Diodo-</strong></span> 
     </span>
    </p>
   </div>
   <div class='ocr_carea' id='block_1_31' title="bbox 251 3047 1833 3119">
    <p class='ocr_par' dir='ltr' id='par_1_31' title="bbox 251 3047 1833 3119">
     <span class='ocr_line' id='line_1_31' title="bbox 251 3047 1833 3119; baseline 0 -17"><span class='ocrx_word' id='word_1_226' title='bbox 251 3066 375 3114; x_wconf 86' lang='lat' dir='ltr'><strong>rus,</strong></span> <span class='ocrx_word' id='word_1_227' title='bbox 417 3050 502 3103; x_wconf 81' lang='lat' dir='ltr'><strong>vel</strong></span> <span class='ocrx_word' id='word_1_228' title='bbox 553 3049 599 3104; x_wconf 89' lang='lat' dir='ltr'><strong>is</strong></span> <span class='ocrx_word' id='word_1_229' title='bbox 645 3049 740 3118; x_wconf 87' lang='lat' dir='ltr'><strong>qui</strong></span> <span class='ocrx_word' id='word_1_230' title='bbox 781 3051 993 3119; x_wconf 86' lang='lat' dir='ltr'><strong>primus</strong></span> <span class='ocrx_word' id='word_1_231' title='bbox 1031 3048 1152 3119; x_wconf 92' lang='lat' dir='ltr'><strong>Syri</strong></span> <span class='ocrx_word' id='word_1_232' title='bbox 1201 3049 1460 3102; x_wconf 88' lang='lat' dir='ltr'><strong>lectiones</strong></span> <span class='ocrx_word' id='word_1_233' title='bbox 1500 3047 1734 3118; x_wconf 74' lang='lat' dir='ltr'><strong>collegit,</strong></span> <span class='ocrx_word' id='word_1_234' title='bbox 1765 3062 1833 3102; x_wconf 78' lang='lat' dir='ltr'><strong>ex</strong></span> 
     </span>
    </p>
   </div>
   <div class='ocr_carea' id='block_1_32' title="bbox 1951 553 3526 628">
    <p class='ocr_par' dir='ltr' id='par_1_32' title="bbox 1951 553 3526 628">
     <span class='ocr_line' id='line_1_32' title="bbox 1951 553 3526 628; baseline 0.01 -24"><span class='ocrx_word' id='word_1_235' title='bbox 1951 569 2072 606; x_wconf 89' lang='lat' dir='ltr'><strong>nem</strong></span> <span class='ocrx_word' id='word_1_236' title='bbox 2109 553 2352 607; x_wconf 74' lang='lat' dir='ltr'><strong>Graecam</strong></span> <span class='ocrx_word' id='word_1_237' title='bbox 2385 570 2450 607; x_wconf 82' lang='lat' dir='ltr'><strong>ex</strong></span> <span class='ocrx_word' id='word_1_238' title='bbox 2486 553 2624 624; x_wconf 87' lang='lat' dir='ltr'><strong>Syro</strong></span> <span class='ocrx_word' id='word_1_239' title='bbox 2671 554 2867 610; x_wconf 88' lang='lat' dir='ltr'><strong>factam</strong></span> <span class='ocrx_word' id='word_1_240' title='bbox 2903 559 3124 624; x_wconf 85' lang='lat' dir='ltr'><strong>indicet,</strong></span> <span class='ocrx_word' id='word_1_241' title='bbox 3160 560 3276 628; x_wconf 88' lang='lat' dir='ltr'><strong>pari</strong></span> <span class='ocrx_word' id='word_1_242' title='bbox 3314 564 3526 619; x_wconf 82' lang='lat' dir='ltr'><strong>ratione</strong></span> 
     </span>
    </p>
   </div>
   <div class='ocr_carea' id='block_1_33' title="bbox 1947 645 3525 719">
    <p class='ocr_par' dir='ltr' id='par_1_33' title="bbox 1947 645 3525 719">
     <span class='ocr_line' id='line_1_33' title="bbox 1947 645 3525 719; baseline 0.008 -21"><span class='ocrx_word' id='word_1_243' title='bbox 1947 660 2052 698; x_wconf 81' lang='lat' dir='ltr'><strong>vox</strong></span> <span class='ocrx_word' id='word_1_244' title='bbox 2096 645 2183 697; x_wconf 91' lang='lat' dir='ltr'><strong>illa</strong></span> <span class='ocrx_word' id='word_1_245' title='bbox 2212 646 2240 696; x_wconf 98' lang='lat'><strong>6</strong></span> <span class='ocrx_word' id='word_1_246' title='bbox 2271 646 2518 715; x_wconf 71' lang='grc' dir='ltr'><strong>Ἑϐραῖος</strong></span> <span class='ocrx_word' id='word_1_247' title='bbox 2548 648 2849 702; x_wconf 88' lang='lat' dir='ltr'><strong>versionem</strong></span> <span class='ocrx_word' id='word_1_248' title='bbox 2885 648 3124 719; x_wconf 86' lang='lat' dir='ltr'><strong>aliquam</strong></span> <span class='ocrx_word' id='word_1_249' title='bbox 3157 666 3226 706; x_wconf 79' lang='lat' dir='ltr'><strong>ex</strong></span> <span class='ocrx_word' id='word_1_250' title='bbox 3254 651 3525 710; x_wconf 82' lang='lat' dir='ltr'><strong>llcbraico</strong></span> 
     </span>
    </p>
   </div>
   <div class='ocr_carea' id='block_1_34' title="bbox 1946 736 3525 806">
    <p class='ocr_par' dir='ltr' id='par_1_34' title="bbox 1946 736 3525 806">
     <span class='ocr_line' id='line_1_34' title="bbox 1946 736 3525 806; baseline 0.008 -17"><span class='ocrx_word' id='word_1_251' title='bbox 1946 737 2128 790; x_wconf 76' lang='lat' dir='ltr'><strong>Gnece</strong></span> <span class='ocrx_word' id='word_1_252' title='bbox 2174 736 2369 790; x_wconf 87' lang='lat' dir='ltr'><strong>factam</strong></span> <span class='ocrx_word' id='word_1_253' title='bbox 2411 737 2780 806; x_wconf 82' lang='lat' dir='ltr'><strong>signiﬁcabit:</strong></span> <span class='ocrx_word' id='word_1_254' title='bbox 2830 749 2886 793; x_wconf 90' lang='lat' dir='ltr'><strong>at</strong></span> <span class='ocrx_word' id='word_1_255' title='bbox 2934 741 3229 798; x_wconf 85' lang='lat' dir='ltr'><strong>verisimile</strong></span> <span class='ocrx_word' id='word_1_256' title='bbox 3281 760 3389 799; x_wconf 88' lang='lat' dir='ltr'><strong>non</strong></span> <span class='ocrx_word' id='word_1_257' title='bbox 3439 757 3525 801; x_wconf 86' lang='lat' dir='ltr'><strong>est</strong></span> 
     </span>
    </p>
   </div>
   <div class='ocr_carea' id='block_1_35' title="bbox 1947 828 3525 906">
    <p class='ocr_par' dir='ltr' id='par_1_35' title="bbox 1947 828 3525 906">
     <span class='ocr_line' id='line_1_35' title="bbox 1947 828 3525 906; baseline 0.007 -25"><span class='ocrx_word' id='word_1_258' title='bbox 1947 828 2262 896; x_wconf 70' lang='lat' dir='ltr'><strong>huiusmodi</strong></span> <span class='ocrx_word' id='word_1_259' title='bbox 2315 831 2621 882; x_wconf 80' lang='lat' dir='ltr'><strong>versionem</strong></span> <span class='ocrx_word' id='word_1_260' title='bbox 2667 831 2736 884; x_wconf 90' lang='lat' dir='ltr'><strong>ab</strong></span> <span class='ocrx_word' id='word_1_261' title='bbox 2765 831 2888 886; x_wconf 87' lang='lat' dir='ltr'><strong>aliis</strong></span> <span class='ocrx_word' id='word_1_262' title='bbox 2934 834 3190 890; x_wconf 88' lang='lat' dir='ltr'><strong>omnibus</strong></span> <span class='ocrx_word' id='word_1_263' title='bbox 3226 833 3525 906; x_wconf 63' lang='lat' dir='ltr'><strong>Scriptura;</strong></span> 
     </span>
    </p>
   </div>
   <div class='ocr_carea' id='block_1_36' title="bbox 1947 919 3524 986">
    <p class='ocr_par' dir='ltr' id='par_1_36' title="bbox 1947 919 3524 986">
     <span class='ocr_line' id='line_1_36' title="bbox 1947 919 3524 986; baseline 0.007 -16"><span class='ocrx_word' id='word_1_264' title='bbox 1947 919 2489 986; x_wconf 81' lang='lat' dir='ltr'><strong>interpretationibus</strong></span> <span class='ocrx_word' id='word_1_265' title='bbox 2533 919 2804 975; x_wconf 83' lang='lat' dir='ltr'><strong>diversam</strong></span> <span class='ocrx_word' id='word_1_266' title='bbox 2831 924 3132 981; x_wconf 77' lang='lat' dir='ltr'><strong>exstitisse.</strong></span> <span class='ocrx_word' id='word_1_267' title='bbox 3177 927 3413 983; x_wconf 80' lang='lat' dir='ltr'><strong>Aliunde</strong></span> <span class='ocrx_word' id='word_1_268' title='bbox 3440 938 3524 982; x_wconf 83' lang='lat' dir='ltr'><strong>ta-</strong></span> 
     </span>
    </p>
   </div>
   <div class='ocr_carea' id='block_1_37' title="bbox 1946 1010 3524 1087">
    <p class='ocr_par' dir='ltr' id='par_1_37' title="bbox 1946 1010 3524 1087">
     <span class='ocr_line' id='line_1_37' title="bbox 1946 1010 3524 1087; baseline 0.01 -27"><span class='ocrx_word' id='word_1_269' title='bbox 1946 1024 2069 1063; x_wconf 78' lang='lat' dir='ltr'><strong>men</strong></span> <span class='ocrx_word' id='word_1_270' title='bbox 2113 1010 2228 1062; x_wconf 86' lang='lat' dir='ltr'><strong>loca</strong></span> <span class='ocrx_word' id='word_1_271' title='bbox 2277 1010 2454 1064; x_wconf 78' lang='lat' dir='ltr'><strong>all‘erri</strong></span> <span class='ocrx_word' id='word_1_272' title='bbox 2509 1021 2760 1079; x_wconf 85' lang='lat' dir='ltr'><strong>possunt,</strong></span> <span class='ocrx_word' id='word_1_273' title='bbox 2804 1015 2919 1069; x_wconf 85' lang='lat' dir='ltr'><strong>sive</strong></span> <span class='ocrx_word' id='word_1_274' title='bbox 2969 1015 3092 1087; x_wconf 88' lang='lat' dir='ltr'><strong>Syri</strong></span> <span class='ocrx_word' id='word_1_275' title='bbox 3142 1027 3354 1072; x_wconf 87' lang='lat' dir='ltr'><strong>tantum</strong></span> <span class='ocrx_word' id='word_1_276' title='bbox 3399 1034 3524 1076; x_wconf 84' lang='lat' dir='ltr'><strong>esse</strong></span> 
     </span>
    </p>
   </div>
   <div class='ocr_carea' id='block_1_38' title="bbox 1942 1100 3522 1176">
    <p class='ocr_par' dir='ltr' id='par_1_38' title="bbox 1942 1100 3522 1176">
     <span class='ocr_line' id='line_1_38' title="bbox 1942 1100 3522 1176; baseline 0.008 -23"><span class='ocrx_word' id='word_1_277' title='bbox 1942 1101 2213 1166; x_wconf 82' lang='lat' dir='ltr'><strong>dicantur,</strong></span> <span class='ocrx_word' id='word_1_278' title='bbox 2248 1101 2360 1155; x_wconf 87' lang='lat' dir='ltr'><strong>sive</strong></span> <span class='ocrx_word' id='word_1_279' title='bbox 2390 1100 2598 1155; x_wconf 68' lang='lat' dir='ltr'><strong>Hebraei</strong></span> <span class='ocrx_word' id='word_1_280' title='bbox 2630 1113 2794 1172; x_wconf 88' lang='lat' dir='ltr'><strong>atque</strong></span> <span class='ocrx_word' id='word_1_281' title='bbox 2839 1103 2981 1176; x_wconf 86' lang='lat' dir='ltr'><strong>Syri,</strong></span> <span class='ocrx_word' id='word_1_282' title='bbox 3021 1123 3142 1176; x_wconf 79' lang='lat' dir='ltr'><strong>qua:</strong></span> <span class='ocrx_word' id='word_1_283' title='bbox 3174 1125 3242 1166; x_wconf 81' lang='lat' dir='ltr'><strong>ex</strong></span> <span class='ocrx_word' id='word_1_284' title='bbox 3271 1111 3522 1166; x_wconf 82' lang='lat' dir='ltr'><strong>versione</strong></span> 
     </span>
    </p>
   </div>
   <div class='ocr_carea' id='block_1_39' title="bbox 1943 1192 3522 1273">
    <p class='ocr_par' dir='ltr' id='par_1_39' title="bbox 1943 1192 3522 1273">
     <span class='ocr_line' id='line_1_39' title="bbox 1943 1192 3522 1273; baseline 0.006 -26"><span class='ocrx_word' id='word_1_285' title='bbox 1943 1194 2124 1263; x_wconf 87' lang='lat' dir='ltr'><strong>aliqua</strong></span> <span class='ocrx_word' id='word_1_286' title='bbox 2139 1192 2324 1246; x_wconf 77' lang='lat' dir='ltr'><strong>Graeca</strong></span> <span class='ocrx_word' id='word_1_287' title='bbox 2350 1193 2668 1262; x_wconf 87' lang='lat' dir='ltr'><strong>deprompta</strong></span> <span class='ocrx_word' id='word_1_288' title='bbox 2695 1196 2963 1252; x_wconf 89' lang='lat' dir='ltr'><strong>videntur.</strong></span> <span class='ocrx_word' id='word_1_289' title='bbox 2983 1196 3075 1254; x_wconf 90' lang='lat' dir='ltr'><strong>Sic</strong></span> <span class='ocrx_word' id='word_1_290' title='bbox 3096 1197 3345 1257; x_wconf 70' lang='lat' dir='ltr'><strong>Jeremiae</strong></span> <span class='ocrx_word' id='word_1_291' title='bbox 3366 1218 3522 1273; x_wconf 73' lang='lat' dir='ltr'><strong>xxxv,</strong></span> 
     </span>
    </p>
   </div>
   <div class='ocr_carea' id='block_1_40' title="bbox 1940 1284 3520 1376">
    <p class='ocr_par' dir='ltr' id='par_1_40' title="bbox 1940 1284 3520 1376">
     <span class='ocr_line' id='line_1_40' title="bbox 1940 1284 3520 1376; baseline 0.006 -36"><span class='ocrx_word' id='word_1_292' title='bbox 1940 1302 2101 1340; x_wconf 83' lang='lat' dir='ltr'><strong>versu</strong></span> <span class='ocrx_word' id='word_1_293' title='bbox 2151 1286 2207 1351; x_wconf 74' lang='grc'><strong>2,</strong></span> <span class='ocrx_word' id='word_1_294' title='bbox 2243 1287 2331 1339; x_wconf 92' lang='lat' dir='ltr'><strong>ubi</strong></span> <span class='ocrx_word' id='word_1_295' title='bbox 2389 1287 2444 1339; x_wconf 87' lang='lat' dir='ltr'><strong>in</strong></span> <span class='ocrx_word' id='word_1_296' title='bbox 2493 1284 2718 1341; x_wconf 78' lang='lat' dir='ltr'><strong>Hebraeo</strong></span> <span class='ocrx_word' id='word_1_297' title='bbox 2765 1289 2960 1358; x_wconf 81' lang='lat' dir='ltr'><strong>legitur</strong></span> <span class='ocrx_word' id='word_1_298' title='bbox 2984 1299 3066 1376; x_wconf 52' lang='lat' dir='ltr'><strong>In,</strong></span> <span class='ocrx_word' id='word_1_299' title='bbox 3095 1301 3150 1346; x_wconf 89' lang='lat' dir='ltr'><strong>et</strong></span> <span class='ocrx_word' id='word_1_300' title='bbox 3178 1290 3318 1346; x_wconf 74' lang='lat' dir='ltr'><strong>LXX</strong></span> <span class='ocrx_word' id='word_1_301' title='bbox 3351 1293 3520 1348; x_wconf 90' lang='lat' dir='ltr'><strong>inter-</strong></span> 
     </span>
    </p>
   </div>
   <div class='ocr_carea' id='block_1_41' title="bbox 1941 1377 3520 1456">
    <p class='ocr_par' dir='ltr' id='par_1_41' title="bbox 1941 1377 3520 1456">
     <span class='ocr_line' id='line_1_41' title="bbox 1941 1377 3520 1456; baseline 0.005 -25"><span class='ocrx_word' id='word_1_302' title='bbox 1941 1379 2133 1448; x_wconf 89' lang='lat' dir='ltr'><strong>pretati</strong></span> <span class='ocrx_word' id='word_1_303' title='bbox 2183 1388 2310 1434; x_wconf 92' lang='lat' dir='ltr'><strong>sunt</strong></span> <span class='ocrx_word' id='word_1_304' title='bbox 2359 1377 2578 1449; x_wconf 75' lang='grc' dir='ltr'><strong>Θερμὸν,</strong></span> <span class='ocrx_word' id='word_1_305' title='bbox 2627 1378 2884 1444; x_wconf 82' lang='lat' dir='ltr'><strong>calidum,</strong></span> <span class='ocrx_word' id='word_1_306' title='bbox 2923 1381 3118 1450; x_wconf 80' lang='lat' dir='ltr'><strong>Aquila</strong></span> <span class='ocrx_word' id='word_1_307' title='bbox 3172 1398 3323 1450; x_wconf 88' lang='lat' dir='ltr'><strong>vero,</strong></span> <span class='ocrx_word' id='word_1_308' title='bbox 3360 1384 3520 1456; x_wconf 86' lang='lat' dir='ltr'><strong>Sym-</strong></span> 
     </span>
    </p>
   </div>
   <div class='ocr_carea' id='block_1_42' title="bbox 1939 1470 3520 1544">
    <p class='ocr_par' dir='ltr' id='par_1_42' title="bbox 1939 1470 3520 1544">
     <span class='ocr_line' id='line_1_42' title="bbox 1939 1470 3520 1544; baseline 0.004 -17"><span class='ocrx_word' id='word_1_309' title='bbox 1939 1474 2167 1528; x_wconf 85' lang='lat' dir='ltr'><strong>machus</strong></span> <span class='ocrx_word' id='word_1_310' title='bbox 2208 1480 2260 1526; x_wconf 91' lang='lat' dir='ltr'><strong>et</strong></span> <span class='ocrx_word' id='word_1_311' title='bbox 2307 1470 2607 1526; x_wconf 83' lang='lat' dir='ltr'><strong>Theodotio</strong></span> <span class='ocrx_word' id='word_1_312' title='bbox 2657 1473 2817 1544; x_wconf 76' lang='grc' dir='ltr'><strong>χάριν</strong></span> <span class='ocrx_word' id='word_1_313' title='bbox 2865 1483 3104 1541; x_wconf 85' lang='lat' dir='ltr'><strong>vertunt,</strong></span> <span class='ocrx_word' id='word_1_314' title='bbox 3142 1475 3520 1534; x_wconf 81' lang='lat' dir='ltr'><strong>Theodoretus</strong></span> 
     </span>
    </p>
   </div>
   <div class='ocr_carea' id='block_1_43' title="bbox 1939 1562 3516 1640">
    <p class='ocr_par' dir='ltr' id='par_1_43' title="bbox 1939 1562 3516 1640">
     <span class='ocr_line' id='line_1_43' title="bbox 1939 1562 3516 1640; baseline -0.004 -21"><span class='ocrx_word' id='word_1_315' title='bbox 1939 1564 2056 1620; x_wconf 71' lang='lat' dir='ltr'><strong>haec</strong></span> <span class='ocrx_word' id='word_1_316' title='bbox 2106 1564 2289 1627; x_wconf 88' lang='lat' dir='ltr'><strong>habet,</strong></span> <span class='ocrx_word' id='word_1_317' title='bbox 2322 1564 2379 1617; x_wconf 85' lang='grc' dir='ltr'><strong>τὸ</strong></span> <span class='ocrx_word' id='word_1_318' title='bbox 2407 1562 2629 1635; x_wconf 80' lang='grc' dir='ltr'><strong>Θερμὸν,</strong></span> <span class='ocrx_word' id='word_1_319' title='bbox 2673 1567 2703 1617; x_wconf 88' lang='grc' dir='ltr'>ὁ</span> <span class='ocrx_word' id='word_1_320' title='bbox 2739 1565 2910 1637; x_wconf 79' lang='grc' dir='ltr'>Σύρος</span> <span class='ocrx_word' id='word_1_321' title='bbox 2947 1566 3045 1621; x_wconf 74' lang='grc' dir='ltr'><strong>καὶ</strong></span> <span class='ocrx_word' id='word_1_322' title='bbox 3074 1568 3103 1620; x_wconf 92' lang='lat'><strong>6</strong></span> <span class='ocrx_word' id='word_1_323' title='bbox 3159 1567 3406 1640; x_wconf 74' lang='grc' dir='ltr'><strong>Ἑϐραῖος</strong></span> <span class='ocrx_word' id='word_1_324' title='bbox 3437 1572 3516 1625; x_wconf 86' lang='grc' dir='ltr'><strong>οι-</strong></span> 
     </span>
    </p>
   </div>
   <div class='ocr_carea' id='block_1_44' title="bbox 1938 1655 3516 1732">
    <p class='ocr_par' dir='ltr' id='par_1_44' title="bbox 1938 1655 3516 1732">
     <span class='ocr_line' id='line_1_44' title="bbox 1938 1655 3516 1732; baseline 0.005 -24"><span class='ocrx_word' id='word_1_325' title='bbox 1938 1657 2190 1726; x_wconf 82' lang='grc' dir='ltr'><strong>κτιρμὸν,</strong></span> <span class='ocrx_word' id='word_1_326' title='bbox 2237 1655 2568 1708; x_wconf 73' lang='grc' dir='ltr'><strong>τεθείκασινο</strong></span> <span class='ocrx_word' id='word_1_327' title='bbox 2601 1657 2652 1710; x_wconf 88' lang='lat' dir='ltr'><strong>id</strong></span> <span class='ocrx_word' id='word_1_328' title='bbox 2688 1667 2791 1720; x_wconf 88' lang='lat' dir='ltr'><strong>est,</strong></span> <span class='ocrx_word' id='word_1_329' title='bbox 2836 1658 3089 1722; x_wconf 83' lang='lat' dir='ltr'><strong>calidum,</strong></span> <span class='ocrx_word' id='word_1_330' title='bbox 3141 1658 3307 1731; x_wconf 76' lang='lat' dir='ltr'><strong>Syrus</strong></span> <span class='ocrx_word' id='word_1_331' title='bbox 3359 1673 3516 1732; x_wconf 78' lang='lat' dir='ltr'><strong>atque</strong></span> 
     </span>
    </p>
   </div>
   <div class='ocr_carea' id='block_1_45' title="bbox 1943 1749 3513 1823">
    <p class='ocr_par' dir='ltr' id='par_1_45' title="bbox 1943 1749 3513 1823">
     <span class='ocr_line' id='line_1_45' title="bbox 1943 1749 3513 1823; baseline 0.005 -21"><span class='ocrx_word' id='word_1_332' title='bbox 1943 1749 2218 1815; x_wconf 75' lang='lat' dir='ltr'><strong>Hebrwus,</strong></span> <span class='ocrx_word' id='word_1_333' title='bbox 2241 1751 2654 1813; x_wconf 76' lang='lat' dir='ltr'><strong>miserationem,</strong></span> <span class='ocrx_word' id='word_1_334' title='bbox 2684 1762 2990 1820; x_wconf 83' lang='lat' dir='ltr'><strong>posuerunt.</strong></span> <span class='ocrx_word' id='word_1_335' title='bbox 3025 1753 3089 1808; x_wconf 84' lang='lat' dir='ltr'><strong>Et</strong></span> <span class='ocrx_word' id='word_1_336' title='bbox 3115 1755 3310 1814; x_wconf 70' lang='lat' dir='ltr'><strong>Ezech.</strong></span> <span class='ocrx_word' id='word_1_337' title='bbox 3341 1773 3513 1823; x_wconf 77' lang='lat' dir='ltr'><strong>xxvu,</strong></span> 
     </span>
    </p>
   </div>
   <div class='ocr_carea' id='block_1_46' title="bbox 1870 1814 3514 1917">
    <p class='ocr_par' dir='ltr' id='par_1_46' title="bbox 1870 1814 3514 1917">
     <span class='ocr_line' id='line_1_46' title="bbox 1870 1814 3514 1917; baseline 0.005 -22"><span class='ocrx_word' id='word_1_338' title='bbox 1870 1814 1910 1868; x_wconf 70' lang='grc' dir='ltr'><strong>Β</strong></span> <span class='ocrx_word' id='word_1_339' title='bbox 1940 1841 2030 1906; x_wconf 70' lang='grc'><strong>24,</strong></span> <span class='ocrx_word' id='word_1_340' title='bbox 2060 1841 2152 1895; x_wconf 89' lang='lat' dir='ltr'><strong>ubi</strong></span> <span class='ocrx_word' id='word_1_341' title='bbox 2197 1814 2252 1894; x_wconf 87' lang='lat' dir='ltr'><strong>in</strong></span> <span class='ocrx_word' id='word_1_342' title='bbox 2289 1840 2516 1895; x_wconf 58' lang='lat' dir='ltr'><strong>llebraio</strong></span> <span class='ocrx_word' id='word_1_343' title='bbox 2566 1814 2760 1911; x_wconf 74' lang='lat' dir='ltr'><strong>legitur</strong></span> <span class='ocrx_word' id='word_1_344' title='bbox 2788 1827 2977 1905; x_wconf 43' lang='lat' dir='ltr'><strong>iniu:</strong></span> <span class='ocrx_word' id='word_1_345' title='bbox 3012 1829 3284 1912; x_wconf 62' lang='lat'><strong>0955:7113,</strong></span> <span class='ocrx_word' id='word_1_346' title='bbox 3320 1814 3514 1917; x_wconf 74' lang='lat' dir='ltr'><strong>Aquila</strong></span> 
     </span>
    </p>
   </div>
   <div class='ocr_carea' id='block_1_47' title="bbox 1938 1935 3514 2009">
    <p class='ocr_par' dir='ltr' id='par_1_47' title="bbox 1938 1935 3514 2009">
     <span class='ocr_line' id='line_1_47' title="bbox 1938 1935 3514 2009; baseline 0.004 -18"><span class='ocrx_word' id='word_1_347' title='bbox 1938 1937 2121 2000; x_wconf 87' lang='lat' dir='ltr'><strong>vertit,</strong></span> <span class='ocrx_word' id='word_1_348' title='bbox 2151 1935 2574 2005; x_wconf 80' lang='grc' dir='ltr'><strong>ἐγκατασκεύοις</strong></span> <span class='ocrx_word' id='word_1_349' title='bbox 2614 1936 2968 2009; x_wconf 81' lang='grc' dir='ltr'><strong>εἰλήμμασιν,</strong></span> <span class='ocrx_word' id='word_1_350' title='bbox 3006 1943 3325 1996; x_wconf 76' lang='lat' dir='ltr'><strong>cvnstructis</strong></span> <span class='ocrx_word' id='word_1_351' title='bbox 3363 1944 3514 1996; x_wconf 80' lang='lat' dir='ltr'><strong>inro-</strong></span> 
     </span>
    </p>
   </div>
   <div class='ocr_carea' id='block_1_48' title="bbox 1937 2029 3516 2103">
    <p class='ocr_par' dir='ltr' id='par_1_48' title="bbox 1937 2029 3516 2103">
     <span class='ocr_line' id='line_1_48' title="bbox 1937 2029 3516 2103; baseline 0.004 -21"><span class='ocrx_word' id='word_1_352' title='bbox 1937 2029 2143 2093; x_wconf 86' lang='lat' dir='ltr'><strong>lucris;</strong></span> <span class='ocrx_word' id='word_1_353' title='bbox 2166 2029 2551 2099; x_wconf 80' lang='lat' dir='ltr'><strong>Symmachus,</strong></span> <span class='ocrx_word' id='word_1_354' title='bbox 2577 2033 2816 2097; x_wconf 75' lang='lat' dir='ltr'><strong>pretiosis</strong></span> <span class='ocrx_word' id='word_1_355' title='bbox 2849 2031 3168 2094; x_wconf 82' lang='lat' dir='ltr'><strong>involucris;</strong></span> <span class='ocrx_word' id='word_1_356' title='bbox 3189 2032 3516 2103; x_wconf 86' lang='lat' dir='ltr'><strong>Theodotio,</strong></span> 
     </span>
    </p>
   </div>
   <div class='ocr_carea' id='block_1_49' title="bbox 1939 2116 3511 2196">
    <p class='ocr_par' dir='ltr' id='par_1_49' title="bbox 1939 2116 3511 2196">
     <span class='ocr_line' id='line_1_49' title="bbox 1939 2116 3511 2196; baseline 0.006 -24"><span class='ocrx_word' id='word_1_357' title='bbox 1939 2123 1996 2173; x_wconf 83' lang='grc' dir='ltr'><strong>ὲν</strong></span> <span class='ocrx_word' id='word_1_358' title='bbox 2042 2121 2290 2191; x_wconf 78' lang='grc' dir='ltr'><strong>μακαλὶμ</strong></span> <span class='ocrx_word' id='word_1_359' title='bbox 2324 2120 2418 2173; x_wconf 74' lang='grc' dir='ltr'><strong>καὶ</strong></span> <span class='ocrx_word' id='word_1_360' title='bbox 2459 2120 2688 2190; x_wconf 83' lang='grc' dir='ltr'><strong>γαλιμὰ,</strong></span> <span class='ocrx_word' id='word_1_361' title='bbox 2739 2124 2791 2174; x_wconf 90' lang='lat' dir='ltr'><strong>in</strong></span> <span class='ocrx_word' id='word_1_362' title='bbox 2854 2124 3136 2177; x_wconf 78' lang='lat' dir='ltr'><strong>machalim</strong></span> <span class='ocrx_word' id='word_1_363' title='bbox 3189 2136 3240 2179; x_wconf 76' lang='lat' dir='ltr'><strong>et</strong></span> <span class='ocrx_word' id='word_1_364' title='bbox 3287 2116 3511 2196; x_wconf 81' lang='lat' dir='ltr'><strong>galima.</strong></span> 
     </span>
    </p>
   </div>
   <div class='ocr_carea' id='block_1_50' title="bbox 1939 2211 3516 2288">
    <p class='ocr_par' dir='ltr' id='par_1_50' title="bbox 1939 2211 3516 2288">
     <span class='ocr_line' id='line_1_50' title="bbox 1939 2211 3516 2288; baseline 0.004 -23"><span class='ocrx_word' id='word_1_365' title='bbox 1939 2211 2313 2268; x_wconf 79' lang='lat' dir='ltr'><strong>Tlieodoretus</strong></span> <span class='ocrx_word' id='word_1_366' title='bbox 2359 2227 2488 2267; x_wconf 85' lang='lat' dir='ltr'><strong>vero</strong></span> <span class='ocrx_word' id='word_1_367' title='bbox 2530 2211 2652 2282; x_wconf 90' lang='lat' dir='ltr'><strong>Syri</strong></span> <span class='ocrx_word' id='word_1_368' title='bbox 2693 2215 2977 2268; x_wconf 88' lang='lat' dir='ltr'><strong>lectionem</strong></span> <span class='ocrx_word' id='word_1_369' title='bbox 3015 2215 3168 2270; x_wconf 72' lang='lat' dir='ltr'><strong>alfert</strong></span> <span class='ocrx_word' id='word_1_370' title='bbox 3197 2218 3279 2271; x_wconf 87' lang='lat' dir='ltr'><strong>his</strong></span> <span class='ocrx_word' id='word_1_371' title='bbox 3311 2219 3516 2288; x_wconf 76' lang='lat' dir='ltr'><strong>verbis,</strong></span> 
     </span>
    </p>
   </div>
   <div class='ocr_carea' id='block_1_51' title="bbox 1938 2304 3516 2380">
    <p class='ocr_par' dir='ltr' id='par_1_51' title="bbox 1938 2304 3516 2380">
     <span class='ocr_line' id='line_1_51' title="bbox 1938 2304 3516 2380; baseline 0.004 -24"><span class='ocrx_word' id='word_1_372' title='bbox 1938 2305 1996 2356; x_wconf 83' lang='grc' dir='ltr'><strong>ὲν</strong></span> <span class='ocrx_word' id='word_1_373' title='bbox 2030 2304 2368 2376; x_wconf 77' lang='grc' dir='ltr'><strong>ἀποκρύφοις</strong></span> <span class='ocrx_word' id='word_1_374' title='bbox 2413 2304 2630 2358; x_wconf 82' lang='grc' dir='ltr'><strong>σκεύεσι</strong></span> <span class='ocrx_word' id='word_1_375' title='bbox 2651 2321 2667 2334; x_wconf 78' lang='lat'><strong>&#39;</strong></span> <span class='ocrx_word' id='word_1_376' title='bbox 2696 2305 2841 2359; x_wconf 71' lang='grc' dir='ltr'>οὕτω</span> <span class='ocrx_word' id='word_1_377' title='bbox 2865 2305 2974 2377; x_wconf 79' lang='grc' dir='ltr'><strong>γὰρ</strong></span> <span class='ocrx_word' id='word_1_378' title='bbox 2998 2307 3091 2359; x_wconf 71' lang='grc' dir='ltr'><strong>καὶ</strong></span> <span class='ocrx_word' id='word_1_379' title='bbox 3129 2309 3157 2359; x_wconf 87' lang='lat'><strong>6</strong></span> <span class='ocrx_word' id='word_1_380' title='bbox 3186 2309 3354 2380; x_wconf 77' lang='grc' dir='ltr'><strong>Σύρος</strong></span> <span class='ocrx_word' id='word_1_381' title='bbox 3390 2311 3516 2380; x_wconf 77' lang='grc' dir='ltr'><strong>νοή-</strong></span> 
     </span>
    </p>
   </div>
   <div class='ocr_carea' id='block_1_52' title="bbox 1937 2398 3512 2469">
    <p class='ocr_par' dir='ltr' id='par_1_52' title="bbox 1937 2398 3512 2469">
     <span class='ocr_line' id='line_1_52' title="bbox 1937 2398 3512 2469; baseline 0.003 -19"><span class='ocrx_word' id='word_1_382' title='bbox 1937 2414 2037 2460; x_wconf 84' lang='grc' dir='ltr'><strong>σας</strong></span> <span class='ocrx_word' id='word_1_383' title='bbox 2060 2399 2401 2469; x_wconf 79' lang='grc' dir='ltr'><strong>ἡρμήνευσεν</strong></span> <span class='ocrx_word' id='word_1_384' title='bbox 2421 2415 2433 2427; x_wconf 87' lang='grc'><strong>·</strong></span> <span class='ocrx_word' id='word_1_385' title='bbox 2466 2398 2520 2452; x_wconf 89' lang='lat' dir='ltr'><strong>id</strong></span> <span class='ocrx_word' id='word_1_386' title='bbox 2553 2409 2655 2461; x_wconf 87' lang='lat' dir='ltr'><strong>est,</strong></span> <span class='ocrx_word' id='word_1_387' title='bbox 2687 2399 2753 2452; x_wconf 85' lang='lat' dir='ltr'><strong>In</strong></span> <span class='ocrx_word' id='word_1_388' title='bbox 2785 2401 3004 2454; x_wconf 79' lang='lat' dir='ltr'><strong>occultis</strong></span> <span class='ocrx_word' id='word_1_389' title='bbox 3053 2403 3191 2456; x_wconf 76' lang='lat' dir='ltr'><strong>vasis</strong></span> <span class='ocrx_word' id='word_1_390' title='bbox 3222 2418 3241 2455; x_wconf 88' lang='lat'><strong><em>:</em></strong></span> <span class='ocrx_word' id='word_1_391' title='bbox 3265 2403 3341 2456; x_wconf 87' lang='lat' dir='ltr'><strong>ita</strong></span> <span class='ocrx_word' id='word_1_392' title='bbox 3372 2405 3512 2457; x_wconf 87' lang='lat' dir='ltr'><strong>enim</strong></span> 
     </span>
    </p>
   </div>
   <div class='ocr_carea' id='block_1_53' title="bbox 1936 2488 3510 2563">
    <p class='ocr_par' dir='ltr' id='par_1_53' title="bbox 1936 2488 3510 2563">
     <span class='ocr_line' id='line_1_53' title="bbox 1936 2488 3510 2563; baseline 0.004 -21"><span class='ocrx_word' id='word_1_393' title='bbox 1936 2489 2227 2558; x_wconf 84' lang='lat' dir='ltr'><strong>intelligens</strong></span> <span class='ocrx_word' id='word_1_394' title='bbox 2262 2488 2428 2559; x_wconf 83' lang='lat' dir='ltr'><strong>Syrus</strong></span> <span class='ocrx_word' id='word_1_395' title='bbox 2465 2491 2764 2544; x_wconf 81' lang='lat' dir='ltr'><strong>transtulit.</strong></span> <span class='ocrx_word' id='word_1_396' title='bbox 2807 2490 2871 2543; x_wconf 88' lang='lat' dir='ltr'><strong>Et</strong></span> <span class='ocrx_word' id='word_1_397' title='bbox 2897 2492 3094 2546; x_wconf 78' lang='lat' dir='ltr'><strong>Ezech.</strong></span> <span class='ocrx_word' id='word_1_398' title='bbox 3121 2508 3242 2563; x_wconf 85' lang='lat' dir='ltr'><strong>cap.</strong></span> <span class='ocrx_word' id='word_1_399' title='bbox 3278 2510 3510 2559; x_wconf 73' lang='lat' dir='ltr'><strong>xxxviii,</strong></span> 
     </span>
    </p>
   </div>
   <div class='ocr_carea' id='block_1_54' title="bbox 1936 2581 3512 2662">
    <p class='ocr_par' dir='ltr' id='par_1_54' title="bbox 1936 2581 3512 2662">
     <span class='ocr_line' id='line_1_54' title="bbox 1936 2581 3512 2662; baseline 0.004 -29"><span class='ocrx_word' id='word_1_400' title='bbox 1936 2581 1989 2648; x_wconf 58' lang='grc' dir='ltr'><strong>ᾖ.</strong></span> <span class='ocrx_word' id='word_1_401' title='bbox 2017 2581 2072 2644; x_wconf 73' lang='lat'><strong>2,</strong></span> <span class='ocrx_word' id='word_1_402' title='bbox 2100 2583 2189 2635; x_wconf 80' lang='lat' dir='ltr'><strong>ubi</strong></span> <span class='ocrx_word' id='word_1_403' title='bbox 2209 2582 2404 2652; x_wconf 79' lang='lat' dir='ltr'><strong>legitur</strong></span> <span class='ocrx_word' id='word_1_404' title='bbox 2430 2592 2572 2662; x_wconf 63' lang='lat'><strong>1:177:</strong></span> <span class='ocrx_word' id='word_1_405' title='bbox 2593 2593 2746 2648; x_wconf 58' lang='grc' dir='ltr'><strong>ωειλ-ι,</strong></span> <span class='ocrx_word' id='word_1_406' title='bbox 2769 2592 2914 2637; x_wconf 86' lang='lat' dir='ltr'><strong>notat</strong></span> <span class='ocrx_word' id='word_1_407' title='bbox 2943 2583 3340 2650; x_wconf 82' lang='lat' dir='ltr'><strong>Tlieodorctus,</strong></span> <span class='ocrx_word' id='word_1_408' title='bbox 3364 2586 3439 2641; x_wconf 78' lang='grc' dir='ltr'><strong>Τὸ</strong></span> <span class='ocrx_word' id='word_1_409' title='bbox 3453 2589 3512 2640; x_wconf 78' lang='grc' dir='ltr'><strong>δὲ</strong></span> 
     </span>
    </p>
   </div>
   <div class='ocr_carea' id='block_1_55' title="bbox 1947 2671 3512 2745">
    <p class='ocr_par' dir='ltr' id='par_1_55' title="bbox 1947 2671 3512 2745">
     <span class='ocr_line' id='line_1_55' title="bbox 1947 2671 3512 2745; baseline 0.003 -18"><span class='ocrx_word' id='word_1_410' title='bbox 1947 2671 2083 2736; x_wconf 81' lang='grc' dir='ltr'><strong>Ῥὼς</strong></span> <span class='ocrx_word' id='word_1_411' title='bbox 2117 2673 2357 2742; x_wconf 79' lang='grc' dir='ltr'><strong>κεφαλὴν</strong></span> <span class='ocrx_word' id='word_1_412' title='bbox 2383 2677 2411 2726; x_wconf 90' lang='lat'><strong>6</strong></span> <span class='ocrx_word' id='word_1_413' title='bbox 2433 2675 2601 2744; x_wconf 77' lang='grc' dir='ltr'><strong>Σύρος</strong></span> <span class='ocrx_word' id='word_1_414' title='bbox 2625 2677 2985 2745; x_wconf 84' lang='grc' dir='ltr'><strong>ήρμήνευσεν,</strong></span> <span class='ocrx_word' id='word_1_415' title='bbox 3019 2677 3112 2730; x_wconf 79' lang='grc' dir='ltr'>καὶ</span> <span class='ocrx_word' id='word_1_416' title='bbox 3139 2679 3167 2730; x_wconf 83' lang='grc' dir='ltr'>ὁ</span> <span class='ocrx_word' id='word_1_417' title='bbox 3206 2677 3431 2742; x_wconf 81' lang='grc' dir='ltr'><strong>Ἀκύλας</strong></span> <span class='ocrx_word' id='word_1_418' title='bbox 3452 2677 3512 2731; x_wconf 68' lang='grc' dir='ltr'><strong>δὲ</strong></span> 
     </span>
    </p>
   </div>
   <div class='ocr_carea' id='block_1_56' title="bbox 1936 2763 3508 2840">
    <p class='ocr_par' dir='ltr' id='par_1_56' title="bbox 1936 2763 3508 2840">
     <span class='ocr_line' id='line_1_56' title="bbox 1936 2763 3508 2840; baseline 0.006 -24"><span class='ocrx_word' id='word_1_419' title='bbox 1936 2763 2178 2837; x_wconf 75' lang='grc' dir='ltr'><strong>κεφαλὴν</strong></span> <span class='ocrx_word' id='word_1_420' title='bbox 2207 2765 2390 2836; x_wconf 83' lang='grc' dir='ltr'><strong>Μοσὸχ</strong></span> <span class='ocrx_word' id='word_1_421' title='bbox 2427 2766 2489 2818; x_wconf 81' lang='grc' dir='ltr'><strong>τὸ</strong></span> <span class='ocrx_word' id='word_1_422' title='bbox 2530 2767 2662 2830; x_wconf 85' lang='grc' dir='ltr'><strong>Ῥὼς</strong></span> <span class='ocrx_word' id='word_1_423' title='bbox 2691 2767 2876 2837; x_wconf 68' lang='grc' dir='ltr'><strong>Μοσδχ</strong></span> <span class='ocrx_word' id='word_1_424' title='bbox 2909 2769 3283 2839; x_wconf 70' lang='grc' dir='ltr'><strong>ήρμήνευσενο</strong></span> <span class='ocrx_word' id='word_1_425' title='bbox 3324 2769 3374 2824; x_wconf 87' lang='lat' dir='ltr'><strong>id</strong></span> <span class='ocrx_word' id='word_1_426' title='bbox 3404 2779 3508 2840; x_wconf 90' lang='lat' dir='ltr'><strong>est,</strong></span> 
     </span>
    </p>
   </div>
   <div class='ocr_carea' id='block_1_57' title="bbox 1937 2855 3510 2931">
    <p class='ocr_par' dir='ltr' id='par_1_57' title="bbox 1937 2855 3510 2931">
     <span class='ocr_line' id='line_1_57' title="bbox 1937 2855 3510 2931; baseline 0.003 -21"><span class='ocrx_word' id='word_1_427' title='bbox 1937 2856 2104 2926; x_wconf 82' lang='lat' dir='ltr'><strong>Syrus</strong></span> <span class='ocrx_word' id='word_1_428' title='bbox 2132 2855 2236 2910; x_wconf 82' lang='lat' dir='ltr'><strong>Ras</strong></span> <span class='ocrx_word' id='word_1_429' title='bbox 2264 2868 2419 2924; x_wconf 85' lang='lat' dir='ltr'><strong>caput</strong></span> <span class='ocrx_word' id='word_1_430' title='bbox 2459 2859 2868 2927; x_wconf 74' lang='lat' dir='ltr'><strong>interpretatur;</strong></span> <span class='ocrx_word' id='word_1_431' title='bbox 2905 2869 2954 2913; x_wconf 82' lang='lat' dir='ltr'><strong>et</strong></span> <span class='ocrx_word' id='word_1_432' title='bbox 2988 2861 3182 2931; x_wconf 84' lang='lat' dir='ltr'><strong>Aquila</strong></span> <span class='ocrx_word' id='word_1_433' title='bbox 3215 2864 3377 2916; x_wconf 83' lang='lat' dir='ltr'><strong>etiam</strong></span> <span class='ocrx_word' id='word_1_434' title='bbox 3406 2860 3510 2916; x_wconf 72' lang='lat' dir='ltr'><strong>Rat</strong></span> 
     </span>
    </p>
   </div>
   <div class='ocr_carea' id='block_1_58' title="bbox 1939 2942 3509 3023">
    <p class='ocr_par' dir='ltr' id='par_1_58' title="bbox 1939 2942 3509 3023">
     <span class='ocr_line' id='line_1_58' title="bbox 1939 2942 3509 3023; baseline 0.004 -19"><span class='ocrx_word' id='word_1_435' title='bbox 1939 2950 2176 3013; x_wconf 81' lang='lat' dir='ltr'><strong>Mosoch,</strong></span> <span class='ocrx_word' id='word_1_436' title='bbox 2225 2961 2382 3019; x_wconf 86' lang='lat' dir='ltr'><strong>caput</strong></span> <span class='ocrx_word' id='word_1_437' title='bbox 2438 2942 3101 3022; x_wconf 70' lang='lat' dir='ltr'><strong>Mosoch,&#39;intcrprctatur.</strong></span> <span class='ocrx_word' id='word_1_438' title='bbox 3155 2954 3233 3008; x_wconf 91' lang='lat' dir='ltr'><strong>lbi</strong></span> <span class='ocrx_word' id='word_1_439' title='bbox 3263 2970 3392 3010; x_wconf 86' lang='lat' dir='ltr'><strong>vero</strong></span> <span class='ocrx_word' id='word_1_440' title='bbox 3424 2956 3509 3023; x_wconf 76' lang='lat'><strong>8.,</strong></span> 
     </span>
    </p>
   </div>
   <div class='ocr_carea' id='block_1_59' title="bbox 1936 3041 3182 3113">
    <p class='ocr_par' dir='ltr' id='par_1_59' title="bbox 1936 3041 3182 3113">
     <span class='ocr_line' id='line_1_59' title="bbox 1936 3041 3182 3113; baseline 0.005 -17"><span class='ocrx_word' id='word_1_441' title='bbox 1936 3041 2101 3107; x_wconf 73' lang='lat' dir='ltr'><strong>LXX,</strong></span> <span class='ocrx_word' id='word_1_442' title='bbox 2133 3041 2262 3107; x_wconf 89' lang='lat' dir='ltr'><strong>Tb.,</strong></span> <span class='ocrx_word' id='word_1_443' title='bbox 2299 3041 2434 3104; x_wconf 83' lang='grc' dir='ltr'><strong>Ῥὼς</strong></span> <span class='ocrx_word' id='word_1_444' title='bbox 2469 3043 2653 3113; x_wconf 78' lang='grc' dir='ltr'>Μυσὺχ</span> <span class='ocrx_word' id='word_1_445' title='bbox 2677 3044 3011 3113; x_wconf 90' lang='lat' dir='ltr'><strong>interpretati</strong></span> <span class='ocrx_word' id='word_1_446' title='bbox 3039 3055 3182 3102; x_wconf 91' lang='lat' dir='ltr'><strong>sunt.</strong></span> 
     </span>
    </p>
   </div>
   <div class='ocr_carea' id='block_1_60' title="bbox 251 3130 3514 3212">
    <p class='ocr_par' dir='ltr' id='par_1_60' title="bbox 251 3130 3514 3212">
     <span class='ocr_line' id='line_1_60' title="bbox 251 3130 3514 3212; baseline 0.001 -17"><span class='ocrx_word' id='word_1_447' title='bbox 251 3140 487 3212; x_wconf 72' lang='lat' dir='ltr'><strong>Syriaco</strong></span> <span class='ocrx_word' id='word_1_448' title='bbox 534 3140 680 3196; x_wconf 91' lang='lat' dir='ltr'><strong>fonte</strong></span> <span class='ocrx_word' id='word_1_449' title='bbox 713 3140 861 3210; x_wconf 87' lang='lat' dir='ltr'><strong>ipsas</strong></span> <span class='ocrx_word' id='word_1_450' title='bbox 903 3142 1164 3211; x_wconf 84' lang='lat' dir='ltr'><strong>petiisset,</strong></span> <span class='ocrx_word' id='word_1_451' title='bbox 1213 3141 1508 3210; x_wconf 68' lang='lat' dir='ltr'><strong>Graeceque</strong></span> <span class='ocrx_word' id='word_1_452' title='bbox 1559 3141 1831 3204; x_wconf 88' lang='lat' dir='ltr'><strong>vertisset,</strong></span> <span class='ocrx_word' id='word_1_453' title='bbox 1861 3150 1904 3207; x_wconf 86' lang='lat' dir='ltr'>c</span> <span class='ocrx_word' id='word_1_454' title='bbox 2009 3130 2132 3186; x_wconf 69' lang='lat' dir='ltr'><strong>&quot;&#39;ch</strong></span> <span class='ocrx_word' id='word_1_455' title='bbox 2155 3147 2288 3186; x_wconf 71' lang='lat' dir='ltr'><strong>sane</strong></span> <span class='ocrx_word' id='word_1_456' title='bbox 2319 3131 2456 3196; x_wconf 70' lang='lat'><strong>&#39;008.</strong></span> <span class='ocrx_word' id='word_1_457' title='bbox 2487 3143 2542 3186; x_wconf 74' lang='lat' dir='ltr'><strong>el</strong></span> <span class='ocrx_word' id='word_1_458' title='bbox 2572 3137 2676 3187; x_wconf 70' lang='lat' dir='ltr'><strong>alia</strong></span> <span class='ocrx_word' id='word_1_459' title='bbox 2719 3134 2876 3204; x_wconf 68' lang='lat' dir='ltr'><strong>longe</strong></span> <span class='ocrx_word' id='word_1_460' title='bbox 2917 3136 3071 3204; x_wconf 72' lang='lat' dir='ltr'><strong>Plura</strong></span> <span class='ocrx_word' id='word_1_461' title='bbox 3104 3155 3226 3208; x_wconf 65' lang='lat' dir='ltr'><strong>qua!</strong></span> <span class='ocrx_word' id='word_1_462' title='bbox 3268 3139 3514 3208; x_wconf 73' lang='lat' dir='ltr'><strong>prOl&#39;el&#39;re</strong></span> 
     </span>
    </p>
   </div>
   <div class='ocr_carea' id='block_1_61' title="bbox 249 3232 1834 3306">
    <p class='ocr_par' dir='ltr' id='par_1_61' title="bbox 249 3232 1834 3306">
     <span class='ocr_line' id='line_1_61' title="bbox 249 3232 1834 3306; baseline 0 -17"><span class='ocrx_word' id='word_1_463' title='bbox 249 3251 538 3306; x_wconf 88' lang='lat' dir='ltr'><strong>nunquam</strong></span> <span class='ocrx_word' id='word_1_464' title='bbox 592 3249 722 3288; x_wconf 90' lang='lat' dir='ltr'><strong>sane</strong></span> <span class='ocrx_word' id='word_1_465' title='bbox 773 3235 1056 3290; x_wconf 85' lang='lat' dir='ltr'><strong>lectionem</strong></span> <span class='ocrx_word' id='word_1_466' title='bbox 1105 3232 1373 3299; x_wconf 63' lang='lat' dir='ltr'><strong>Graecam,</strong></span> <span class='ocrx_word' id='word_1_467' title='bbox 1415 3233 1537 3288; x_wconf 88' lang='lat' dir='ltr'><strong>aliis</strong></span> <span class='ocrx_word' id='word_1_468' title='bbox 1578 3234 1834 3290; x_wconf 90' lang='lat' dir='ltr'><strong>omnibus</strong></span> 
     </span>
    </p>
   </div>
   <div class='ocr_carea' id='block_1_62' title="bbox 248 3327 1836 3398">
    <p class='ocr_par' dir='ltr' id='par_1_62' title="bbox 248 3327 1836 3398">
     <span class='ocr_line' id='line_1_62' title="bbox 248 3327 1836 3398; baseline -0.003 -14"><span class='ocrx_word' id='word_1_469' title='bbox 248 3327 797 3398; x_wconf 85' lang='lat' dir='ltr'><strong>interpretationibus</strong></span> <span class='ocrx_word' id='word_1_470' title='bbox 836 3341 1193 3398; x_wconf 88' lang='lat' dir='ltr'><strong>synonymam</strong></span> <span class='ocrx_word' id='word_1_471' title='bbox 1234 3327 1531 3395; x_wconf 88' lang='lat' dir='ltr'><strong>posuisset,</strong></span> <span class='ocrx_word' id='word_1_472' title='bbox 1573 3335 1636 3379; x_wconf 93' lang='lat' dir='ltr'><strong>ut</strong></span> <span class='ocrx_word' id='word_1_473' title='bbox 1677 3340 1836 3380; x_wconf 88' lang='lat' dir='ltr'><strong>com-</strong></span> 
     </span>
    </p>
   </div>
   <div class='ocr_carea' id='block_1_63' title="bbox 249 3415 1831 3488">
    <p class='ocr_par' dir='ltr' id='par_1_63' title="bbox 249 3415 1831 3488">
     <span class='ocr_line' id='line_1_63' title="bbox 249 3415 1831 3488; baseline -0.003 -14"><span class='ocrx_word' id='word_1_474' title='bbox 249 3418 563 3474; x_wconf 84' lang='lat' dir='ltr'><strong>mcntitium</strong></span> <span class='ocrx_word' id='word_1_475' title='bbox 583 3418 872 3472; x_wconf 87' lang='lat' dir='ltr'><strong>discrimen</strong></span> <span class='ocrx_word' id='word_1_476' title='bbox 903 3417 1201 3473; x_wconf 79' lang='lat' dir='ltr'><strong>exhiberet.</strong></span> <span class='ocrx_word' id='word_1_477' title='bbox 1224 3415 1341 3471; x_wconf 79' lang='lat' dir='ltr'><strong>Vox</strong></span> <span class='ocrx_word' id='word_1_478' title='bbox 1362 3418 1564 3488; x_wconf 89' lang='lat' dir='ltr'><strong>quippe</strong></span> <span class='ocrx_word' id='word_1_479' title='bbox 1586 3415 1831 3488; x_wconf 89' lang='lat' dir='ltr'><strong>Syriaca,</strong></span> 
     </span>
    </p>
   </div>
   <div class='ocr_carea' id='block_1_64' title="bbox 245 3508 1836 3580">
    <p class='ocr_par' dir='ltr' id='par_1_64' title="bbox 245 3508 1836 3580">
     <span class='ocr_line' id='line_1_64' title="bbox 245 3508 1836 3580; baseline 0.001 -20"><span class='ocrx_word' id='word_1_480' title='bbox 245 3528 376 3580; x_wconf 69' lang='lat' dir='ltr'><strong>quae</strong></span> <span class='ocrx_word' id='word_1_481' title='bbox 428 3510 563 3563; x_wconf 85' lang='lat' dir='ltr'><strong>verti</strong></span> <span class='ocrx_word' id='word_1_482' title='bbox 614 3518 829 3580; x_wconf 85' lang='lat' dir='ltr'><strong>poterat</strong></span> <span class='ocrx_word' id='word_1_483' title='bbox 873 3508 1355 3579; x_wconf 80' lang='grc' dir='ltr'><strong>κατευοδούμενος,</strong></span> <span class='ocrx_word' id='word_1_484' title='bbox 1411 3524 1566 3577; x_wconf 72' lang='lat' dir='ltr'><strong>irque</strong></span> <span class='ocrx_word' id='word_1_485' title='bbox 1621 3516 1836 3578; x_wconf 87' lang='lat' dir='ltr'><strong>poterat</strong></span> 
     </span>
    </p>
   </div>
   <div class='ocr_carea' id='block_1_65' title="bbox 243 3599 1834 3671">
    <p class='ocr_par' dir='ltr' id='par_1_65' title="bbox 243 3599 1834 3671">
     <span class='ocr_line' id='line_1_65' title="bbox 243 3599 1834 3671; baseline -0.002 -16"><span class='ocrx_word' id='word_1_486' title='bbox 243 3601 435 3655; x_wconf 61' lang='lat'><strong>(6060-3</strong></span> <span class='ocrx_word' id='word_1_487' title='bbox 446 3617 624 3669; x_wconf 83' lang='grc' dir='ltr'><strong>μενος,</strong></span> <span class='ocrx_word' id='word_1_488' title='bbox 656 3614 708 3654; x_wconf 89' lang='lat' dir='ltr'><strong>et</strong></span> <span class='ocrx_word' id='word_1_489' title='bbox 737 3599 1219 3669; x_wconf 72' lang='grc' dir='ltr'><strong>κατευθυνὸμενος,</strong></span> <span class='ocrx_word' id='word_1_490' title='bbox 1245 3609 1301 3654; x_wconf 91' lang='lat' dir='ltr'><strong>et</strong></span> <span class='ocrx_word' id='word_1_491' title='bbox 1337 3600 1714 3671; x_wconf 74' lang='grc' dir='ltr'><strong>ἐπιτυγχάνων</strong></span> <span class='ocrx_word' id='word_1_492' title='bbox 1737 3614 1834 3655; x_wconf 81' lang='lat' dir='ltr'><strong>ex-</strong></span> 
     </span>
    </p>
   </div>
   <div class='ocr_carea' id='block_1_66' title="bbox 245 3691 1830 3764">
    <p class='ocr_par' dir='ltr' id='par_1_66' title="bbox 245 3691 1830 3764">
     <span class='ocr_line' id='line_1_66' title="bbox 245 3691 1830 3764; baseline -0.003 -17"><span class='ocrx_word' id='word_1_493' title='bbox 245 3696 443 3764; x_wconf 83' lang='lat' dir='ltr'><strong>plicari</strong></span> <span class='ocrx_word' id='word_1_494' title='bbox 481 3712 494 3747; x_wconf 91' lang='lat'>:</span> <span class='ocrx_word' id='word_1_495' title='bbox 537 3709 713 3759; x_wconf 90' lang='lat' dir='ltr'><strong>neque</strong></span> <span class='ocrx_word' id='word_1_496' title='bbox 735 3694 880 3746; x_wconf 82' lang='lat' dir='ltr'><strong>enim</strong></span> <span class='ocrx_word' id='word_1_497' title='bbox 918 3692 1296 3747; x_wconf 85' lang='lat' dir='ltr'><strong>tenuissimum</strong></span> <span class='ocrx_word' id='word_1_498' title='bbox 1342 3691 1471 3745; x_wconf 89' lang='lat' dir='ltr'><strong>illud</strong></span> <span class='ocrx_word' id='word_1_499' title='bbox 1511 3691 1830 3756; x_wconf 87' lang='lat' dir='ltr'><strong>discrimen,</strong></span> 
     </span>
    </p>
   </div>
   <div class='ocr_carea' id='block_1_67' title="bbox 242 3780 1832 3858">
    <p class='ocr_par' dir='ltr' id='par_1_67' title="bbox 242 3780 1832 3858">
     <span class='ocr_line' id='line_1_67' title="bbox 242 3780 1832 3858; baseline -0.002 -20"><span class='ocrx_word' id='word_1_500' title='bbox 242 3788 398 3858; x_wconf 75' lang='lat' dir='ltr'><strong>quod</strong></span> <span class='ocrx_word' id='word_1_501' title='bbox 433 3786 575 3838; x_wconf 90' lang='lat' dir='ltr'><strong>inter</strong></span> <span class='ocrx_word' id='word_1_502' title='bbox 603 3785 701 3838; x_wconf 88' lang='lat' dir='ltr'><strong>has</strong></span> <span class='ocrx_word' id='word_1_503' title='bbox 735 3781 951 3838; x_wconf 71' lang='lat' dir='ltr'><strong>Graecas</strong></span> <span class='ocrx_word' id='word_1_504' title='bbox 983 3797 1143 3838; x_wconf 85' lang='lat' dir='ltr'><strong>voces</strong></span> <span class='ocrx_word' id='word_1_505' title='bbox 1178 3782 1485 3847; x_wconf 86' lang='lat' dir='ltr'><strong>intercedit,</strong></span> <span class='ocrx_word' id='word_1_506' title='bbox 1516 3783 1569 3835; x_wconf 93' lang='lat' dir='ltr'><strong>in</strong></span> <span class='ocrx_word' id='word_1_507' title='bbox 1607 3780 1832 3853; x_wconf 90' lang='lat' dir='ltr'><strong>Syriaco</strong></span> 
     </span>
    </p>
   </div>
   <div class='ocr_carea' id='block_1_68' title="bbox 244 3871 1833 3944">
    <p class='ocr_par' dir='ltr' id='par_1_68' title="bbox 244 3871 1833 3944">
     <span class='ocr_line' id='line_1_68' title="bbox 244 3871 1833 3944; baseline -0.002 -12"><span class='ocrx_word' id='word_1_508' title='bbox 244 3875 616 3932; x_wconf 81' lang='lat' dir='ltr'><strong>animadverti</strong></span> <span class='ocrx_word' id='word_1_509' title='bbox 670 3882 900 3944; x_wconf 87' lang='lat' dir='ltr'><strong>poterat.</strong></span> <span class='ocrx_word' id='word_1_510' title='bbox 951 3871 1077 3928; x_wconf 66' lang='lat' dir='ltr'><strong>Haec</strong></span> <span class='ocrx_word' id='word_1_511' title='bbox 1119 3884 1174 3927; x_wconf 89' lang='lat' dir='ltr'><strong>et</strong></span> <span class='ocrx_word' id='word_1_512' title='bbox 1219 3873 1439 3936; x_wconf 86' lang='lat' dir='ltr'><strong>similia,</strong></span> <span class='ocrx_word' id='word_1_513' title='bbox 1490 3887 1613 3943; x_wconf 66' lang='lat' dir='ltr'><strong>quae</strong></span> <span class='ocrx_word' id='word_1_514' title='bbox 1656 3872 1833 3942; x_wconf 88' lang='lat' dir='ltr'><strong>quivis</strong></span> 
     </span>
    </p>
   </div>
   <div class='ocr_carea' id='block_1_69' title="bbox 243 3960 1830 4035">
    <p class='ocr_par' dir='ltr' id='par_1_69' title="bbox 243 3960 1830 4035">
     <span class='ocr_line' id='line_1_69' title="bbox 243 3960 1830 4035; baseline -0.003 -12"><span class='ocrx_word' id='word_1_515' title='bbox 243 3971 553 4023; x_wconf 79' lang='lat' dir='ltr'><strong>observare</strong></span> <span class='ocrx_word' id='word_1_516' title='bbox 584 3966 778 4035; x_wconf 90' lang='lat' dir='ltr'><strong>possit,</strong></span> <span class='ocrx_word' id='word_1_517' title='bbox 812 3963 1054 4019; x_wconf 63' lang='lat' dir='ltr'><strong>Graecam</strong></span> <span class='ocrx_word' id='word_1_518' title='bbox 1085 3964 1322 4032; x_wconf 87' lang='lat' dir='ltr'><strong>aliquam</strong></span> <span class='ocrx_word' id='word_1_519' title='bbox 1357 3962 1527 4018; x_wconf 88' lang='lat' dir='ltr'><strong>fuisse</strong></span> <span class='ocrx_word' id='word_1_520' title='bbox 1567 3960 1830 4035; x_wconf 84' lang='lat' dir='ltr'><strong>Syrorum</strong></span> 
     </span>
    </p>
   </div>
   <div class='ocr_carea' id='block_1_70' title="bbox 243 4054 1833 4112">
    <p class='ocr_par' dir='ltr' id='par_1_70' title="bbox 243 4054 1833 4112">
     <span class='ocr_line' id='line_1_70' title="bbox 243 4054 1833 4112; baseline -0.001 -2"><span class='ocrx_word' id='word_1_521' title='bbox 243 4059 563 4112; x_wconf 65' lang='lat' dir='ltr'><strong>versionem</strong></span> <span class='ocrx_word' id='word_1_522' title='bbox 611 4058 856 4112; x_wconf 88' lang='lat' dir='ltr'><strong>indicare</strong></span> <span class='ocrx_word' id='word_1_523' title='bbox 900 4056 1174 4112; x_wconf 87' lang='lat' dir='ltr'><strong>videntur.</strong></span> <span class='ocrx_word' id='word_1_524' title='bbox 1225 4054 1426 4110; x_wconf 83' lang='lat' dir='ltr'><strong>Verum</strong></span> <span class='ocrx_word' id='word_1_525' title='bbox 1477 4071 1586 4110; x_wconf 90' lang='lat' dir='ltr'><strong>non</strong></span> <span class='ocrx_word' id='word_1_526' title='bbox 1635 4056 1833 4111; x_wconf 87' lang='lat' dir='ltr'><strong>desunt</strong></span> 
     </span>
    </p>
   </div>
   <div class='ocr_carea' id='block_1_71' title="bbox 240 4146 1829 4217">
    <p class='ocr_par' dir='ltr' id='par_1_71' title="bbox 240 4146 1829 4217">
     <span class='ocr_line' id='line_1_71' title="bbox 240 4146 1829 4217; baseline -0.003 -14"><span class='ocrx_word' id='word_1_527' title='bbox 240 4149 501 4217; x_wconf 78' lang='lat' dir='ltr'><strong>exempla</strong></span> <span class='ocrx_word' id='word_1_528' title='bbox 532 4148 637 4201; x_wconf 89' lang='lat' dir='ltr'><strong>alia</strong></span> <span class='ocrx_word' id='word_1_529' title='bbox 669 4163 791 4217; x_wconf 65' lang='lat' dir='ltr'><strong>quae</strong></span> <span class='ocrx_word' id='word_1_530' title='bbox 819 4147 948 4202; x_wconf 88' lang='lat' dir='ltr'><strong>huic</strong></span> <span class='ocrx_word' id='word_1_531' title='bbox 980 4146 1222 4215; x_wconf 89' lang='lat' dir='ltr'><strong>opinioni</strong></span> <span class='ocrx_word' id='word_1_532' title='bbox 1252 4146 1529 4201; x_wconf 86' lang='lat' dir='ltr'><strong>adversari</strong></span> <span class='ocrx_word' id='word_1_533' title='bbox 1555 4146 1829 4212; x_wconf 88' lang='lat' dir='ltr'><strong>videntur,</strong></span> 
     </span>
    </p>
   </div>
   <div class='ocr_carea' id='block_1_72' title="bbox 244 4236 1830 4310">
    <p class='ocr_par' dir='ltr' id='par_1_72' title="bbox 244 4236 1830 4310">
     <span class='ocr_line' id='line_1_72' title="bbox 244 4236 1830 4310; baseline -0.003 -16"><span class='ocrx_word' id='word_1_534' title='bbox 244 4251 306 4294; x_wconf 90' lang='lat' dir='ltr'><strong>ut</strong></span> <span class='ocrx_word' id='word_1_535' title='bbox 337 4250 426 4294; x_wconf 84' lang='lat' dir='ltr'><strong>est</strong></span> <span class='ocrx_word' id='word_1_536' title='bbox 455 4239 586 4292; x_wconf 90' lang='lat' dir='ltr'><strong>illud</strong></span> <span class='ocrx_word' id='word_1_537' title='bbox 617 4253 683 4292; x_wconf 81' lang='lat' dir='ltr'><strong>ex</strong></span> <span class='ocrx_word' id='word_1_538' title='bbox 720 4238 950 4310; x_wconf 85' lang='lat' dir='ltr'><strong>Didyme</strong></span> <span class='ocrx_word' id='word_1_539' title='bbox 976 4239 1114 4292; x_wconf 91' lang='lat' dir='ltr'><strong>Gen.</strong></span> <span class='ocrx_word' id='word_1_540' title='bbox 1162 4254 1277 4304; x_wconf 85' lang='lat' dir='ltr'><strong>vni,</strong></span> <span class='ocrx_word' id='word_1_541' title='bbox 1325 4237 1378 4302; x_wconf 87' lang='grc'><strong>7,</strong></span> <span class='ocrx_word' id='word_1_542' title='bbox 1432 4236 1490 4291; x_wconf 87' lang='lat'><strong>&#39;0</strong></span> <span class='ocrx_word' id='word_1_543' title='bbox 1533 4237 1701 4308; x_wconf 80' lang='grc' dir='ltr'><strong>Σύρος</strong></span> <span class='ocrx_word' id='word_1_544' title='bbox 1733 4238 1830 4309; x_wconf 82' lang='grc' dir='ltr'><strong>οὐχ</strong></span> 
     </span>
    </p>
   </div>
   <div class='ocr_carea' id='block_1_73' title="bbox 240 4327 1832 4401">
    <p class='ocr_par' dir='ltr' id='par_1_73' title="bbox 240 4327 1832 4401">
     <span class='ocr_line' id='line_1_73' title="bbox 240 4327 1832 4401; baseline -0.003 -14"><span class='ocrx_word' id='word_1_545' title='bbox 240 4331 454 4401; x_wconf 71' lang='grc' dir='ltr'><strong>ὀμςίως</strong></span> <span class='ocrx_word' id='word_1_546' title='bbox 486 4333 550 4401; x_wconf 79' lang='grc' dir='ltr'><strong>τῇ</strong></span> <span class='ocrx_word' id='word_1_547' title='bbox 588 4330 898 4400; x_wconf 78' lang='grc' dir='ltr'><strong>Ἑλληνικῇ·</strong></span> <span class='ocrx_word' id='word_1_548' title='bbox 945 4331 1093 4398; x_wconf 83' lang='grc' dir='ltr'><strong>λέγει</strong></span> <span class='ocrx_word' id='word_1_549' title='bbox 1130 4328 1259 4399; x_wconf 82' lang='grc' dir='ltr'><strong>γὰρ,</strong></span> <span class='ocrx_word' id='word_1_550' title='bbox 1286 4327 1648 4397; x_wconf 71' lang='grc' dir='ltr'><strong>ὑπέστρεψε,</strong></span> <span class='ocrx_word' id='word_1_551' title='bbox 1681 4330 1776 4383; x_wconf 80' lang='grc' dir='ltr'><strong>καὶ</strong></span> <span class='ocrx_word' id='word_1_552' title='bbox 1802 4333 1832 4383; x_wconf 87' lang='lat'><strong>6</strong></span> 
     </span>
    </p>
   </div>
   <div class='ocr_carea' id='block_1_74' title="bbox 251 4420 1830 4496">
    <p class='ocr_par' dir='ltr' id='par_1_74' title="bbox 251 4420 1830 4496">
     <span class='ocr_line' id='line_1_74' title="bbox 251 4420 1830 4496; baseline -0.002 -17"><span class='ocrx_word' id='word_1_553' title='bbox 251 4426 512 4496; x_wconf 72' lang='grc' dir='ltr'><strong>Ἐϐραῖος</strong></span> <span class='ocrx_word' id='word_1_554' title='bbox 531 4440 545 4453; x_wconf 83' lang='lat'><strong><em>°</em></strong></span> <span class='ocrx_word' id='word_1_555' title='bbox 579 4425 628 4479; x_wconf 90' lang='lat' dir='ltr'><strong>id</strong></span> <span class='ocrx_word' id='word_1_556' title='bbox 650 4434 754 4490; x_wconf 91' lang='lat' dir='ltr'><strong>est,</strong></span> <span class='ocrx_word' id='word_1_557' title='bbox 775 4422 940 4493; x_wconf 85' lang='lat' dir='ltr'><strong>Syrus</strong></span> <span class='ocrx_word' id='word_1_558' title='bbox 965 4439 1066 4476; x_wconf 87' lang='lat' dir='ltr'><strong>non</strong></span> <span class='ocrx_word' id='word_1_559' title='bbox 1088 4423 1312 4476; x_wconf 79' lang='lat' dir='ltr'><strong>similem</strong></span> <span class='ocrx_word' id='word_1_560' title='bbox 1339 4420 1534 4476; x_wconf 66' lang='lat' dir='ltr'><strong>Gracia</strong></span> <span class='ocrx_word' id='word_1_561' title='bbox 1557 4422 1830 4476; x_wconf 72' lang='lat' dir='ltr'><strong>lectionem</strong></span> 
     </span>
    </p>
   </div>
   <div class='ocr_carea' id='block_1_75' title="bbox 241 4501 1906 4582">
    <p class='ocr_par' dir='ltr' id='par_1_75' title="bbox 241 4501 1906 4582">
     <span class='ocr_line' id='line_1_75' title="bbox 241 4501 1906 4582; baseline -0.002 -10"><span class='ocrx_word' id='word_1_562' title='bbox 241 4518 409 4572; x_wconf 76' lang='lat' dir='ltr'><strong>habet</strong></span> <span class='ocrx_word' id='word_1_563' title='bbox 433 4559 446 4580; x_wconf 92' lang='lat'><strong>,</strong></span> <span class='ocrx_word' id='word_1_564' title='bbox 485 4517 617 4570; x_wconf 78' lang='lat' dir='ltr'><strong>dicit</strong></span> <span class='ocrx_word' id='word_1_565' title='bbox 645 4517 809 4582; x_wconf 81' lang='lat' dir='ltr'><strong>enim,</strong></span> <span class='ocrx_word' id='word_1_566' title='bbox 837 4530 1088 4571; x_wconf 88' lang='lat' dir='ltr'><strong>reversus</strong></span> <span class='ocrx_word' id='word_1_567' title='bbox 1130 4524 1234 4580; x_wconf 85' lang='lat' dir='ltr'><strong>est,</strong></span> <span class='ocrx_word' id='word_1_568' title='bbox 1264 4523 1391 4568; x_wconf 82' lang='lat' dir='ltr'><strong>utet</strong></span> <span class='ocrx_word' id='word_1_569' title='bbox 1419 4513 1694 4570; x_wconf 72' lang='lat' dir='ltr'><strong>Hebraus.</strong></span> <span class='ocrx_word' id='word_1_570' title='bbox 1719 4512 1830 4569; x_wconf 91' lang='lat' dir='ltr'><strong>Cur</strong></span> <span class='ocrx_word' id='word_1_571' title='bbox 1863 4501 1906 4557; x_wconf 81' lang='grc' dir='ltr'><strong>Ῑ)</strong></span> 
     </span>
    </p>
   </div>
   <div class='ocr_carea' id='block_1_76' title="bbox 241 4605 1826 4682">
    <p class='ocr_par' dir='ltr' id='par_1_76' title="bbox 241 4605 1826 4682">
     <span class='ocr_line' id='line_1_76' title="bbox 241 4605 1826 4682; baseline -0.004 -17"><span class='ocrx_word' id='word_1_572' title='bbox 241 4612 396 4666; x_wconf 86' lang='lat' dir='ltr'><strong>dicat</strong></span> <span class='ocrx_word' id='word_1_573' title='bbox 417 4610 616 4682; x_wconf 89' lang='lat' dir='ltr'><strong>Syrum</strong></span> <span class='ocrx_word' id='word_1_574' title='bbox 640 4623 751 4663; x_wconf 88' lang='lat' dir='ltr'><strong>non</strong></span> <span class='ocrx_word' id='word_1_575' title='bbox 789 4607 1022 4662; x_wconf 87' lang='lat' dir='ltr'><strong>similem</strong></span> <span class='ocrx_word' id='word_1_576' title='bbox 1056 4606 1259 4663; x_wconf 71' lang='lat' dir='ltr'><strong>Grazcte</strong></span> <span class='ocrx_word' id='word_1_577' title='bbox 1289 4607 1574 4662; x_wconf 90' lang='lat' dir='ltr'><strong>lectionem</strong></span> <span class='ocrx_word' id='word_1_578' title='bbox 1608 4605 1826 4672; x_wconf 88' lang='lat' dir='ltr'><strong>habere,</strong></span> 
     </span>
    </p>
   </div>
   <div class='ocr_carea' id='block_1_77' title="bbox 242 4697 1827 4769">
    <p class='ocr_par' dir='ltr' id='par_1_77' title="bbox 242 4697 1827 4769">
     <span class='ocr_line' id='line_1_77' title="bbox 242 4697 1827 4769; baseline -0.002 -14"><span class='ocrx_word' id='word_1_579' title='bbox 242 4703 292 4755; x_wconf 91' lang='lat' dir='ltr'><strong>si</strong></span> <span class='ocrx_word' id='word_1_580' title='bbox 324 4701 442 4769; x_wconf 88' lang='lat' dir='ltr'><strong>ipse</strong></span> <span class='ocrx_word' id='word_1_581' title='bbox 485 4697 658 4768; x_wconf 84' lang='lat' dir='ltr'><strong>Syrus</strong></span> <span class='ocrx_word' id='word_1_582' title='bbox 690 4699 875 4752; x_wconf 60' lang='lat' dir='ltr'><strong>Graece</strong></span> <span class='ocrx_word' id='word_1_583' title='bbox 900 4698 1226 4767; x_wconf 89' lang='lat' dir='ltr'><strong>loquebatur</strong></span> <span class='ocrx_word' id='word_1_584' title='bbox 1256 4699 1310 4752; x_wconf 91' lang='lat' dir='ltr'><strong>in</strong></span> <span class='ocrx_word' id='word_1_585' title='bbox 1346 4698 1599 4752; x_wconf 85' lang='lat' dir='ltr'><strong>versione</strong></span> <span class='ocrx_word' id='word_1_586' title='bbox 1623 4713 1688 4753; x_wconf 79' lang='lat' dir='ltr'><strong>ex</strong></span> <span class='ocrx_word' id='word_1_587' title='bbox 1721 4713 1827 4766; x_wconf 89' lang='lat' dir='ltr'><strong>qua</strong></span> 
     </span>
    </p>
   </div>
   <div class='ocr_carea' id='block_1_78' title="bbox 241 4787 1830 4859">
    <p class='ocr_par' dir='ltr' id='par_1_78' title="bbox 241 4787 1830 4859">
     <span class='ocr_line' id='line_1_78' title="bbox 241 4787 1830 4859; baseline -0.003 -14"><span class='ocrx_word' id='word_1_588' title='bbox 241 4791 533 4846; x_wconf 64' lang='lat' dir='ltr'><strong>hodiernae</strong></span> <span class='ocrx_word' id='word_1_589' title='bbox 577 4789 893 4859; x_wconf 75' lang='lat' dir='ltr'><strong>huiusmodi</strong></span> <span class='ocrx_word' id='word_1_590' title='bbox 927 4788 1188 4843; x_wconf 89' lang='lat' dir='ltr'><strong>lectiones</strong></span> <span class='ocrx_word' id='word_1_591' title='bbox 1222 4787 1462 4843; x_wconf 66' lang='lat' dir='ltr'><strong>collectae</strong></span> <span class='ocrx_word' id='word_1_592' title='bbox 1491 4796 1619 4843; x_wconf 90' lang='lat' dir='ltr'><strong>sunt</strong></span> <span class='ocrx_word' id='word_1_593' title='bbox 1649 4806 1663 4842; x_wconf 93' lang='lat'><strong>:</strong></span> <span class='ocrx_word' id='word_1_594' title='bbox 1697 4802 1830 4842; x_wconf 85' lang='lat' dir='ltr'><strong>sane</strong></span> 
     </span>
    </p>
   </div>
   <div class='ocr_carea' id='block_1_79' title="bbox 241 4879 1829 4953">
    <p class='ocr_par' dir='ltr' id='par_1_79' title="bbox 241 4879 1829 4953">
     <span class='ocr_line' id='line_1_79' title="bbox 241 4879 1829 4953; baseline -0.003 -16"><span class='ocrx_word' id='word_1_595' title='bbox 241 4900 375 4938; x_wconf 86' lang='lat' dir='ltr'><strong>cum</strong></span> <span class='ocrx_word' id='word_1_596' title='bbox 407 4882 672 4953; x_wconf 80' lang='lat' dir='ltr'><strong>Didymus</strong></span> <span class='ocrx_word' id='word_1_597' title='bbox 700 4879 948 4936; x_wconf 67' lang='lat' dir='ltr'><strong>Graecum</strong></span> <span class='ocrx_word' id='word_1_598' title='bbox 1000 4879 1140 4951; x_wconf 88' lang='lat' dir='ltr'><strong>Syro</strong></span> <span class='ocrx_word' id='word_1_599' title='bbox 1181 4889 1442 4950; x_wconf 88' lang='lat' dir='ltr'><strong>opponat,</strong></span> <span class='ocrx_word' id='word_1_600' title='bbox 1475 4879 1636 4933; x_wconf 90' lang='lat' dir='ltr'><strong>lectio</strong></span> <span class='ocrx_word' id='word_1_601' title='bbox 1663 4894 1829 4950; x_wconf 89' lang='lat' dir='ltr'><strong>quam</strong></span> 
     </span>
    </p>
   </div>
   <div class='ocr_carea' id='block_1_80' title="bbox 242 4969 1831 5043">
    <p class='ocr_par' dir='ltr' id='par_1_80' title="bbox 242 4969 1831 5043">
     <span class='ocr_line' id='line_1_80' title="bbox 242 4969 1831 5043; baseline -0.003 -14"><span class='ocrx_word' id='word_1_602' title='bbox 242 4974 411 5030; x_wconf 59' lang='grc' dir='ltr'><strong>παθη</strong></span> <span class='ocrx_word' id='word_1_603' title='bbox 452 4989 520 5027; x_wconf 80' lang='lat' dir='ltr'><strong>ex</strong></span> <span class='ocrx_word' id='word_1_604' title='bbox 555 4974 667 5043; x_wconf 91' lang='lat' dir='ltr'><strong>ipsa</strong></span> <span class='ocrx_word' id='word_1_605' title='bbox 703 4971 925 5041; x_wconf 82' lang='lat' dir='ltr'><strong>Syriaca</strong></span> <span class='ocrx_word' id='word_1_606' title='bbox 957 4971 1206 5026; x_wconf 87' lang='lat' dir='ltr'><strong>versione</strong></span> <span class='ocrx_word' id='word_1_607' title='bbox 1236 4971 1526 5040; x_wconf 87' lang='lat' dir='ltr'><strong>desumpta</strong></span> <span class='ocrx_word' id='word_1_608' title='bbox 1552 4979 1605 5023; x_wconf 89' lang='lat' dir='ltr'><strong>et</strong></span> <span class='ocrx_word' id='word_1_609' title='bbox 1644 4969 1831 5025; x_wconf 65' lang='lat' dir='ltr'><strong>Graece</strong></span> 
     </span>
    </p>
   </div>
   <div class='ocr_carea' id='block_1_81' title="bbox 241 5062 1830 5134">
    <p class='ocr_par' dir='ltr' id='par_1_81' title="bbox 241 5062 1830 5134">
     <span class='ocr_line' id='line_1_81' title="bbox 241 5062 1830 5134; baseline -0.004 -11"><span class='ocrx_word' id='word_1_610' title='bbox 241 5083 412 5123; x_wconf 82' lang='lat' dir='ltr'><strong>versa</strong></span> <span class='ocrx_word' id='word_1_611' title='bbox 444 5066 617 5122; x_wconf 86' lang='lat' dir='ltr'><strong>fuisse</strong></span> <span class='ocrx_word' id='word_1_612' title='bbox 644 5066 878 5119; x_wconf 88' lang='lat' dir='ltr'><strong>videtur.</strong></span> <span class='ocrx_word' id='word_1_613' title='bbox 913 5062 1113 5118; x_wconf 83' lang='lat' dir='ltr'><strong>Verum</strong></span> <span class='ocrx_word' id='word_1_614' title='bbox 1143 5064 1271 5117; x_wconf 85' lang='lat' dir='ltr'><strong>huic</strong></span> <span class='ocrx_word' id='word_1_615' title='bbox 1292 5074 1614 5134; x_wconf 86' lang='lat' dir='ltr'><strong>argumento</strong></span> <span class='ocrx_word' id='word_1_616' title='bbox 1641 5062 1830 5131; x_wconf 91' lang='lat' dir='ltr'><strong>reponi</strong></span> 
     </span>
    </p>
   </div>
   <div class='ocr_carea' id='block_1_82' title="bbox 241 5155 1828 5232">
    <p class='ocr_par' dir='ltr' id='par_1_82' title="bbox 241 5155 1828 5232">
     <span class='ocr_line' id='line_1_82' title="bbox 241 5155 1828 5232; baseline -0.003 -17"><span class='ocrx_word' id='word_1_617' title='bbox 241 5171 454 5232; x_wconf 73' lang='lat' dir='ltr'><strong>potest,</strong></span> <span class='ocrx_word' id='word_1_618' title='bbox 485 5160 573 5213; x_wconf 87' lang='lat' dir='ltr'><strong>hic</strong></span> <span class='ocrx_word' id='word_1_619' title='bbox 598 5157 795 5230; x_wconf 88' lang='lat' dir='ltr'><strong>Syrum</strong></span> <span class='ocrx_word' id='word_1_620' title='bbox 828 5157 957 5222; x_wconf 89' lang='lat' dir='ltr'><strong>dici,</strong></span> <span class='ocrx_word' id='word_1_621' title='bbox 991 5171 1100 5210; x_wconf 90' lang='lat' dir='ltr'><strong>non</strong></span> <span class='ocrx_word' id='word_1_622' title='bbox 1131 5156 1276 5226; x_wconf 90' lang='lat' dir='ltr'><strong>quod</strong></span> <span class='ocrx_word' id='word_1_623' title='bbox 1313 5157 1430 5211; x_wconf 75' lang='lat' dir='ltr'><strong>haec</strong></span> <span class='ocrx_word' id='word_1_624' title='bbox 1463 5157 1641 5211; x_wconf 84' lang='lat' dir='ltr'><strong>versio</strong></span> <span class='ocrx_word' id='word_1_625' title='bbox 1670 5155 1828 5227; x_wconf 87' lang='lat' dir='ltr'><strong>Syra,</strong></span> 
     </span>
    </p>
   </div>
   <div class='ocr_carea' id='block_1_83' title="bbox 242 5246 1830 5322">
    <p class='ocr_par' dir='ltr' id='par_1_83' title="bbox 242 5246 1830 5322">
     <span class='ocr_line' id='line_1_83' title="bbox 242 5246 1830 5322; baseline -0.004 -14"><span class='ocrx_word' id='word_1_626' title='bbox 242 5253 348 5308; x_wconf 83' lang='lat' dir='ltr'><strong>sed</strong></span> <span class='ocrx_word' id='word_1_627' title='bbox 377 5251 524 5322; x_wconf 83' lang='lat' dir='ltr'><strong>quod</strong></span> <span class='ocrx_word' id='word_1_628' title='bbox 549 5249 618 5305; x_wconf 89' lang='lat' dir='ltr'><strong>ab</strong></span> <span class='ocrx_word' id='word_1_629' title='bbox 643 5250 934 5319; x_wconf 83' lang='lat' dir='ltr'><strong>interprete</strong></span> <span class='ocrx_word' id='word_1_630' title='bbox 960 5247 1118 5318; x_wconf 89' lang='lat' dir='ltr'><strong>Syro,</strong></span> <span class='ocrx_word' id='word_1_631' title='bbox 1150 5248 1337 5303; x_wconf 61' lang='lat' dir='ltr'><strong>Graece</strong></span> <span class='ocrx_word' id='word_1_632' title='bbox 1365 5263 1464 5316; x_wconf 93' lang='lat' dir='ltr'><strong>pro</strong></span> <span class='ocrx_word' id='word_1_633' title='bbox 1489 5246 1662 5318; x_wconf 86' lang='lat' dir='ltr'><strong>Syris,</strong></span> <span class='ocrx_word' id='word_1_634' title='bbox 1689 5247 1830 5302; x_wconf 89' lang='lat' dir='ltr'><strong>facta</strong></span> 
     </span>
    </p>
   </div>
   <div class='ocr_carea' id='block_1_84' title="bbox 236 5331 1830 5411">
    <p class='ocr_par' dir='ltr' id='par_1_84' title="bbox 236 5331 1830 5411">
     <span class='ocr_line' id='line_1_84' title="bbox 236 5331 1830 5411; baseline -0.005 -13"><span class='ocrx_word' id='word_1_635' title='bbox 236 5353 437 5407; x_wconf 75' lang='lat' dir='ltr'><strong>esset;</strong></span> <span class='ocrx_word' id='word_1_636' title='bbox 487 5341 717 5411; x_wconf 87' lang='lat' dir='ltr'><strong>parique</strong></span> <span class='ocrx_word' id='word_1_637' title='bbox 765 5340 932 5392; x_wconf 87' lang='lat' dir='ltr'><strong>modo</strong></span> <span class='ocrx_word' id='word_1_638' title='bbox 991 5331 1307 5408; x_wconf 79' lang='grc' dir='ltr'><strong>Ἑλληνικὴν</strong></span> <span class='ocrx_word' id='word_1_639' title='bbox 1352 5338 1458 5391; x_wconf 90' lang='lat' dir='ltr'><strong>dici</strong></span> <span class='ocrx_word' id='word_1_640' title='bbox 1510 5336 1830 5404; x_wconf 89' lang='lat' dir='ltr'><strong>editionem,</strong></span> 
     </span>
    </p>
   </div>
   <div class='ocr_carea' id='block_1_85' title="bbox 239 5427 1828 5505">
    <p class='ocr_par' dir='ltr' id='par_1_85' title="bbox 239 5427 1828 5505">
     <span class='ocr_line' id='line_1_85' title="bbox 239 5427 1828 5505; baseline -0.004 -17"><span class='ocrx_word' id='word_1_641' title='bbox 239 5449 376 5505; x_wconf 69' lang='lat' dir='ltr'><strong>qua:</strong></span> <span class='ocrx_word' id='word_1_642' title='bbox 402 5436 474 5487; x_wconf 88' lang='lat' dir='ltr'><strong>ab</strong></span> <span class='ocrx_word' id='word_1_643' title='bbox 502 5435 797 5502; x_wconf 89' lang='lat' dir='ltr'><strong>interprete</strong></span> <span class='ocrx_word' id='word_1_644' title='bbox 825 5429 1014 5485; x_wconf 70' lang='lat' dir='ltr'><strong>Graeco</strong></span> <span class='ocrx_word' id='word_1_645' title='bbox 1040 5428 1182 5484; x_wconf 87' lang='lat' dir='ltr'><strong>facta</strong></span> <span class='ocrx_word' id='word_1_646' title='bbox 1219 5429 1418 5484; x_wconf 83' lang='lat' dir='ltr'><strong>fuerat.</strong></span> <span class='ocrx_word' id='word_1_647' title='bbox 1451 5427 1610 5482; x_wconf 76' lang='lat' dir='ltr'><strong>Aliud</strong></span> <span class='ocrx_word' id='word_1_648' title='bbox 1649 5439 1828 5483; x_wconf 89' lang='lat' dir='ltr'><strong>autem</strong></span> 
     </span>
    </p>
   </div>
   <div class='ocr_carea' id='block_1_86' title="bbox 237 5518 1833 5591">
    <p class='ocr_par' dir='ltr' id='par_1_86' title="bbox 237 5518 1833 5591">
     <span class='ocr_line' id='line_1_86' title="bbox 237 5518 1833 5591; baseline -0.004 -12"><span class='ocrx_word' id='word_1_649' title='bbox 237 5525 516 5584; x_wconf 85' lang='lat' dir='ltr'><strong>occurrit,</strong></span> <span class='ocrx_word' id='word_1_650' title='bbox 541 5520 688 5591; x_wconf 87' lang='lat' dir='ltr'><strong>quod</strong></span> <span class='ocrx_word' id='word_1_651' title='bbox 716 5519 951 5575; x_wconf 76' lang='lat' dir='ltr'><strong>fortasse</strong></span> <span class='ocrx_word' id='word_1_652' title='bbox 973 5519 1147 5588; x_wconf 78' lang='lat' dir='ltr'><strong>magis</strong></span> <span class='ocrx_word' id='word_1_653' title='bbox 1176 5528 1398 5589; x_wconf 78' lang='lat' dir='ltr'><strong>urgeat:</strong></span> <span class='ocrx_word' id='word_1_654' title='bbox 1434 5519 1701 5575; x_wconf 85' lang='lat' dir='ltr'><strong>Eusebius</strong></span> <span class='ocrx_word' id='word_1_655' title='bbox 1722 5518 1833 5574; x_wconf 72' lang='lat' dir='ltr'><strong>Cae-</strong></span> 
     </span>
    </p>
   </div>
   <div class='ocr_carea' id='block_1_87' title="bbox 237 5609 1832 5681">
    <p class='ocr_par' dir='ltr' id='par_1_87' title="bbox 237 5609 1832 5681">
     <span class='ocr_line' id='line_1_87' title="bbox 237 5609 1832 5681; baseline -0.003 -11"><span class='ocrx_word' id='word_1_656' title='bbox 237 5615 520 5670; x_wconf 69' lang='lat' dir='ltr'><strong>sariensis</strong></span> <span class='ocrx_word' id='word_1_657' title='bbox 556 5627 976 5681; x_wconf 86' lang='lat' dir='ltr'><strong>nonnunquam,</strong></span> <span class='ocrx_word' id='word_1_658' title='bbox 1003 5619 1058 5666; x_wconf 90' lang='lat' dir='ltr'><strong>et</strong></span> <span class='ocrx_word' id='word_1_659' title='bbox 1086 5609 1356 5666; x_wconf 87' lang='lat' dir='ltr'><strong>Diodorus</strong></span> <span class='ocrx_word' id='word_1_660' title='bbox 1401 5609 1688 5667; x_wconf 84' lang='lat' dir='ltr'><strong>Tarsensis</strong></span> <span class='ocrx_word' id='word_1_661' title='bbox 1723 5611 1832 5666; x_wconf 84' lang='lat' dir='ltr'><strong>fre-</strong></span> 
     </span>
    </p>
   </div>
   <div class='ocr_carea' id='block_1_88' title="bbox 235 5699 1829 5776">
    <p class='ocr_par' dir='ltr' id='par_1_88' title="bbox 235 5699 1829 5776">
     <span class='ocr_line' id='line_1_88' title="bbox 235 5699 1829 5776; baseline -0.001 -18"><span class='ocrx_word' id='word_1_662' title='bbox 235 5706 613 5776; x_wconf 79' lang='lat' dir='ltr'><strong>quentissime</strong></span> <span class='ocrx_word' id='word_1_663' title='bbox 661 5701 877 5758; x_wconf 65' lang='lat' dir='ltr'><strong>Hebraei</strong></span> <span class='ocrx_word' id='word_1_664' title='bbox 922 5715 976 5756; x_wconf 87' lang='lat' dir='ltr'><strong>et</strong></span> <span class='ocrx_word' id='word_1_665' title='bbox 1021 5699 1141 5772; x_wconf 83' lang='lat' dir='ltr'><strong>Syri</strong></span> <span class='ocrx_word' id='word_1_666' title='bbox 1176 5701 1435 5757; x_wconf 89' lang='lat' dir='ltr'><strong>lectiones</strong></span> <span class='ocrx_word' id='word_1_667' title='bbox 1476 5703 1633 5773; x_wconf 85' lang='lat' dir='ltr'><strong>quasi</strong></span> <span class='ocrx_word' id='word_1_668' title='bbox 1665 5718 1829 5757; x_wconf 88' lang='lat' dir='ltr'><strong>unam</strong></span> 
     </span>
    </p>
   </div>
   <div class='ocr_carea' id='block_1_89' title="bbox 243 5793 1825 5869">
    <p class='ocr_par' dir='ltr' id='par_1_89' title="bbox 243 5793 1825 5869">
     <span class='ocr_line' id='line_1_89' title="bbox 243 5793 1825 5869; baseline -0.001 -17"><span class='ocrx_word' id='word_1_669' title='bbox 243 5817 276 5853; x_wconf 85' lang='lat' dir='ltr'><strong>a</strong></span> <span class='ocrx_word' id='word_1_670' title='bbox 289 5801 506 5864; x_wconf 75' lang='lat' dir='ltr'><strong>ﬂerunt,</strong></span> <span class='ocrx_word' id='word_1_671' title='bbox 522 5798 626 5854; x_wconf 88' lang='lat' dir='ltr'><strong>hac</strong></span> <span class='ocrx_word' id='word_1_672' title='bbox 643 5795 928 5869; x_wconf 71' lang='lat' dir='ltr'><strong>praemissa</strong></span> <span class='ocrx_word' id='word_1_673' title='bbox 953 5803 1079 5850; x_wconf 90' lang='lat' dir='ltr'><strong>nota</strong></span> <span class='ocrx_word' id='word_1_674' title='bbox 1098 5813 1109 5847; x_wconf 92' lang='lat'>:</span> <span class='ocrx_word' id='word_1_675' title='bbox 1128 5795 1186 5848; x_wconf 83' lang='grc' dir='ltr'>Ὀ</span> <span class='ocrx_word' id='word_1_676' title='bbox 1209 5793 1454 5864; x_wconf 76' lang='grc' dir='ltr'><strong>Ἐϐραῖος</strong></span> <span class='ocrx_word' id='word_1_677' title='bbox 1472 5796 1564 5849; x_wconf 78' lang='grc' dir='ltr'><strong>καὶ</strong></span> <span class='ocrx_word' id='word_1_678' title='bbox 1588 5795 1616 5848; x_wconf 85' lang='grc' dir='ltr'>ὁ</span> <span class='ocrx_word' id='word_1_679' title='bbox 1638 5795 1825 5862; x_wconf 78' lang='grc' dir='ltr'><strong>Σύρος.</strong></span> 
     </span>
    </p>
   </div>
   <div class='ocr_carea' id='block_1_90' title="bbox 1936 3227 3514 3302">
    <p class='ocr_par' dir='ltr' id='par_1_90' title="bbox 1936 3227 3514 3302">
     <span class='ocr_line' id='line_1_90' title="bbox 1936 3227 3514 3302; baseline 0.004 -23"><span class='ocrx_word' id='word_1_680' title='bbox 1936 3238 2245 3292; x_wconf 82' lang='lat' dir='ltr'><strong>possemus,</strong></span> <span class='ocrx_word' id='word_1_681' title='bbox 2278 3227 2583 3279; x_wconf 80' lang='lat' dir='ltr'><strong>versionem</strong></span> <span class='ocrx_word' id='word_1_682' title='bbox 2617 3227 2855 3296; x_wconf 87' lang='lat' dir='ltr'><strong>aliquam</strong></span> <span class='ocrx_word' id='word_1_683' title='bbox 2883 3228 3128 3284; x_wconf 72' lang='lat' dir='ltr'><strong>Grtecam</strong></span> <span class='ocrx_word' id='word_1_684' title='bbox 3157 3245 3224 3284; x_wconf 82' lang='lat' dir='ltr'><strong>ex</strong></span> <span class='ocrx_word' id='word_1_685' title='bbox 3261 3229 3397 3302; x_wconf 91' lang='lat' dir='ltr'><strong>Syro</strong></span> <span class='ocrx_word' id='word_1_686' title='bbox 3431 3233 3514 3285; x_wconf 80' lang='lat' dir='ltr'><strong>fu-</strong></span> 
     </span>
    </p>
   </div>
   <div class='ocr_carea' id='block_1_91' title="bbox 1936 3314 3513 3387">
    <p class='ocr_par' dir='ltr' id='par_1_91' title="bbox 1936 3314 3513 3387">
     <span class='ocr_line' id='line_1_91' title="bbox 1936 3314 3513 3387; baseline 0.006 -19"><span class='ocrx_word' id='word_1_687' title='bbox 1936 3326 2076 3368; x_wconf 91' lang='lat' dir='ltr'><strong>ctam</strong></span> <span class='ocrx_word' id='word_1_688' title='bbox 2106 3314 2347 3369; x_wconf 81' lang='lat' dir='ltr'><strong>indicare</strong></span> <span class='ocrx_word' id='word_1_689' title='bbox 2369 3316 2622 3370; x_wconf 80' lang='lat' dir='ltr'><strong>videntur</strong></span> <span class='ocrx_word' id='word_1_690' title='bbox 2656 3359 2668 3370; x_wconf 94' lang='lat'><strong>.</strong></span> <span class='ocrx_word' id='word_1_691' title='bbox 2699 3333 2874 3387; x_wconf 90' lang='lat' dir='ltr'><strong>neque</strong></span> <span class='ocrx_word' id='word_1_692' title='bbox 2906 3320 3050 3373; x_wconf 86' lang='lat' dir='ltr'><strong>enim</strong></span> <span class='ocrx_word' id='word_1_693' title='bbox 3083 3317 3239 3375; x_wconf 82' lang='lat' dir='ltr'><strong>facile</strong></span> <span class='ocrx_word' id='word_1_694' title='bbox 3265 3323 3513 3377; x_wconf 80' lang='lat' dir='ltr'><strong>credide-</strong></span> 
     </span>
    </p>
   </div>
   <div class='ocr_carea' id='block_1_92' title="bbox 1934 3404 3512 3483">
    <p class='ocr_par' dir='ltr' id='par_1_92' title="bbox 1934 3404 3512 3483">
     <span class='ocr_line' id='line_1_92' title="bbox 1934 3404 3512 3483; baseline 0.005 -23"><span class='ocrx_word' id='word_1_695' title='bbox 1934 3404 2037 3460; x_wconf 89' lang='lat' dir='ltr'><strong>rim</strong></span> <span class='ocrx_word' id='word_1_696' title='bbox 2081 3407 2373 3475; x_wconf 89' lang='lat' dir='ltr'><strong>scriptores</strong></span> <span class='ocrx_word' id='word_1_697' title='bbox 2415 3407 2536 3462; x_wconf 88' lang='lat' dir='ltr'><strong>illos</strong></span> <span class='ocrx_word' id='word_1_698' title='bbox 2578 3417 3147 3481; x_wconf 85' lang='lat' dir='ltr'><strong>commentatoresque</strong></span> <span class='ocrx_word' id='word_1_699' title='bbox 3179 3422 3386 3468; x_wconf 88' lang='lat' dir='ltr'><strong>veteres</strong></span> <span class='ocrx_word' id='word_1_700' title='bbox 3415 3414 3512 3483; x_wconf 85' lang='lat' dir='ltr'><strong>qui</strong></span> 
     </span>
    </p>
   </div>
   <div class='ocr_carea' id='block_1_93' title="bbox 1938 3493 3508 3572">
    <p class='ocr_par' dir='ltr' id='par_1_93' title="bbox 1938 3493 3508 3572">
     <span class='ocr_line' id='line_1_93' title="bbox 1938 3493 3508 3572; baseline 0.008 -24"><span class='ocrx_word' id='word_1_701' title='bbox 1938 3493 2060 3564; x_wconf 85' lang='lat' dir='ltr'><strong>Syri</strong></span> <span class='ocrx_word' id='word_1_702' title='bbox 2109 3496 2226 3550; x_wconf 91' lang='lat' dir='ltr'><strong>loca</strong></span> <span class='ocrx_word' id='word_1_703' title='bbox 2261 3496 2515 3562; x_wconf 68' lang='lat' dir='ltr'><strong>afferunt,</strong></span> <span class='ocrx_word' id='word_1_704' title='bbox 2553 3498 2634 3552; x_wconf 88' lang='lat' dir='ltr'><strong>vel</strong></span> <span class='ocrx_word' id='word_1_705' title='bbox 2672 3496 2984 3566; x_wconf 75' lang='lat' dir='ltr'><strong>Origenem,</strong></span> <span class='ocrx_word' id='word_1_706' title='bbox 3017 3503 3108 3572; x_wconf 90' lang='lat' dir='ltr'><strong>qui</strong></span> <span class='ocrx_word' id='word_1_707' title='bbox 3142 3503 3373 3561; x_wconf 72' lang='lat' dir='ltr'><strong>fortasse</strong></span> <span class='ocrx_word' id='word_1_708' title='bbox 3409 3506 3508 3560; x_wconf 80' lang='lat' dir='ltr'><strong>has</strong></span> 
     </span>
    </p>
   </div>
   <div class='ocr_carea' id='block_1_94' title="bbox 1937 3587 3508 3666">
    <p class='ocr_par' dir='ltr' id='par_1_94' title="bbox 1937 3587 3508 3666">
     <span class='ocr_line' id='line_1_94' title="bbox 1937 3587 3508 3666; baseline 0.008 -26"><span class='ocrx_word' id='word_1_709' title='bbox 1937 3587 2060 3658; x_wconf 90' lang='lat' dir='ltr'><strong>Syri</strong></span> <span class='ocrx_word' id='word_1_710' title='bbox 2112 3590 2592 3658; x_wconf 85' lang='lat' dir='ltr'><strong>interpretationes</strong></span> <span class='ocrx_word' id='word_1_711' title='bbox 2644 3590 2699 3644; x_wconf 91' lang='lat' dir='ltr'><strong>in</strong></span> <span class='ocrx_word' id='word_1_712' title='bbox 2748 3592 3088 3662; x_wconf 87' lang='lat' dir='ltr'><strong>marginibus</strong></span> <span class='ocrx_word' id='word_1_713' title='bbox 3139 3593 3508 3666; x_wconf 79' lang='lat' dir='ltr'><strong>Hexaplorum</strong></span> 
     </span>
    </p>
   </div>
   <div class='ocr_carea' id='block_1_95' title="bbox 1933 3679 3510 3756">
    <p class='ocr_par' dir='ltr' id='par_1_95' title="bbox 1933 3679 3510 3756">
     <span class='ocr_line' id='line_1_95' title="bbox 1933 3679 3510 3756; baseline 0.008 -22"><span class='ocrx_word' id='word_1_714' title='bbox 1933 3681 2198 3751; x_wconf 86' lang='lat' dir='ltr'><strong>posuerit,</strong></span> <span class='ocrx_word' id='word_1_715' title='bbox 2234 3679 2513 3751; x_wconf 83' lang='lat' dir='ltr'><strong>Syriacam</strong></span> <span class='ocrx_word' id='word_1_716' title='bbox 2547 3683 2720 3752; x_wconf 89' lang='lat' dir='ltr'><strong>ipsam</strong></span> <span class='ocrx_word' id='word_1_717' title='bbox 2760 3686 3066 3741; x_wconf 89' lang='lat' dir='ltr'><strong>versionem</strong></span> <span class='ocrx_word' id='word_1_718' title='bbox 3098 3703 3209 3756; x_wconf 68' lang='lat' dir='ltr'><strong>prie</strong></span> <span class='ocrx_word' id='word_1_719' title='bbox 3257 3692 3510 3747; x_wconf 89' lang='lat' dir='ltr'><strong>manibus</strong></span> 
     </span>
    </p>
   </div>
   <div class='ocr_carea' id='block_1_96' title="bbox 1934 3774 3510 3853">
    <p class='ocr_par' dir='ltr' id='par_1_96' title="bbox 1934 3774 3510 3853">
     <span class='ocr_line' id='line_1_96' title="bbox 1934 3774 3510 3853; baseline 0.006 -23"><span class='ocrx_word' id='word_1_720' title='bbox 1934 3790 2150 3843; x_wconf 89' lang='lat' dir='ltr'><strong>semper</strong></span> <span class='ocrx_word' id='word_1_721' title='bbox 2177 3774 2456 3840; x_wconf 86' lang='lat' dir='ltr'><strong>habuisse,</strong></span> <span class='ocrx_word' id='word_1_722' title='bbox 2486 3785 2542 3829; x_wconf 89' lang='lat' dir='ltr'><strong>et</strong></span> <span class='ocrx_word' id='word_1_723' title='bbox 2571 3776 2691 3831; x_wconf 88' lang='lat' dir='ltr'><strong>loca</strong></span> <span class='ocrx_word' id='word_1_724' title='bbox 2721 3793 2844 3847; x_wconf 78' lang='lat' dir='ltr'><strong>qua:</strong></span> <span class='ocrx_word' id='word_1_725' title='bbox 2866 3780 2935 3833; x_wconf 88' lang='lat' dir='ltr'><strong>ab</strong></span> <span class='ocrx_word' id='word_1_726' title='bbox 2970 3780 3094 3836; x_wconf 87' lang='lat' dir='ltr'><strong>aliis</strong></span> <span class='ocrx_word' id='word_1_727' title='bbox 3121 3783 3510 3853; x_wconf 82' lang='lat' dir='ltr'><strong>interpretibus</strong></span> 
     </span>
    </p>
   </div>
   <div class='ocr_carea' id='block_1_97' title="bbox 1931 3870 3512 3940">
    <p class='ocr_par' dir='ltr' id='par_1_97' title="bbox 1931 3870 3512 3940">
     <span class='ocr_line' id='line_1_97' title="bbox 1931 3870 3512 3940; baseline 0.006 -15"><span class='ocrx_word' id='word_1_728' title='bbox 1931 3870 2315 3940; x_wconf 86' lang='lat' dir='ltr'><strong>discrepabant</strong></span> <span class='ocrx_word' id='word_1_729' title='bbox 2357 3872 2721 3929; x_wconf 87' lang='lat' dir='ltr'><strong>transtulisse.</strong></span> <span class='ocrx_word' id='word_1_730' title='bbox 2749 3873 2906 3939; x_wconf 85' lang='lat' dir='ltr'><strong>Quod</strong></span> <span class='ocrx_word' id='word_1_731' title='bbox 2948 3884 3129 3930; x_wconf 81' lang='lat' dir='ltr'><strong>tamen</strong></span> <span class='ocrx_word' id='word_1_732' title='bbox 3162 3893 3272 3932; x_wconf 90' lang='lat' dir='ltr'><strong>non</strong></span> <span class='ocrx_word' id='word_1_733' title='bbox 3310 3880 3383 3933; x_wconf 89' lang='lat' dir='ltr'><strong>ita</strong></span> <span class='ocrx_word' id='word_1_734' title='bbox 3411 3897 3512 3934; x_wconf 80' lang='lat' dir='ltr'><strong>ex-</strong></span> 
     </span>
    </p>
   </div>
   <div class='ocr_carea' id='block_1_98' title="bbox 1933 3963 3436 4036">
    <p class='ocr_par' dir='ltr' id='par_1_98' title="bbox 1933 3963 3436 4036">
     <span class='ocr_line' id='line_1_98' title="bbox 1933 3963 3436 4036; baseline 0.005 -18"><span class='ocrx_word' id='word_1_735' title='bbox 1933 3965 2203 4035; x_wconf 87' lang='lat' dir='ltr'><strong>ploratum</strong></span> <span class='ocrx_word' id='word_1_736' title='bbox 2234 3979 2356 4018; x_wconf 87' lang='lat' dir='ltr'><strong>esse</strong></span> <span class='ocrx_word' id='word_1_737' title='bbox 2385 3963 2642 4028; x_wconf 89' lang='lat' dir='ltr'><strong>arbitror,</strong></span> <span class='ocrx_word' id='word_1_738' title='bbox 2671 3973 2730 4018; x_wconf 91' lang='lat' dir='ltr'><strong>ut</strong></span> <span class='ocrx_word' id='word_1_739' title='bbox 2755 3976 2874 4018; x_wconf 93' lang='lat' dir='ltr'><strong>tuto</strong></span> <span class='ocrx_word' id='word_1_740' title='bbox 2911 3965 3180 4022; x_wconf 77' lang='lat' dir='ltr'><strong>allirmare</strong></span> <span class='ocrx_word' id='word_1_741' title='bbox 3210 3970 3436 4036; x_wconf 86' lang='lat' dir='ltr'><strong>possim.</strong></span> 
     </span>
    </p>
   </div>
   <div class='ocr_carea' id='block_1_99' title="bbox 2002 4056 3509 4131">
    <p class='ocr_par' dir='ltr' id='par_1_99' title="bbox 2002 4056 3509 4131">
     <span class='ocr_line' id='line_1_99' title="bbox 2002 4056 3509 4131; baseline 0.001 -20"><span class='ocrx_word' id='word_1_742' title='bbox 2002 4056 2157 4124; x_wconf 86' lang='lat' dir='ltr'><strong>Quod</strong></span> <span class='ocrx_word' id='word_1_743' title='bbox 2209 4058 2403 4111; x_wconf 88' lang='lat' dir='ltr'><strong>attinet</strong></span> <span class='ocrx_word' id='word_1_744' title='bbox 2440 4057 2506 4111; x_wconf 87' lang='lat' dir='ltr'><strong>ad</strong></span> <span class='ocrx_word' id='word_1_745' title='bbox 2542 4056 2803 4111; x_wconf 90' lang='lat' dir='ltr'><strong>lectiones</strong></span> <span class='ocrx_word' id='word_1_746' title='bbox 2863 4057 2984 4112; x_wconf 90' lang='lat' dir='ltr'><strong>illas</strong></span> <span class='ocrx_word' id='word_1_747' title='bbox 3015 4073 3139 4126; x_wconf 64' lang='lat' dir='ltr'><strong>quae</strong></span> <span class='ocrx_word' id='word_1_748' title='bbox 3172 4057 3509 4131; x_wconf 86' lang='lat' dir='ltr'><strong>frequentis-</strong></span> 
     </span>
    </p>
   </div>
   <div class='ocr_carea' id='block_1_100' title="bbox 1932 4148 3508 4220">
    <p class='ocr_par' dir='ltr' id='par_1_100' title="bbox 1932 4148 3508 4220">
     <span class='ocr_line' id='line_1_100' title="bbox 1932 4148 3508 4220; baseline -0.001 -15"><span class='ocrx_word' id='word_1_749' title='bbox 1932 4150 2092 4214; x_wconf 85' lang='lat' dir='ltr'><strong>sime,</strong></span> <span class='ocrx_word' id='word_1_750' title='bbox 2124 4149 2227 4204; x_wconf 86' lang='lat' dir='ltr'><strong>hac</strong></span> <span class='ocrx_word' id='word_1_751' title='bbox 2277 4149 2495 4217; x_wconf 60' lang='lat' dir='ltr'><strong>pra-fixa</strong></span> <span class='ocrx_word' id='word_1_752' title='bbox 2539 4161 2689 4214; x_wconf 87' lang='lat' dir='ltr'><strong>nota,</strong></span> <span class='ocrx_word' id='word_1_753' title='bbox 2757 4148 2818 4202; x_wconf 90' lang='lat'><strong>&#39;0</strong></span> <span class='ocrx_word' id='word_1_754' title='bbox 2856 4149 3127 4220; x_wconf 78' lang='grc' dir='ltr'><strong>Ἐϐραῖος,</strong></span> <span class='ocrx_word' id='word_1_755' title='bbox 3189 4161 3508 4213; x_wconf 82' lang='lat' dir='ltr'><strong>occurrunt,</strong></span> 
     </span>
    </p>
   </div>
   <div class='ocr_carea' id='block_1_101' title="bbox 1930 4237 3508 4310">
    <p class='ocr_par' dir='ltr' id='par_1_101' title="bbox 1930 4237 3508 4310">
     <span class='ocr_line' id='line_1_101' title="bbox 1930 4237 3508 4310; baseline 0.002 -16"><span class='ocrx_word' id='word_1_756' title='bbox 1930 4249 2139 4294; x_wconf 91' lang='lat' dir='ltr'><strong>certum</strong></span> <span class='ocrx_word' id='word_1_757' title='bbox 2168 4239 2386 4308; x_wconf 87' lang='lat' dir='ltr'><strong>quidem</strong></span> <span class='ocrx_word' id='word_1_758' title='bbox 2447 4251 2528 4293; x_wconf 75' lang='lat' dir='ltr'><strong>eat</strong></span> <span class='ocrx_word' id='word_1_759' title='bbox 2586 4239 2706 4293; x_wconf 88' lang='lat' dir='ltr'><strong>illas</strong></span> <span class='ocrx_word' id='word_1_760' title='bbox 2745 4253 2852 4292; x_wconf 90' lang='lat' dir='ltr'><strong>non</strong></span> <span class='ocrx_word' id='word_1_761' title='bbox 2879 4256 3000 4294; x_wconf 89' lang='lat' dir='ltr'><strong>esse</strong></span> <span class='ocrx_word' id='word_1_762' title='bbox 3054 4240 3285 4310; x_wconf 72' lang='lat' dir='ltr'><strong>Aquilae,</strong></span> <span class='ocrx_word' id='word_1_763' title='bbox 3319 4237 3508 4298; x_wconf 69' lang='lat' dir='ltr'><strong>cont&#39;ra</strong></span> 
     </span>
    </p>
   </div>
   <div class='ocr_carea' id='block_1_102' title="bbox 1932 4330 3510 4401">
    <p class='ocr_par' dir='ltr' id='par_1_102' title="bbox 1932 4330 3510 4401">
     <span class='ocr_line' id='line_1_102' title="bbox 1932 4330 3510 4401; baseline 0.001 -16"><span class='ocrx_word' id='word_1_764' title='bbox 1932 4346 2096 4401; x_wconf 87' lang='lat' dir='ltr'><strong>quam</strong></span> <span class='ocrx_word' id='word_1_765' title='bbox 2124 4332 2373 4385; x_wconf 88' lang='lat' dir='ltr'><strong>nonnulli</strong></span> <span class='ocrx_word' id='word_1_766' title='bbox 2407 4330 2654 4385; x_wconf 87' lang='lat' dir='ltr'><strong>arbitrati</strong></span> <span class='ocrx_word' id='word_1_767' title='bbox 2689 4340 2836 4398; x_wconf 90' lang='lat' dir='ltr'><strong>sunt,</strong></span> <span class='ocrx_word' id='word_1_768' title='bbox 2886 4342 2948 4384; x_wconf 92' lang='lat' dir='ltr'><strong>ut</strong></span> <span class='ocrx_word' id='word_1_769' title='bbox 2997 4333 3178 4387; x_wconf 85' lang='lat' dir='ltr'><strong>statim</strong></span> <span class='ocrx_word' id='word_1_770' title='bbox 3207 4334 3510 4401; x_wconf 84' lang='lat' dir='ltr'><strong>deprehen-</strong></span> 
     </span>
    </p>
   </div>
   <div class='ocr_carea' id='block_1_103' title="bbox 1931 4421 3509 4496">
    <p class='ocr_par' dir='ltr' id='par_1_103' title="bbox 1931 4421 3509 4496">
     <span class='ocr_line' id='line_1_103' title="bbox 1931 4421 3509 4496; baseline 0.001 -19"><span class='ocrx_word' id='word_1_771' title='bbox 1931 4423 2023 4477; x_wconf 88' lang='lat' dir='ltr'><strong>det</strong></span> <span class='ocrx_word' id='word_1_772' title='bbox 2050 4423 2097 4477; x_wconf 90' lang='lat' dir='ltr'><strong>is</strong></span> <span class='ocrx_word' id='word_1_773' title='bbox 2122 4425 2215 4492; x_wconf 92' lang='lat' dir='ltr'><strong>qui</strong></span> <span class='ocrx_word' id='word_1_774' title='bbox 2252 4423 2390 4477; x_wconf 90' lang='lat' dir='ltr'><strong>hanc</strong></span> <span class='ocrx_word' id='word_1_775' title='bbox 2442 4421 2810 4492; x_wconf 77' lang='lat' dir='ltr'><strong>Hexaplorum</strong></span> <span class='ocrx_word' id='word_1_776' title='bbox 2870 4424 3246 4479; x_wconf 86' lang='lat' dir='ltr'><strong>collectionem</strong></span> <span class='ocrx_word' id='word_1_777' title='bbox 3288 4441 3509 4496; x_wconf 82' lang='lat' dir='ltr'><strong>percur-</strong></span> 
     </span>
    </p>
   </div>
   <div class='ocr_carea' id='block_1_104' title="bbox 1932 4514 3508 4588">
    <p class='ocr_par' dir='ltr' id='par_1_104' title="bbox 1932 4514 3508 4588">
     <span class='ocr_line' id='line_1_104' title="bbox 1932 4514 3508 4588; baseline -0.001 -16"><span class='ocrx_word' id='word_1_778' title='bbox 1932 4526 2033 4572; x_wconf 87' lang='lat' dir='ltr'><strong>ret.</strong></span> <span class='ocrx_word' id='word_1_779' title='bbox 2062 4514 2196 4570; x_wconf 85' lang='lat' dir='ltr'><strong>Nam</strong></span> <span class='ocrx_word' id='word_1_780' title='bbox 2239 4516 2560 4586; x_wconf 89' lang='lat' dir='ltr'><strong>plerumque</strong></span> <span class='ocrx_word' id='word_1_781' title='bbox 2613 4518 2880 4588; x_wconf 81' lang='lat' dir='ltr'><strong>contingit</strong></span> <span class='ocrx_word' id='word_1_782' title='bbox 2927 4529 2984 4571; x_wconf 90' lang='lat' dir='ltr'><strong>ut</strong></span> <span class='ocrx_word' id='word_1_783' title='bbox 3025 4529 3147 4586; x_wconf 89' lang='lat' dir='ltr'><strong>post</strong></span> <span class='ocrx_word' id='word_1_784' title='bbox 3169 4519 3385 4573; x_wconf 79' lang='lat' dir='ltr'><strong>allatam</strong></span> <span class='ocrx_word' id='word_1_785' title='bbox 3414 4519 3508 4572; x_wconf 71' lang='grc' dir='ltr'><strong>τοῦ</strong></span> 
     </span>
    </p>
   </div>
   <div class='ocr_carea' id='block_1_105' title="bbox 1927 4598 3510 4679">
    <p class='ocr_par' dir='ltr' id='par_1_105' title="bbox 1927 4598 3510 4679">
     <span class='ocr_line' id='line_1_105' title="bbox 1927 4598 3510 4679; baseline 0.003 -18"><span class='ocrx_word' id='word_1_786' title='bbox 1927 4607 2198 4679; x_wconf 80' lang='grc' dir='ltr'><strong>,Ἑϐραίου</strong></span> <span class='ocrx_word' id='word_1_787' title='bbox 2253 4609 2789 4676; x_wconf 87' lang='lat' dir='ltr'><strong>interpretationem,</strong></span> <span class='ocrx_word' id='word_1_788' title='bbox 2839 4623 2967 4662; x_wconf 75' lang='lat' dir='ltr'><strong>mox</strong></span> <span class='ocrx_word' id='word_1_789' title='bbox 3033 4619 3292 4679; x_wconf 89' lang='lat' dir='ltr'><strong>sequatur</strong></span> <span class='ocrx_word' id='word_1_790' title='bbox 3348 4598 3510 4666; x_wconf 86' lang='lat' dir='ltr'><strong>lectio</strong></span> 
     </span>
    </p>
   </div>
   <div class='ocr_carea' id='block_1_106' title="bbox 1931 4695 3512 4772">
    <p class='ocr_par' dir='ltr' id='par_1_106' title="bbox 1931 4695 3512 4772">
     <span class='ocr_line' id='line_1_106' title="bbox 1931 4695 3512 4772; baseline 0.004 -22"><span class='ocrx_word' id='word_1_791' title='bbox 1931 4695 2164 4767; x_wconf 67' lang='lat' dir='ltr'><strong>Aquilae,</strong></span> <span class='ocrx_word' id='word_1_792' title='bbox 2191 4696 2260 4751; x_wconf 89' lang='lat' dir='ltr'><strong>ab</strong></span> <span class='ocrx_word' id='word_1_793' title='bbox 2280 4711 2343 4751; x_wconf 88' lang='lat' dir='ltr'><strong>ea</strong></span> <span class='ocrx_word' id='word_1_794' title='bbox 2378 4701 2538 4768; x_wconf 86' lang='lat' dir='ltr'><strong>longe</strong></span> <span class='ocrx_word' id='word_1_795' title='bbox 2576 4697 2809 4753; x_wconf 89' lang='lat' dir='ltr'><strong>diversa.</strong></span> <span class='ocrx_word' id='word_1_796' title='bbox 2835 4699 3092 4768; x_wconf 84' lang='lat' dir='ltr'><strong>Alioquin</strong></span> <span class='ocrx_word' id='word_1_797' title='bbox 3119 4701 3228 4766; x_wconf 90' lang='lat' dir='ltr'><strong>ille,</strong></span> <span class='ocrx_word' id='word_1_798' title='bbox 3255 4700 3512 4772; x_wconf 88' lang='lat' dir='ltr'><strong>quisquis</strong></span> 
     </span>
    </p>
   </div>
   <div class='ocr_carea' id='block_1_107' title="bbox 1932 4787 3508 4861">
    <p class='ocr_par' dir='ltr' id='par_1_107' title="bbox 1932 4787 3508 4861">
     <span class='ocr_line' id='line_1_107' title="bbox 1932 4787 3508 4861; baseline 0.003 -17"><span class='ocrx_word' id='word_1_799' title='bbox 1932 4790 2147 4844; x_wconf 84' lang='lat' dir='ltr'><strong>tandem</strong></span> <span class='ocrx_word' id='word_1_800' title='bbox 2171 4787 2353 4851; x_wconf 90' lang='lat' dir='ltr'><strong>fuerit,</strong></span> <span class='ocrx_word' id='word_1_801' title='bbox 2389 4787 2667 4856; x_wconf 70' lang='lat' dir='ltr'><strong>Hebraeus,</strong></span> <span class='ocrx_word' id='word_1_802' title='bbox 2723 4806 2830 4844; x_wconf 90' lang='lat' dir='ltr'><strong>non</strong></span> <span class='ocrx_word' id='word_1_803' title='bbox 2865 4800 2972 4844; x_wconf 89' lang='lat' dir='ltr'><strong>tam</strong></span> <span class='ocrx_word' id='word_1_804' title='bbox 3004 4794 3322 4861; x_wconf 88' lang='lat' dir='ltr'><strong>scrupulose</strong></span> <span class='ocrx_word' id='word_1_805' title='bbox 3343 4793 3508 4848; x_wconf 89' lang='lat' dir='ltr'><strong>verba</strong></span> 
     </span>
    </p>
   </div>
   <div class='ocr_carea' id='block_1_108' title="bbox 1932 4880 3507 4954">
    <p class='ocr_par' dir='ltr' id='par_1_108' title="bbox 1932 4880 3507 4954">
     <span class='ocr_line' id='line_1_108' title="bbox 1932 4880 3507 4954; baseline 0.004 -21"><span class='ocrx_word' id='word_1_806' title='bbox 1932 4896 2202 4952; x_wconf 86' lang='lat' dir='ltr'><strong>vocesque</strong></span> <span class='ocrx_word' id='word_1_807' title='bbox 2253 4881 2498 4951; x_wconf 82' lang='lat' dir='ltr'><strong>singulas</strong></span> <span class='ocrx_word' id='word_1_808' title='bbox 2547 4889 2786 4936; x_wconf 87' lang='lat' dir='ltr'><strong>sectatur</strong></span> <span class='ocrx_word' id='word_1_809' title='bbox 2816 4897 2980 4951; x_wconf 87' lang='lat' dir='ltr'><strong>quam</strong></span> <span class='ocrx_word' id='word_1_810' title='bbox 3023 4883 3242 4954; x_wconf 83' lang='lat' dir='ltr'><strong>Aquila.</strong></span> <span class='ocrx_word' id='word_1_811' title='bbox 3296 4880 3507 4938; x_wconf 65' lang='lat' dir='ltr'><strong>Hebraei</strong></span> 
     </span>
    </p>
   </div>
   <div class='ocr_carea' id='block_1_109' title="bbox 1930 4971 3507 5043">
    <p class='ocr_par' dir='ltr' id='par_1_109' title="bbox 1930 4971 3507 5043">
     <span class='ocr_line' id='line_1_109' title="bbox 1930 4971 3507 5043; baseline 0.001 -16"><span class='ocrx_word' id='word_1_812' title='bbox 1930 4987 2095 5042; x_wconf 88' lang='lat' dir='ltr'><strong>porro</strong></span> <span class='ocrx_word' id='word_1_813' title='bbox 2123 4973 2342 5027; x_wconf 89' lang='lat' dir='ltr'><strong>nomine</strong></span> <span class='ocrx_word' id='word_1_814' title='bbox 2365 4971 2589 5043; x_wconf 85' lang='lat' dir='ltr'><strong>intelligi</strong></span> <span class='ocrx_word' id='word_1_815' title='bbox 2627 4971 2862 5028; x_wconf 88' lang='lat' dir='ltr'><strong>fortasse</strong></span> <span class='ocrx_word' id='word_1_816' title='bbox 2902 4975 3134 5043; x_wconf 88' lang='lat' dir='ltr'><strong>possunt</strong></span> <span class='ocrx_word' id='word_1_817' title='bbox 3166 4972 3395 5028; x_wconf 70' lang='lat' dir='ltr'><strong>llebraai&#39;</strong></span> <span class='ocrx_word' id='word_1_818' title='bbox 3428 4975 3507 5028; x_wconf 90' lang='lat' dir='ltr'><strong>illi</strong></span> 
     </span>
    </p>
   </div>
   <div class='ocr_carea' id='block_1_110' title="bbox 1932 5057 3508 5134">
    <p class='ocr_par' dir='ltr' id='par_1_110' title="bbox 1932 5057 3508 5134">
     <span class='ocr_line' id='line_1_110' title="bbox 1932 5057 3508 5134; baseline 0.003 -19"><span class='ocrx_word' id='word_1_819' title='bbox 1932 5057 2209 5127; x_wconf 85' lang='lat' dir='ltr'><strong>doctores,</strong></span> <span class='ocrx_word' id='word_1_820' title='bbox 2238 5063 2441 5131; x_wconf 92' lang='lat' dir='ltr'><strong>quibus</strong></span> <span class='ocrx_word' id='word_1_821' title='bbox 2497 5063 2552 5117; x_wconf 93' lang='lat' dir='ltr'><strong>in</strong></span> <span class='ocrx_word' id='word_1_822' title='bbox 2583 5059 2880 5133; x_wconf 88' lang='lat' dir='ltr'><strong>Scripturis</strong></span> <span class='ocrx_word' id='word_1_823' title='bbox 2909 5065 3243 5134; x_wconf 75' lang='lat' dir='ltr'><strong>explicandis</strong></span> <span class='ocrx_word' id='word_1_824' title='bbox 3276 5063 3508 5121; x_wconf 85' lang='lat' dir='ltr'><strong>uteban-</strong></span> 
     </span>
    </p>
   </div>
   <div class='ocr_carea' id='block_1_111' title="bbox 1932 5151 3509 5225">
    <p class='ocr_par' dir='ltr' id='par_1_111' title="bbox 1932 5151 3509 5225">
     <span class='ocr_line' id='line_1_111' title="bbox 1932 5151 3509 5225; baseline 0.004 -19"><span class='ocrx_word' id='word_1_825' title='bbox 1932 5161 2020 5207; x_wconf 92' lang='lat' dir='ltr'><strong>tur</strong></span> <span class='ocrx_word' id='word_1_826' title='bbox 2045 5163 2274 5216; x_wconf 87' lang='lat' dir='ltr'><strong>veteres,</strong></span> <span class='ocrx_word' id='word_1_827' title='bbox 2309 5155 2654 5224; x_wconf 83' lang='lat' dir='ltr'><strong>maximeque</strong></span> <span class='ocrx_word' id='word_1_828' title='bbox 2680 5151 2962 5225; x_wconf 82' lang='lat' dir='ltr'><strong>Origenes,</strong></span> <span class='ocrx_word' id='word_1_829' title='bbox 2985 5157 3051 5210; x_wconf 89' lang='lat' dir='ltr'><strong>de</strong></span> <span class='ocrx_word' id='word_1_830' title='bbox 3078 5172 3187 5224; x_wconf 89' lang='lat' dir='ltr'><strong>quo</strong></span> <span class='ocrx_word' id='word_1_831' title='bbox 3210 5158 3286 5210; x_wconf 86' lang='lat' dir='ltr'><strong>ait</strong></span> <span class='ocrx_word' id='word_1_832' title='bbox 3317 5155 3509 5213; x_wconf 83' lang='lat' dir='ltr'><strong>Hiero-</strong></span> 
     </span>
    </p>
   </div>
   <div class='ocr_carea' id='block_1_112' title="bbox 1934 5243 3510 5317">
    <p class='ocr_par' dir='ltr' id='par_1_112' title="bbox 1934 5243 3510 5317">
     <span class='ocr_line' id='line_1_112' title="bbox 1934 5243 3510 5317; baseline 0.002 -20"><span class='ocrx_word' id='word_1_833' title='bbox 1934 5259 2132 5314; x_wconf 90' lang='lat' dir='ltr'><strong>nymus</strong></span> <span class='ocrx_word' id='word_1_834' title='bbox 2155 5244 2412 5315; x_wconf 82' lang='lat' dir='ltr'><strong>Apologia</strong></span> <span class='ocrx_word' id='word_1_835' title='bbox 2441 5245 2509 5296; x_wconf 85' lang='lat' dir='ltr'><strong>ad</strong></span> <span class='ocrx_word' id='word_1_836' title='bbox 2541 5243 2788 5313; x_wconf 79' lang='lat' dir='ltr'><strong>Ruﬁnum</strong></span> <span class='ocrx_word' id='word_1_837' title='bbox 2818 5263 2832 5299; x_wconf 89' lang='lat'><strong>:</strong></span> <span class='ocrx_word' id='word_1_838' title='bbox 2871 5244 2980 5298; x_wconf 85' lang='lat' dir='ltr'><strong>Nec</strong></span> <span class='ocrx_word' id='word_1_839' title='bbox 3007 5246 3346 5317; x_wconf 77' lang='lat' dir='ltr'><strong>dedignatur,</strong></span> <span class='ocrx_word' id='word_1_840' title='bbox 3366 5247 3510 5302; x_wconf 84' lang='lat' dir='ltr'><strong>Scri-</strong></span> 
     </span>
    </p>
   </div>
   <div class='ocr_carea' id='block_1_113' title="bbox 1933 5337 3507 5409">
    <p class='ocr_par' dir='ltr' id='par_1_113' title="bbox 1933 5337 3507 5409">
     <span class='ocr_line' id='line_1_113' title="bbox 1933 5337 3507 5409; baseline 0.006 -22"><span class='ocrx_word' id='word_1_841' title='bbox 1933 5345 2147 5404; x_wconf 85' lang='lat' dir='ltr'><strong>pturam</strong></span> <span class='ocrx_word' id='word_1_842' title='bbox 2193 5337 2564 5404; x_wconf 84' lang='lat' dir='ltr'><strong>interpretans,</strong></span> <span class='ocrx_word' id='word_1_843' title='bbox 2595 5354 2687 5404; x_wconf 84' lang='lat' dir='ltr'><strong>per</strong></span> <span class='ocrx_word' id='word_1_844' title='bbox 2724 5339 2932 5408; x_wconf 76' lang='lat' dir='ltr'><strong>singula</strong></span> <span class='ocrx_word' id='word_1_845' title='bbox 2955 5338 3070 5392; x_wconf 88' lang='lat' dir='ltr'><strong>loca</strong></span> <span class='ocrx_word' id='word_1_846' title='bbox 3116 5340 3243 5409; x_wconf 86' lang='lat' dir='ltr'><strong>quid</strong></span> <span class='ocrx_word' id='word_1_847' title='bbox 3263 5339 3507 5396; x_wconf 67' lang='lat' dir='ltr'><strong>Hebreis</strong></span> 
     </span>
    </p>
   </div>
   <div class='ocr_carea' id='block_1_114' title="bbox 1935 5426 3513 5486">
    <p class='ocr_par' dir='ltr' id='par_1_114' title="bbox 1935 5426 3513 5486">
     <span class='ocr_line' id='line_1_114' title="bbox 1935 5426 3513 5486; baseline 0.003 -5"><span class='ocrx_word' id='word_1_848' title='bbox 1935 5428 2173 5482; x_wconf 78' lang='lat' dir='ltr'><strong>videatur</strong></span> <span class='ocrx_word' id='word_1_849' title='bbox 2209 5426 2456 5482; x_wconf 81' lang='lat' dir='ltr'><strong>inserere.</strong></span> <span class='ocrx_word' id='word_1_850' title='bbox 2485 5426 2727 5483; x_wconf 53' lang='lat' dir='ltr'><strong>Hebraeis</strong></span> <span class='ocrx_word' id='word_1_851' title='bbox 2753 5429 2881 5484; x_wconf 89' lang='lat' dir='ltr'><strong>item</strong></span> <span class='ocrx_word' id='word_1_852' title='bbox 2919 5431 3234 5485; x_wconf 87' lang='lat' dir='ltr'><strong>doctoribus</strong></span> <span class='ocrx_word' id='word_1_853' title='bbox 3269 5432 3353 5485; x_wconf 86' lang='lat' dir='ltr'><strong>usi</strong></span> <span class='ocrx_word' id='word_1_854' title='bbox 3381 5440 3513 5486; x_wconf 88' lang='lat' dir='ltr'><strong>sunt</strong></span> 
     </span>
    </p>
   </div>
   <div class='ocr_carea' id='block_1_115' title="bbox 1934 5514 3508 5590">
    <p class='ocr_par' dir='ltr' id='par_1_115' title="bbox 1934 5514 3508 5590">
     <span class='ocr_line' id='line_1_115' title="bbox 1934 5514 3508 5590; baseline 0.003 -20"><span class='ocrx_word' id='word_1_855' title='bbox 1934 5515 2224 5580; x_wconf 84' lang='lat' dir='ltr'><strong>Eusebius,</strong></span> <span class='ocrx_word' id='word_1_856' title='bbox 2255 5514 2616 5588; x_wconf 88' lang='lat' dir='ltr'><strong>Hieronymus</strong></span> <span class='ocrx_word' id='word_1_857' title='bbox 2644 5519 2860 5589; x_wconf 90' lang='lat' dir='ltr'><strong>aliique.</strong></span> <span class='ocrx_word' id='word_1_858' title='bbox 2923 5518 3180 5588; x_wconf 76' lang='lat' dir='ltr'><strong>Origenes</strong></span> <span class='ocrx_word' id='word_1_859' title='bbox 3213 5536 3362 5585; x_wconf 88' lang='lat' dir='ltr'><strong>vero,</strong></span> <span class='ocrx_word' id='word_1_860' title='bbox 3411 5523 3508 5590; x_wconf 83' lang='lat' dir='ltr'><strong>qui</strong></span> 
     </span>
    </p>
   </div>
   <div class='ocr_carea' id='block_1_116' title="bbox 1933 5607 3508 5680">
    <p class='ocr_par' dir='ltr' id='par_1_116' title="bbox 1933 5607 3508 5680">
     <span class='ocr_line' id='line_1_116' title="bbox 1933 5607 3508 5680; baseline 0.002 -17"><span class='ocrx_word' id='word_1_861' title='bbox 1933 5607 2150 5663; x_wconf 69' lang='lat' dir='ltr'><strong>Iudaeos</strong></span> <span class='ocrx_word' id='word_1_862' title='bbox 2175 5608 2485 5679; x_wconf 85' lang='lat' dir='ltr'><strong>frequenter</strong></span> <span class='ocrx_word' id='word_1_863' title='bbox 2513 5612 2715 5675; x_wconf 82' lang='lat' dir='ltr'><strong>adibat,</strong></span> <span class='ocrx_word' id='word_1_864' title='bbox 2771 5620 2832 5665; x_wconf 92' lang='lat' dir='ltr'><strong>ut</strong></span> <span class='ocrx_word' id='word_1_865' title='bbox 2873 5612 2941 5667; x_wconf 84' lang='lat' dir='ltr'><strong>de</strong></span> <span class='ocrx_word' id='word_1_866' title='bbox 2990 5610 3283 5680; x_wconf 71' lang='lat' dir='ltr'><strong>Scriptum</strong></span> <span class='ocrx_word' id='word_1_867' title='bbox 3333 5612 3508 5666; x_wconf 85' lang='lat' dir='ltr'><strong>littera</strong></span> 
     </span>
    </p>
   </div>
   <div class='ocr_carea' id='block_1_117' title="bbox 1934 5701 3511 5772">
    <p class='ocr_par' dir='ltr' id='par_1_117' title="bbox 1934 5701 3511 5772">
     <span class='ocr_line' id='line_1_117' title="bbox 1934 5701 3511 5772; baseline -0.003 -14"><span class='ocrx_word' id='word_1_868' title='bbox 1934 5703 2272 5771; x_wconf 84' lang='lat' dir='ltr'><strong>edoceretur,</strong></span> <span class='ocrx_word' id='word_1_869' title='bbox 2306 5705 2427 5760; x_wconf 89' lang='lat' dir='ltr'><strong>inde</strong></span> <span class='ocrx_word' id='word_1_870' title='bbox 2455 5701 2766 5771; x_wconf 83' lang='lat' dir='ltr'><strong>frequentes</strong></span> <span class='ocrx_word' id='word_1_871' title='bbox 2824 5702 2918 5756; x_wconf 82' lang='grc' dir='ltr'><strong>τοῦ</strong></span> <span class='ocrx_word' id='word_1_872' title='bbox 2960 5703 3213 5772; x_wconf 75' lang='grc' dir='ltr'>Ἐϐραίου</span> <span class='ocrx_word' id='word_1_873' title='bbox 3241 5705 3511 5772; x_wconf 87' lang='lat' dir='ltr'><strong>interpre-</strong></span> 
     </span>
    </p>
   </div>
   <div class='ocr_carea' id='block_1_118' title="bbox 1937 5793 3510 5868">
    <p class='ocr_par' dir='ltr' id='par_1_118' title="bbox 1937 5793 3510 5868">
     <span class='ocr_line' id='line_1_118' title="bbox 1937 5793 3510 5868; baseline 0.002 -21"><span class='ocrx_word' id='word_1_874' title='bbox 1937 5793 2168 5850; x_wconf 87' lang='lat' dir='ltr'><strong>tationes</strong></span> <span class='ocrx_word' id='word_1_875' title='bbox 2199 5793 2253 5850; x_wconf 89' lang='lat' dir='ltr'><strong>iu</strong></span> <span class='ocrx_word' id='word_1_876' title='bbox 2295 5797 2632 5868; x_wconf 84' lang='lat' dir='ltr'><strong>marginibus</strong></span> <span class='ocrx_word' id='word_1_877' title='bbox 2681 5794 3045 5865; x_wconf 78' lang='lat' dir='ltr'><strong>llexaplorum</strong></span> <span class='ocrx_word' id='word_1_878' title='bbox 3079 5795 3214 5850; x_wconf 83' lang='lat' dir='ltr'><strong>forte</strong></span> <span class='ocrx_word' id='word_1_879' title='bbox 3241 5795 3510 5865; x_wconf 83' lang='lat' dir='ltr'><strong>posuerit.</strong></span> 
     </span>
    </p>
   </div>
  </div>
