4064 6262
551 333 622 391 ιθ
1915 317 2449 378 ΡΒΕΙΛΜΙδΑΒΙΔ
3752 315 3819 369 40

550 444 743 516 Neque
781 449 965 497 tamen
1015 454 1233 503 omnes,
1273 453 1395 509 qua:
1448 437 1516 492 ad
1546 450 1649 493 nos
1702 449 1877 505 usque
1904 434 2137 489 devene-
2168 438 2213 496 Α
2240 430 2499 501 scrupulo
2528 430 2674 485 dico.
2706 428 3043 497 Quibusdam
3066 427 3211 482 enim
3236 427 3290 481 in
3315 425 3477 488 locis.
3502 424 3741 481 maxime
3764 426 3817 481 in

553 545 703 602 runt,
756 533 853 590 τοῦ
888 532 1140 606 Ἑϐραίου
1198 532 1460 587 lectiones
1500 546 1567 586 ex
1601 529 1836 600 Origene
1884 538 2138 582 manasse
2244 524 2386 577 libro
2415 521 2539 587 Job,
2594 531 2705 576 tam
2740 522 3051 591 frequentes
3084 519 3282 577 adsunt
3318 518 3526 575 Hebraei
3552 518 3820 588 interpre-

547 628 807 686 videntur
840 642 1011 683 :natn
1040 623 1335 680 verisimile
1361 630 1443 677 est
1467 620 1785 683 Eusebium,
1815 616 2135 681 Diodorum,
2242 616 2313 670 tis
2341 613 2625 676 lectiones,
2683 622 2745 669 ut
2793 612 2952 669 facile
2998 613 3144 669 credi
3194 612 3372 683 possit
3417 627 3512 667 eas
3541 610 3611 667 ab
3639 611 3820 681 aliqua

551 718 943 793 Hieronymum
995 728 1052 772 et
1092 716 1232 771 alios
1279 730 1311 770 a
1364 713 1683 768 doctoribus
1730 710 1848 767 suis
1892 706 2137 763 Hebraeis
2239 708 2487 761 versione
2511 704 2703 761 Graeca
2754 704 3075 775 desumptas
3112 703 3479 774 esse.'ltaque
3506 704 3680 758 donec
3707 703 3819 758 cla.

550 810 688 868 alias
714 810 1015 880 accepisse,
1044 822 1168 878 quae
1192 804 1425 860 fortasse
1451 804 1505 858 in
1536 803 1641 858 hac
1662 801 1985 857 collectione
2005 811 2134 854 cum
2237 798 2353 853 rius
2403 797 2698 868 quodpiam
2759 806 3005 852 veterum
3063 798 3441 853 testimonium
3502 812 3534 852 e
3583 796 3822 853 tenebris

545 902 897 979 Origenianis
936 899 1213 975 permistae
1244 904 1394 954 sunt.
1424 895 1557 953 Haec
1609 908 1831 967 quoque
1876 906 1989 948 non
2014 893 2137 948 sine
2233 888 2620 957 emerserit,de
2647 890 2733 945 bis
2753 890 2973 946 nonnisi
2995 887 3813 961 bariolandoloquipossumus.

1602 1067 1987 1160 CAPUT
2057 1012 2752 1159 ercUNnUM.

1811 1186 1902 1247 De
1960 1190 2135 1247 textu
2193 1180 2535 1245 Hebraico.

548 1292 589 1346 1.
608 1293 799 1346 Textus
819 1294 1108 1349 Hebraicus.
1129 1295 1181 1342 in
1204 1292 1443 1355 Hexaplls
1466 1292 1761 1352 descriplus,
1788 1288 2157 1355 idemerat‘qui
2181 1286 2594 1355 bodier_nus,_.non
2629 1291 2797 1355 autem
2823 1285 3140 1355 priscusgille
3158 1287 3511 1355 Samaritanus.
3532 1286 3597 1355 Π.
3638 1284 3817 1355 Speci-

607 1360 739 1407 mlna
762 1359 984 1419 quaedam
1008 1347 1282 1407 litterarum
1300 1347 1914 1419 llébraicarumveterum.
1932 1350 2015 1419 Ill.
2033 1347 2104 1399 Ex
2126 1347 2744 1419 qua_rumdan_1_li_tterarum
2764 1347 2974 1419 inter_se
2996 1349 3319 1419 similitudine
3343 1347 3817 1419 quantalectionnm

608 1426 664 1470 et
702 1408 1397 1480 intérpretationnmjarietas
1420 1417 1632 1480 orta_sit_.
1661 1412 1739 1463 IV.
1784 1414 1860 1463 De
1890 1413 2056 1476 prisco
2081 1408 2375 1473 scripturam
2418 1408 2707 1460 Hebraicam
2734 1410 2933 1474 legendi
2976 1423 3136 1462 more.
3158 1412 3217 1462 ν.
3249 1410 3328 1464 De
3348 1408 3510 1463 veteri
3533 1410 3818 1463 litterarum

604 1476 1028 1545 pronuntiatione.
1054 1479 1137 1529 Vl.
1159 1478 1235 1529 De
1263 1478 1510 1529 vncalibus
1531 1476 1880 1526 Hebraeorum.

543 1559 588 1621 l.
624 1562 823 1620 Testes
854 1562 1167 1627 Hebraieus,
1217 1562 1273 1616 in
1316 1560 1573 1631 ﬂeaaplis
1618 1557 2130 1631 descript_us._idem
2236 1550 2581 1608 bibliothecis
2606 1561 2979 1620 asservantur,
3010 1570 3120 1609 non
3163 1554 3456 1610 admodum
3479 1562 3701 1611 remota
3724 1569 3818 1610 ve-

612 1645 728 1718 erat
750 1635 841 1705 qui
861 1625 1168 1700 hodiernus,
1196 1649 1305 1687 non
1337 1625 1516 1686 autem
1559 1630 1768 1701 priscas
1792 1625 1905 1683 'ille
1936 1625 2112 1683 Sama-

2235 1646 2459 1701 tustatis
2490 1661 2632 1709 esse,
2666 1661 2983 1717 paucosque
3010 1646 3197 1702 haberi
3225 1648 3320 1718 qui
3349 1656 3610 1718 superent
3636 1662 3817 1702 annos

616 1707 848 1760 ΐὶιαιιιιεο
1026 1787 1053 1805 θ’
1362 1791 1374 1804 ,
1651 1789 1664 1802 θ
1816 1789 1828 1801 ,
2233 1707 2688 1804 quadringentos:
2737 1707 3116 1806 Antiquiorem
3167 1707 3375 1792 nullum
3421 1707 3818 1794 novimus-eo

612 1793 909 1862 Eusebius,
965 1792 1111 1849 Hist.
1140 1793 1297 1859 εδει,
1339 1791 1435 1849 hb.
1488 1805 1568 1858 vt,
1615 1799 1693 1845 ait
1735 1788 2024 1860 Origenem
2057 1786 2125 1841 ad
2161 1845 2199 1862 η
2237 1821 2589 1862 ρρηηηηρλί
2630 1824 2907 1862 νηιηωεηρ
2954 1823 3283 1862 “numine;
3361 1826 3430 1862 ΑΔ
3480 1841 3592 1862 mm
3642 1826 3812 1862 ,ηηιη

546 1884 787 1958 llexapla
839 1886 1218 1942 concinnanda
1262 1881 1683 1957 πραηοτύπους,
1713 1881 1831 1936 sive
1864 1878 2123 1952 primige-

545 1979 668 2033 nias
686 1985 741 2033 et
766 1977 1109 2031 anthenticas
1131 1971 1481 2029 Hebraeorum
1507 1975 1810 2041 scripturas
1837 1969 1943 2025 sibi
1970 1983 2123 2024 com-

548 2083 789 2143 parasse,
828 2069 928 2132 τάς
971 2084 1032 2121 τε
1063 2067 1214 2140 παρὰ
1251 2066 1364 2121 τῶν
1422 2063 1692 2119 Ἰουδαίων
1742 2062 2123 2135 ὲμφερομένας

546 2161 938 2234 πρωτοτύπους
998 2159 1185 2223 αὐτοῖς
1225 2156 1497 2229 Ἑϐραίων
1537 2154 1823 2226 στοιχείοις
1875 2153 2119 2227 γραφὰς.

542 2252 728 2323 κτῆμα
757 2249 890 2304 ἴδιον
916 2248 1269 2321 ποιήσασθαι.
1300 2245 1403 2301 Ubi
1434 2248 1636 2317 optime
1663 2256 1815 2300 notat
1843 2244 2119 2307 Valesius,

546 2340 840 2398 Eusebium
874 2357 1045 2397 sacrae
1069 2340 1365 2411 Scriptum
1414 2340 1632 2394 codices
1676 2336 1971 2392 Hebraicos
1998 2336 2121 2391 ideo

545 2431 933 2502 πρωτοτύπους
960 2432 1075 2490 sive
1095 2429 1451 2501 prinfigenios
1479 2440 1697 2493 vocare,
1726 2440 1835 2481 non
1856 2426 2002 2496 quod
2032 2441 2121 2481 rc-

542 2541 670 2581 vera
701 2536 885 2582 essent
909 2525 1297 2595 primigenium
1328 2523 1604 2592 exemplar
1633 2531 1689 2575 et
1716 2520 2117 2590 autographum

540 2620 613 2678 ab
640 2620 810 2677 Esdra
841 2620 1244 2688 conscriptum;
1268 2614 1365 2671 sed
1387 2612 1774 2687 πρωτοτύπους
1800 2620 1856 2667 et
1883 2612 2117 2666 authen-

544 2717 684 2773 licus
715 2715 988 2787 appellare
1014 2714 1424 2782 comparatione
1450 2706 1596 2764 facta
1624 2724 1749 2764 cum
1776 2705 1979 2761 Cra-cis
2004 2705 2119 2761 edi-

541 2812 809 2877 tionibus,
838 2819 947 2866 tam
972 2809 1321 2880 Septuaginta
1368 2808 1744 2877 interpretum.
1771 2818 1938 2874 quam
1979 2802 2117 2857 alio-

543 2920 687 2969 rum,
713 2918 838 2974 qum
880 2912 1041 2958 erant
1084 2900 1562 2971 interpretationes
1591 2898 1659 2953 ad
1700 2897 1980 2967 exemplar
2010 2891 2117 2950 He-

540 2992 788 3051 braicum
813 2997 1168 3051 concinnatae.
1213 2994 1399 3063 Neque
1423 2995 1549 3048 item
1587 2992 1887 3061 putandum
1915 2997 2020 3053 est,
2055 2997 2115 3044 ut

542 3088 622 3143 vir
647 3089 867 3158 quidam
916 3088 1114 3143 doctus
1154 3087 1541 3151 arbitrabatur,
1581 3085 1701 3139 illas
1724 3081 2115 3155 πρωτοτύπους

2158 1845 2201 1902 Β
2234 1821 2591 1879 Pentateucbi
2630 1824 2907 1880 volumine
2953 1823 3307 1894 Bononiensi,
3361 1826 3431 1883 de
3480 1841 3592 1897 quo
3641 1826 3815 1882 multa

2227 1912 2468 1967 diximus
2496 1914 2551 1967 in
2584 1911 2773 1967 Diario
2805 1912 3026 1982 Italico,
3079 1930 3134 1985 p.
3164 1916 3269 1973 399
3293 1924 3350 1971 et
3380 1916 3507 1983 £00,
3541 1917 3688 1989 quod
3712 1934 3817 1973 an-

2229 2006 2319 2062 nis
2345 2006 2415 2062 ab
2444 2006 2570 2061 hinc
2592 2007 3009 2078 quadringentis
3050 2010 3315 2079 magistro
3335 2009 3543 2064 ordinis
3566 2008 3818 2065 Domini-

2220 2115 2484 2155 cauorum
2533 2100 2843 2171 Aymerico,
2890 2101 3048 2172 quasi
3096 2102 3493 2172 autographum
3540 2099 3749 2168 Esdrre,
3778 2116 3815 2157 ι

2219 2191 2424 2247 Iudaeis
2477 2192 2724 2248 oblatum
2766 2191 2891 2248 fuit.
2941 2191 3095 2247 Licet
3152 2199 3336 2247 autem
3378 2192 3815 2248 commentitiam

2222 2284 2541 2353 huiusmodi
2566 2293 2889 2340 vetustatem
2923 2300 3086 2346 nemo
3117 2285 3361 2355 prudens
3390 2285 3665 2353 admittat,
3712 2298 3817 2341 ve-

2222 2374 2455 2429 risimile
2485 2385 2667 2430 tamen
2691 2385 2778 2430 est
2808 2376 3018 2445 aliquot
3056 2385 3183 2430 ante
3224 2376 3459 2442 saeculis,
3488 2391 3656 2447 quam
3696 2376 3813 2450 Ay-

2221 2469 2462 2523 mericus
2487 2469 2780 2540 acciperet,
2808 2479 3095 2525 exaratum
3149 2469 3340 2524 fuisse.
3376 2467 3433 2522 lu
3466 2470 3620 2523 hisce
3640 2482 3813 2539 pom

2222 2561 2481 2615 omnibus
2510 2561 2795 2616 codicibus
2826 2562 3016 2616 eadem
3074 2561 3214 2631 ipsa,
3264 2576 3390 2631 qua:
3437 2561 3492 2614 in
3524 2560 3813 2617 hodierni:

2220 2649 2432 2715 Bibliis,
2492 2652 2873 2707 characterum
2924 2651 3102 2706 forma
3145 2652 3594 2721 deprehenditur,
3628 2650 3702 2707 ita
3745 2661 3814 2707 ut

2216 2741 2357 2795 nihil
2389 2742 2726 2797 discriminis
2778 2743 3103 2798 intercedat.
3148 2742 3303 2798 Alias
3338 2745 3665 2798 vetustiores
3689 2742 3811 2798 for-

2217 2847 2338 2886 mas
2362 2833 2736 2900 conspicimus
2764 2834 2819 2887 in
2849 2834 3048 2903 lapillis
3071 2834 3288 2889 duobus
3312 2832 3811 2901 Basilidianorum,

2215 2926 2311 2996 qui
2347 2940 2514 2994 penes
2545 2942 2631 2980 me
2653 2936 2801 2989 sunt,
2822 2924 3091 2980 Hebraico
3116 2927 3431 2981 charactere
3451 2927 3808 2996 conscriptis,

2215 3026 2269 3070 et
2294 3017 2513 3086 quidem
2539 3018 2699 3072 tertio
2720 3017 2935 3072 circiter
2961 3017 3165 3073 Christi
3191 3017 3414 3081 saeculo,
3447 3026 3508 3073 ut
3533 3026 3764 3088 putatur
3788 3034 3808 3074 :

2217 3108 2331 3171 ubi,
2370 3119 2568 3178 praeter
2590 3123 2887 3178 paucarum
2921 3108 3221 3163 litterarum
3257 3109 3482 3180 ﬁguras,
3507 3109 3600 3165 vix
3646 3109 3810 3167 aliud

537 3181 758 3254 γραφὰς
783 3195 906 3236 955°
932 3179 1333 3272 δδιηπίξθηδηδ
1389 3178 1739 3272 scripturam.
1787 3191 1951 3244 q'm"
1983 3173 2109 3230 θῇ·
2140 3200 2186 3259 C
2217 3173 2496 3269 quidpiam
2560 3173 2832 3269 espiscari
2898 3200 3121 3266 valeas;
3175 3208 3236 3255 ut
3297 3173 3564 3272 contingit
3628 3202 3809 3259 etiam

537 3288 724 3344 gerres,
759 3272 1029 3328 Eusebius
1057 3282 1111 3326 et
1133 3270 1495 3342 Hieronymus
1530 3269 1599 3323 ab
1630 3267 1980 3322 llebrmorum
2017 3282 2111 3337 pe-

535 3364 815 3419 ritissimis
838 3365 1035 3429 edocti,
1065 3366 1301 3435 priscam
1329 3377 1454 3418 esse
1494 3360 1886 3417 Hebraicorum
1916 3359 2111 3413 chara-

535 3468 745 3512 Cterum
774 3454 1006 3510 formam
1046 3466 1381 3511 asseverant.
1419 3452 1553 3507 Nam
1603 3437 1839 3507 dilucide
1872 3459 1927 3505 ct
1962 3451 2110 3503 nulla

538 3549 827 3605 verborum
870 3549 1099 3618 ambage
1150 3549 1229 3602 ait
1281 3544 1551 3600 Eusebius
1593 3560 1687 3598 eas
1742 3557 1867 3596 esse
1899 3541 2110 3596 litteras

533 3657 659 3711 quae
688 3640 829 3713 apud
857 3638 1074 3696 ludens
1116 3638 1593 3695 circumferuntur.
1627 3635 1781 3693 Tunc
1813 3651 1944 3692 vero
1974 3643 2111 3689 tem-

533 3731 687 3807 poris
709 3733 1078 3787 certissimum
1109 3740 1211 3796 est,
1248 3730 1552 3801 refragante
1596 3730 1838 3793 nemine,
1883 3726 2113 3782 Hebrai-

536 3837 726 3879 carum
758 3822 1153 3891 scripturarum
1177 3820 1524 3877 characteres
1567 3817 1787 3875 eosdem
1821 3818 1992 3873 fuisse
2013 3817 2110 3887 qui

537 3912 595 3969 in
625 3912 907 3969 hodiernis
956 3911 1146 3969 Bibliis
1198 3911 1478 3968 Hebraicis
1510 3911 1797 3966 habentur.
1833 3908 1953 3966 Non
1996 3925 2109 3979 quo

536 4004 699 4059 velim
749 4020 817 4058 ne
851 4004 1124 4059 tantillum
1167 4002 1386 4073 quidem
1434 4003 1768 4058 discriminis
1814 4003 1955 4060 inter
1985 4003 2107 4056 illas

534 4105 747 4151 veteres
772 4105 825 4150 et
860 4094 1151 4148 hodiernas
1181 4094 1574 4158 intercessisse,
1605 4093 1678 4147 ita
1722 4104 1783 4147 ut
1813 4107 1881 4146 ne
1902 4091 1984 4146 vel
2007 4091 2110 4145 mi-

530 4190 685 4247 nima
708 4189 935 4243 mutatio
958 4189 1011 4242 in
1041 4187 1205 4241 ullam
1242 4185 1624 4241 Ilebraicarum
1652 4186 1955 4241 litterarum
1986 4200 2111 4238 suc-

535 4280 787 4337 cessione
820 4290 1123 4349 temporum
1161 4280 1447 4347 importata
1491 4276 1674 4333 fuerit.
1709 4278 1817 4332 Sed
1861 4277 1984 4331 dico
2034 4278 2107 4331 ita

533 4372 753 4425 easdem
780 4385 923 4433 esse,
958 4379 1017 4424 ut
1046 4370 1321 4425 modicum
1349 4386 1379 4423 a
1407 4372 1588 4439 prisca
1650 4368 1826 4423 forma
1872 4383 2110 4424 recesse-

534 4463 665 4517 rint.
700 4460 1040 4527 Querebatur
1070 4463 1199 4515 olim
1235 4461 1593 4533 Hieronymus
1621 4462 1688 4516 de
1714 4459 2104 4516 llebraicarum

532 4553 837 4608 litterarum
883 4555 1145 4623 parvitate
1193 4554 1359 4609 nimia
1397 4573 1408 4608 :
1463 4555 1678 4609 Accedit
1734 4554 1934 4623 (inquit
1969 4552 2104 4605 Pro-
2139 4548 2182 4601 ι)

532 4644 660 4713 logo
687 4659 809 4713 cap.
845 4660 937 4708 xx,
963 4646 1018 4697 in
1056 4644 1401 4711 Ezechielem)
1432 4644 1502 4698 ad
1535 4644 1672 4697 hanc
1712 4643 1954 4698 dictandi
1979 4644 2109 4711 dini-

535 4735 811 4795 cullatem,
863 4735 1025 4804 quod,
1076 4734 1427 4804 caligantibus
1480 4734 1649 4788 oculis
1684 4742 1966 4797 senectute,
2003 4731 2107 4785 ali-

530 4819 661 4888 quid
699 4820 1083 4874 sustinentibus
1119 4823 1255 4874 beati
1289 4820 1463 4883 Isaac,
1492 4822 1561 4874 ad
1590 4837 1904 4875 nocturnam
1928 4822 2104 4873 lumen

531 4926 861 4979 nequaquam
882 4910 1149 4963 valeamus
1180 4910 1523 4964 llebrrrorum
1556 4910 1824 4964 volumina
1853 4909 2100 4977 relegere,

527 5018 649 5073 qut:
687 5005 849 5057 etiam
870 5003 941 5056 ad
963 5004 1090 5056 salis
1115 5004 1317 5072 dieique
1344 5002 1599 5072 fulgorem
1628 5002 1932 5055 litterarum
1955 5000 2104 5053 nobis

527 5098 793 5165 parvitate
818 5106 1107 5151 ca'canlur.
1136 5096 1268 5162 Quae
1317 5096 1551 5150 fortasse
1588 5095 1655 5149 de
1699 5094 2106 5163 exemplaribus

530 5198 740 5243 tantum
768 5187 1079 5259 Hieronymi
1111 5187 1336 5259 intelligi
1368 5187 1587 5242 debent.
1611 5186 1881 5242 Credibile
1905 5187 2105 5256 quippe

528 5291 611 5335 est
678 5281 819 5352 διιιὰ
890 5278 1178 5344 Hebraeos,
1254 5280 1477 5349 perinde
1542 5291 1704 5348 atque
1769 5280 1910 5350 apud
1978 5280 2106 5333 reli-

527 5389 668 5441 quas
690 5374 839 5428 orbis
866 5374 1132 5439 nationes,
1184 5374 1515 5443 exemplaria
1561 5371 1810 5443 quaedam
1867 5373 2100 5438 minore,

530 5467 635 5517 alia
666 5479 794 5517 vero
822 5464 1347 5532 majorelitterarnm
1385 5466 1557 5521 forma
1596 5467 1865 5537 descripta
1907 5466 2097 5523 fuisse.

600 5552 663 5607 ll.
702 5556 1004 5624 Spectmiua
1045 5560 1289 5626 quedam
1319 5557 1620 5611 litterarum
1652 5557 2039 5611 llebraicarum

1189 5638 1435 5682 veterum.

598 5714 818 5770 Certum
852 5714 1080 5770 habetur
1101 5717 1243 5787 apud
1276 5719 1542 5784 eruditos,
1572 5715 1865 5775 Hebraicos
1896 5718 2101 5774 Biblioa

528 5824 649 5863 rum
700 5810 915 5867 codices
957 5811 1383 5883 manuscriptos.
1421 5815 1516 5885 qui
1578 5815 1632 5869 in
1659 5814 1827 5870 variis
1868 5813 2098 5883 Europa

2212 3292 2433 3363 quando
2458 3290 2705 3347 Abraxea
2739 3292 3051 3361 hujusmodi
3104 3292 3349 3364 symbola
3376 3291 3561 3349 Graece
3587 3292 3807 3349 descri-

2213 3394 2302 3454 pta
2339 3391 2490 3450 sunt,
2529 3400 2651 3455 qua:
2705 3385 2797 3440 vix
2843 3384 2946 3455 legi
2983 3400 3217 3454 raroque
3262 3385 3493 3457 intelligi
3539 3398 3802 3457 possunt.

2221 3470 2623 3542 Subjungimus
2652 3483 2830 3526 autem
2857 3472 3207 3543 alphabetum
3232 3469 3555 3529 chraicum
3584 3491 3653 3532 ex
3680 3492 3801 3533 ms.

2214 3562 2328 3617 RR.
2362 3562 2467 3618 PP.
2500 3562 2833 3619 Jesuitarum
2860 3564 3070 3633 collegii
3097 3563 3358 3622 Ludovici
3386 3564 3593 3638 Magni;
3617 3568 3709 3623 ubi
3733 3569 3801 3625 in

2212 3658 2355 3713 libro
2379 3658 2722 3712 Tbrenorum
2764 3655 3016 3713 Ieremia:
3055 3656 3359 3714 litterarum
3384 3658 3557 3715 forma
3584 3662 3803 3733 pluries

2209 3749 2521 3821 depingitur
2540 3764 2571 3802 a
2593 3748 2927 3820 calligrapbo
2948 3747 3137 3805 Graeco
3156 3767 3172 3818 ;
3194 3751 3287 3806 sed
3320 3750 3393 3805 ita
3421 3751 3800 3823 indiligenter,

2212 3853 2273 3899 ut
2300 3858 2409 3898 non
2443 3857 2627 3897 secum
2657 3844 2773 3912 ipse
2800 3843 3127 3911 consentiat,
3165 3851 3221 3897 et
3265 3858 3390 3897 cum
3430 3842 3573 3898 idem
3599 3845 3803 3916 alpha-

2211 3937 2395 3992 betum
2426 3938 2638 4004 repetit,
2668 3951 2700 3990 a
2733 3936 2916 4006 priore
2948 3952 3113 4008 quam
3145 3942 3403 4007 posuerat
3443 3934 3618 3991 forma
3641 3953 3799 4009 saepe

2211 4027 2473 4083 deﬂectat.
2496 4025 2574 4081 Ex
2591 4028 2658 4082 iis
2676 4043 2805 4081 vero
2825 4028 3019 4084 formis
3033 4043 3130 4083 eas
3147 4025 3449 4096 delegimus
3466 4042 3590 4097 qua:
3612 4029 3799 4101 magis

2213 4118 2597 4174 adlitterarum
2615 4116 3001 4173 Hebraicarum
3022 4118 3251 4191 figuram
3272 4117 3621 4175 accedebant.

2574 4227 2804 4342 ut
3193 4214 3408 4340 si,

2577 4410 2616 4459 2

2578 4564 2608 4612 J

2575 4700 2611 4750 ,τ

2572 4841 2612 4888 Π

2581 5000 2605 5049 ,ί

2573 5160 2600 5208 'l

2702 4376 2804 4482 ‘J.

2702 4516 2799 4636 Β

2710 4669 2780 4788 ις

2697 4822 2800 4926 Π

2704 5005 2763 5103 d

2720 5134 2781 5247 P

2711 5285 2780 5400 ἣ

2696 5433 2788 5547 Ls

3183 4425 3237 4475 ω

3190 4574 3218 4623 1

3186 4702 3227 4751 υ

3185 4860 3227 4915 ν

3184 4999 3226 5052 9

3179 5163 3223 5216 ι

3177 5327 3219 5402 p

3177 5489 3218 5534 -ι

3174 5626 3226 5677 ω

3176 5784 3222 5838 n

3311 4379 3421 4655 ἓξ

3326 4680 3415 4775 ι)

3306 4833 3413 5098 ἔ

3307 5131 3406 5266 X

3302 5298 3408 5562 ἓν

3304 5594 3407 5705 ρ.

3311 5750 3407 5860 τι

2570 5776 2602 5824 ³
2690 5747 2792 5869 ῘῙ
