4064 6262
326 352 396 409 ΙΙ
1565 350 1635 405 ΙΝ
1668 350 1905 408 ΗΕΧΑΡ

2041 348 2399 407 ORIGENIS.
3558 363 3632 419 ,η

402 468 503 524 llis
533 468 763 541 prolatis
785 470 1182 525 vetustioribus
1206 470 1511 525 litletarttm
1532 468 1927 525 llcbraicarutn
1961 475 2007 531 Λ
2035 469 2344 525 similitudo
2374 468 2823 541 deprehenditur,
2856 473 2931 528 ita
2963 481 3025 529 ιιι
3056 473 3124 529 ad
3144 474 3511 535 differentiam
3541 481 3632 537 lit-

325 563 753 633 speciminibns,
783 563 899 635 jam
931 563 999 618 de
1027 564 1259 636 singulis
1301 574 1361 619 ut
1385 565 1516 621 olim
1547 564 1928 639 scribebantur

323 656 531 713 litteris
555 675 727 728 pauca
763 668 1099 729 pertractare
1129 675 1310 730 operae
1337 658 1761 730 pretiuml‘uerit.

396 761 441 809 κ
469 764 686 818 semper
734 752 807 805 ita
830 751 1107 821 depictum
1139 750 1311 807 fuisse
1338 751 1573 814 videtur.
1605 766 1782 823 neque
1815 750 1926 807 ulla

319 840 473 896 inter
499 853 713 899 veteres
747 854 802 898 et
836 844 1173 900 recentiores
1200 844 1628 915 deprehenditur
1653 845 1925 899 scribendi

318 932 658 992 diﬂ‘erentia.
688 934 1003 1008 Eademque
1028 934 1207 993 forma
1230 937 1472 992 occurrit
1502 936 1557 990 in
1579 935 1782 1006 lapillis
1816 936 1925 989 Ba-

318 1026 739 1083 silidianorum.
1428 1101 1435 1105 ν

398 1136 442 1186 3
482 1124 611 1179 item
642 1137 675 1178 a
708 1123 889 1193 prisca
950 1120 1128 1178 forma
1181 1138 1292 1176 non
1332 1123 1636 1179 recessisse
1694 1120 1929 1177 suadent

319 1227 442 1273 tum
467 1219 747 1288 specimen
774 1217 1023 1282 allatura,
1058 1223 1176 1269 tum
1238 1214 1403 1270 etiam
1450 1214 1573 1285 ejus
1621 1214 1928 1269 similitudo

319 1326 453 1365 cum
490 1310 670 1363 littera
721 1319 777 1372 3,
832 1320 956 1377 qua:
1004 1313 1061 1361 et
1091 1304 1224 1360 olim
1260 1304 1330 1359 ab
1368 1304 1605 1359 Eusebio
1639 1304 1697 1356 in
1724 1303 1921 1374 psalm.

319 1418 506 1458 xxxttt
561 1400 850 1455 observata
888 1395 1014 1461 fuit,
1072 1406 1127 1451 et
1159 1396 1323 1451 hodie
1347 1395 1403 1450 in
1446 1395 1605 1450 libris
1638 1394 1924 1473 Hebraicis

315 1493 772 1564 deprehenditur.
803 1488 944 1545 Nam
976 1488 1055 1544 ait
1084 1486 1361 1545 Eusebius
1385 1489 1487 1545 bas
1508 1489 1720 1544 litteras
1753 1504 1924 1558 parvo

318 1585 482 1655 apice
511 1581 797 1654 distiu‘gui,
820 1576 892 1636 ut
921 1580 1197 1651 hodieque
1221 1579 1497 1647 videmus,
1530 1580 1679 1650 quod
1715 1578 1921 1635 conﬁr-

317 1686 439 1734 mat
488 1676 859 1747 Hieronymus
908 1674 1099 1731 multis
1148 1673 1205 1728 in
1258 1674 1417 1730 locis.
1453 1672 1533 1729 Ex
1588 1673 1696 1729 hac
1754 1688 1919 1744 porro

2031 569 2163 614 terte
2190 570 2213 621 Ἰ
2241 562 2350 617 duo
2384 572 2583 632 puncta
2639 565 3117 633 superscribantur
3143 570 3222 624 sic
3258 573 3306 627 i'.
3344 571 3427 627 Ah
3460 574 3629 629 inter-

2031 655 2284 723 pretibus
2307 670 2528 725 quoque
2555 656 2719 710 aliam
2755 674 2852 727 pro
2885 659 2993 713 alia
3036 661 3230 716 lectam
3265 677 3411 733 saepe
3438 665 3629 737 depre-

2027 745 2343 801 hendimus.
2377 745 2690 803 Verisimile
2724 758 2906 804 autem
2940 760 3024 806 est
3052 752 3252 809 lineam
3277 770 3387 826 qua
3419 754 3626 814 fortna-

2028 840 2234 900 baturt
2268 841 2322 895 in
2344 840 2675 910 quibusdam
2706 842 2900 897 saltem
2924 843 3089 900 libris‘
3106 861 3136 900 a
3164 848 3448 916 superiore
3468 862 3623 919 parte

2028 932 2287 987 reﬂexam
2309 931 2482 990 fuisse
2514 935 2595 989 sic
2620 943 2678 1001 ‘l;
2714 935 2861 990 unde
2906 939 3158 1006 contigit,
3195 948 3255 994 nt
3283 955 3385 1010 pro
3406 952 3448 1000 ἰ
3476 957 3622 1011 sape

2027 1023 2214 1079 habita
2252 1024 2415 1081 tuerit
2451 1025 2523 1080 ab
2572 1026 2984 1094 interpretibus,
3014 1039 3074 1083 ut
3115 1029 3258 1101 intra
3288 1032 3566 1090 videbitur
3600 1050 3615 1088 :

2026 1128 2172 1173 certe
2199 1127 2537 1175 memoratus
2566 1120 2737 1175 codex
2758 1122 2902 1176 unde
2934 1122 3300 1193 alphabetum.
3317 1140 3485 1196 supra
3518 1126 3617 1182 de-

2026 1209 2234 1279 pictum
2266 1212 2668 1280 excerpsimus,
2716 1212 2771 1268 in
2829 1212 3002 1269 altero
3029 1214 3321 1287 alphabeto
3351 1219 3501 1288 (nam
3528 1220 3616 1274 al—

2028 1302 2264 1371 phabeta
2318 1306 2542 1375 repetit,
2597 1315 2658 1360 ut
2689 1306 3001 1377 diximus)!
3054 1310 3214 1379 quasi
3255 1322 3298 1371 '1
3351 1311 3611 1368 detineat.

2024 1396 2280 1451 Attamen
2305 1398 2361 1452 in
2391 1413 2526 1453 voce
2555 1397 2705 1452 ﬂlﬂl
2748 1398 3027 1455 multoties
3046 1401 3273 1471 repetita
3309 1402 3364 1457 in
3390 1400 3611 1471 Hcsaia,

2023 1489 2487 1559 quemadmodum
2539 1501 2597 1547 et
2636 1492 2691 1546 in
2732 1492 3023 1563 alphabeto
3069 1510 3258 1565 supra,
3314 1498 3615 1554 neutralit-

2024 1594 2139 1637 tcra
2173 1590 2196 1630 ι
2229 1584 2314 1637 vel
2345 1593 2369 1643 1
2397 1599 2428 1637 a
2460 1597 2720 1653 supremo
2742 1586 2898 1655 apice
2920 1586 3121 1641 reflexa
3146 1597 3247 1641 est.

2092 1673 2171 1730 De
2206 1675 2385 1732 litura
2411 1687 2439 1736 τ
2464 1677 2599 1731 nihil
2642 1677 3025 1746 observamus,
3080 1680 3186 1735 nisi
3227 1678 3460 1737 formam
3486 1682 3611 1753 ejus

316 1770 518 1825 fortnas
570 1766 929 1824 similitudine
977 1766 1183 1854 factum
1215 1775 1322 1832 est,
1367 1776 1429 1821 ut
1485 1767 1609 1821 aliis
1636 1780 1671 1827 3
1710 1766 1835 1821 aliis
1874 1776 1915 1825 ι
1944 1829 1985 1854 ἢ
2021 1765 2077 1820 in
2104 1766 2393 1836 alphabeto
2415 1783 2578 1838 supra
2604 1769 2896 1825 admodum
2923 1780 3234 1840 corruptam
3260 1773 3449 1829 videri.
3470 1772 3605 1830 Eam

314 1863 655 1934 legentibus,
676 1874 874 1930 magna
899 1860 1415 1932 interpretationurn
1445 1861 1687 1915 varietas
1714 1861 1912 1916 oborta
1944 1860 1989 1889 υ
2018 1876 2149 1917 vero
2175 1877 2302 1919 cum
2332 1861 2438 1917 alia
2462 1864 2660 1932 quavis
2688 1863 2869 1919 littera
2896 1875 3258 1935 permutatam
3282 1864 3455 1924 fuisse
3478 1881 3608 1923 nus-

314 1956 413 2021 sit,
439 1965 502 2008 ut
531 1950 673 2007 intra
702 1950 951 2023 pluribus
984 1952 1315 2008 ostenditur.

390 2056 421 2107 ι
451 2044 757 2100 secundum
808 2044 1108 2100 hodiernas
1156 2034 1402 2109 formas,
1456 2057 1712 2114 magnam
1750 2041 1915 2099 habet

313 2153 442 2194 cum
474 2148 504 2197 :t
533 2152 643 2190 nun
666 2134 1013 2191 atllnitatenn
1033 2135 1142 2193 Sed
1177 2135 1518 2191 absimiliore
1567 2136 1702 2190 olim
1737 2134 1913 2208 ﬁgura

314 2231 421 2284 has
448 2230 662 2284 litteras
714 2229 1019 2301 descriptas
1076 2230 1250 2285 fuisse
1310 2240 1610 2300 putamus;
1661 2244 1770 2284 non
1800 2239 1914 2284 tam

314 2322 452 2390 quia
508 2320 660 2375 varie
707 2319 1022 2375 formantur
1064 2319 1120 2374 in
1171 2320 1463 2391 alphabeto
1482 2334 1647 2390 supra
1671 2320 1911 2391 depicto,

313 2414 453 2469 huic
490 2412 637 2468 enim
668 2426 781 2468 non
832 2413 1068 2469 multum
1117 2412 1370 2479 ﬁdimus;
1426 2427 1591 2483 quam
1645 2413 1775 2482 quia
1820 2412 1911 2468 vix

314 2507 488 2562 aliam
516 2520 617 2577 pro
645 2506 754 2561 alia
787 2508 1000 2576 uspiam
1024 2506 1220 2560 lectam
1246 2505 1417 2560 fuisse
1448 2504 1914 2576 deprehendimus

316 2596 377 2650 in
430 2605 676 2650 veterum
718 2593 1298 2665 interpretationibus;
1342 2609 1503 2651 secus
1549 2610 1715 2666 quam
1749 2595 1804 2649 in
1830 2593 1917 2650 lit—

314 2688 454 2743 teris
484 2686 760 2742 similibus
782 2687 1032 2757 contigit.

383 2788 425 2840 τ
462 2777 697 2833 lonnam
746 2778 1039 2833 retinuisse
1082 2791 1241 2833 suam
1295 2786 1534 2847 arguunt
1578 2786 1696 2831 tum
1735 2777 1913 2847 speci-

311 2872 473 2928 mina
495 2869 816 2945 vetustiora,
850 2878 965 2924 tum
989 2871 1229 2925 maxime
1268 2870 1391 2939 ejus
1441 2870 1742 2925 similitudo
1782 2885 1909 2925 cum

312 2976 529 3036 "t,qua:
558 2972 617 3020 et
646 2963 812 3019 hodie
861 2963 989 3019 talis
1049 2971 1156 3028 est,
1220 2972 1283 3017 ut
1313 2978 1458 3033 saepe
1515 2963 1606 3017 vix
1650 2962 1910 3035 distingui

312 3059 555 3134 possint,
585 3068 640 3112 et
662 3057 794 3113 olim
825 3065 977 3113 tanta
1007 3055 1131 3121 fuit,
1168 3063 1231 3110 ut
1284 3053 1607 3111 innumeras
1644 3070 1783 3127 pene
1820 3062 1909 3112 in-

2013 1969 2183 2026 quam
2202 1968 2236 2009 a
2272 1954 2432 2010 nobis
2466 1955 2817 2011 observatum
2847 1967 2951 2012 est.

2084 2046 2163 2102 De
2189 2057 2231 2109 rt
2259 2047 2315 2102 in
2346 2057 2386 2106 rt
2428 2048 2593 2102 verba
2627 2046 2881 2105 fecimus.

2081 2150 2135 2197 ιιι
2177 2138 2371 2194 eadem
2422 2153 2560 2209 pene
2602 2137 2781 2195 forma
2826 2141 3030 2212 scripta
3065 2140 3495 2213 deprehenditur
3540 2143 3599 2199 in

2014 2228 2323 2301 alphabeto.

2083 2330 2105 2369 ι
2133 2318 2210 2377 De
2233 2320 2339 2377 hac
2356 2320 2537 2377 littera
2562 2330 2744 2376 actum
2768 2321 2891 2377 fuit.

2090 2414 2165 2471 De
2183 2424 2225 2475 τι
2252 2416 2307 2470 in
2331 2426 2367 2475 3
2393 2414 2511 2485 jam
2540 2428 2732 2484 supra.

2078 2492 2115 2569 ⁸)
2157 2508 2261 2564 hac
2300 2506 2520 2563 circiter
2547 2505 2722 2578 ﬁgura
2752 2505 3014 2563 scribitur
3045 2506 3102 2562 in
3128 2507 3521 2579 speciminibus
3543 2521 3603 2568 et

2014 2603 2069 2657 in
2105 2599 2414 2672 alphabeto.
3441 2598 3447 2605 ’

2082 2702 2135 2753 n
2159 2706 2268 2746 non
2295 2690 2533 2745 multum
2560 2689 2847 2747 deﬂexisse
2867 2688 3089 2746 videtur
3118 2706 3149 2748 a
3179 2692 3361 2762 prisca
3394 2690 3596 2751 forma.

2082 2782 2207 2843 De:
2232 2784 2288 2838 in
2320 2796 2351 2845 λ
2378 2783 2643 2839 diximus.
2676 2781 2735 2837 ln
2788 2784 3100 2853 alphabeto,
3143 2786 3238 2841 'cui
3280 2800 3392 2842 non
3423 2786 3595 2846 multa

2011 2876 2146 2933 ﬁdes
2164 2877 2435 2941 habenda,
2462 2877 2622 2947 longe
2655 2875 2760 2930 alia
2788 2875 2965 2931 forma
2994 2877 3257 2948 pingitur.

2082 2982 2122 3031 D
2152 2970 2329 3026 forma
2348 2984 2487 3041 pene
2536 2969 2859 3041 triangulari
2889 2970 3193 3025 delineatur
3219 2971 3277 3025 in
3304 2969 3598 3041 alphabeto

2012 3078 2093 3120 SlC
2132 3079 2203 3119 >.

314 3151 742 3222 terpretatioues
766 3165 833 3206 ex
863 3148 1268 3221 permutatione
1319 3148 1700 3246 alterius__t:um
1736 3150 1905 3207 altera
1933 3186 1977 3246 ε
2080 3170 2121 3225 ν
2152 3173 2291 3229 pene
2314 3157 2547 3214 similem
2574 3156 2705 3213 huic
2736 3155 2901 3213 habet
2931 3155 3163 3212 formam
3201 3156 3258 3211 in
3306 3155 3595 3229 alphabeto

309 3242 596 3316 profectas
619 3241 974 3297 observemus
1007 3259 1020 3295 :
1053 3241 1411 3311 quamobrem
1442 3243 1519 3297 ait
1539 3240 1908 3315 Hieronymus
1942 3240 1976 3246 ⁷
2009 3266 2195 3321 supra.

310 3338 373 3391 in
397 3334 728 3390 Ezechielem
763 3349 887 3404 cap.
920 3348 974 3388 Vl
1002 3351 1015 3387 :
1060 3332 1242 3387 Potest
1276 3342 1329 3388 et
1358 3333 1421 3388 ob
1472 3335 1704 3390 vicinam
1749 3338 1907 3392 simi-

310 3429 601 3483 litudinem
628 3443 843 3483 ωιετιι
889 3436 942 3482 et
992 3442 1093 3482 ass
1141 3425 1529 3482 Bebraicarum
1578 3428 1904 3499 litterarum,

309 3538 436 3593 qua
461 3536 624 3591 parvo
650 3521 798 3589 apice
840 3518 1265 3591 distinguuntur,
1302 3519 1381 3573 ac!
1410 3519 1674 3575 Debtatha
1701 3520 1780 3577 vel
1801 3522 1905 3577 Re-

312 3615 504 3669 blatha
530 3615 814 3684 appellari.

386 3719 431 3768 τι
461 3711 514 3761 in
560 3707 849 3777 alphabeto
894 3720 1063 3777 supra
1103 3720 1133 3761 a
1195 3704 1371 3761 forma
1398 3704 1493 3760 τοῦ
1525 3719 1569 3769 n
1596 3706 1734 3763 Heth
1764 3710 1910 3764 mul-

314 3811 439 3857 tum
464 3790 663 3869 differt,
695 3818 857 3858 secus
880 3816 1046 3872 quam
1095 3800 1258 3855 hodie
1300 3801 1356 3855 in
1389 3800 1578 3858 Bibliis
1599 3800 1903 3873 Hebraicis,

316 3897 418 3951 ubi
447 3896 531 3951 hae
568 3896 763 3951 litterae
787 3894 1083 3951 admodum
1114 3893 1323 3950 similes
1344 3903 1494 3951 sunt.
1530 3895 1673 3951 Inter
1694 3906 1905 3952 utram-

316 4005 432 4060 que
458 4004 589 4044 vero
612 3989 849 4044 litteram
875 3989 1174 4043 discrimen
1201 3989 1329 4042 olim
1352 3990 1710 4059 conspicuum
1735 3990 1909 4048 fuisse

318 4082 575 4149 suadent,
597 4092 712 4137 tum
736 4081 1085 4152 alphabetum
1115 4096 1301 4150 supra,
1326 4081 1415 4136 ubi
1450 4093 1492 4140 Π
1513 4082 1593 4136 sic
1622 4082 1692 4146 Π,
1715 4094 1756 4144 n
1780 4098 1906 4139 vero

317 4177 401 4233 sic
426 4176 472 4232 ι]
502 4176 834 4247 depingitur,
860 4187 977 4230 tum
1027 4174 1269 4228 maxime
1295 4174 1651 4244 interpretum
1678 4190 1909 4233 consen-

322 4286 443 4334 sus.
466 4271 563 4340 qui
610 4271 713 4325 has
736 4277 740 4282 ’
767 4268 978 4325 litteras
1024 4282 1134 4322 non
1164 4281 1329 4321 unam
1366 4281 1467 4336 pro
1522 4268 1630 4322 alia
1658 4272 1908 4340 accipere

323 4365 591 4430 solebant,
645 4365 850 4435 quique
892 4376 1075 4417 tamen
1108 4361 1320 4416 litteras
1368 4360 1638 4431 quaslibet
1667 4362 1811 4417 inter
1847 4378 1908 4418 se

323 4455 553 4521 similes,
580 4454 783 4525 passim
807 4452 1237 4533 confundebant.
1269 4450 1417 4508 Sane
1451 4452 1684 4507 litteram
1709 4465 1751 4511 τι
1770 4453 1902 4508 olim

2076 3351 2118 3405 Β
2146 3344 2265 3398 sine
2294 3338 2617 3395 intermedia
2662 3338 2808 3393 linea
2845 3335 3108 3392 scribitur
3137 3351 3513 3407 saepenumero
3535 3336 3594 3391 in

2007 3437 2195 3493 codice
2220 3440 2545 3498 memorato,
2574 3430 2669 3486 sed
2696 3446 2821 3486 cum
2842 3430 3067 3484 annulo.

2079 3535 2120 3586 π
2147 3534 2270 3608 etp
2309 3522 2520 3578 formas
2571 3520 2777 3576 habent
2818 3521 2875 3574 in
2926 3519 3216 3591 alphabcto
3248 3520 3490 3587 vitiatas,
3520 3537 3593 3578 an

2008 3627 2192 3673 autem
2224 3624 2279 3674 et
2308 3614 2362 3671 in
2391 3629 2503 3685 quo
2536 3629 2568 3668 a
2595 3612 2775 3683 prisca
2831 3610 3010 3667 forma
3052 3612 3402 3677 recesserint,
3438 3613 3594 3685 igno-

2006 3723 2216 3765 ramus.

2073 3801 2151 3859 De
2168 3815 2211 3860 Ἶ
2228 3800 2352 3857 vide
2382 3799 2438 3854 in
2462 3807 2520 3859 Ἰ.

2022 3916 2025 3917 ⁷
2077 3903 2131 3952 ω
2155 3908 2264 3947 non
2299 3892 2371 3946 οι)
2398 3888 2590 3944 formae
2635 3887 3072 3951 similitudinem,
3106 3888 3199 3943 sed
3225 3887 3435 3944 obsoni
3477 3887 3593 3945 alli-

1988 3984 2234 4049 _nitatem
2286 3983 2581 4053 aliquando
2619 3994 2744 4035 cum
2769 3991 2810 4038 D
2830 3977 3210 4034 confunditur.
3237 3976 3435 4051 Figura
3468 3982 3589 4050 ejus

2006 4085 2221 4132 vetusta
2249 4074 2445 4129 similis
2474 4081 2555 4129 est
2580 4070 2879 4127 hodiernae.

2074 4178 2120 4228 τι
2134 4168 2179 4223 si
2197 4167 2333 4223 ﬁdes
2349 4166 2657 4236 alphabeto,
2676 4162 2898 4234 paulum
2918 4160 3136 4218 deﬂexit
3150 4179 3180 4218 a
3198 4161 3377 4233 prisca
3390 4161 3586 4233 ﬁgura.

2006 4280 2095 4336 ΙΙΙ.
2122 4280 2589 4357 Exquarttmdant
2635 4281 2936 4357 litterarum
2985 4277 3339 4357 similitudine
3385 4287 3591 4346 quanta

2227 4352 2746 4430 interpretationum
2796 4354 3025 4405 uarietas
3075 4357 3195 4400 arta
3245 4352 3335 4401 sit.

2080 4443 2161 4501 Ex
2212 4444 2576 4515 quarumdam
2630 4459 2795 4514 porro
2837 4442 3143 4497 litterarum
3195 4436 3588 4494 llebraicarum

323 4563 559 4617 ευρει-ηρ
578 4549 821 4604 clausam
856 4530 1029 4602 fuisse
1067 4548 1315 4602 indicant
1366 4546 1459 4601 alii
1517 4546 1904 4617 manuscripti,
1934 4555 1981 4611 υ
2006 4553 2130 4591 cum
2154 4537 2278 4592 aliis
2302 4536 2498 4591 litteris
2529 4534 2883 4590 similitudine
2922 4528 3240 4587 incredibile
3267 4539 3352 4585 est
3376 4540 3587 4601 quanta

321 4650 377 4696 et
404 4641 623 4711 quidem
656 4639 1049 4709 antiquissimi,
1083 4650 1143 4694 ut
1176 4639 1526 4695 Colbertinus
1574 4636 1627 4692 in
1675 4647 1804 4695 nota
1834 4638 1902 4694 ad

320 4738 638 4805 psal.t.xxt.
682 4732 849 4797 v.l8,
903 4743 959 4787 et
1011 4733 1182 4788 codex
1237 4731 1354 4789 RR.
1406 4732 1513 4787 PP.
1565 4730 1901 4787 Jesuitarum

320 4828 527 4898 passim
562 4828 617 4881 in
670 4825 886 4883 llesaia.
939 4826 999 4880 ln
1054 4826 1123 4881 iis
1167 4826 1371 4897 quippe
1418 4840 1524 4881 vox
1578 4825 1750 4889 ΙΠΠΙ,
1792 4842 1904 4895 qua

317 4918 634 4974 certissime
661 4916 986 4973 Hebraicum
1013 4925 1135 4977 rrrn
1165 4917 1513 4988 exprimitur,
1546 4919 1631 4974 bis
1665 4918 1899 4971 litteram

319 5022 363 5074 Π
386 5026 641 5081 superna:
674 5009 922 5065 clausam
971 5010 1191 5063 exhibet
1245 5010 1315 5065 ad
1374 5010 1598 5065 modum
1630 5011 1824 5064 litterae
1854 5010 1901 5062 Π

317 5104 547 5167 Cm,
574 5118 682 5172 qua
711 5102 766 5157 itt
791 5116 851 5158 re
869 5100 1223 5157 consentiunt
1249 5115 1375 5156 cum
1400 5100 1690 5170 alphabeto
1710 5118 1897 5171 supra.

388 5199 433 5265 Ίε
456 5196 588 5250 olim
621 5209 723 5265 pro
751 5202 772 5241 ι
799 5210 942 5264 saepe
975 5196 1173 5250 lectum
1226 5192 1397 5249 fuisse
1419 5196 1612 5249 suadet
1644 5194 1904 5267 llierony-

318 5304 469 5354 mus,
522 5287 616 5357 qui
666 5287 745 5342 ait
772 5287 934 5357 epist.
980 5285 1049 5341 ad
1092 5284 1320 5341 Suniam
1368 5294 1425 5340 et
1473 5286 1617 5343 Fret.
1673 5288 1727 5342 in
1759 5287 1896 5356 pret.

319 5398 534 5438 cxxtx:
584 5380 692 5435 Pro
758 5380 1001 5446 nomine,
1043 5381 1149 5434 sive
1195 5378 1335 5451 lege,
1392 5380 1534 5450 apud
1578 5397 1667 5435 eos
1710 5380 1902 5451 legitur

271 5544 279 5550 _
322 5489 513 5536 τιιιιΑ,
544 5473 685 5543 quod
710 5472 907 5543 Aquila
933 5473 1308 5543 interpretatus
1349 5484 1427 5526 est
1465 5472 1651 5542 φόϐον,
1696 5475 1795 5525 hoc
1819 5480 1901 5525 est

319 5565 619 5629 timorem;
663 5562 1008 5634 Symmachus
1054 5574 1106 5619 et
1166 5562 1468 5629 Theodotio,
1512 5564 1695 5635 νόμον,
1733 5564 1791 5616 id
1821 5571 1899 5618 est

318 5656 518 5727 legem,
544 5666 794 5726 putantes
823 5671 1024 5719 ηομ,
1060 5666 1273 5726 propter
1311 5657 1613 5711 litterarum
1643 5656 1893 5711 similitu-

316 5748 500 5802 dinem
533 5762 617 5803 tou
647 5758 698 5801 et
739 5763 867 5812 nu,
902 5733 1021 5818 quo:
1049 5757 1256 5801 tantum
1308 5748 1670 5819 magnitudine
1701 5748 1895 5801 distin-

316 5849 574 5908 guantur.
610 5839 670 5892 ln
721 5837 1012 5912 alphabeto
1055 5852 1274 5908 quoque
1340 5854 1509 5911 supra
1538 5838 1725 5895 eadem
1780 5839 1895 5910 ipsa

635 5937 909 6001 Pareat.
954 5938 1072 6000 Gn.
1115 5936 1270 5999 .XV.

2005 4629 2297 4684 lectionum
2350 4636 2406 4682 et
2462 4626 2977 4694 interptctationum
3023 4622 3259 4675 varietas
3298 4631 3419 4675 orta
3465 4622 3582 4675 sit:

2003 4737 2073 4778 ex
2112 4720 2279 4776 unius
2310 4719 2514 4791 quippe
2540 4718 2736 4774 litteras
2780 4719 3206 4773 commutatione
3233 4731 3397 4772 voces
3425 4717 3586 4787 longe

2004 4820 2218 4874 diversa
2254 4814 2588 4886 signiﬁcant,
2620 4813 2848 4869 nomina
2890 4826 3021 4867 vero
3047 4811 3272 4883 propria
3294 4825 3419 4865 cum
3458 4811 3585 4866 aliis

2003 4906 2436 4965 confunduntur.

2077 5001 2151 5057 De
2170 5011 2211 5059 τι
2234 5000 2455 5071 quidem
2484 4998 2678 5053 litterae
2727 5012 2853 5053 cum
2878 5008 2913 5059 ῃ
2945 4993 3305 5051 similitudine
3337 4995 3452 5065 agit
3479 4992 3585 5049 Eu-

2005 5094 2121 5150 seb.
2146 5094 2202 5148 in
2228 5092 2421 5163 psalm.
2470 5105 2670 5158 xxxttt,
2700 5090 2792 5144 ubi
2834 5089 2903 5144 de
2952 5096 3165 5143 mutato
3206 5084 3584 5149 Achimelecb,

2002 5172 2241 5269 fmus,
2261 5186 2315 5239 in
2342 5184 2679 5249 Abimelech,
2697 5167 2947 5264 15mm,
2973 5182 3215 5251 loquitur
3244 5180 3331 5235 his
3360 5179 3545 5234 verbis
3572 5198 3587 5233 :

2015 5281 2080 5334 Ἦ
2110 5278 2219 5335 τῶν
2242 5276 2539 5335 Basili:qu
2572 5274 2771 5349 Γραφὴ
2808 5272 3099 5344 Ἀχιμέλεχ
3132 5271 3396 5343 περιέχειν
3429 5269 3589 5324 ἐναλ-

2002 5373 2177 5444 λαγῆς
2202 5372 2468 5442 στοιχείου
2495 5365 2820 5439 γενομένης,
2836 5365 2991 5421 οὐδὲν
3016 5366 3100 5420 δεῖ
3121 5363 3412 5419 κινεῖσθαι·
3430 5362 3589 5432 παρὰ

2000 5467 2111 5538 γὰρ
2154 5466 2254 5536 τὴν
2310 5462 2605 5535 ὁμοιότητα
2664 5458 2757 5514 τοῦ
2806 5457 3071 5530 στοιχείου
3107 5455 3206 5511 τοῦ
3273 5453 3384 5528 Βὴθ
3444 5452 3581 5523 παρ’

2028 5558 2282 5631 Εεραίοις
2306 5552 2644 5624 κάλουμένου
2668 5552 2762 5606 καὶ
2781 5551 2875 5605 τοῦ
2900 5550 3048 5619 Χὰφ,
3061 5548 3334 5618 διαφόρως
3361 5544 3583 5615 ἐξεδόθη

1997 5649 2257 5723 τοῦνομαο
2288 5647 2475 5720 σχεδὸν
2496 5646 2607 5717 γὰρ
2632 5644 2691 5699 ἓν
2717 5644 2814 5698 καὶ
2859 5642 3055 5696 ταυτόν
3078 5641 3195 5695 ἔστι
3222 5639 3293 5695 τὰ
3319 5639 3414 5694 δύο
3441 5654 3586 5691 στοι-

2000 5746 2157 5815 χεῖα,
2222 5738 2566 5814 βραχυτάτης
2630 5734 2858 5807 κεραίας
2905 5732 3075 5805 μόνης
3130 5730 3582 5799 ὲναλλαττούσης.

2002 5837 2058 5894 Id
2088 5845 2211 5895 est:
2263 5834 2560 5905 Regnorum
2596 5830 2876 5899 Scriptura
2922 5826 3249 5884 Achimclcclt
3306 5824 3585 5880 habenae
