4064 6262
484 332 554 387 47
1838 330 2056 389 ΡΜΞιι

2160 330 2367 387 NARIA
3695 338 3766 395 £8

554 449 630 523 (a)
659 449 805 506 Nihil
847 450 1045 505 mirum
1084 444 1253 517 igitur
1281 450 1368 500 est
1417 444 1463 500 si
1514 442 1868 501 Massorctica
1908 447 2071 503 lectio
2098 451 2147 509 Α
2176 461 2327 500 num.
2365 446 2419 512 5,
2450 443 2583 515 Zay.
2621 443 2726 499 Sed
2757 444 2899 501 alius
2929 460 2983 501 ις
3012 446 3233 502 circiter
3264 450 3446 504 saeculi
3467 492 3482 516 ,
3524 467 3677 508 num.
3705 455 3762 519 2,

482 558 607 597 eum
636 542 937 601 vetustiore
956 541 1047 595 illa
1069 554 1180 594 non
1208 551 1435 608 prorsus
1453 539 1764 606 conveniat,
1798 538 2071 610 siquidem

481 634 796 691 Massoretaa
834 650 952 689 eam
985 632 1389 687 adnotaverunt
1415 643 1538 699 quae
1566 640 1724 685 :etate
1780 646 1878 687 sua
1925 638 1979 687 et
2005 647 2072 689 eo

480 729 602 783 loco
635 728 729 782 ubi
783 725 1147 782 versabantur
1177 722 1298 778 usui
1332 730 1480 787 erat,
1522 728 1755 793 quaeque
1807 723 1876 779 ab
1927 726 2072 779 anti-

480 821 674 891 quiore
702 820 792 874 illa
824 825 879 875 et
905 817 973 873 ab
1000 831 1065 871 ea
1093 829 1217 885 quae
1244 813 1413 868 variis
1454 814 1510 867 in
1545 813 1859 883 regionibus
1907 829 2072 871 usur-

482 914 737 982 pabatur,
772 910 1009 965 multum
1038 906 1341 963 diﬂ’erebat.
1380 903 1525 972 Quin
1567 905 1733 959 etiam
1781 905 1942 961 hodie
1988 906 2070 962 le-

481 1007 663 1059 ctione
680 1016 777 1073 per
799 1001 1128 1059 Massoretas
1144 1000 1211 1055 ad
1237 1006 1417 1055 certas
1441 995 1661 1053 vocales
1682 998 2067 1065 determinata,

480 1095 621 1149 inter
660 1093 939 1148 Rabbinos
970 1092 1291 1163 plerumque
1324 1103 1433 1143 non
1478 1087 1614 1143 satis
1661 1089 1916 1142 convenit
1959 1098 2071 1160 quo

478 1190 641 1254 pacto
670 1184 746 1239 sit
780 1181 1090 1254 legendum.
1116 1180 1247 1235 inde
1277 1186 1363 1235 est
1388 1175 1538 1247 quod
1585 1186 1799 1233 veteres
1835 1176 1913 1232 illi
1958 1193 2069 1233 non

480 1291 667 1332 secum
705 1290 921 1346 semper
938 1271 1287 1329 consentiant
1318 1271 1371 1324 in
1397 1268 1724 1325 lectionibus
1748 1310 1762 1334 ,
1798 1270 1893 1325 sed
1927 1271 2071 1327 alius

480 1370 589 1424 alio
616 1368 779 1422 modo
803 1366 945 1421 idem
974 1364 1200 1420 verbum
1229 1360 1494 1432 proferat,
1517 1361 1663 1429 quod
1692 1362 1958 1431 exemplis
1978 1377 2069 1417 se-

479 1458 778 1530 quentibus
813 1456 1193 1511 contirmatur.
1225 1452 1445 1507 Initium
1485 1467 1651 1522 porro
1702 1449 1959 1510 ducimus
1999 1453 2070 1509 ab

480 1551 772 1623 alphabeto
812 1547 1026 1613 Graeco,
1062 1546 1210 1618 quod
1242 1559 1368 1600 cum
1392 1544 1698 1600 litterarum
1727 1543 2065 1613 nominibus,

478 1645 686 1700 Grtecis
714 1637 914 1697 litteris
937 1639 1268 1709 descriptum
1300 1636 1535 1692 habetur
1581 1635 1726 1707 apud
1769 1634 2068 1692 Eusebium

477 1737 556 1790 De
579 1752 744 1806 prwp.
771 1749 980 1804 evang..
1006 1730 1103 1786 lib.
1130 1745 1184 1793 ι,
1218 1738 1274 1785 et
1300 1730 1354 1784 in
1376 1728 1568 1785 codice
1596 1725 1713 1783 RR.
1748 1726 1855 1785 PP.
1887 1726 2067 1785 lesui-

2174 546 2230 591 et
2261 538 2401 591 alius
2437 552 2511 591 χιι
2558 536 2764 600 saculi,
2810 552 2963 592 num.
3019 538 3107 603 17,
3163 538 3300 594 Zain
3355 541 3535 596 habet.
3581 543 3766 602 Codex

2173 627 2301 683 item
2333 628 2559 683 Coislin.
2587 626 2829 694 Graecus,
2864 646 3018 683 num.
3057 630 3180 698 191,
3212 632 3373 687 habet
3396 631 3503 695 ζάτ.
3537 636 3595 691 In
3628 638 3768 694 alios

2174 720 2419 791 quotidie
2453 722 2636 777 incido
2667 722 2885 778 codices
2917 724 3010 793 qui
3047 722 3148 777 Zai
3190 725 3412 782 habent.
3437 722 3641 795 'Quare
3673 731 3765 786 vix

2171 808 2534 867 dubitaverim
2571 814 2704 883 quin
2736 814 2866 867 olim
2896 814 2965 868 ab
2996 814 3256 871 omnibus
3296 816 3431 884 Zai,
3485 835 3595 874 non
3624 819 3766 876 Zm’n

2172 904 2373 960 lectum
2408 903 2591 966 fuerit,
2620 915 2647 963 ἰ
2670 919 2862 959 omnes
2894 920 2989 974 per
3011 903 3314 966 (reddunt.

2240 1003 2346 1056 nm
2375 994 2571 1050 "Item.
2608 992 2881 1052 Eusebius
2913 1004 2968 1051 ct
3000 1000 3121 1053 cod.
3146 997 3260 1053 Jes.
3291 998 3358 1071 se
3384 1000 3607 1071 legunt,
3635 1017 3765 1056 cum

2172 1089 2412 1159 aspirata
2441 1087 2673 1153 scilicet,
2702 1089 2805 1144 etsi
2839 1089 2891 1142 in
2910 1092 3204 1160 'postremo
3230 1106 3337 1145 non
3366 1092 3579 1161 legatur
3601 1093 3768 1161 spiri-

2170 1182 2293 1243 tus;
2322 1177 2472 1245 alph.
2502 1175 2748 1233 Murbac.
2774 1193 2940 1233 ιιετιι.
2971 1176 3126 1234 Hanc
3148 1180 3386 1235 litteram
3434 1179 3577 1234 LXX
3614 1181 3766 1254 lege-

2169 1266 2305 1323 bant
2344 1283 2443 1339 per
2470 1288 2531 1340 χ,
2564 1269 2668 1334 chi,
2725 1280 2784 1325 ut
2823 1279 2977 1326 notat
3028 1270 3398 1343 Hieronymus
3448 1272 3653 1337 Quart.
3704 1275 3766 1329 iu

2171 1358 2327 1423 Gem,
2359 1373 2420 1414 ut
2447 1370 2552 1425 Dn,
2584 1361 2735 1431 Χὰμ,
2762 1362 2949 1417 Citam.
2986 1359 3053 1415 Et
3087 1363 3143 1416 in
3165 1360 3454 1417 leremiam
3487 1378 3605 1434 cap.
3641 1377 3761 1431 ιιι,

2169 1451 2203 1521 ᾗ
2249 1451 2306 1517 2,
2338 1451 2407 1507 de
2431 1468 2565 1508 voce
2601 1462 2787 1515 ΠὌἿΠ
2817 1454 2932 1510 haec
2953 1455 3114 1508 habet
3141 1472 3155 1511 :
3189 1454 3257 1508 Et
3280 1471 3375 1523 pro
3401 1466 3555 1525 porta
3578 1455 3763 1525 ﬁctili,

2168 1543 2388 1614 Aquila,
2426 1544 2779 1614 Symmachus
2814 1557 2863 1601 et
2902 1544 3188 1600 Theodott'o
3216 1550 3386 1616 ipsum
3421 1549 3633 1602 verbum
3664 1566 3765 1619 po-

2167 1644 2387 1691 suerunt
2420 1635 2743 1692 Hebraicum
2796 1653 3073 1705 ιιΛιιειτιις
3105 1653 3201 1708 pro
3234 1655 3337 1709 quo
3382 1638 3531 1694 LXX
3553 1681 3566 1707 ,
3602 1641 3765 1709 juxta

2167 1742 2365 1780 rnorem
2394 1743 2571 1792 suum,
2605 1742 2701 1797 pro
2726 1729 3049 1797 aspiratione
3084 1742 3229 1784 nam
3266 1729 3491 1796 litterm,
3530 1733 3765 1788 addidit-

478 1803 658 1884 tarum
689 1803 1190 1896 collegiiLudovici
1215 1818 1395 1892 Magni
1440 1821 1493 1874 in
1519 1817 1755 1875 Threnis
1774 1818 2061 1889 Jeremim;
2096 1803 2137 1857 Β
2168 1826 2291 1871 runt
2314 1833 2401 1872 cut
2433 1816 2680 1874 Grtt'cum
2705 1862 2719 1885 ,
2755 1830 2814 1873 ut
2857 1820 3092 1875 dicerent
3129 1822 3374 1877 charsitb
3409 1839 3507 1893 pro
3546 1826 3759 1894 arsith;

476 1931 691 1972 necnon
726 1913 781 1969 in
817 1912 1107 1985 alphabeto
1138 1910 1344 1966 codicis
1368 1908 1751 1966 Murbacensis
1784 1911 1934 1966 mille
1954 1910 2063 1967 cir-

475 2009 615 2063 citer
643 2019 938 2069 annorum,
973 2019 1005 2058 a
1031 2001 1194 2059 nobis
1224 2001 1372 2057 edito
1406 1999 1833 2074 Palteograpliiw
1862 2002 2064 2060 (inccta

516 2144 529 2157 .
563 2100 688 2158 22!.

516 2144 529 2157 .
563 2117 688 2158 ττι.

474 2117 540 2249 ξ’.
576 2195 650 2249 De
674 2194 831 2248 veteri
858 2191 1163 2245 litterarum
1192 2188 1579 2243 Hebraicarum
1603 2189 2058 2259 pronuntiatione.

543 2275 661 2380 q‘ut
695 2290 880 2360 Aleph.
933 2285 1201 2342 Eusebius
1245 2284 1372 2357 legit
1405 2283 1537 2380 ἀλφ,
1575 2286 1698 2341 cod.
1738 2284 1851 2380 les.
1888 2286 2058 2356 ἀλφά,

478 2375 827 2456 alphabetum
858 2380 1216 2453 Muibacense
1243 2392 1433 2432 Αιειιιι.
1472 2377 1565 2430 Ait
1607 2393 1739 2432 vero
1792 2375 2063 2451 Hierony-

468 2492 599 2533 mus
630 2474 1025 2541 Quwstiouibus
1054 2472 1111 2525 iu
1143 2468 1421 2536 Genesim,
1450 2470 1595 2524 hanc
1630 2470 1865 2525 litteram
1918 2486 2062 2543 stupe

472 2585 569 2640 per
600 2585 629 2624 e
655 2566 781 2637 legi,
812 2566 1013 2635 saepius
1041 2577 1171 2617 vero
1202 2578 1298 2632 per
1323 2579 1375 2615 a.
1404 2558 1714 2632 Aliquando
1737 2573 1832 2626 per
1859 2580 1889 2618 ο
1918 2565 2058 2621 lecta

470 2651 1053 2726 deprehenditurntlll
1087 2651 1220 2722 Reg.
1243 2668 1283 2717 ι,
1310 2651 1365 2719 5,
1399 2659 1584 2711 riu-tn.
1613 2652 1782 2717 LXX,
1821 2654 2054 2727 Ὀρνίας.

539 2756 646 2809 τινι
697 2748 851 2804 Beth.
903 2746 1175 2803 Eusebius
1222 2754 1277 2801 et
1329 2747 1500 2802 codex
1549 2743 1661 2802 Jes.
1717 2746 1849 2819 βήοο
1908 2748 2055 2819 alph.

472 2842 715 2898 Murbac.
751 2856 912 2895 BETH.
950 2838 1189 2895 Omnino
1217 2839 1509 2910 respondet
1548 2839 1595 2903 ,ϐ
1629 2838 1821 2895 Graeco
1845 2884 1859 2907 ,
1893 2851 2061 2911 atque

471 2933 656 2996 hodie,
686 2940 744 2985 ut
767 2932 814 2996 ,Β
841 2930 1112 2995 Graecum,
1149 2944 1293 3001 saepe
1329 2929 1527 2999 legitur
1558 2943 1656 2997 per
1685 2944 1717 2981 γ
1748 2944 2059 2986 consonan-

472 3031 602 3090 tem,
634 3024 853 3093 quando
876 3023 1083 3078 scilicet
1115 3039 1223 3079 non
1256 3033 1344 3079 est
1366 3023 1776 3095 tlaghessatum.

2166 1910 2304 1965 sicut
2338 1910 2476 1964 illud
2512 1919 2609 1979 est,
2642 1927 2738 1982 pro
2767 1910 3010 1977 Bebron,
3041 1912 3317 1983 Chebron,
3342 1926 3393 1970 et
3422 1933 3521 1986 pro
3545 1916 3759 1985 Jeriho,

2160 1999 2404 2069 Jericho,
2429 2011 2480 2056 et
2507 2003 2733 2057 similia.
2763 2002 2893 2068 Alii,
2928 2007 3169 2061 maxime
3197 2023 3328 2063 vero
3367 2008 3561 2080 Aquila
3588 2050 3603 2075 ,
3656 2027 3762 2082 pro

2164 2093 2406 2165 aSpirata
2438 2096 2676 2161 habent;
2702 2110 2766 2151 ac
2800 2106 2860 2152 ut
2886 2096 3184 2152 verisimile
3214 2107 3321 2164 est,
3370 2100 3531 2157 initio
3559 2102 3760 2159 dictio-

2162 2200 2295 2239 num
2326 2200 2423 2255 per
2455 2186 2709 2256 spiritum
2745 2186 2977 2241 densum
3000 2187 3334 2255 indicabant,
3356 2188 3484 2245 licet
3503 2191 3616 2261 jam
3642 2191 3764 2259 spi-

2160 2275 2368 2331 rituum
2402 2277 2720 2350 hujusmodi
2754 2280 3214 2335 commutationes
3259 2281 3476 2349 multae,
3514 2283 3762 2341 maxime

2162 2367 2218 2423 in
2250 2369 2565 2425 nominibus
2594 2372 2851 2440 propriis,
2890 2372 3368 2442 deprehendantur
3396 2393 3410 2429 :
3442 2376 3568 2445 quia
3603 2376 3760 2433 enim

2160 2456 2293 2514 olim
2345 2456 2598 2530 Origenis
2646 2468 2910 2532 tempore,
2957 2472 3011 2517 et
3046 2464 3254 2534 aliquot
3295 2473 3420 2534 post
3457 2464 3755 2539 Origenem

2162 2550 2400 2618 steculis,
2436 2553 2768 2623 exemplaria
2798 2556 2984 2610 omnia
3016 2555 3135 2611 sine
3159 2557 3446 2626 spiritibus
3474 2568 3528 2613 et
3553 2571 3759 2615 acceni

2161 2642 2311 2699 tibus
2338 2644 2815 2715 dcscribebantur;
2861 2652 3087 2721 quando
3125 2649 3241 2705 haec
3277 2650 3530 2707 adnotari
3569 2664 3758 2723 cmpe-

2158 2745 2311 2805 rutit,
2331 2736 2648 2810 calligraphi
2686 2754 2785 2795 eos
2810 2743 3036 2811 spiritus
3070 2745 3125 2805 in
3162 2744 3477 2802 nominibus
3509 2745 3756 2815 propriis

2157 2840 2483 2899 posuerunt,
2513 2831 2607 2902 qui
2646 2834 2886 2902 primum
2919 2834 2973 2888 in
3009 2842 3247 2890 mentem
3278 2837 3592 2893 veniebant.
3632 2837 3755 2897 [lac

2157 2930 2342 2977 autem
2393 2922 2449 2978 in
2501 2939 2560 2979 re
2612 2925 2826 2980 codices
2868 2928 3040 2981 secuti
3070 2942 3303 2994 sumus,
3338 2930 3482 2985 male
3536 2932 3753 3002 positos

2155 3012 2313 3069 lenes
2336 3014 2566 3086 spiritus
2590 3016 2885 3072 emendare
2911 3030 3021 3074 non
3055 3020 3198 3074 ausi.
3236 3016 3290 3072 in
3337 3021 3519 3077 medio
3546 3024 3751 3080 dictio-

539 3102 675 3181 ’ππ
704 3117 930 3173 διιεηιει.
966 3115 1238 3173 Eusebius
1267 3116 1432 3188 γίμελ
1465 3117 1615 3186 legit,
1639 3115 1833 3171 codex.
1856 3110 2053 3171 Jesuit.

2160 3119 2290 3160 num
2323 3105 2557 3161 litteram
2593 3116 2637 3169 η
2669 3108 2889 3162 nonnisi
2917 3124 3015 3178 per
3049 3109 3295 3165 vocalem
3320 3113 3747 3183 exprimebant;

477 3212 631 3283 γιμλ,
690 3210 1039 3280 alphabetum
1070 3208 1429 3265 Murbaccnse
1473 3221 1669 3262 GEIIEL.
1719 3204 2057 3277 Exprimitur
2086 3198 2124 3209 '
2158 3198 2379 3253 unicum
2404 3198 2586 3255 tamen
2612 3200 2880 3270 reperitur
2908 3203 3217 3273 exemplum
3246 3205 3337 3259 ubi
3378 3205 3749 3278 Symmachus

470 3318 683 3373 semper
714 3318 809 3372 per
830 3322 871 3372 γ
896 3301 1166 3359 Graecum.

535 3379 644 3455 Πίττ
673 3393 883 3448 Daterh.
913 3391 1186 3447 Eusebius
1226 3397 1281 3445 et
1316 3389 1488 3447 codex
1521 3385 1634 3445 Jes.
1674 3386 1798 3444 δὲλθ
1846 3388 2053 3461 legunt,

471 3497 767 3553 suppressa
792 3491 1070 3553 postrema
1096 3480 1271 3535 vocali
1294 3498 1309 3547 ;
1330 3480 1679 3550 alphabetum
1697 3477 2055 3535 Murbaccnsc

469 3591 705 3629 DELETH.
751 3575 969 3645 Legitur
994 3588 1091 3643 per
1111 3571 1149 3627 δ
1182 3573 1405 3643 ubique.

540 3680 617 3726 κη
648 3666 747 3721 Ile.
786 3665 1057 3721 Eusebius
1098 3674 1153 3721 et
1191 3667 1313 3721 cod.
1346 3664 1456 3720 Jes.
1505 3680 1614 3721 una
1650 3665 1831 3719 littera
1875 3683 1915 3733 η
1958 3680 2055 3719 ex-

473 3760 739 3827 primunt.
792 3758 1033 3828 Uterque
1078 3773 1202 3813 cum
1252 3757 1445 3826 spiritu
1491 3758 1661 3812 denso
1701 3758 1763 3825 ἡ.
1817 3752 2049 3827 Alphab.

471 3850 713 3905 Murbac.
758 3864 847 3903 ns.
880 3847 1007 3903 Haec
1030 3862 1195 3919 porro
1232 3847 1410 3902 littera
1437 3850 1637 3915 saepius
1680 3864 1775 3919 per
1816 3866 1842 3901 ε
1869 3848 2055 3918 expri-

468 3941 741 4006 mebatur,
771 3956 911 4011 saepe
937 3941 1101 3995 etiam
1132 3955 1229 4011 per
1261 3956 1316 4007 a,
1348 3950 1483 3996 teste
1506 3935 1731 3995 Hieron.
1768 3938 1972 4005 ρυωδε.
1994 3941 2053 3994 in

470 4031 601 4088 Cen.
646 4034 996 4090 Canticorum
1048 4045 1229 4089 autem
1270 4032 1465 4098 vu,6,
1506 4042 1744 4093 catum:
1772 4033 1905 4106 legit
1929 4034 2053 4105 qui-

466 4128 591 4183 dam
619 4137 777 4182 vetus
806 4129 1075 4197 interpres
1107 4125 1395 4197 βερατεῐμ.

536 4228 582 4281 τι
627 4220 759 4274 Vau.
796 4218 1065 4275 Eusebius
1099 4227 1152 4274 et
1186 4218 1309 4275 cod.
1345 4216 1458 4273 Jes.
1497 4217 1633 4273 οὑαῦ
1657 4257 1673 4282 ,
1707 4218 1852 4289 alph.
1901 4217 2051 4274 Mur-

463 4312 587 4369 bac.
637 4330 762 4368 \‘AU.
810 4312 935 4367 llaec
976 4312 1153 4367 littera
1204 4327 1486 4381 nunquam
1534 4312 1892 4367 consonantis
1932 4314 2050 4368 vice

465 4405 712 4476 fungitur
738 4404 791 4459 in
820 4404 1141 4474 fragmentis
1178 4419 1275 4475 per
1319 4404 1539 4459 Graecos
1584 4404 1873 4475 descriptis
1897 4447 1913 4474 ,
1947 4420 2047 4461 nec

2156 3306 2345 3345 vocem
2376 3298 2528 3353 mnu
2552 3291 2733 3363 ὠχεὶμ
2761 3292 2909 3363 tegit,
2935 3308 3129 3363 nempe
3151 3293 3275 3350 lsai.
3300 3312 3425 3363 xm,
3460 3300 3553 3354 21.
3585 3297 3750 3357 initio

2158 3398 2373 3448 vocum,
2403 3394 2461 3439 ut
2488 3383 2623 3445 dixi,
2654 3385 2894 3439 vocalem
2916 3400 3021 3455 qua
3050 3388 3281 3442 litteram
3306 3391 3749 3461 nexprimebant

2156 3475 2401 3546 aspirare
2424 3476 2671 3531 solebant
2703 3495 2715 3531 :
2750 3493 2814 3532 ea
2851 3492 3023 3556 porro
3048 3480 3257 3535 vocalis
3296 3492 3416 3538 erat
3444 3484 3745 3556 aliquando

2153 3585 2204 3625 ε.
2238 3567 2330 3623 Sic
2359 3567 2493 3623 Gen.
2528 3584 2597 3637 ιι,
2632 3568 2721 3636 14,
2756 3569 2990 3637 ἑδδεκελ,
3014 3554 3193 3654 5pm,
3226 3572 3423 3645 Tigris.
3446 3554 3613 3633 Josue
3646 3595 3742 3646 xv.

2156 3662 2246 3724 30,
2271 3673 2475 3726 nam,
2503 3663 2669 3735 ὲρμά,
2700 3663 2921 3732 Hei-ma,
2948 3674 3004 3723 et
3031 3669 3231 3724 similia
3267 3687 3283 3745 :_
3300 3673 3513 3740 saepius
3556 3684 3743 3732 autem

2154 3775 2215 3822 ιι,
2249 3766 2313 3811 ιιι
2350 3755 2418 3810 ιγ
2451 3756 2586 3828 Reg.
2618 3774 2656 3822 ι,
2693 3760 2746 3811 2.
2780 3759 2997 3829 Aquila,
3042 3760 3251 3826 ‘AaCia,
3279 3772 3447 3825 mm
3470 3804 3485 3829 ,
3535 3769 3627 3837 qui
3660 3769 3748 3825 di-

2155 3852 2297 3907 citur
2318 3850 2586 3906 Ochozias
2615 3850 2684 3906 ab
2716 3849 3049 3924 Hieronymo
3094 3864 3150 3909 et
3196 3853 3380 3923 LXX;
3432 3866 3486 3913 et
3536 3862 3739 3931 psalm.

2155 3955 2246 4004 ix,
2280 3940 2341 4007 7,
2371 3940 2560 4013 ἁρδὼθ
2585 3983 2601 4009 ,
2644 3951 2942 4009 n'D'tn;et
2988 3944 3185 4014 psalm.
3228 3960 3364 4013 CIII,
3401 3948 3503 4015 17,
3558 3952 3740 4021 ἁσιδά,

2149 4030 2662 4101 mm;etlerem.
2695 4034 2886 4101 xu,2,
2921 4036 3011 4098 A..
3045 4036 3129 4101 S.,
3166 4036 3294 4104 Th.,
3326 4040 3735 4115 agnem,

2156 4132 2217 4177 nt
2244 4138 2435 4194 supra.
2469 4125 2526 4179 in
2557 4124 2736 4180 medio
2762 4126 2877 4179 sive
2913 4133 3036 4196 post
3054 4129 3288 4198 primam
3318 4130 3552 4188 litteram
3583 4139 3739 4191 vocis

2156 4211 2498 4284 frequentius
2519 4216 2649 4271 evel
2673 4233 2735 4283 η.
2764 4212 2901 4271 Gen.
2934 4232 2987 4282 v,
3017 4217 3071 4281 6,
3101 4220 3302 4283 οὐαεεὶ,
3334 4230 3462 4290 vnn,
3489 4234 3539 4279 et
3568 4227 3737 4295 vixit;

2152 4306 2221 4360 111
2248 4306 2382 4388 Reg.
2412 4325 2449 4374 ι,
2479 4309 2534 4375 9,
2568 4309 2661 4375 A.,
2688 4308 2746 4364 S.
2769 4351 2783 4374 ,
2821 4310 3045 4376 ζωελὲθ,
3088 4297 3250 4375 ΠΒΓΠ.
3286 4313 3433 4371 Psal.
3486 4335 3561 4373 vn
3585 4363 3601 4387 ,
3643 4322 3735 4388 15,

2153 4399 2324 4465 ἰεϐάλ,
2356 4384 2526 4467 ἠπ-ιτς
2561 4401 2684 4457 lsai.
2720 4417 2809 4467 xv,
2848 4403 2901 4469 5,
2926 4402 3016 4471 A.,
3046 4403 3249 4474 λουείθ,
3295 4393 3455 4469 ntm‘)
3477 4452 3493 4478 ,
3531 4384 3735 4472 nomen

466 4498 615 4568 iungi
647 4514 807 4569 posse
854 4498 1101 4563 videtur,
1146 4496 1593 4567 quandoquidem
1647 4497 1803 4553 initio
1845 4510 2044 4554 vocum
2076 4505 2122 4561 Β
2149 4493 2453 4564 proprium.
2482 4492 2790 4563 Aliquando
2820 4494 2987 4548 etiam
3012 4511 3051 4547 α
3084 4505 3143 4550 ut
3172 4496 3239 4552 Ν
3273 4496 3405 4571 Reg.
3459 4518 3497 4556 ι.
3538 4503 3595 4559 ln
3626 4506 3736 4563 ﬁne

464 4591 788 4661 (exprimitur
810 4604 904 4659 per
937 4592 1031 4654 οὐ,
1061 4590 1266 4656 coctast,
1291 4595 1428 4655 ﬁrm,
1474 4600 1523 4644 et
1563 4590 1731 4655 vixit;
1769 4588 2045 4663 οὑεσσακὴ

461 4693 691 4771 13er,
721 4690 770 4737 et
791 4683 1063 4737 osculatus
1085 4689 1185 4736 est.
1216 4682 1272 4736 In
1301 4681 1479 4737 medio
1506 4693 1688 4739 autem
1729 4692 1784 4740 et
1810 4685 1915 4740 fine
1944 4699 2043 4740 vo-

463 4796 587 4834 cum
632 4779 791 4832 modo
846 4792 944 4848 per
972 4794 1045 4830 ου
1066 4818 1081 4839 ,
1112 4776 1298 4840 modo,
1343 4784 1398 4830 et
1424 4776 1646 4847 quidem
1677 4776 2041 4849 frequentius,

462 4888 559 4943 per
586 4889 631 4922 ω
659 4870 939 4937 redditur;
972 4884 1079 4939 qua
1110 4869 1177 4924 dc
1198 4884 1257 4923 re
1286 4868 1447 4922 infra.

529 4970 603 5049 Ῐνι
632 4960 786 5014 Zain.
810 4960 1076 5016 Eusebius
1099 4969 1153 5015 et
1185 4961 1307 5017 cod.
1335 4960 1446 5017 Jes.
1474 4962 1584 5016 Ζαῒ
1610 4960 1817 5034 legunt,
1838 4964 2041 5021 omissa

459 5066 739 5125 postrema
789 5054 1029 5109 nominis
1071 5054 1274 5108 littera.
1331 5052 1575 5125 itemque
1616 5052 1719 5109 Zai
1757 5054 1954 5127 legitur
1984 5057 2041 5111 in

461 5147 749 5216 alphabeto
774 5144 1117 5201 Murbacensi
1146 5144 1292 5215 quod
1315 5145 1588 5201 edidimus
1623 5145 2042 5218 Pa’amqrapltitz

461 5239 662 5295 Cum:
683 5256 735 5308 p.
762 5238 888 5292 221.
934 5237 1014 5291 Ex
1056 5238 1443 5307 manuscriptis
1487 5255 1617 5294 vero
1655 5241 1860 5296 nostris
1898 5256 2041 5298 unus

463 5350 513 5385 ιι
545 5331 750 5397 saeculi,
774 5346 925 5384 num.
955 5331 1009 5392 3,
1038 5331 1201 5385 habet
1230 5330 1367 5393 Zai;
1396 5332 1553 5397 alter,
1586 5346 1638 5385 ιι
1676 5333 1897 5389 circiter
1934 5349 2040 5389 sa:-

461 5427 590 5492 culi,
621 5440 771 5479 num.
800 5425 888 5489 12,
912 5424 1041 5478 item
1065 5422 1199 5485 Zai;
1230 5426 1447 5487 tertius,
1472 5440 1547 5478 xu
1580 5425 1797 5481 circiter
1829 5426 2037 5492 saeculi,

533 5582 609 5652 (τι)
642 5582 771 5646 Quze
799 5580 1017 5652 abinde
1050 5589 1356 5652 sequuntur
1396 5578 1654 5652 profatus
1694 5589 1779 5636 est
1828 5579 2038 5636 Monte-

464 5642 729 5705 fatconiits
753 5652 806 5703 in
843 5642 1226 5706 Dissertatione
1268 5642 1783 5722 Lexi'co-llebraico,
1819 5654 1887 5707 ab
1918 5654 2039 5722 ipso

462 5726 746 5784 adornata,
772 5722 1078 5789 praemissa,
1105 5722 1250 5790 quod
1276 5722 1340 5774 ad
1370 5723 1573 5777 calcem
1617 5716 1875 5777 editionis
1924 5716 2038 5777 sum

466 5794 741 5848 t-oronidis
769 5795 882 5847 vice
909 5793 1110 5863 posuit.
1145 5790 1299 5859 Quod
1325 5806 1449 5847 cum
1494 5794 1756 5848 recudere
1800 5791 2036 5849 instituti

2152 4595 2335 4642 autem
2367 4602 2558 4642 vocum
2585 4604 2617 4640 ε
2639 4597 2733 4642 aut
2756 4604 2795 4655 η
2820 4586 2933 4643 fere
2954 4590 3300 4659 exprimitur,
3325 4594 3431 4649 nisi
3469 4609 3736 4667 sequatur

2148 4689 2189 4738 τι
2210 4681 2616 4751 paragogicum.
2644 4678 2735 4735 Sic
2776 4679 2912 4735 Gen.
2943 4696 3028 4744 Ill,
3058 4681 3092 4735 8
3115 4724 3129 4749 ,
3159 4682 3362 4758 λαρουή
3390 4725 3405 4749 ,
3447 4674 3616 4757 ττι-»5,
3658 4694 3732 4749 ad

2148 4772 2397 4857 spiritum
2428 4771 2514 4826 vel
2542 4774 2612 4825 ad
2639 4788 2849 4826 auram.
2878 4770 3082 4828 Psalm.
3124 4789 3221 4830 vnt
3248 4819 3262 4841 ,
3293 4777 3351 4841 1,
3379 4777 3731 4857 λαμανασσὴ,

2146 4848 2367 4929 ηιξκιε,
2414 4863 2631 4919 Victori.
2669 4866 2757 4920 l’s.
2817 4882 3008 4932 xum,
3043 4868 3106 4935 1,
3163 4870 3330 4942 Κορέ,
3569 4848 3729 4936 Deut.

2147 4974 2262 5023 xvr,
2288 4958 2341 5011 1.
2370 4959 2464 5021 A.,
2490 4957 2649 5028 φεσέ,
2677 4966 2825 5025 m5),
2861 4958 3032 5014 Phase
3059 4963 3139 5016 vel
3172 4961 3405 5021 Pascha.
3452 4957 3733 5029 Malacliim

2150 5066 2209 5117 tt,
2250 5050 2339 5114 13,
2369 5049 2613 5123 μασεηή,
2645 5060 2803 5111 nam
2834 5050 3025 5118 altare,
3058 5060 3113 5107 et
3147 5054 3281 5111 ibid.
3316 5042 3506 5147 HTPS,
3537 5059 3727 5118 λακέθ,

2148 5144 2456 5214 Aliquando
2483 5146 2649 5200 etiam
2682 5146 3019 5217 praeponitur
3043 5164 3083 5203 α
3127 5158 3253 5206 ante
3294 5166 3347 5216 ε,
3403 5144 3463 5207 ut
3488 5152 3555 5209 IV
3585 5154 3723 5230 Reg.

2148 5253 2226 5303 xl,
2252 5236 2306 5291 6.
2332 5238 2397 5290 A.
2430 5238 2625 5308 μεσαέ,
2654 5250 2805 5302 mn.

2215 5342 2340 5393 uti:
2371 5333 2519 5389 Teth.
2553 5335 2822 5392 Eusebius
2844 5344 2899 5390 et
2930 5337 3050 5391 cod.
3069 5335 3180 5394 Jes.
3204 5338 3305 5411 ιιήο
3336 5356 3459 5397 cum
3484 5343 3727 5413 aspirata

2146 5426 2191 5480 Θ
2218 5427 2272 5481 in
2306 5425 2434 5493 ﬁne,
2472 5425 2822 5498 alphabetum
2859 5427 3214 5488 hlurbacense
3241 5444 3385 5488 τετιι
3409 5474 3425 5501 ,
3455 5435 3581 5491 licet
3613 5452 3725 5494 non

2146 5581 2320 5638 nostri
2341 5598 2448 5657 non
2487 5584 2578 5657 sit,
2611 5591 2797 5655 utpote
2826 5586 2919 5656 qui
2959 5587 3071 5657 jam
3114 5587 3349 5646 Lexicon
3392 5589 3720 5652 Hebraieum

2147 5656 2692 5732 numerisﬁomnibus
2738 5656 3052 5732 absolutum
3097 5661 3449 5732 ediderimus,
3496 5665 3610 5721 haec
3652 5683 3721 5732 ex

2144 5725 2365 5801 latn_tata
2402 5722 2795 5801 Bisquisitjone
2825 5727 2882 5781 in
2918 5731 3149 5801 gratiam
3190 5731 3408 5789 lectoris
3438 5722 3545 5789 huc
3568 5722 3722 5793 revo-

2147 5795 2413 5851 cavimus.
2447 5792 2606 5851 Eutr.
2642 5794 2812 5851 Pun.
