4064 6262
328 337 399 392 ιο

1558 348 1629 407 ΙΝ
1668 350 1996 408 HEXAPLA
2031 353 2379 413 ORlCENlS.

3546 366 3616 419 50

327 454 604 571 aspireltur
625 457 783 516 initio
809 461 975 571 ‘vocis
995 504 1011 531 ,
1038 464 1133 567 sed
1167 483 1202 521 τ
1232 466 1459 571 legatur
1506 474 1651 544 apud
1686 485 1919 543 veteres,
1948 482 1995 538 Α
2024 475 2223 533 Psalm.
2243 479 2672 571 ιιςν,1ο,.1ινιθ.
2693 487 2822 545 my.
2841 479 3045 537 Psalm.
3066 497 3253 548 vam,
3281 481 3334 547 6,
3352 491 3454 571 Γπ,
3475 481 3609 538 ὰὼν·

326 557 384 600 ut
413 548 471 603 in
501 549 589 605 his
611 552 882 622 exemplis
903 558 1205 613 cernimus.
1232 556 1388 616 Unde
1408 559 1664 619 fortassis
1682 565 1886 637 suspici

2029 571 2159 627 ibid.
2209 573 2295 637 te,
2338 572 2463 645 ὰλή.
2510 548 2777 638 iii-neat.
2816 589 2909 641 ιν,
2948 575 2999 641 ι,
3044 548 3371 639 τὴεοιιοιιοξ
3402 576 3610 646 ἇρ,·π7.

321 640 565 706 oriatur,
592 653 931 714 postremam
963 647 1225 717 litteram,
1259 667 1384 722 quae
1426 654 1483 709 in
1526 656 1707 713 allatis
1746 660 1925 713 omni-

323 732 426 786 bus
485 735 753 804 exemplis
792 737 1106 806 aspiratur,
1161 741 1292 797 olim
1328 744 1497 800 fuisse
1522 757 1565 806 Π
1598 748 1922 817 aspiratum,

2025 661 2081 716 ln
2111 662 2410 734 appendice
2439 662 2592 719 Deut.
2637 677 2698 730 ιι,
2732 665 2821 719 25.
2851 665 2942 729 A.,
2986 666 3123 732 ἀζὰ,
3160 675 3282 731 my.
3327 665 3401 737 In,"
3428 668 3613 731 medio

2023 761 2206 809 autem
2234 770 2455 821 vocum,
2488 750 2603 812 sive
2630 766 2754 823 post
2777 758 3009 827 primam
3039 758 3300 824 litteram,
3329 759 3495 815 modo
3514 775 3612 830 per

320 823 425 879 lect
438 826 837 921 umqueqfuisse
864 837 985 921 ιντο
1007 846 1107 901 pro
1134 840 1259 892 ωε
1281 833 1546 892 hodierno
1577 839 1671 921 (Ἴ.
1704 838 1841 894 Nam
1870 853 1922 899 ω
2020 863 2071 912 ε,
2106 847 2270 903 modo
2302 863 2476 918 pera,
2503 858 2556 903 et
2584 823 2804 919 quidem
2838 849 3200 920 frequentius,
3232 823 3564 921 exprimitur
3590 871 3605 919 ;

318 929 430 969 non
461 919 805 989 aspirabaut.
856 918 950 977 Sic
1002 924 1199 992 psalm.
1229 941 1342 993 cur,
1371 929 1429 992 1,
1460 930 1563 985 τὰλ
1583 970 1598 996 ,
1641 914 1747 999 ‘71:,
1796 950 1918 998 ros;

318 1007 525 1075 psalm.
560 1026 679 1075 vm,
711 1011 764 1074 6,
797 1010 929 1081 μάτ,
950 1023 1093 1077 tam
1114 1056 1126 1079 ,
1159 1033 1393 1085 parum;
1430 1018 1727 1077 Deuteron.
1751 1040 1829 1088 χι,
1859 1025 1913 1079 ὅ.

315 1094 415 1162 Α.,
454 1099 675 1169 σεττὶμ.
706 1108 914 1167 D’Ew;
950 1109 1005 1156 et
1035 1102 1187 1160 Isaiae
1212 1122 1360 1177 xxvi,
1386 1109 1420 1163 5
1451 1119 1505 1165 et
1534 1109 1589 1178 4,
1622 1112 1790 1183 βατοὺ
1819 1112 1919 1185 βα-

318 1187 466 1253 τοού,
506 1198 661 1249 rma
680 1200 851 1251 mea.

385 1275 619 1335 πνιοα.
657 1279 927 1339 Eusebius
954 1283 1083 1355 legit
1126 1286 1227 1342 ’166
1267 1297 1324 1344 et
1353 1306 1457 1348 ms.
1505 1290 1617 1349 Jes.
1664 1293 1804 1350 Ἱὼθ.
1854 1295 1912 1352 In

316 1369 613 1437 alphabeto
636 1371 765 1429 item
798 1374 846 1429 11
855 1378 1145 1435 urbacensi
1166 1382 1367 1451 legitur
1396 1397 1548 1441 ιοτιι.
1573 1385 1755 1442 Codex
1781 1389 1909 1445 item

313 1455 550 1515 Coislin.
591 1460 841 1534 Gnaeus,
898 1485 1133 1528 numero
1190 1472 1317 1538 191,
1372 1474 1537 1531 habet
1603 1475 1741 1533 Ἰώο.
1804 1479 1910 1546 Qui

313 1548 621 1605 multorum
654 1554 710 1609 in
740 1567 1019 1626 postrema
1048 1563 1229 1619 littera
1256 1579 1564 1625 consensus
1592 1570 1909 1628 subindicat

308 1640 443 1695 olim
475 1642 679 1702 lectuin
739 1647 913 1706 fuisse
952 1662 1076 1720 nu,
1129 1657 1273 1727 quod
1323 1661 1652 1717 conﬁrmare
1693 1662 1908 1720 videtur

321 1730 480 1787 ἰῶτα
514 1733 789 1808 Graecum,
819 1743 963 1799 haud
990 1748 1155 1803 dubie
1175 1764 1242 1804 ex
1277 1748 1546 1809 liehraico
1571 1755 1900 1811 derivatum.

2018 955 2115 1010 per
2142 957 2173 994 ε
2205 940 2435 998 Malach.
2469 960 2529 1007 ll,
2559 943 2647 1008 l5,
2674 953 2849 1008 1mm,
2885 945 3064 1013 θεσού,
3096 946 3237 1002 Osce
3271 962 3350 1012 xt,
3380 950 3404 1003 1
3431 991 3449 1016 ,
3484 948 3604 1019 νέρ,

2016 1045 2154 1101 't‘JJ;
2191 1050 2288 1104 per
2312 1035 2387 1104 ἔα.
2430 1034 2633 1090 Psalm.
2670 1052 2790 1102 vm,
2835 1038 2889 1106 6,
2922 1039 3051 1109 μὰτ,
3088 1051 3249 1102 τωο.
3280 1039 3489 1097 Psalm.
3522 1058 3603 1106 xl,

2018 1126 2073 1193 7,
2098 1127 2347 1198 βααλιάλ,
2373 1112 2554 1192 θήκη.
2584 1127 2651 1183 iv
2676 1128 2810 1201 Reg.
2845 1148 2883 1194 ι,
2913 1132 2970 1195 2,
2998 1132 3122 1202 βάλ,
3141 1114 3270 1198 ‘m.
3303 1130 3431 1188 lsai.
3450 1150 3603 1201 xxvi,

2013 1216 2070 1282 2,
2104 1217 2363 1291 σααρείμ,
2392 1228 2612 1285 ειν-ινιτ).
2650 1222 2705 1276 In
2731 1223 2837 1277 line
2872 1232 3053 1277 autem
3084 1238 3281 1279 vocum
3309 1238 3405 1293 per
3432 1241 3464 1279 ε
3486 1222 3603 1278 fcre

2014 1324 2231 1383 semper
2259 1312 2487 1381 legunt,
2530 1314 2636 1369 nisi
2682 1328 2945 1385 sequatur
2974 1326 3014 1374 Π
3052 1318 3442 1389 paragOgicum
3482 1316 3602 1374 sive

2013 1401 2415 1458 heemantieum
2447 1421 2459 1455 :
2498 1419 2623 1461 nam
2666 1415 2796 1462 tunc
2839 1422 2937 1477 per
2969 1424 3007 1460 α
3049 1408 3265 1480 legitur.
3302 1410 3323 1463 1
3355 1408 3595 1479 Paralip.

2010 1510 2109 1561 vn,
2131 1495 2237 1563 26,
2282 1497 2487 1568 Ἰησουέ
2510 1538 2526 1561 ,
2563 1507 2757 1563 πωπω.
2796 1497 2863 1552 ιν
2912 1498 3044 1570 Reg.
3078 1517 3157 1564 xl,
3186 1501 3253 1566 4,
3275 1508 3477 1568 rmm,
3510 1500 3596 1570 5.,

2008 1582 2175 1651 LXX,
2218 1584 2418 1641 Ἰωδαέ.
2461 1585 2527 1641 IV
2559 1586 2694 1657 Reg.
2726 1606 2881 1651 xvm,
2906 1590 2996 1644 51.
3028 1591 3116 1656 Α.,
3148 1590 3243 1645 ἀνέ
3266 1630 3283 1655 ,
3324 1601 3458 1656 xm;
3491 1592 3597 1646 ali-

2007 1677 2230 1747 quando
2255 1686 2435 1733 tamen
2461 1694 2557 1747 per
2587 1697 2627 1734 a
2652 1679 2806 1735 Deut.
2842 1696 2879 1739 ι,
2907 1681 2997 1735 58.
3018 1678 3103 1735 θ’·
3148 1682 3593 1753 Ἰησουάνῃτιη,

2006 1778 2061 1825 et
2086 1768 2255 1826 Josue
2282 1786 2370 1836 xv,
2397 1770 2492 1836 26,
2531 1772 2740 1845 σαμαά,
2770 1782 2933 1838 pm.

307 1819 573 1936 Quotidie
606 1831 793 1936 incido
819 1834 878 1936 in
914 1839 1131 1936 codices
1165 1842 1271 1936 Aqui
1314 1842 1433 1936 ’lt‘ofl
1464 1845 1701 1913 habent,
1756 1851 1901 1905 unde
1932 1839 1976 1896 Β
2073 1861 2296 1917 Certum
2318 1819 2500 1918 autem
2527 1819 2968 1935 estrgutturamm
2999 1864 3238 1935 aliquam
3270 1864 3592 1936 pronuntia-

304 1920 577 1975 asseritur
604 1923 658 1978 id
686 1928 833 1995 quod
863 1945 1028 2000 sopra
1062 1933 1329 1991 diximus.
1381 1934 1454 1993 Ut
1496 1946 1558 1993 ut
1602 1954 1731 1995 vero
1781 1943 1852 1997 sit
1881 1951 1903 1990 ν

301 2011 510 2157 ἒυῗὶιίιε
541 2016 792 2074 redditur
819 2034 920 2092 per
953 2042 974 2079 ι
1016 2025 1088 2080 ab
1128 2028 1409 2084 omnibus.
1460 2030 1538 2087 De
1591 2031 1899 2103 quiescenti

325 2118 359 2157 ιι
390 2118 470 2157 ra.

374 2206 448 2283 1p
472 2196 681 2271 Chaph,
710 2204 797 2261 vel
827 2203 1012 2276 Kaph,
1044 2215 1107 2264 ut
1131 2214 1474 2282 grammatici
1518 2215 1811 2286 hodierni,
1842 2228 1901 2276 et

298 2286 658 2380 alphabetum
713 2294 1097 2356 Murbacense.
1158 2300 1430 2362 Eusebius
1487 2314 1544 2363 et
1591 2323 1727 2365 mss.
1757 2308 1897 2380 Jes.,

296 2379 437 2450 χὰερ.
469 2382 555 2437 Ah
577 2384 973 2457 interpretibus
998 2392 1279 2462 aspiratur
1324 2410 1576 2468 semper,
1622 2408 1683 2455 ut
1735 2379 1897 2458 iuno?

294 2474 471 2529 meris
489 2479 757 2547 exemplis
786 2496 856 2534 ex
879 2482 985 2538 hac
1007 2485 1333 2543 collectione
1352 2488 1657 2561 desumptis
1673 2494 1896 2563 probari

292 2572 517 2631 potest;
544 2568 689 2636 quod
727 2569 775 2623 si
806 2569 892 2627 bis
922 2578 1074 2631 terve
1121 2580 1460 2634 contrarium
1512 2592 1803 2651 occurrat,
1837 2583 1894 2641 id

292 2664 484 2727 potest
515 2659 867 2720 librariorum
898 2667 1209 2725 oscitantis;
1237 2673 1464 2729 ascribi.

370 2738 733 2815 mSLamed.
785 2757 1059 2817 Eusebius
1086 2772 1143 2817 et
1169 2779 1304 2819 mss.
1350 2765 1464 2823 Jes.
1512 2767 1667 2835 λάὸδ,
1715 2767 1888 2828 Labd.

289 2843 593 2905 Crederem
624 2850 838 2906 librarii
870 2863 1056 2909 errato
1098 2854 1233 2912 λὰὅδ
1284 2874 1386 2930 pro
1430 2859 1574 2932 λὰμδ
1620 2864 1891 2935 scriptum

288 2936 509 3007 fuisse,
542 2944 674 3013 quia
706 2961 737 2999 a
762 2960 813 3000 ix
845 2946 929 3002 vel
962 2963 999 3002 x
1029 2950 1231 3007 saeculo
1269 2951 1319 3017 ,ϐ
1350 2961 1407 3008 et
1442 2972 1490 3024 μ
1522 2956 1577 3011 in
1605 2957 1891 3014 codicibus

284 3030 512 3087 aﬂinem
548 3050 692 3105 saepe
714 3034 948 3093 formam
975 3040 1200 3109 habent,
1234 3050 1295 3097 ut
1322 3043 1539 3100 dillicile
1558 3048 1890 3119 quandoque

287 3124 371 3181 sit
402 3124 567 3181 aliam
593 3128 664 3183 ab
679 3127 786 3184 alia
808 3130 991 3186 littera
1019 3130 1377 3204 distinguere,
1402 3136 1639 3193 maxime
1664 3140 1887 3209 quando

286 3232 500 3274 sensus
528 3235 639 3275 non
664 3220 851 3291 juvat,
880 3229 943 3277 ut
978 3222 1067 3279 hic
1092 3225 1398 3297 contingit;
1434 3228 1531 3283 sed
1557 3244 1682 3284 cum
1714 3232 1883 3287 codex

281 3306 432 3375 διες..
454 3325 553 3365 vni
571 3311 792 3367 circiter
812 3314 1017 3371 sarculo
1035 3325 1320 3385 exaratus,
1340 3320 1538 3375 unciali
1569 3323 1887 3380 charactere

286 3401 536 3471 scriptus
565 3404 659 3467 sit,
690 3404 799 3459 alia
824 3406 1119 3474 quaerenda
1152 3407 1318 3478 hujus
1341 3410 1469 3465 nodi
1502 3412 1707 3468 solutio
1735 3433 1747 3467 ε
1774 3412 1888 3469 for-

284 3492 463 3546 tassis
484 3493 550 3547 ad
571 3495 907 3563 euphoniam
943 3506 999 3551 et
1027 3496 1333 3554 faciliorem
1375 3504 1883 3571 pronuntiationem

286 3599 395 3653 pro
420 3584 583 3656 λάμδ,
612 3585 748 3640 λάσδ
774 3588 1047 3659 scriptum
1077 3587 1205 3649 fuit.
1245 3590 1611 3665 Alpbabetum
1663 3594 1887 3654 Murba-

282 3686 458 3727 cense
492 3690 687 3731 ιΑιιευ.

361 3774 462 3826 an
484 3766 645 3822 Hem.
677 3766 948 3827 Eusebius
972 3783 1027 3830 et
1050 3774 1177 3832 cod.
1210 3773 1326 3833 les.
1358 3776 1497 3850 Μὴμ
1548 3778 1767 3850 legunt,
1797 3782 1883 3838 al-

285 3858 516 3927 phabet.
549 3858 794 3918 Murbac.
823 3881 954 3921 usu.
984 3866 1190 3925 Omnes
1222 3885 1355 3925 vero
1382 3882 1433 3931 ῃ
1462 3888 1557 3943 per
1606 3891 1658 3927 ιιι
1701 3875 1885 3945 exprio

286 3956 472 4013 urunt,
498 3960 864 4023 praeterquam
895 3956 951 4011 in
982 3955 1091 4014 ﬁne
1114 3974 1333 4026 vocum,
1365 3962 1457 4016 ubi
1484 3979 1519 4017 ιι
1542 3978 1646 4036 pro
1676 3980 1730 4018 ιιι
1767 3964 1881 4020 fre—

284 4040 653 4108 queutissime
678 4054 886 4115 ponunt
917 4045 1117 4115 Graeci,
1145 4051 1276 4122 quia
1310 4067 1507 4123 nempe
1554 4069 1587 4110 a
1619 4055 1885 4112 termina-

284 4133 440 4187 tione
466 4136 520 4187 in
540 4151 588 4204 μ
617 4135 879 4192 abhorret
902 4139 1091 4197 Grzeca
1116 4140 1348 4215 Lingua.

354 4233 429 4312 ru
458 4224 611 4282 Nam.
640 4227 913 4287 Eusebius
961 4243 1017 4289 et
1046 4235 1221 4291 codex
1250 4234 1471 4304 Jesuit.,
1506 4237 1651 4295 νοῦν.
1699 4238 1806 4299 Per
1843 4259 1881 4299 tt

283 4332 502 4375 omnes.
531 4320 896 4391 Alphabetum
923 4324 1280 4385 Murbacense
1303 4346 1433 4385 sum.

354 4420 485 4495 πω
502 4411 747 4471 Snmecli.
772 4416 1041 4477 Eusebius
1065 4430 1121 4477 et
1141 4423 1311 4479 codex
1327 4424 1467 4492 ιω..
1491 4426 1660 4499 σάμχ.
1680 4428 1877 4500 Alpha-

2001 1953 2205 2009 tionem
2239 1954 2500 2013 habuisse
2530 1965 2569 2021 ν
2602 1957 2743 2027 apud
2780 1956 3056 2012 llebraros.
3103 1954 3311 2027 Spiritu
3337 1956 3445 2013 leni
3478 1958 3591 2014 alli-

2000 2045 2144 2102 citur
2168 2056 2228 2101 ut
2253 2046 2552 2117 plurimum
2586 2047 2809 2118 quando
2835 2048 2991 2104 initio
3027 2049 3179 2104 vocis
3206 2049 3353 2118 jacet
3388 2049 3444 2104 in
3474 2048 3586 2105 fra-

1999 2137 2234 2210 gmentis
2260 2146 2501 2195 veterum
2550 2140 2910 2211 interpretum
2942 2156 3065 2210 quae
3097 2149 3427 2211 supersunt:
3463 2143 3588 2213 qui-

1997 2230 2103 2288 bus
2130 2240 2315 2288 tamen
2345 2248 2455 2288 non
2486 2233 2646 2304 plena
2675 2234 2811 2292 ﬁdes
2853 2234 3123 2298 habenda,
3157 2244 3217 2288 ut
3247 2234 3487 2291 diximus
3515 2237 3585 2291 ad

1996 2322 2234 2379 litteram
2263 2334 2325 2386 Π.
2356 2322 2724 2394 Hieronymus
2751 2326 2871 2380 sine
2904 2326 3143 2396 aspirata
3195 2328 3396 2398 saepius
3424 2345 3437 2383 :
3472 2328 3586 2385 ali-

1993 2415 2215 2487 quando
2245 2425 2424 2471 tamen
2454 2431 2581 2471 cum
2614 2418 2852 2485 aspirata
2894 2417 3043 2487 legit.
3077 2416 3219 2471 LXX
3250 2418 3583 2490 quanquue

1993 2523 2119 2563 cum
2160 2526 2200 2578 γ
2239 2517 2301 2562 ut
2345 2508 2467 2562 Γαί.
2521 2508 2831 2577 Aliquando
2883 2523 3007 2563 cum
3055 2529 3115 2579 χ,
3168 2520 3229 2565 ut
3265 2510 3430 2567 Amos
3458 2526 3497 2576 ι,
3525 2511 3581 2575 5,

1990 2604 2104 2691 Tm,
2147 2599 2469 2691 fidenfubi
2510 2599 2652 2655 LXX
2700 2602 2884 2671 legunt
2920 2611 3043 2691 py,
3078 2610 3133 2657 et
3174 2612 3392 2658 vertunt
3432 2604 3583 2676 Χαῤ-

1994 2689 2114 2761 ῥάν.
2147 2689 2251 2748 Ubi
2279 2690 2684 2765 Hieronymus:
2730 2691 2797 2747 In
2824 2711 2883 2747 eo
2931 2689 3123 2765 quippe
3166 2693 3305 2761 loco,
3337 2696 3429 2749 ubi
3485 2711 3577 2749 nos

1990 2785 2246 2849 diximus,
2267 2796 2373 2841 etc.
2409 2784 2546 2841 Vide
2586 2786 2639 2839 in
2672 2793 2803 2841 nota
2835 2786 2969 2842 ibid.

2059 2885 2139 2939 τω
2160 2876 2259 2932 Pe.
2289 2874 2564 2933 Eusebius
2586 2887 2641 2933 et
2664 2893 2769 2933 ms.
2797 2876 2910 2933 Jes.
2940 2877 3038 2947 φῆ,
3066 2874 3413 2948 alphabetum
3438 2874 3579 2932 Mur-

1990 2962 2223 3019 bacense
2278 2980 2361 3024 κε.
2416 2962 2641 3021 Veteres
2696 2980 2887 3021 omnes
2933 2966 3258 3036 interpretes
3302 2974 3343 3029 ε)
3380 2982 3475 3038 per
3532 2985 3576 3036 φ

1990 3043 2207 3128 semper
2244 3056 2499 3113 efferunt.
2533 3058 2735 3127 Aitque
2781 3057 3149 3131 Hieronymus
3192 3057 3485 3114 Comment.
3520 3061 3576 3112 in

1991 3147 2216 3217 Isaiam,
2248 3159 2380 3204 tom.
2413 3148 2513 3207 Ill:
2552 3150 2597 3204 P
2632 3150 2869 3204 litteram
2917 3166 3089 3204 sermo
3134 3149 3433 3205 Hebraicus
3464 3168 3569 3206 non

1987 3242 2175 3309 liabet;
2202 3242 2293 3297 sed
2322 3259 2418 3311 pro
2446 3260 2508 3298 ea
2543 3258 2628 3299 rut
2653 3243 2839 3298 Grarco
2864 3244 3057 3297 utitur.
3087 3240 3155 3297 Et
3189 3241 3485 3298 Comment.
3518 3247 3572 3297 in

1986 3333 2282 3400 Danielem,
2311 3349 2432 3404 cap.
2486 3351 2561 3399 xi,
2596 3335 2627 3404 ψ
2672 3335 2762 3402 ⁸55,
2812 3335 2944 3390 dicit
2991 3335 3043 3389 in
3084 3334 3200 3391 sola
3236 3350 3371 3390 voce
3411 3344 3575 3397 1:193

1986 3426 2088 3497 legi
2122 3440 2363 3493 xpeouo;
2401 3427 2457 3482 in
2491 3426 2615 3481 aliis
2642 3442 2740 3498 per
2770 3443 2808 3496 φ
2840 3440 3075 3495 semper.

2054 3523 2148 3575 ’τις
2180 3516 2370 3570 Tsade.
2417 3513 2617 3571 Euseb.
2654 3525 2705 3573 et
2739 3531 2843 3570 ms.
2879 3512 2990 3570 Jes.
3030 3514 3191 3587 σάδη,
3220 3514 3567 3585 alphabetum

1984 3607 2342 3665 Murbaeense
2368 3624 2521 3665 sane.
2554 3607 2760 3663 Omnes
2805 3608 3130 3677 interpretes
3169 3624 3266 3677 per
3298 3625 3331 3662 σ
3359 3609 3566 3679 legunt.

2056 3712 2158 3789 Epp
2180 3702 2389 3771 Quapli.
2430 3699 2702 3756 Eusebius
2731 3708 2788 3772 et
2831 3715 2937 3757 ms.
2976 3698 3089 3756 les.
3135 3699 3294 3771 Κὼφ.
3349 3700 3570 3756 Murba-

1985 3808 2148 3849 cense
2177 3794 2523 3862 alphabetum
2550 3808 2709 3848 xoris.
2746 3790 2971 3847 Veteres
3014 3806 3111 3861 per
3148 3809 3185 3845 κ
3229 3792 3563 3861 exprimunt.

1986 3883 2044 3939 Si
2076 3899 2237 3939 secus
2281 3884 2576 3950 aliquando
2604 3883 2767 3950 reddi
2804 3883 3147 3949 observetur,
3177 3882 3429 3939 videlicet
3470 3898 3570 3953 per

1982 3994 2045 4046 χ,
2076 3984 2208 4045 puto
2241 3974 2294 4030 id
2331 3975 2679 4030 librariorum
2704 3973 2995 4030 oscitantia
3026 3972 3314 4029 accidisse.

2050 4075 2168 4127 m1
2196 4065 2381 4121 Resclt.
2410 4065 2705 4123 ,Eusebius
2746 4074 2802 4122 et
2830 4081 2935 4121 ms.
2977 4062 3091 4121 Jes.
3128 4064 3279 4136 Ῥής,
3328 4064 3561 4137 Alphab.

1980 4155 2226 4213 Iarbae.
2255 4173 2399 4214 πεί

2046 4257 2144 4337 την
2166 4246 2348 4304 Schin.
2382 4247 2651 4304 Eusebius
2671 4257 2727 4304 et
2754 4264 2859 4304 ms.
2883 4246 2994 4304 Jes.
3027 4247 3142 4313 σὲν,
3169 4245 3385 4317 alphab.
3427 4246 3567 4303 Mur-

1979 4341 2103 4397 bac.
2139 4342 2268 4396 item
2299 4356 2417 4395 seu.
2457 4338 2683 4397 Veteres
2712 4355 2927 4410 semper
2950 4354 2995 4392 σ
3020 4340 3205 4413 legunt
3225 4340 3341 4395 sive
3373 4339 3565 4396 dextro

1978 4433 2096 4486 sive
2133 4433 2359 4488 sinistro
2384 4443 2587 4503 puncto
2624 4435 2697 4489 sit
2731 4435 3054 4490 notandum.

282 4504 472 4559 butum
494 4505 854 4606 llum—accuse
871 4512 1328 4573 susrn.0mues
1349 4532 1479 4573 vero
1497 4519 1682 4589 legunt
1697 4536 1875 4592 pera.
1901 4546 1958 4606 υ
2052 4533 2119 4585 τι
2155 4522 2290 4578 Tau.
2326 4525 2559 4595 Alphab.
2594 4524 2837 4581 Murbac.
2873 4526 3037 4582 habet
3073 4527 3244 4582 eriam
3288 4542 3430 4587 nu;
3466 4529 3561 4582 sed

350 4607 439 4688 τον
469 4600 595 4654 Ain.
630 4600 827 4659 Euseb.
858 4615 913 4660 et
934 4608 1057 4662 cod.
1096 4607 1236 4677 Jes.,
1269 4612 1378 4666 ᾶῖν.
1413 4612 1648 4683 Alphab.
1691 4614 1870 4673 Morb.

284 4707 394 4748 stu.
426 4691 572 4748 LXX
619 4691 948 4766 lnterpretes
979 4717 1089 4756 non
1145 4716 1270 4759 raro
1323 4720 1418 4774 per
1451 4724 1493 4775 τ
1532 4708 1869 4778 exprimunt.

283 4784 371 4849 Α.,
397 4785 557 4853 Tuus,
577 4795 694 4851 my.
711 4786 854 4843 Alibi
878 4800 934 4846 et
956 4791 1192 4848 litteram
1217 4804 1273 4850 et
1293 4797 1591 4854 motionem
1613 4799 1874 4871 frequen.

283 4876 394 4932 tius
426 4893 524 4947 per
546 4894 599 4945 ε,
630 4895 1027 4952 nonnunquam
1080 4900 1177 4955 per
1206 4903 1247 4941 a
1284 4888 1537 4943 reddunt.
1591 4890 1683 4947 Sic
1728 4891 1866 4950 Gen.

283 4984 345 5033 ιι,
375 4969 429 5032 8,
459 4978 574 5057 rm,
602 4971 738 5027 ὲὸἐν.
774 4973 911 5027 Gen.
939 4991 1133 5041 xxvnt,
1165 4978 1253 5045 19,
1279 4981 1385 5050 εἴρ,
1409 4987 1542 5049 “171?;
1572 4981 1741 5040 Iosue
1768 5001 1869 5055 vn,

279 5060 569 5151 ειηὲμέκ,
597 5072 727 5150 pm
752 5065 824 5151 ;‘l
857 5064 990 5135 Reg.
1018 5083 1151 5148 xvu,
1184 5069 1274 5129 18.
1296 5073 1389 5137 Δ.,
1413 5072 1633 5143 ὲρουϐά,
1666 5086 1863 5145 ria-2v;

280 5152 346 5207 Ill
377 5150 515 5221 Reg.
547 5168 622 5215 Iv,
666 5154 755 5219 12,
779 5150 946 5219 Ἕπὲ
967 5199 981 5221 ,
1011 5155 1177 5225 LXX,
1204 5160 1438 5233 μεεϐἐρς
1474 5160 1543 5215 1V
1569 5161 1702 5234 Reg.
1736 5180 1775 5226 ι,
1810 5164 1866 5232 2,

276 5254 473 5333 ῖΊ-ιρν,
505 5246 706 5318 ὲκρών.
752 5248 957 5302 l’salm.
999 5266 1146 5314 xui,
1184 5252 1217 5320 ᾖ
1255 5255 1381 5318 ult.,
1411 5262 1529 5321 ειη
1576 5254 1669 5326 ἐμ,
1714 5272 1861 5321 cum,

276 5339 374 5391 sed
408 5339 628 5405 quando
645 5349 730 5401 cm
751 5342 1021 5417 signiﬁcat
1045 5344 1297 5414 populus,
1322 5346 1519 5415 legitur
1540 5346 1638 5417 ἄμ.
1659 5345 1863 5404 Psalm.

278 5442 367 5489 xc,
399 5427 454 5491 9,
501 5428 709 5494 Ἐλιών,
733 5414 891 5515 me.
921 5433 1050 5487 lsai.
1084 5449 1230 5500 utv,
1258 5435 1312 5488 5.
1339 5414 1667 5500 Theodotio,
1688 5437 1865 5509 ὲδδεμ,

274 5528 437 5583 ειν-ξπ.
471 5518 536 5573 Et
566 5521 648 5576 sic
686 5522 839 5575 alibi.
876 5521 979 5577 Per
1008 5542 1048 5577 α
1076 5536 1262 5581 autem
1294 5526 1431 5583 Gen.
1470 5546 1555 5591 ιιι.
1588 5532 1643 5593 1,
1677 5531 1865 5603 ἁρὼμ,

274 5622 443 5676 εγω,
474 5614 669 5668 nudus.
692 5614 862 5671 Josue
889 5631 989 5681 \‘lt,
1017 5617 1106 5683 24,
1130 5618 1305 5691 ἁχὼρ,
1326 5630 1479 5687 'my.
1517 5622 1716 5680 Psalm.
1742 5641 1865 5693 vni,

277 5707 309 5773 ᾖ
351 5708 406 5768 1.
453 5709 539 5771 ἀλ,
737 5708 942 5764 Psalm.
990 5726 1189 5777 Lxxtv,
1246 5713 1304 5776 4,
1366 5716 1602 5786 sponse,
1660 5725 1869 5782 nm

1980 4617 2253 4673 Eusebius
2286 4626 2341 4673 et
2372 4631 2473 4672 ms.
2506 4615 2615 4674 Jes.
2644 4617 2783 4681 Θαῦ,
2813 4616 2991 4673 Thau.
3031 4616 3251 4676 Veteres
3286 4634 3501 4690 semper
3525 4622 3564 4677 0

1977 4710 2231 4777 reddunt,
2264 4725 2371 4764 non
2400 4725 2452 4762 τ.

2333 4801 2424 4856 Vl.
2456 4801 2529 4858 De
2549 4803 2814 4858 vocalibus
2838 4801 3201 4860 Hebraeorum.

2048 4889 2205 4960 Quod
2242 4891 2307 4945 ad
2337 4892 2555 4947 vocales
2582 4902 2765 4949 autem
2796 4891 3148 4948 Hebraeorum
3178 4896 3391 4963 attinet,
3420 4896 3561 4952 inter

1975 4988 2168 5044 doctos
2197 4988 2534 5057 disputatum
2564 4998 2648 5043 est
2682 5003 2811 5042 num
2862 4988 3055 5045 litterae
3092 4996 3257 5053 νηπία
3286 4989 3558 5045 vocalium

1974 5080 2105 5133 olim
2135 5078 2313 5134 ollicio
2353 5080 2728 5151 fungerentur,
2757 5088 2815 5133 ut
2846 5079 3145 5135 credidisse
3188 5081 3403 5137 videtur
3433 5079 3560 5134 Hie-

1975 5186 2267 5242 ronymus;
2296 5186 2366 5226 an
2404 5170 2765 5228 consonantis
2809 5173 2984 5227 vicem
3028 5172 3311 5239 haberent,
3364 5182 3423 5227 ut
3466 5174 3561 5227 do-

1973 5276 2101 5318 cent
2131 5262 2376 5334 plerique
2414 5263 2664 5319 hodierni
2696 5264 2817 5319 viri.
2861 5264 3005 5319 Sane
3036 5263 3081 5318 si
3124 5265 3206 5319 lue
3238 5264 3430 5321 littera:
3466 5279 3557 5321 vo-

1974 5353 2174 5410 calium
2199 5370 2359 5409 usum
2396 5354 2705 5420 habuerint,
2732 5370 2957 5411 necesse
2982 5371 3207 5425 prorsus
3232 5355 3395 5411 fuerit
3420 5355 3554 5412 alias

1975 5462 2143 5517 penes
2178 5444 2435 5501 llebraros
2472 5446 2643 5503 fuisse
2683 5448 2920 5510 vesulus,
2954 5462 3076 5516 que
3110 5448 3235 5501 licet
3274 5464 3381 5501 non
3409 5457 3556 5501 nota-

1974 5546 2169 5593 rentur
2196 5539 2252 5593 in
2283 5539 2457 5605 libris,
2489 5553 2554 5593 ex
2582 5540 2981 5594 consuetudine
3015 5548 3193 5593 tamen
3223 5555 3557 5611 usurpare-ns

1975 5638 2087 5684 tur.
2117 5627 2255 5682 Cum
2304 5629 2452 5684 enim
2496 5629 2647 5684 nulla
2686 5644 2813 5693 vox,
2858 5629 3067 5686 nullum
3118 5631 3340 5684 verbum
3384 5635 3551 5696 possit

1976 5720 2096 5774 sine
2126 5720 2299 5776 vocali
2324 5719 2691 5792 pronuntiari,
2716 5730 2770 5779 et
2796 5721 3097 5779 innumerae
3126 5721 3267 5791 apud
3295 5719 3551 5777 Hebraeos

342 5793 406 5862 Γ)
458 5799 671 5858 ηεῦηυί
714 5801 966 5859 moderni
1000 5803 1250 5861 scribunt
1281 5816 1333 5861 et
1362 5807 1651 5877 protei-unt
1686 5823 1899 5875 omnes,
1936 5818 2073 5870 n‘n.
2111 5811 2296 5867 Dsscu
