4064 6262
487 354 547 408 5|
1799 352 2327 410 PRx’ELIMlNARIA
3690 350 3758 403 52

483 488 647 528 voces
680 472 883 526 nullam
906 486 970 526 ex
999 471 1193 529 litteris
1216 478 1378 533 νντικ
1404 469 1713 541 praeferant,
1742 480 1951 528 certum
1980 481 2063 526 est
2092 479 2134 532 Α
2166 472 2349 534 bac/ia,
2392 470 2469 523 illi
2526 469 2652 541 βάχ.
2694 470 2926 535 Quando
2980 479 3160 524 autem
3205 469 3512 539 prrecedcns
3554 467 3759 523 vccalis

482 581 582 621 eos
610 575 805 633 prater
840 564 939 619 has
969 564 1180 618 litteras
1222 563 1359 617 alias
1394 563 1651 618 habuisse
1684 562 1922 627 vocales,
1944 577 2066 631 qua:

484 658 706 726 quidem
732 672 841 711 non
862 657 1265 719 scribebantur,
1291 654 1383 709 sed
1410 670 1474 708 ex
1499 653 1894 709 consuetudine
1921 653 2070 707 adhi-

483 752 777 814 bebantur,
805 750 908 805 etsi
941 765 1135 819 magna
1154 758 1297 804 esset
1325 749 1381 802 in
1410 747 1641 816 legendo
1671 748 1926 801 varietas.
1955 745 2068 800 Lit-

483 851 616 896 tera:
646 850 827 895 autem
870 849 1034 904 317m
1086 839 1383 907 pmsertim
1429 854 1551 906 qua:
1595 838 1906 906 aspirantur
1947 847 2064 899 vnit

483 948 595 987 non
628 932 1045 987 determinatam
1084 931 1347 992 vocalem,
1382 930 1479 984 sed
1514 928 1677 983 modo
1708 929 1873 991 hanc,
1903 929 2063 983 modo

483 1024 645 1079 aliam
675 1023 730 1079 in
760 1038 865 1079 usu
894 1022 1102 1093 legendi
1136 1030 1191 1075 et
1225 1018 1485 1090 loquendi
1512 1018 1853 1082 obtinebant,
1889 1019 1959 1071 ita
2005 1027 2065 1071 ut

479 1124 535 1168 et
564 1113 823 1183 aspiratio
856 1121 912 1167 et
958 1112 1166 1167 vocalis
1212 1126 1322 1165 una
1373 1117 1675 1166 sonarent:
1708 1109 1855 1177 quod
1901 1123 2062 1162 nemo

478 1206 778 1276 negaverit.
828 1202 1020 1259 Utrum
1073 1213 1253 1257 autem
1305 1200 1395 1256 illa
1440 1201 1702 1272 aspiratio
1750 1215 2061 1255 consonans

476 1298 586 1352 dici
610 1296 823 1361 debeat,
858 1296 1068 1351 videtur
1097 1310 1217 1350 esse
1247 1311 1397 1350 mera
1420 1294 1660 1350 nominis
1694 1293 1943 1363 quaestio.
1986 1290 2061 1347 De

478 1396 497 1433 1
526 1399 581 1442 et
613 1397 636 1445 Ἰ
662 1402 769 1441 non
802 1395 907 1450 est,
943 1395 1002 1441 ut
1031 1387 1249 1456 quidem
1280 1393 1433 1456 puto,
1464 1400 1563 1454 par
1591 1384 1733 1437 ratio
1760 1403 1773 1438 :
1801 1398 1924 1437 nam
1962 1397 2058 1436 ve-

476 1480 706 1534 risimile
729 1487 814 1534 est
842 1493 960 1541 eas,
995 1488 1054 1535 ut
1083 1478 1378 1546 plurimum
1404 1477 1620 1541 saltem,
1646 1475 1916 1530 vocalium
1944 1472 2058 1528 olli-

474 1573 565 1625 cio
611 1570 827 1626 functas
871 1585 1030 1635 esse;
1066 1571 1159 1624 sed
1208 1569 1276 1625 iis
1318 1569 1413 1638 qui
1462 1582 1623 1623 secus
1666 1567 2059 1621 existimabunt

471 1678 612 1728 rem,
648 1677 910 1731 perquam
954 1662 1137 1729 exigui
1176 1661 1457 1723 momenti,
1494 1658 1740 1729 pluribus
1791 1657 2055 1729 indagan-

472 1755 599 1808 dam
631 1754 811 1809 mitto.
840 1752 962 1808 Jam
1008 1754 1075 1807 ad
1105 1754 1321 1809 vocales
1371 1753 1491 1807 illas
1526 1762 1769 1806 veterum
1798 1766 1923 1805 cum
1956 1751 2055 1806 ho-

2170 572 2255 616 est
2284 579 2308 613 ε
2342 578 2436 631 ρει·
2470 579 2494 613 ε
2537 562 2854 627 terminant,
2885 572 2944 616 ut
2976 577 3141 632 supra
3167 546 3334 643 111151
3379 560 3665 630 ιελεδεθέχ.

2240 655 2549 724 Aliquando
2578 654 2766 717 etiam,
2795 652 2887 707 sed
2927 669 3073 718 raro,
3100 671 3134 705 ο
3158 654 3243 708 vel
3286 672 3328 706 ω
3363 670 3461 723 pro
3493 669 3531 705 α
3564 654 3755 720 legunt

2168 754 2380 800 veteres
2424 745 2524 808 illi,
2571 761 2636 799 ac
2670 744 2931 800 vicissim.
2984 745 3077 799 Sic
3118 744 3254 800 Gen.
3304 761 3503 810 xxxvr,
3555 744 3646 807 24,
3696 744 3752 797 in

2168 848 2320 900 nota,
2347 844 2526 921 mpm,
2571 835 2884 891 Massoreta:
2918 835 3123 902 makor,
3161 846 3315 890 vetus
3340 836 3498 889 lectio
3527 833 3751 905 μωκὼρ,

2167 928 2272 981 nisi
2299 928 2369 983 sit
2397 928 2655 982 mendum
2692 944 2791 997 pro
2821 926 3015 999 μακὼρ
3037 946 3051 993 ;
3077 937 3131 982 ει
3151 926 3321 982 Josue
3348 942 3446 988 vn,
3479 927 3571 987 21.
3596 936 3751 993 Hm,

2167 1018 2479 1075 Massoretae
2518 1022 2709 1074 Achar.
2744 1019 2929 1089 Aliqui
2980 1020 3226 1091 legerunt
3262 1018 3451 1089 Ἀχάρ,
3488 1034 3597 1072 non
3650 1020 3752 1071 ob-

2165 1117 2347 1164 stante
2372 1119 2413 1168 Ὶ.
2452 1110 2556 1164 Alii
2595 1110 2791 1181 Ἀχὼρ.
2836 1109 2856 1162 l
2891 1108 3026 1181 Reg.
3063 1125 3195 1175 xvu,
3234 1110 3286 1175 1,
3322 1118 3493 1172 nim,
3537 1107 3749 1163 Masso-

2162 1211 2294 1255 retze
2330 1200 2600 1254 Dammim
2626 1218 2642 1253 :
2669 1202 2744 1255 illi
2768 1201 2989 1271 δομμῑν,
3015 1211 3069 1257 ει
3098 1201 3294 1272 psalm.
3324 1215 3513 1264 XLVIII,
3538 1200 3596 1267 2,
3622 1184 3749 1265 1'11,

2162 1289 2494 1357 Massoretm,
2526 1293 2681 1347 haled
2706 1311 2727 1358 ;
2758 1294 2833 1347 illi
2856 1294 2969 1347 δλδ.

2234 1383 2308 1437 De
2342 1386 2541 1438 scheva
2572 1384 2821 1454 quaedam
2860 1383 3200 1439 observanda
3236 1382 3396 1438 nobis
3425 1392 3572 1438 sunt.
3605 1380 3752 1438 Mas-

2158 1474 2395 1531 soretico
2428 1476 2646 1543 quidem
2682 1489 2836 1530 more
2865 1475 3161 1545 aliquando
3194 1475 3412 1545 legitur,
3448 1475 3751 1545 aliquando

2157 1564 2299 1619 silet.
2329 1565 2550 1635 Legitur
2578 1580 2794 1636 semper
2818 1566 2975 1621 initio
2996 1567 3146 1622 vocis
3175 1568 3277 1622 sub
3305 1568 3484 1623 littera
3509 1566 3746 1640 daghcs—

2157 1668 2296 1722 sata,
2329 1660 2382 1711 in
2410 1660 2589 1713 medio
2619 1661 2771 1715 vocis
2798 1670 2921 1729 post
2956 1659 3102 1714 aliud
3136 1661 3357 1726 scheva,
3388 1669 3589 1731 etpost
3622 1677 3745 1717 mo-

2158 1752 2363 1805 tionem
2392 1766 2669 1822 magnam.
2708 1751 2848 1807 Alibi
2874 1754 3156 1822 quiescere
3188 1754 3347 1820 solet,
3374 1770 3405 1808 e
3437 1761 3619 1808 autem
3654 1767 3748 1808 so-

470 1846 676 1900 diernis
708 1844 1137 1900 hebraizantium
1168 1843 1504 1898 motionibus
1530 1841 1932 1912 comparandas
1960 1856 2054 1894 ve-
2086 1840 2129 1893 Β
2157 1850 2252 1896 nat
2283 1856 2409 1896 cum
2455 1842 2672 1913 legitur.
2707 1841 2869 1899 Hisce
2920 1858 3085 1913 porro
3125 1845 3334 1915 legibus
3368 1858 3478 1899 non
3525 1843 3749 1899 stabant

471 1940 710 1991 niamus.
748 1935 1004 1991 Vocalem
1044 1937 1090 1989 Α
1136 1936 1472 2005 exprimunt,
1524 1942 1647 2004 post
1700 1932 2050 1997 Massoretas,

471 2026 721 2081 hodierni
751 2027 1092 2102 grammatici
1120 2041 1214 2095 per
1239 2034 1446 2080 camets
1468 2022 1506 2091 ',
1548 2040 1642 2093 per
1684 2024 1885 2094 patahh
1913 2022 1933 2027 “
1952 2063 1968 2085 ,
2000 2033 2054 2077 et

465 2131 564 2187 per
584 2117 782 2176 scheva
812 2118 1011 2186 patahh
1029 2114 1065 2138 Ἴ
1088 2116 1134 2170 Ε
1154 2133 1280 2172 vero
1312 2130 1407 2187 per
1436 2124 1578 2171 tsere
1597 2115 1619 2127 “
1649 2131 1744 2186 ρει·
1758 2115 1908 2185 segol
1943 2112 1968 2134 "
1997 2123 2052 2168 et

461 2223 563 2277 per
582 2209 781 2263 scheva
798 2208 944 2279 segol
971 2207 1007 2229 ‘”'
1046 2208 1093 2261 Ε
1109 2220 1289 2263 autem
1311 2208 1690 2264 tenuissimum
1709 2222 1803 2279 per
1817 2208 2045 2264 scbeva:

465 2300 499 2353 1
537 2316 633 2368 per
660 2302 837 2371 liliiriq
870 2317 1127 2373 magnum
1160 2305 1241 2361 sic
1274 2313 1295 2352 1
1315 2345 1331 2360 .
1359 2304 1444 2360 vel
1487 2318 1738 2373 parvum,
1767 2317 1863 2359 seu
1908 2317 2049 2372 pun-

460 2402 614 2446 ctum
655 2394 758 2447 sub
796 2394 998 2460 littera,
1027 2410 1193 2463 quam
1233 2394 1395 2451 allicit
1421 2397 1657 2466 positum
1688 2394 1768 2450 sic
1794 2404 1853 2468 τι.
1890 2392 1960 2446 bi.
2002 2391 2047 2447 0

462 2498 563 2552 per
602 2479 627 2543 ἦ
673 2485 889 2539 hholem
933 2486 1177 2555 plenum,
1232 2487 1315 2540 vel
1353 2501 1448 2558 per
1494 2486 1713 2539 hholem
1761 2484 2046 2547 deﬁciens,

462 2591 561 2631 seu
612 2585 872 2646 punctum
924 2577 978 2631 in
1030 2592 1266 2649 superno
1309 2579 1478 2633 latere
1529 2576 1809 2648 sequentis
1856 2577 2048 2631 litterae

460 2670 723 2737 scriptum
748 2669 827 2724 sic
854 2662 934 2728 εὴ
960 2670 1119 2733 dom;
1153 2670 1279 2724 item
1306 2684 1400 2739 per
1423 2677 1631 2724 camets
1664 2667 1940 2737 hbatouph
1966 2667 2046 2722 sic

455 2750 478 2767 '
505 2754 589 2808 vel
630 2770 727 2823 per
780 2755 1020 2825 hhatcph
1057 2758 1300 2831 'eamets,
1337 2753 1367 2779 ’³
1412 2755 1456 2811 U
1504 2767 1686 2812 autem
1725 2772 1887 2827 grave
1948 2771 2045 2826 per

458 2844 726 2899 schourec
756 2856 779 2903 η
821 2845 865 2901 U
910 2854 1073 2901 tenue
1111 2862 1209 2917 per
1247 2847 1467 2902 kibbus.
1513 2846 1590 2901 De
1633 2847 1901 2918 gravitate
1929 2847 2045 2901 sive

454 2936 721 2992 tenuitate
772 2937 1113 3007 singularum
1166 2939 1435 2993 vocalium
1481 2954 1591 2993 non
1643 2939 1873 3009 loquar,
1913 2940 2041 3009 quia

456 3026 595 3082 nihil
623 3027 939 3097 hujusmodi
964 3030 1287 3085 observatur
1317 3031 1373 3084 in
1407 3030 1640 3086 lectione
1665 3040 1932 3086 veterum.

526 3163 720 3236 Magna
754 3180 921 3235 porro
951 3166 1165 3237 legendi
1202 3167 1439 3223 varietas
1482 3167 1627 3223 inter
1668 3178 1881 3223 veteres
1915 3168 2039 3224 illos
2066 3196 2109 3254 ο

454 3257 783 3325 interpretes
814 3265 870 3314 et
896 3255 1226 3312 Massoretas
1266 3257 1713 3327 deprehenditur,
1738 3259 1810 3314 ita
1859 3268 1919 3314 ut
1947 3260 2039 3315 ubi

452 3347 534 3403 illi
558 3348 745 3419 legunt
773 3366 827 3412 a,
860 3348 915 3402 hi
942 3349 1121 3419 legant
1145 3365 1193 3411 ο,
1219 3356 1275 3403 et
1305 3349 1568 3415 vicissim,
1599 3358 1657 3403 ut
1688 3348 1707 3403 l
1735 3347 1867 3420 Reg.
1902 3365 2034 3414 xvn,

453 3438 545 3500 18.
578 3448 740 3505 may
785 3440 980 3510 Aquila
1030 3440 1250 3511 ὲρουὸά,
1292 3440 1602 3497 Massoretac
1631 3458 1761 3498 vero
1789 3443 2035 3511 arubath,

451 3544 577 3584 cum
613 3531 813 3587 sclieva
848 3531 1049 3599 patahli
1094 3532 1146 3585 in
1177 3530 1353 3600 prima
1383 3540 1438 3587 et
1456 3531 1656 3588 kibbus
1691 3533 1744 3586 in
1773 3533 2033 3598 secunda,

452 3638 520 3678 ac
540 3623 844 3693 sepissime
875 3624 967 3677 ubi
994 3634 1033 3687 ιι
1059 3633 1114 3678 et
1144 3635 1186 3683 Π
1208 3634 1469 3679 notantur
1496 3626 1674 3681 vocali
1707 3644 1762 3691 a,
1794 3626 1870 3681 illi
1901 3644 1928 3681 e
1960 3628 2038 3680 le—

450 3721 607 3783 gunt.
638 3712 843 3768 Psalm.
892 3730 1064 3777 ιινιι,
1104 3715 1159 3779 3,
1196 3716 1289 3769 ubi
1336 3715 1649 3773 Massoretze
1683 3717 1816 3773 illud
1853 3727 2031 3784 νων,

452 3803 734 3859 Iarchethe
773 3806 977 3876 legunt.
1020 3804 1076 3858 In
1111 3807 1344 3863 vetusus
1372 3808 1655 3865 codicibus
1690 3811 1890 3880 legitur
1922 3814 2034 3883 ἱερ-

451 3897 555 3968 χθή
575 3914 587 3927 ·
624 3905 679 3951 et
704 3897 895 3952 eodem
924 3900 1132 3965 psalmo
1149 3900 1208 3967 ᾗ,
1232 3898 1323 3965 10,
1355 3908 1513 3961 υνπσ
1538 3899 1868 3967 Massoretze,
1894 3904 2035 3958 dim-

452 3988 654 4066 minou,
707 3988 805 4052 illi,
855 3988 1136 4061 δεμμηνοῦ
1188 3991 1422 4059 habent;
1469 4001 1524 4047 et
1572 3995 1768 4066 psalm.
1817 4011 1932 4062 etx,
1975 3997 2030 4060 ι,

444 4061 640 4157 -μτιίιν,
660 4078 885 4133 Massor.
921 4080 1257 4144 laldutlieca,
1286 4082 1385 4146 illi,
1424 4061 1732 4157 Ἰελεέεθέχ.
1752 4083 2033 4165 Μδιιιλειιὶειξ

448 4183 513 4229 ιι,
548 4169 638 4231 15.
670 4178 827 4233 mea.
860 4169 1089 4227 Massor.
1118 4187 1394 4240 cassam;
1430 4173 1509 4228 illi
1553 4174 1803 4244 χεσσούθ.
1845 4175 2032 4246 longe

449 4275 584 4317 vero
612 4262 811 4331 saapius
844 4262 922 4318 illi
966 4280 995 4318 ε
1040 4263 1458 4321 Massoreticum
1505 4281 1600 4337 per
1644 4285 1677 4327 α
1727 4269 1933 4338 legunt.
1972 4280 2032 4324 ut

446 4350 622 4407 Levit.
669 4368 828 4417 xvm,
874 4355 965 4418 15,
997 4341 1129 4419 53:1,
1167 4356 1394 4412 Hassor.
1442 4374 1565 4413 cum
1606 4360 1809 4429 duplici
1856 4362 2026 4430 segol,

448 4442 676 4497 Thebet:
721 4442 1022 4502 Theodotio
1070 4447 1266 4502 Θάσελ.
1314 4447 1568 4505 iudicum
1601 4468 1661 4505 ιιι
1704 4468 1848 4522 saepe
1892 4465 2029 4516 11m:

446 4532 762 4590 Massoretae
789 4552 914 4593 cum
941 4548 1084 4593 tsere
1126 4540 1230 4594 sub
1250 4541 1425 4611 prima
1457 4541 1634 4597 Ehud.
1667 4543 1828 4598 LXX.
1868 4546 2026 4610 nos,
2062 4538 2106 4592 Ι)

446 4625 575 4690 Alii,
614 4624 807 4680 ‘Aatbb.
860 4628 883 4680 Ι
930 4625 1058 4698 Reg.
1110 4645 1243 4695 xvii,
1279 4630 1329 4695 1,
1379 4639 1498 4691 Das:
1546 4630 1781 4686 Massor.
1831 4632 2025 4702 Epltes,

444 4713 525 4768 illi
558 4713 713 4783 ἀφές.
754 4714 821 4768 ιν
872 4715 1004 4786 Reg.
1058 4733 1214 4784 xvnt,
1260 4720 1349 4783 5-1,
1390 4731 1496 4785 νέηἾ
1532 4719 1765 4777 Massor.
1815 4722 2026 4793 Henah,

444 4806 644 4873 Aquila
685 4806 825 4861 ’Avé.
853 4806 920 4859 IV
955 4807 1086 4879 Reg.
1128 4826 1252 4875 xxv,
1290 4810 1375 4877 l7,
1405 4823 1582 4877 πω).
1618 4812 1849 4869 Massor.
1890 4814 2031 4871 Cha-

445 4895 669 4993 tl-ieretlt,
688 4894 895 4993 S_ymm.
912 4906 966 4993 et
982 4895 1281 4993 Tlieodotio
1310 4901 1549 4974 χωθάρθ.
1566 4901 1670 4958 Job
1688 4917 1821 4971 xui,
1839 4905 1906 4960 ﬂ

443 4986 677 5067 Massor.
710 4988 885 5055 Iteren,
916 4988 1112 5060 Aquila
1159 5004 1214 5045 et
1246 4990 1452 5063 Symm.
1491 4996 1650 5067 κάρν.
1682 4994 1891 5053 Psalm.
1928 4986 2025 5063 'm',

445 5079 534 5143 15.
568 5062 699 5140 53m
726 5080 959 5138 Massor.
992 5083 1227 5138 iehabbel
1250 5100 1267 5138 :
1293 5062 1509 5142 veteres
1546 5062 1623 5142 illi
1659 5088 1830 5143 ιεϐάλ.

514 5213 616 5269 Hic
645 5231 775 5271 vero
808 5218 1111 5273 notandum
1142 5227 1229 5273 est
1257 5219 1310 5273 in
1338 5218 1513 5276 amnis
1544 5222 1797 5278 secunda:
1833 5238 2023 5294 perso-

446 5319 529 5359 na:
558 5306 853 5376 singularis
883 5310 1171 5365 masculini
1198 5312 1413 5381 generis
1438 5323 1479 5396 ἰ
1502 5315 1786 5385 supposito
1816 5326 2026 5371 camets

442 5412 507 5448 ca
533 5404 743 5453 veteres
772 5398 1097 5471 interpretes
1126 5418 1160 5455 α
1185 5412 1311 5459 ante
1345 5422 1375 5460 ο
1412 5406 1613 5476 legere,
1644 5409 1905 5464 nimirum
1936 5427 2021 5465 ac.

441 5487 536 5543 Sic
578 5490 770 5557 psalm.
816 5509 962 5557 xuv,
1006 5495 1061 5558 8,
1103 5481 1298 5575 11.153,
1344 5500 1433 5554 ubi
1468 5498 1782 5575 Messorem:
1830 5503 2023 5558 Eloeca

435 5580 643 5671 legunt,
680 5582 756 5637 illi
803 5583 1000 5656 ὲλωάχ.
1036 5574 1239 5643 Psalm.
1275 5606 1442 5657 χινιι,
1472 5592 1560 5657 ιο,
1588 5574 1754 5671 1531.1
1790 5593 2018 5651 Massor.

438 5670 853 5769 licentes-hmini
877 5677 1110 5769 ﬁxum}.
1130 5674 1331 5769 Psalm.
1354 5698 1463 5747 cxx,
1479 5684 1534 5746 5.
1552 5672 1645 5769 15,
1671 5684 1900 5740 Massor.
1921 5685 2021 5741 Le-

430 5759 533 5817 diu
554 5776 572 5813 .-
605 5762 680 5815 illi
705 5762 828 5831 λάκ,
864 5767 1057 5825 melius
1090 5767 1209 5843 λάχ.
1243 5772 1370 5829 lsai.
1403 5790 1553 5842 uix,
1580 5759 1634 5842 '5,
1663 5784 1744 5855 τι
1784 5775 2015 5837 Massor.

2161 1942 2371 1988 veteres
2404 1934 2723 2004 interpretes
2760 1954 2773 1989 :
2808 1950 2934 1991 nam
2963 1937 3161 1990 scheva
3191 1951 3337 2006 sape
3356 1951 3464 1990 non
3495 1936 3749 2008 legebant

2160 2024 2318 2079 initio
2347 2024 2529 2088 vocis;
2561 2035 2623 2080 ut
2651 2026 2785 2081 Gen.
2828 2042 2866 2091 ι,
2896 2028 2948 2093 1,
2982 2034 3239 2086 nm.
3276 2026 3607 2093 Massoretae,
3638 2028 3744 2083 Be-

2161 2117 2407 2179 reschitli,
2444 2116 2542 2180 illi,
2581 2116 2796 2187 βρησίθ.
2843 2117 2980 2173 Gen.
3012 2134 3073 2184 ιι,
3115 2119 3171 2184 8,
3195 2128 3348 2202 ﬁn,
3381 2118 3610 2175 Massor.
3648 2121 3740 2174 be-

2158 2209 2343 2272 lieden,
2367 2209 2443 2262 illi
2478 2208 2648 2279 βεδέν.
2689 2209 2861 2265 Levit.
2903 2226 3025 2275 xm,
3058 2210 3116 2273 2.
3148 2222 3283 2272 ntttv
3312 2211 3543 2269 Massor.
3573 2214 3738 2278 κιαι,

2158 2298 2487 2365 Theodotio,
2528 2302 2648 2373 σήθ.
2689 2301 2891 2358 Psalm.
2927 2319 3004 2367 ιιι,
3055 2303 3109 2368 9,
3152 2315 3291 2370 εει),
3337 2302 3570 2361 Massor.
3614 2305 3739 2360 che-

2157 2408 2296 2452 rum,
2348 2391 2423 2445 illi
2468 2393 2640 2463 χράμ.
2686 2392 2884 2449 Psalm.
2934 2409 3104 2461 cxvu,
3154 2394 3244 2461 25,
3293 2404 3448 2461 Dm,
3504 2395 3737 2452 Massor.

2155 2481 2410 2547 bescltcm,
2452 2482 2529 2536 illi
2560 2482 2729 2553 βσήμ.

2223 2572 2561 2644 Frequenter
2614 2578 2776 2633 etiam
2830 2595 2929 2648 pro
2975 2579 3240 2637 hodierno
3287 2582 3485 2637 scheva
3542 2584 3744 2638 initiati

2151 2666 2402 2721 eamdem
2428 2668 2673 2722 vocalem
2708 2671 2969 2725 adhibent
3004 2688 3125 2742 qua
3151 2673 3205 2727 in
3243 2675 3491 2743 sequenti
3528 2675 3742 2745 syllaba

2154 2757 2403 2813 habetur.
2438 2758 2575 2816 Gen.
2607 2776 2719 2826 xtv,
2746 2762 2801 2828 5,
2835 2770 3044 2827 avum,
3078 2762 3410 2831 Massoretae,
3457 2766 3735 2835 Rephaim.

2150 2850 2367 2918 Aquila,
2416 2854 2679 2924 ραφαείμ.
2729 2852 2902 2909 Levit.
2948 2872 3064 2920 xix,
3101 2856 3193 2923 27,
3230 2865 3353 2917 ι-ικε
3392 2856 3734 2923 Massoretze,

2149 2936 2381 3001 Pheath.
2418 2944 2496 2998 illi
2547 2943 2714 3013 φαὰθ.
2764 2942 2969 3012 Psalm,
3019 2963 3140 3013 xxv,
3188 2948 3243 3014 8,
3276 2959 3458 3011 manu
3501 2950 3733 3007 Massor.

2148 3029 2404 3111 tsebaoth,
2436 3031 2656 3090 Veteres
2683 3034 2759 3088 illi
2790 3036 3009 3090 σαὸαώθ
3041 3053 3202 3111 saepe.
3231 3038 3433 3096 Psalm.
3463 3057 3633 3109 vau,
3666 3043 3725 3109 5,

2142 3106 2319 3187 νήει,
2377 3122 2641 3190 Massor.,
2704 3126 2956 3199 pelagav;
3014 3106 3135 3197 illi,
3183 3131 3459 3199 φαλαγαί
3521 3106 3729 3189 Ρειιιιιιν.

2141 3229 2335 3280 xum,
2385 3217 2439 3283 5,
2480 3202 2685 3285 Hum“),
2736 3218 2967 3275 Massor.
3022 3222 3347 3289 lemuschal;
3400 3226 3500 3291 illi,
3552 3226 3732 3297 λαμα-

2144 3310 2261 3362 σάλ.
2322 3308 2529 3366 Horum
2585 3314 2834 3383 exempla
2884 3313 3191 3385 frequentia
3245 3319 3485 3387 reperire
3534 3329 3621 3375 est
3669 3321 3729 3374 in

2141 3400 2281 3455 LXX
2330 3401 2744 3472 lnterpretibus,
2780 3415 2841 3461 ut
2883 3407 3166 3476 schelomo,
3201 3408 3474 3480 Σολομὼν,
3503 3421 3559 3467 et
3598 3412 3727 3467 alia.

2139 3489 2236 3544 Est
2261 3492 2425 3546 etiam
2457 3494 2550 3548 ubi
2582 3504 2851 3565 sequente
2872 3513 2933 3549 ου
2975 3499 3173 3553 scheva
3210 3498 3340 3553 illud
3379 3500 3586 3556 iuitiale
3631 3518 3727 3572 per

2135 3597 2175 3635 a
2210 3584 2537 3650 exprimant,
2571 3595 2633 3639 ut
2663 3587 2863 3655 psalm.
2899 3604 3053 3655 mn,
3092 3590 3180 3655 15,
3214 3598 3368 3656 mn,
3410 3593 3632 3662 μανοὺδ.

2210 3672 2288 3729 De
2318 3682 2338 3720 1
2374 3676 2492 3743 iod,
2528 3686 2583 3731 et.
2626 3678 2694 3732 de
2734 3680 2910 3735 vocali
2956 3681 2973 3733 Ι
3020 3681 3134 3735 haec
3184 3682 3525 3739 observanda
3563 3695 3725 3752 sunt;

2136 3771 2159 3811 1
2196 3780 2413 3835 semper
2446 3769 2758 3836 exprimunt
2795 3779 3006 3827 veteres
3042 3788 3137 3841 per
3166 3791 3207 3840 ι,
3260 3775 3343 3829 vel
3391 3776 3724 3832 indiscrimi-

2136 3858 2307 3909 natim
2351 3872 2451 3927 per
2495 3874 2569 3923 ει,
2612 3860 2719 3914 nisi
2759 3865 2956 3916 mendo
3003 3862 3350 3918 librariorum
3400 3880 3454 3918 ει
3480 3866 3721 3935 positum

2136 3946 2305 4003 fuerit
2352 3964 2451 4018 pro
2494 3968 2531 4013 ι,
2569 3952 2714 4021 quod
2756 3952 3198 4023 frequentissime
3230 3957 3285 4010 in
3330 3961 3723 4029 manuscriptis

2134 4040 2339 4099 Graecis
2359 4058 2494 4113 pene
2517 4046 2775 4100 omnibus
2790 4048 3131 4103 observatur.
3152 4048 3286 4103 Gen.
3319 4067 3357 4119 ι,
3383 4053 3432 4115 1,
3456 4061 3724 4118 mm,

2135 4132 2352 4205 βρησίθ.
2383 4132 2521 4201 Gen,
2550 4152 2662 4201 xw,
2699 4137 2753 4202 5,
2787 4147 2997 4205 auem,
3029 4142 3247 4211 Aquila,
3284 4143 3549 4215 ραφαείμ.
3578 4143 3717 4200 Gen.

2133 4240 2327 4293 xxvm,
2371 4226 2459 4293 l9,
2499 4236 2661 4294 vim,
2702 4229 2847 4299 ἀείρ.
2886 4229 3058 4283 Levit.
3097 4245 3137 4293 ι,
3177 4230 3227 4296 1,
3270 4241 3461 4317 ΝἾΡἽΊ,
3496 4233 3719 4304 οὑικρά.

2130 4316 2267 4371 Gen.
2302 4334 2489 4382 xxxvr,
2515 4318 2607 4382 ‘24,
2644 4322 2698 4373 in
2746 4328 2875 4375 nota
2915 4329 3092 4388 D1131,
3128 4316 3374 4395 ἀμμαὶμζ
3411 4322 3431 4376 1
3470 4322 3602 4395 Reg.
3642 4341 3723 4387 tv,

2132 4408 2221 4473 18,
2257 4418 2505 4476 unum,
2535 4410 2798 4481 ἀρὸαείμ..
2832 4410 2852 4463 ι
2897 4411 3028 4483 Reg.
3064 4429 3198 4477 xvii,
3234 4416 3286 4478 1,
3316 4423 3467 4475 ωσι
3494 4415 3717 4487 δομμίν.

2132 4498 2175 4552 ll
2223 4499 2356 4569 Reg.
2389 4517 2499 4566 xw,
2547 4501 2639 4569 26,
2683 4512 2906 4564 Ε’ΠΝὨ.
2953 4504 3213 4576 μαθαεὶμ.
3262 4505 3329 4560 ΙΙΙ
3371 4504 3502 4577 Reg.
3550 4525 3627 4572 vr,
3664 4511 3723 4574 1,

2133 4595 2390 4647 cum:
2418 4588 2777 4661 βασεμονείμ..
2827 4591 2892 4645 ιν
2923 4591 3054 4664 Reg.
3091 4611 3128 4659 ι,
3160 4595 3215 4660 2,
3257 4604 3447 4660 mm,
3476 4597 3545 4653 A.
3590 4599 3717 4654 ’Δα-

2130 4677 2243 4745 Cia,
2273 4679 2331 4735 S.
2378 4682 2643 4753 Ὀχοζίας.
2683 4682 2752 4737 ιν
2796 4683 2931 4754 Reg.
2965 4702 3124 4753 χχιιι,
3156 4686 3210 4755 7,
3256 4698 3510 4755 cuman,
3551 4691 3719 4748 ἀδικο-

2127 4770 2312 4843 δασιμ.
2344 4772 2447 4830 Job
2473 4790 2605 4839 xui,
2630 4777 2718 4842 16,
2741 4781 2924 4837 ΠεὮῖ
2950 4779 3041 4844 A.,
3067 4777 3150 4842 S.,
3176 4782 3389 4852 ιεμιμα.
3413 4770 3563 4840 l’sal.
3594 4800 3719 4853 vni,

2129 4863 2184 4924 1.
2229 4869 2425 4929 111an,
2462 4865 2709 4934 ἀγεθθίθ.
2746 4866 2890 4921 Psal.
2925 4886 3000 4936 xl,
3032 4870 3085 4933 1,
3123 4879 3401 4938 numina,
3439 4874 3718 4946 ὰιιεμινίθ.Δ

2126 4953 2272 5010 Psal.
2310 4972 2457 5021 xL'v,
2490 4959 2541 5023 1,
2568 4967 2745 5024 mm,
2789 4960 2984 5027 ιδιδώθ,
3017 4972 3071 5018 ct
3099 4966 3228 5019 alibi
3266 4982 3428 5037 saepe.

2201 5045 2303 5105 Ubi
2340 5065 2469 5105 vero
2504 5058 2524 5096 1
2559 5053 2795 5121 quiescit
2838 5054 2890 5106 in
2921 5061 3084 5121 tsere,
3128 5071 3223 5125 per
3256 5074 3299 5133 ῃ
3336 5059 3497 5129 vulgo
3532 5063 3719 5133 expri—

2127 5147 2304 5204 munt,
2335 5142 2517 5221 rarius
2552 5159 2649 5213 per
2669 5160 2720 5197 ε.
2754 5142 2821 5196 ιν
2862 5144 2994 5213 Reg.
3032 5162 3070 5209 ι,
3109 5146 3163 5211 8.
3194 5130 3351 5211 πὺιι,
3385 5149 3532 5221 ὲλοή.
3564 5130 3711 5209 Psal.

2126 5244 2224 5293 vn,
2255 5229 2310 5295 8,
2341 5214 2519 5297 δήλη,
2546 5232 2749 5286 abuitde
2779 5232 2945 5315 Psal.
2975 5251 3142 5297 κινιι,
3181 5239 3236 5306 3,
3274 5246 3454 5308 των,
3498 5214 3708 5315 ξερχθή.

2126 5321 2274 5379 l’sal.
2304 5341 2473 5391 van,
2502 5327 2587 5392 10,
2620 5328 2858 5399 suam,
2898 5314 3085 5413 15:31.1.
3116 5332 3235 5387 Alia
3266 5338 3437 5392 multa
3462 5343 3709 5413 exempla

2125 5414 2370 5485 proferre
2395 5433 2706 5487 possemus,
2726 5421 2822 5475 sed
2854 5422 2973 5478 haec
3000 5424 3135 5477 satis
3166 5437 3352 5482 sunto.

2195 5504 2427 5571 Quando
2455 5517 2636 5563 autem
2666 5510 2847 5564 littera
2873 5519 2894 5557 1
2929 5527 3030 5567 nec
3068 5515 3414 5582 exprimitur,
3446 5534 3547 5575 nec
3578 5521 3708 5576 sub-

2122 5602 2464 5672 intelligitur,
2509 5612 2570 5657 ut
2602 5605 2656 5658 in
2692 5620 2822 5659 voce
2849 5613 2962 5665 11ft
3005 5606 3198 5669 David,
3238 5626 3359 5680 quae
3398 5614 3709 5680 saepius-n1

2122 5692 2380 5748 scribitur
2418 5708 2745 5765 suppresso,
2789 5697 2884 5752 sed
2924 5698 3304 5755 subintellecto
3344 5708 3388 5765 1,
3442 5713 3570 5759 tunc
3609 5720 3708 5775 per

2122 5785 2307 5853 hhiriq
2354 5801 2581 5852 parvum
2635 5804 2665 5842 a
2713 5786 3029 5847 Massoretis
3076 5798 3317 5861 notatur,
3352 5807 3382 5847 a
3436 5796 3711 5856 veteribus
