4064 6262
470 323 539 378 55
1851 316 2384 374 PRELIMINARIA
3676 315 3749 370 56

470 437 793 509 Scripturis,
824 446 974 509 gesta
1010 447 1158 493 sunt.
1191 437 1317 494 ilice
1349 446 1531 495 autem
1552 437 1893 503 cuvomtxt'bg
1921 452 2050 508 pro—
2082 444 2126 500 Α
2158 434 2362 493 rissimi
2390 433 2768 506 perhibentur.
2797 430 2995 488 Postea
3035 431 3102 487 de
3145 439 3292 487 recta
3320 444 3535 485 morum
3587 429 3748 484 insti-

468 531 722 586 ferimus.
2156 532 2389 593 tntione,
2413 530 2480 582 de
2509 528 2749 581 vanitate
2776 526 3003 580 deorum
3033 524 3319 594 gentilium
3337 563 3354 588 ,
3380 523 3447 576 de
3479 521 3614 590 legis
3637 519 3750 574 Mo-

543 622 853 677 Dcmetrius
876 622 1196 690 Phalereus,
1225 623 1572 679 bibliotheca:
1600 621 1882 678 Ptolemaei
1909 621 2056 677 Pbil-
2158 626 2320 678 saicaa
2367 619 2684 692 praestantia
2746 617 3181 684 excellentiaquc
3248 614 3417 668 multa
3490 612 3750 669 edisserit

471 716 708 784 adelplti,
742 714 962 786 Egypti
1001 716 1166 786 regis,
1197 715 1505 784 prtefectus,
1534 713 1862 785 conquisitis
1894 714 2058 767 undi-
2159 714 2476 769 Eleazarus.
2513 710 2652 764 llinc
2685 708 2873 764 oblato
2907 707 3178 762 sacrificio
3208 715 3458 761 oratores
3485 746 3500 769 ,
3547 714 3602 758 et
3639 717 3748 757 una

471 821 578 873 que
605 805 780 873 libris,
820 821 941 860 eam
974 821 1150 876 usque
1180 806 1317 860 adeo
1361 817 1610 873 auxerat,
1651 815 1712 860 ut
1762 807 2054 876 plusquam
2161 806 2351 864 LXXII
2383 823 2414 860 a
2444 821 2504 861 se
2534 804 2774 858 delectos
2798 803 2948 855 viros
2975 815 3101 854 cum
3124 798 3322 853 litteris
3350 798 3418 852 ad
3444 810 3626 867 regem
3661 795 3750 849 di-

468 897 708 951 ducenta
757 897 1101 952 voluminum
1156 897 1322 952 millia
1375 899 1848 968 complecteretur.
1901 896 2059 964 Quod
2162 899 2348 955 mittit.
2383 897 2519 960 Rex,
2542 899 2634 969 qui
2670 905 2934 952 venturos
2965 891 3340 962 exspectabat,
3375 889 3594 944 eosdem
3625 900 3750 954 per-

469 1003 596 1041 cum
626 989 930 1044 sciscitanti
969 990 1105 1060 regi,
1151 1000 1419 1058 prresente
1448 999 1563 1044 tum
1585 989 1824 1051 Aristea.
1857 1003 2060 1042 renun—
2163 991 2478 1046 humaniter
2509 989 2743 1059 excepit,
2766 989 2964 1043 deinde
2993 984 3268 1042 exhibitas
3311 982 3417 1038 sibi
3470 980 3714 1035 membra
3737 1006 3751 1018 -

471 1075 655 1142 “amb
686 1077 1222 1146 adjecileﬂ'ecturum
1255 1095 1314 1136 se
1348 1087 1408 1134 ut
1445 1077 1597 1134 brevi
1650 1077 1719 1132 ad
1761 1078 2060 1148 quingenta
2164 1100 2264 1139 nas
2295 1085 2387 1140 ubi
2423 1085 2509 1139 lex
2559 1084 2740 1137 aureis
2770 1081 2966 1136 litteris
3017 1077 3292 1146 descripta
3341 1083 3481 1138 erat,
3525 1085 3758 1126 venera-

471 1169 643 1223 millia
665 1169 928 1225 librorum
960 1186 1219 1226 numerus
1243 1171 1598 1242 pertingeret,
1647 1170 1828 1238 aitque
1845 1183 1904 1224 se
1930 1184 2062 1224 nar-
2164 1177 2382 1232 bundus
2411 1176 2614 1244 septies
2647 1175 2916 1236 adoravit,
2944 1186 3010 1226 ac
3043 1186 3154 1241 prae
3185 1167 3385 1239 gaudio
3418 1165 3758 1236 lacrymalus

473 1270 597 1316 ratu
630 1262 995 1332 quorumdam
1035 1263 1404 1331 comperisse,
1436 1261 1754 1317 Iudaeorum
1791 1262 1938 1332 leges
1979 1262 2066 1316 di-
2163 1279 2282 1335 est;
2317 1275 2374 1323 et
2398 1269 2529 1338 quia
2563 1269 2755 1322 eodem
2789 1275 3034 1335 tempore
3064 1260 3295 1323 victoria
3326 1257 3503 1313 navali
3553 1257 3752 1310 adver-

472 1369 610 1423 gnas
629 1370 748 1410 esse
769 1371 891 1426 qua:
916 1356 970 1409 in
987 1356 1106 1425 ejus
1126 1356 1452 1412 bibliotheca
1468 1366 1883 1428 repon‘ereutur,
1904 1356 2053 1411 dum-
2166 1376 2263 1417 sus
2293 1362 2628 1432 Antigonum
2664 1360 2872 1430 potitus
2905 1369 3043 1421 erat,
3097 1371 3223 1410 eum
3276 1353 3379 1410 sibi
3425 1352 3568 1407 diem
3604 1348 3752 1404 sole-

481 1446 645 1499 ηὶοιιο
676 1461 743 1499 εἰ
774 1443 1002 1516 Syriaca
1035 1447 1219 1514 lingua
1251 1447 1364 1515 (ila
1414 1448 1686 1502 vocabant
1731 1446 1891 1501 mulli
1916 1486 1932 1510 .
1968 1447 2064 1501 Sed
2168 1468 2347 1508 mnem
2374 1463 2427 1508 et
2451 1452 2688 1508 faustum
2720 1451 3016 1522 quotannis
3041 1449 3158 1504 fore
3185 1446 3547 1508 denuntiavit,
3575 1443 3754 1498 viros-

475 1536 545 1592 iis
573 1545 840 1608 repugnat
873 1533 1221 1604 Demetrius)
1253 1552 1361 1605 qua
1396 1537 1708 1605 conscripta
1756 1543 1914 1591 erant
1940 1577 1957 1602 ,
2007 1537 2065 1589 in

2169 1565 2278 1619 que
2332 1548 2524 1604 eodem
2570 1548 2692 1616 ipso
2747 1545 2835 1600 die
2877 1545 2944 1598 ad
2979 1543 3186 1598 lautam
3217 1555 3432 1596 coenam
3479 1535 3751 1592 invitavit.

473 1628 718 1683 Graecam
751 1639 1219 1684 converterentur.
1241 1628 1351 1687 Nec
1380 1647 1554 1710 mora.
1595 1640 1697 1685 rcx‘
1731 1631 1972 1686 decrevit
1997 1631 2069 1685 ad
2170 1641 2571 1697 Accumbentcs
2607 1653 2795 1694 secum
2827 1651 2987 1691 senes
3027 1633 3196 1687 variis
3244 1631 3314 1686 ad
3364 1631 3530 1684 vitam
3594 1627 3755 1682 insti-

477 1737 756 1776 summum
816 1722 1130 1792 pontificem
1187 1724 1452 1788 scribere,
1503 1732 1562 1777 ut
1605 1738 1730 1793 quae
1780 1723 1835 1777 in
1866 1723 2068 1793 optatis

2172 1735 2432 1789 tuendam
2505 1744 2845 1800 regnumque
2913 1714 3756 1792 moderandumquestionibus

475 1823 634 1870 erant
672 1826 1076 1883 asscqueretur.
1104 1814 1243 1870 Tum
1274 1816 1520 1870 Aristeas
1544 1831 1606 1872 ea
1635 1816 1704 1871 de
1728 1816 1932 1886 quibus
1950 1815 2064 1885 jam
2100 1810 2142 1865 Β
2170 1833 2451 1898 provocat,
2481 1838 2717 1893 quarum
2741 1819 2970 1890 singutis
2998 1834 3158 1874 senes
3179 1832 3274 1887 per
3304 1815 3553 1869 ordinem
3585 1813 3757 1866 inter-

478 1905 757 1963 Sosibium
787 1906 1142 1964 Tarentinum
1172 1917 1228 1964 et
1254 1908 1527 1963 Andream
1577 1909 1852 1979 regiorum
1884 1918 2070 1963 custo-
2174 1919 2344 1991 rogati
2387 1915 2797 1988 sapientissime
2842 1911 3288 1983 respomlcrunt,
3322 1909 3398 1963 ita
3433 1914 3494 1960 ut
3546 1911 3757 1974 septem

474 2002 607 2056 dum
641 2000 915 2071 principes
940 2002 1210 2056 allocutus
1260 2017 1405 2070 saepe
1440 2000 1662 2065 fuerat,
1695 2001 1810 2073 regi
1851 2001 2068 2071 aperit;
2171 2011 2384 2066 dierum
2413 2008 2612 2078 spatio,
2650 2003 2880 2075 repetito
2926 2003 3119 2069 eodem
3146 2014 3320 2056 omna:
3353 2011 3526 2063 more,
3563 1993 3761 2050 LXX“

475 2093 738 2148 "imin
771 2109 874 2166 Par
903 2109 1026 2149 9559
1054 2103 1114 2148 ιη
1137 2094 1411 2149 missurus
1445 2093 1511 2148 ad
1533 2108 1814 2148 S'Immum
1840 2093 2066 2163 Pomm“
2173 2119 2366 2161 senum
2391 2097 2706 2172 singulatim
2732 2095 3034 2152 sententias
3057 2091 3367 2162 exceperit,
3384 2100 3462 2144 'ac
3487 2087 3760 2158 cujusque

474 2201 595 2239 cem
621 2185 832 2256 legatus
865 2184 958 2255 qui
985 2183 1301 2240 Judmorum
1337 2186 1507 2240 libros
1529 2184 1811 2251 afferrent,
1848 2182 2073 2242 Judteos
2173 2196 2380 2251 dictum
2413 2191 2668 2247 laudibus
2700 2186 3012 2254 celem-am,
3043 2186 3377 2255 demumquc
3406 2180 3638 2253 singulis
3669 2189 3761 2235 ta-

475 2289 692 2338 omnes.
717 2276 810 2346 qui
853 2290 885 2329 a
937 2284 1093 2345 patre
1123 2275 1298 2345 ipsius
1325 2275 1380 2329 in
1419 2275 1793 2345 captivitatem
1851 2273 2072 2328 abducti
2175 2287 2319 2342 tanta
2353 2284 2455 2340 tria
2486 2283 2631 2337 dono
2664 2278 2944 2334 obtulerit.

477 2365 701 2425 fuerant
723 2408 738 2434 ,
784 2368 990 2424 liberos
1037 2368 1285 2424 remittat
1312 2367 1369 2420 in
1402 2367 1662 2438 patriam.
1708 2365 2073 2421 Percontatus
2249 2378 2445 2449 Elapso
2471 2385 2596 2446 post
2621 2372 2868 2428 convivia
2897 2369 3104 2432 triduo,
3139 2381 3302 2423 senes
3331 2381 3362 2420 a
3385 2361 3660 2419 Demetrio
3687 2359 3762 2418 ad

479 2474 576 2516 rex
612 2470 745 2533 quot
769 2458 1085 2516 Iudaeorum
1122 2461 1294 2514 millia
1320 2459 1375 2513 in
1417 2458 1655 2531 Egypto
1694 2457 1947 2514 servituti
1977 2457 2077 2513 ad-

2178 2470 2487 2541 proximam
2529 2464 2768 2521 insulam
2819 2462 3210 2526 deducuntur,
3260 2465 3316 2513 et
3367 2457 3421 2509 in
3477 2450 3764 2522 splendida

481 2553 625 2608 dicta
659 2562 880 2618 essent,
935 2553 1062 2623 plus
1117 2567 1283 2623 quam
1312 2558 1530 2606 centum
1561 2551 1728 2606 millia
1763 2564 1908 2616 esse,
1932 2548 2076 2604 refe-

2176 2564 2342 2618 domo
2367 2559 2555 2626 locati,
2591 2555 2834 2626 quotidie
2865 2553 2933 2608 ad
2962 2566 3165 2607 nouam
3190 2562 3367 2618 usque
3405 2547 3597 2600 horam
3623 2541 3765 2611 legis

480 2660 636 2704 ηυιο
661 2649 900 2712 Andrea,
925 2646 1154 2702 audivit.
1189 2645 1328 2700 Ilinc
1357 2660 1627 2702 εοηνετεο
1657 2645 1713 2699 in
1740 2645 2076 2699 hilaritatem
2179 2652 2612 2726 ίηιετριιειειὶοηῇ
2633 2649 2840 2705 dabant
2858 2660 3103 2716 operam,
3123 2640 3400 2697 Demetrio
3432 2637 3626 2692 scriba
3642 2650 3768 2690 mu-

481 2740 642 2795 vultu
666 2756 763 2796 rex
793 2739 960 2809 jussit
985 2739 1185 2794 liberos
1214 2738 1415 2793 dimitti
1465 2736 1685 2794 Judteos
1713 2752 1926 2804 omnes,
1959 2746 2076 2791 tum

2181 2764 2310 2807 nere
2352 2747 2636 2816 fungente.
2689 2745 2870 2812 Atque
2917 2739 3084 2792 etiam
3143 2733 3388 2806 quotidie
3434 2730 3570 2785 bene
3603 2742 3771 2782 mane

484 2847 587 2889 ⁸0³
609 2832 705 2903 (ιυί
737 2847 767 2886 ³
806 2841 965 2902 Pal“3
996 2831 1208 2902 ίρείυεν
1250 2841 1369 2887 tum
1401 2833 1567 2887 etiam
1600 2831 1740 2887 alios
1766 2831 1862 2901 Ίυί
1917 2840 2080 2886 am“
2180 2839 2470 2897 veniebant
2502 2837 2559 2892 in
2584 2835 2791 2898 aulam,
2817 2841 2873 2888 et
2893 2831 3141 2888 salutato
3170 2842 3299 2898 rege
3329 2824 3580 2878 redibant
3600 2822 3656 2875 in
3684 2821 3770 2874 lo-

481 2924 541 2980 in
564 2923 881 2979 servitutem
911 2923 1131 2979 abducti
1147 2923 1386 2990 fuerant,
1415 2922 1666 2995 tradique
1690 2922 1950 2989 dominis,
1981 2923 2079 2994 qui
2183 2948 2307 2990 cum
2342 2946 2528 2987 suum.
2559 2929 2762 2996 Sicque
2787 2923 2999 2981 collatis
3048 2919 3455 2993 exemplaribus
3482 2957 3499 2983 ,
3545 2926 3771 2983 unaque

484 3016 804 3090 ltujusmodi
835 3016 1111 3072 famulitio
1150 3016 1465 3078 utebantur,
1499 3030 1599 3087 pro
1621 3015 1856 3087 singulis
1879 3017 2080 3086 capiti-
2183 3022 2525 3096 congregati,
2555 3018 2900 3090 septuaginta
2939 3015 3174 3071 duorum
3214 3014 3426 3068 dierum
3457 3005 3635 3079 spatio
3676 3004 3768 3057 in-

485 3107 593 3164 MS
623 3106 811 3175 νίὶιῑίηῑί
847 3107 1158 3162 ἀΐδεδπκιε·
1197 3105 1424 3163 summa
1449 3122 1614 3178 Ροιτο
1643 3107 1778 3178 res“
1829 3108 2077 3165 muneri!
2102 3156 2146 3186 ρ
2185 3114 2628 3186 terpretationem
2651 3109 2962 3165 absolvunt.
3015 3104 3324 3162 Demetrius
3367 3108 3537 3154 totam
3595 3096 3770 3152 inter-

419 3240 424 3246 .
484 3197 587 3254 fuit
615 3156 722 3252 66:)
752 3199 1097 3254 talentorum.
1450 3156 1479 3178 Γ
1705 3156 1734 3178 υ
1829 3156 2013 3164 --ην-

2181 3156 2545 3280 ρτεῗδιίοηοιη
2573 3203 2776 3258 Judazis
2807 3199 3065 3256 omnibus
3090 3206 3206 3252 tum
3231 3193 3597 3268 praesentibus
3625 3191 3769 3246 reci-

559 3290 867 3346 Demetrius
890 3291 1392 3365 Phalcreuspostea
1421 3293 1665 3349 libellum
1689 3299 1784 3349 dat
1808 3294 2076 3365 regi,quo
2180 3302 2344 3362 tavit,
2395 3298 2490 3369 qui
2544 3296 2780 3352 summis
2811 3307 2932 3346 eam
2985 3290 3240 3344 laudibus
3291 3285 3564 3358 prosecuti
3615 3292 3766 3339 sunt.

485 3394 682 3441 auctor
713 3395 796 3442 est
827 3395 887 3439 ut
921 3396 1068 3458 petat
1100 3403 1132 3443 a
1163 3403 1382 3444 summo
1436 3385 1753 3444 Judieorum
1788 3389 2075 3444 sacerdote

2181 3394 2320 3449 Tum
2347 3392 2594 3448 omnium
2630 3401 2927 3449 consensu,
2960 3383 3228 3438 suadente
3264 3380 3540 3435 Demetrio
3564 3420 3580 3445 ,
3614 3377 3763 3432 diras

487 3475 750 3531 Eleazaro
781 3491 877 3534 sex
905 3493 975 3532 ex
1003 3492 1225 3548 quaque
1250 3477 1397 3532 tribu
1442 3493 1623 3544 senes,
1659 3477 1948 3532 honestate
1992 3477 2076 3531 vi-

2181 3486 2464 3558 imprecati
2488 3492 2620 3539 sunt
2648 3483 2716 3535 iis
2745 3482 2839 3552 qui
2872 3480 3002 3534 huic
3039 3475 3281 3532 versioni
3310 3473 3514 3542 aliquid
3544 3471 3763 3533 addere,

486 3578 557 3624 ta:
589 3578 644 3622 et
669 3569 862 3640 peritia
888 3569 1065 3640 legum
1094 3577 1435 3640 przestantes,
1463 3577 1526 3624 ut
1549 3568 1788 3638 plurium
1811 3569 2075 3640 interpre-

2181 3581 2266 3635 vel
2297 3581 2540 3645 demere,
2571 3575 2657 3631 vel
2691 3575 2746 3628 in
2776 3589 2842 3629 ea
2891 3569 3176 3642 quidpiam
3229 3568 3522 3623 immutare
3574 3562 3765 3620 ausuri

489 3661 629 3717 tatio
651 3661 758 3716 fide
785 3661 1004 3731 dignior
1033 3662 1323 3717 habeatur.
1357 3661 1472 3716 ilex
1499 3669 1748 3716 oratores
1774 3661 1940 3714 mittit
1963 3660 2076 3714 An-
2181 3681 2386 3727 essent,

487 3749 680 3806 drcam
713 3759 770 3807 et
797 3751 1070 3807 Aristeam
1121 3762 1372 3806 nostrum
1422 3767 1551 3805 cum
1601 3749 2077 3820 praestantissimis
2258 3761 2374 3816 ne;
2396 3804 2410 3828 ,
2447 3760 2633 3816 fausto
2687 3758 2767 3814 rei
2821 3757 2974 3812 exitu
3006 3754 3187 3816 laetus,
3220 3760 3274 3806 et
3307 3758 3433 3821 post
3478 3747 3765 3802 lectionem

488 3843 836 3909 muneribus,
871 3857 994 3912 quae
1035 3842 1234 3896 ibidem
1265 3852 1644 3906 recensentur,
1670 3853 1726 3898 et
1753 3844 1952 3900 litteris
1989 3861 2076 3899 re-

2183 3855 2509 3926 legislatoris
2537 3852 2864 3923 sapientiam
2924 3849 3260 3909 admiratus,
3313 3843 3625 3901 sciscitatur
3667 3853 3769 3893 cur

489 3930 617 4000 giis,
646 3930 736 3984 ubi
763 3932 832 3985 de
859 3929 1064 3986 ludatis
1089 3946 1120 3985 a
1149 3933 1413 3986 servitute
1450 3933 1747 4002 redemptis
1769 3975 1784 3998 ,
1837 3934 1906 3988 de
1947 3936 2078 3989 mit-

2183 3956 2357 4016 poetzc
2387 3958 2442 4001 et
2473 3942 2901 4014 historiographi
2930 3940 3136 3996 nullam
3166 3936 3305 3992 tanti
3325 3934 3507 4006 operis
3540 3931 3770 3987 mentio-

493 4022 672 4079 tendis
694 4022 762 4078 ad
793 4023 1298 4093 interpretationem
1341 4023 1639 4095 Scriptura:
1667 4028 1894 4082 senibus
1919 4069 1933 4092 ,
1976 4027 2075 4082 de-

2184 4057 2309 4094 nem
2345 4039 2594 4095 fecerint.
2638 4036 2953 4107 Respondet
3004 4031 3313 4087 Demetrius
3361 4025 3767 4085 sanctissimam

491 4130 602 4178 que
635 4114 822 4169 missis
856 4115 1181 4169 muneribus
1206 4117 1408 4185 agitur.
1452 4115 1562 4174 llas
1612 4117 1823 4174 litteras
1874 4119 2078 4188 excipit
2185 4133 2357 4204 tegi-in
2386 4145 2493 4184 non
2524 4131 2770 4199 potuisse
2787 4129 2907 4183 sine
2935 4124 3180 4199 periculo
3211 4124 3264 4176 in
3301 4120 3524 4188 scriptis
3553 4129 3774 4173 extero-

493 4208 722 4278 epistola
747 4206 993 4260 Eleazari
1028 4206 1095 4260 ad
1145 4205 1496 4263 Ptolemzum
1527 4248 1542 4274 ,
1598 4208 1694 4263 ubi
1746 4208 1803 4263 in
1842 4211 2076 4280 gratiam

2185 4239 2306 4275 rum
2337 4222 2614 4291 usurpari.
2656 4219 3066 4288 Theopompum
3095 4214 3243 4267 enim
3277 4219 3334 4266 et
3375 4210 3722 4265 Theodecten
3749 4249 3764 4272 ,

493 4299 885 4356 beneficiorum
923 4298 1098 4354 fausta
1135 4299 1246 4370 regi
1275 4301 1618 4369 Arsinoeque
1651 4302 1814 4356 uxori
1857 4312 1912 4358 et
1949 4304 2076 4361 tiliis
2183 4315 2279 4385 qui
2311 4313 2363 4367 id
2392 4311 2636 4382 aggressi
2684 4309 2922 4373 fuerant,
2976 4307 3238 4360 divinitus
3269 4300 3535 4358 immissis
3589 4298 3770 4370 poenis

494 4403 840 4466 apprecatur.
865 4401 918 4448 et
946 4410 1010 4448 ex
1039 4394 1272 4463 singulis
1300 4394 1551 4451 tribubus
1576 4410 1737 4450 senes
1772 4413 1865 4453 sex
1906 4401 2077 4454 inter-
2185 4405 2459 4461 coercitos
2489 4404 2680 4458 fuisse.
2716 4399 2811 4457 llis
2839 4401 3043 4455 auditis
3068 4414 3165 4453 rex
3196 4397 3370 4466 legem
3392 4393 3648 4465 religiosa
3674 4405 3770 4444 ve-

494 4484 777 4555 pretanu'is
801 4482 1105 4554 Scripturis
1152 4499 1213 4542 se
1264 4484 1480 4540 mittere
1521 4485 1828 4554 profitetur.
1871 4487 2077 4546 Deinde

2188 4498 2468 4553 neratione
2491 4501 2816 4565 prosecutus
2842 4501 2947 4556 est,
2970 4505 3202 4559 eamque
3225 4488 3392 4558 jussit
3421 4498 3641 4541 summo
3659 4469 3772 4538 stu-

497 4593 692 4632 senum
722 4576 992 4646 cujusque
1023 4577 1202 4632 tribus
1225 4576 1449 4629 nomina
1501 4576 1836 4633 referuntur.
1895 4580 2079 4637 Dono—
2181 4591 2274 4645 dio
2322 4587 2618 4650 asservari,
2659 4599 2928 4654 senesque
2958 4582 3165 4652 rogavit
3202 4590 3262 4635 ut
3297 4581 3348 4633 in
3381 4587 3660 4645 posterum
3705 4588 3770 4630 se

495 4687 622 4726 Tum
649 4681 837 4742 Ροδῑοδ
867 4669 1044 4727 tum“
1085 4671 1509 4740 Prwslamiaque
1547 4670 1670 4726 fuse
1722 4672 2077 4730 describitur.
2183 4678 2429 4733 crebrius
2457 4677 2830 4738 convenirent,
2857 4675 3115 4743 ipsosque
3137 4687 3262 4728 cum
3287 4669 3450 4725 donis
3471 4677 3523 4723 et
3547 4665 3773 4736 amplis-

499 4762 762 4833 Sequitur
793 4763 1038 4821 narratio
1064 4777 1255 4817 eorum
1287 4778 1410 4834 qum
1436 4761 1797 4834 Jerosolymis
1834 4766 2080 4822 Aristeas
2182 4772 2340 4827 simis
2365 4769 2685 4824 muneribus
2711 4767 2971 4822 Eleazaro
2999 4779 3220 4821 summo
3250 4761 3498 4834 pontifici
3527 4760 3772 4815 destina-

496 4857 909 4918 observavorat,
940 4853 1411 4925 Jerosolymorum
1445 4869 1640 4925 nempe
1672 4856 1862 4922 situm,
1894 4858 2082 4927 templi
2184 4862 2275 4927 tis,
2304 4861 2527 4914 domum
2551 4859 2784 4913 remisit.

491 4945 942 5021 Jerosolytuitani
970 4946 1228 5012 formam,
1260 4948 1611 5003 sacerdotum
1652 4948 1783 5002 item
1829 4950 2085 5004 ministe-
2255 4952 2334 5007 En
2363 4961 2534 5008 totam
2560 4952 2789 5006 Aristeaa
2807 4960 2862 5004 et
2891 4947 3028 5003 LXX
3072 4948 3432 5016 lnterpretum
3453 4941 3766 4999 historiam.

495 5042 667 5106 rium,
692 5039 938 5098 Eleazari
967 5041 1316 5096 sacerdotum
1348 5041 1612 5112 principis
1649 5056 1809 5096 sacra
1839 5050 2083 5098 tractan—
2183 5046 2338 5101 Licet
2367 5054 2548 5100 autem
2590 5045 2720 5098 hinc
2749 5044 3003 5098 hausisse
3041 5049 3300 5111 putentur
3327 5045 3596 5107 quotquot
3626 5035 3783 5090 idem

494 5135 571 5192 tis
605 5133 839 5201 cultum,
862 5133 1008 5190 arcis
1035 5130 1543 5204 Hierosolymitante
1575 5133 1776 5200 situm,
1812 5133 1970 5192 urbis
2001 5144 2085 5190 ιο-
2185 5146 2569 5208 argumentum
2606 5145 3037 5207 pertractarunt,
3086 5144 3324 5190 attamen
3355 5132 3430 5186 illi
3490 5140 3605 5184 tum
3640 5146 3672 5184 a
3729 5146 3789 5183 sc

497 5226 611 5280 tius
645 5223 938 5289 ambitum,
969 5224 1084 5297 agri
1127 5234 1183 5279 et
1215 5224 1456 5295 regionis
1489 5225 1910 5292 fecunditatem,
1962 5228 2083 5282 fru-
2186 5240 2400 5292 mutuo,
2427 5239 2543 5283 tum
2572 5230 2642 5283 ab
2668 5227 2885 5283 Aristea
2912 5228 3027 5292 illo,
3062 5241 3226 5297 quem
3264 5224 3430 5278 modo
3456 5222 3672 5278 retulim
3696 5236 3784 5287 us,

497 5323 693 5370 etuum
727 5315 941 5386 copiam
971 5323 1027 5372 et
1054 5317 1397 5370 varietatem.
1422 5313 1713 5373 Iordanem
1742 5317 1971 5374 fluvium
2001 5321 2086 5373 in-
2187 5320 2418 5374 multum
2449 5318 2725 5374 differunt.

503 5416 617 5460 star
648 5404 755 5462 Nili
783 5406 1149 5462 exundantem
1191 5420 1474 5478 terrasque
1508 5409 1824 5481 irrigantem
1864 5412 2088 5469 exhibet

2187 5434 2254 5488 ll.
2291 5434 2433 5500 Quid
2453 5433 2518 5488 de
2543 5434 2642 5486 hac
2666 5431 2909 5485 Historia
2930 5431 3164 5484 dixerint
3185 5427 3520 5483 Aristobulus
3534 5435 3585 5481 et
3611 5425 3768 5481 Philo

505 5498 774 5564 Aristeas,
805 5513 978 5568 eaque
1006 5499 1061 5553 in
1093 5515 1150 5553 re
1175 5499 1298 5555 falsi
1329 5501 1577 5572 arguitur
1607 5518 1636 5556 a
1661 5503 1869 5558 multis.
2315 5498 2326 5500 “
2859 5500 3107 5557 Ιιαίαῖιιε.

577 5584 692 5640 Sub
725 5587 840 5643 lucc
869 5589 937 5642 de
967 5589 1188 5644 senibus
1215 5590 1284 5644 ab
1306 5588 1566 5646 Eleazaro
1595 5608 1660 5647 ex
1685 5609 1906 5664 quaque
1939 5596 2085 5650 tribu
2260 5593 2364 5662 Qui
2403 5594 2613 5666 primus
2641 5595 2870 5650 Aristeaa
2904 5593 3203 5649 llistoriam
3237 5589 3577 5648 memoravit.
3603 5591 3772 5643 tacito

505 5681 723 5736 selectis
749 5683 928 5751 agitur
959 5701 972 5734 :
1006 5682 1061 5736 hi
1091 5683 1376 5752 utriusque
1429 5686 1649 5754 lingum,
1689 5685 1972 5742 Hebraica:
1998 5689 2086 5742 ni-
2189 5700 2371 5742 tamen
2396 5687 2626 5743 Aristea:
2647 5688 2888 5752 nomine,
2912 5693 2998 5740 est
3034 5684 3400 5747 Aristobulus,
3437 5683 3506 5735 ab
3534 5679 3773 5735 Eusebio

506 5771 704 5826 mirum
734 5783 788 5829 et
816 5772 1038 5840 Graece,
1066 5774 1409 5844 peritissimi,
1431 5787 1484 5832 et
1508 5777 1688 5847 legum
1726 5779 1953 5835 scientia
1973 5781 2073 5836 clai
2190 5780 2518 5838 Caesariensi
2559 5780 2755 5836 allatus
2788 5776 3010 5851 (Pi-mp.
3063 5793 3246 5846 evang.
3290 5791 3346 5850 ρ.
3379 5773 3485 5834 664
3503 5772 3546 5846 ),
3583 5775 3678 5845 qui
3705 5774 3776 5830 de
