4064 6262
328 332 395 386 li?
1579 342 1649 399 lN
1686 342 2014 400 HEXAPLA
2053 342 2400 401 ORIGENIS.
3532 351 3600 407 58

328 453 625 523 Scriptura:
658 453 945 512 llebraicte
971 458 1419 531 interpretatione
1446 464 1605 536 jussu
1634 466 1911 523 Ptolcmmi
1940 472 1987 528 Α
2014 476 2095 521 tes
2143 467 2303 536 quasi
2334 466 2552 522 divinos
2592 467 2844 524 homines
2894 470 3215 527 nnmeribus
3266 474 3601 536 cumulasse,

327 544 696 614 Philadelphi,
726 558 961 603 curante
983 548 1257 605 Demetrio
1284 551 1547 610 Phalereo
1578 555 1754 619 facta,
1790 574 1913 612 car-

326 640 459 710 ptim
498 641 768 710 loquitur.
812 641 976 699 llunc
1003 645 1227 714 quidam
1264 649 1368 702 sub
1395 648 1691 706 Ptolemaeo
1725 651 1911 706 Phila-

326 733 546 801 delpho,
582 735 774 805 plures
798 737 904 792 sub
936 737 1324 805 Philometore,
1356 742 1447 796 alii
1490 745 1593 797 sub
1622 749 1913 814 postremis

322 822 751 881 Ptolemaeorum
776 829 981 885 vixisse
1006 831 1367 887 arbitrantur.
1424 831 1535 888 Nec
1560 835 1761 890 desunt
1817 837 1911 906 qni

324 920 635 993 fragmenta
667 924 966 981 Aristobuli
995 927 1067 981 ab
1091 925 1328 982 Eusebio
1357 928 1542 992 allata,
1564 943 1631 982 ex
1653 929 1913 996 operibus

322 1016 719 1085 supposititiis,
741 1027 794 1071 et
810 1020 984 1085 prima
1002 1018 1328 1074 Christianae
1354 1019 1429 1074 rei
1457 1028 1616 1075 aetate
1639 1020 1907 1086 conﬁctis,

322 1111 615 1179 desumpta
645 1128 768 1167 esse
806 1124 1013 1183 putent.

389 1202 553 1256 Philo
607 1202 832 1261 Judaaus
867 1208 921 1260 in
964 1207 1087 1262 Vita
1136 1208 1324 1273 Mosis,
1372 1209 1468 1265 lib.
1518 1224 1580 1275 ll,
1613 1209 1907 1266 llistoriam

320 1291 463 1361 LXX
494 1294 859 1365 lnterpretum
888 1308 1299 1364 commemorat,
1329 1315 1392 1355 ac
1426 1300 1603 1370 primo
1628 1302 1758 1354 dicit
1788 1299 1908 1355 Pto-

318 1385 575 1440 lema-um
614 1387 1053 1458 Philadelphum,
1088 1406 1251 1461 quem
1276 1394 1510 1447 summis
1537 1394 1789 1448 laudibus
1819 1409 1911 1446 cx-

319 1477 482 1540 tollit,
508 1493 615 1548 pro
658 1480 1107 1550 interpretatione
1150 1484 1560 1553 Scripturarum
1590 1485 1904 1540 adornanda

316 1571 541 1625 misisse
571 1572 643 1627 ad
668 1589 947 1628 sumntum
967 1576 1304 1630 sacerdotem
1335 1586 1390 1631 et
1434 1592 1613 1645 regem
1659 1575 1861 1632 Judaea:
1887 1622 1901 1644 ,

314 1663 410 1731 qui
448 1680 600 1719 unus
643 1677 699 1720 et
749 1666 891 1721 idem
940 1676 1065 1723 erat
1094 1712 1109 1734 ,
1152 1667 1464 1740 Ἐξέπεμπε
1501 1670 1640 1741 πρὸς
1681 1669 1775 1724 τὸν
1803 1672 1906 1742 τῆς

326 1754 593 1821 Ἰουδαίας
624 1759 886 1832 ἀρχιερέα
917 1760 1015 1815 καὶ
1046 1761 1287 1831 βασιλέα·
1330 1765 1359 1816 ὁ
1383 1762 1493 1833 γὰρ
1513 1763 1674 1826 αὐτὸς
1701 1757 1789 1833 ἦν.
1809 1764 1903 1816 llle

314 1862 445 1903 vero
471 1850 841 1919 peritissimos
876 1866 1124 1921 quosque
1156 1853 1375 1923 delegit,
1393 1854 1486 1923 qui
1514 1854 1582 1907 de
1606 1854 1899 1908 Chaldaica

311 1939 369 1993 in
400 1935 914 2011 Grmmlinguam
960 1944 1074 2014 (sic
1116 1945 1242 2006 ille)
1286 1947 1458 2015 legem
1493 1954 1895 2002 converterent.

310 2027 385 2084 De
416 2046 655 2085 numero
682 2042 863 2089 autem
907 2033 1265 2105 interpretum
1297 2038 1431 2091 nihil
1480 2038 1694 2107 uspiam
1735 2038 1901 2092 tradit

307 2120 492 2177 Philo.
515 2121 700 2195 Pergit
730 2140 860 2180 vero
889 2127 1105 2193 deinde,
1133 2130 1319 2198 aitque
1366 2129 1691 2198 interpretes
1717 2131 1771 2183 in
1802 2143 1899 2184 oc—

304 2218 461 2272 culto
497 2219 829 2287 nemineque
865 2230 1172 2289 praesente,
1226 2222 1536 2275 versionem
1568 2236 1726 2275 suam
1773 2222 1896 2276 edi-

302 2309 475 2363 disse.
507 2308 646 2363 Cum
674 2293 857 2365 autem
886 2312 941 2365 in
977 2309 1157 2366 Pharo
1183 2312 1364 2368 insula
1381 2313 1496 2367 htec
1520 2313 1896 2384 interpretatio

301 2396 449 2453 facta
487 2400 704 2463 fuisset,
734 2400 1056 2456 testiﬁcatur
1082 2401 1240 2457 Philo
1256 2404 1323 2458 ad
1349 2419 1510 2459 suum
1543 2420 1718 2475 usque
1752 2415 1892 2461 tem-

301 2506 408 2561 pus
441 2492 681 2561 hujusce
726 2502 893 2549 tanta:
926 2497 1002 2549 rei
1044 2496 1365 2551 memoriam
1407 2498 1702 2568 quotannis
1746 2498 1890 2553 cele-

301 2582 493 2649 brari;
544 2586 622 2638 ita
655 2593 714 2639 ut
749 2601 858 2641 non
895 2588 1059 2642 modo
1086 2586 1284 2653 Judaei,
1332 2590 1426 2644 sed
1458 2590 1621 2645 etiam
1672 2590 1786 2654 alii,
1832 2590 1890 2649 in

299 2689 423 2730 eam
456 2676 699 2731 insulam
731 2688 1152 2745 transmeantes,
1175 2681 1473 2751 gratiarum
1499 2683 1809 2739 actionibus
1835 2691 1889 2740 et

300 2768 578 2822 conviviis
607 2776 818 2824 tantum
854 2771 1174 2826 beneﬁcium
1207 2774 1528 2829 recolerent.

791 2859 881 2914 111.
913 2861 1056 2926 Quid
1086 2860 1369 2932 Iosephus.

366 2944 647 3019 Iosephus
677 2951 696 3021 (
723 2954 986 3022 Antiquit.
1017 2952 1150 3008 Jud.
1193 2955 1289 3009 lib.
1312 2972 1412 3019 xu,
1441 2957 1477 3012 2
1498 2958 1539 3027 ),
1580 2959 1676 3028 qui
1732 2974 1792 3016 se
1820 2975 1884 3016 ea

294 3054 421 3108 qua:
456 3042 624 3096 tradit
658 3058 726 3097 ex
768 3044 984 3099 Aristea
1034 3048 1154 3119 ipso
1199 3056 1506 3104 mutuatum
1553 3052 1880 3120 proﬁtetur,

296 3134 500 3202 stylum
531 3134 762 3190 Aristeze
780 3139 1006 3191 omnino
1031 3140 1281 3206 mutavit,
1311 3142 1384 3195 ita
1406 3144 1654 3198 utetiam
1678 3146 1881 3215 episto-
1901 3162 1951 3223 (ς

294 3227 377 3283 las
407 3228 713 3295 variorum,
742 3246 866 3301 quae
896 3232 952 3286 in
988 3232 1216 3288 historia
1270 3236 1459 3290 eadem
1513 3248 1829 3307 comparent
1858 3278 1874 3305 ,

291 3319 451 3389 longe
466 3322 575 3375 alia
597 3323 890 3377 verborum
908 3323 1047 3378 serie
1058 3324 1353 3382 describat.
1371 3326 1479 3383 Nec
1499 3331 1661 3384 modo
1686 3333 1875 3399 verba,

290 3414 385 3467 sed
419 3425 477 3468 et
503 3430 593 3469 res
623 3415 771 3484 ipsas
801 3416 1095 3486 aliquando
1127 3428 1455 3483 commutat,
1489 3422 1660 3475 multa
1691 3422 1875 3478 detra-

291 3504 391 3568 hit,
413 3521 525 3559 non
553 3520 728 3574 pauca
754 3506 825 3562 de
846 3522 951 3562 suo
981 3509 1191 3577 adjicit.
1221 3511 1475 3564 Attamen
1517 3511 1710 3566 eodem
1755 3514 1875 3583 ipso

284 3598 611 3667 exemplari,
642 3613 753 3669 quo
801 3600 1102 3655 hodiernus
1144 3601 1388 3657 Aristeas
1432 3603 1503 3658 ad
1552 3620 1652 3658 nos
1699 3620 1875 3676 usque

282 3686 649 3742 transmissus
681 3696 764 3744 est
791 3731 807 3755 ,
849 3705 982 3746 usus
1029 3688 1203 3746 fuisse
1258 3692 1504 3760 videtur;
1555 3694 1683 3749 licet
1724 3695 1870 3751 enim

285 3780 586 3848 plurimum
613 3781 782 3835 variet
808 3782 864 3836 in
893 3784 1250 3850 recensione;
1284 3785 1336 3839 id
1372 3802 1438 3841 ex
1482 3801 1633 3841 more
1660 3803 1762 3842 suo
1787 3787 1869 3843 fe-

283 3873 380 3930 cit.
405 3870 723 3941 Scripturas
745 3876 893 3929 enim
916 3890 1126 3941 sacras,
1162 3878 1362 3946 quibus
1411 3877 1524 3933 fere
1565 3894 1663 3948 per
1698 3888 1868 3934 totam

284 3961 586 4019 Historiam
613 3965 804 4032 utitur,
844 3968 1070 4037 paribus
1115 3970 1515 4025 mutationibus
1547 3971 1753 4040 passim
1785 3973 1871 4026 vi-

280 4054 455 4108 tiavit.

314 4167 406 4222 IV.
437 4169 616 4234 Quam
645 4171 799 4241 longe
826 4171 892 4224 ab
920 4174 1146 4227 Aristea:
1167 4175 1475 4229 narratione
1500 4174 1825 4231 aberraverit

810 4241 1059 4296 lustinus
1095 4244 1327 4314 Μαι-ιφ.

349 4329 609 4387 Justinus
630 4331 854 4403 llartyr,
876 4333 1251 4390 Admonitiane
1287 4337 1356 4389 ad
1387 4336 1601 4393 Crwcos
1632 4380 1649 4401 .
1701 4339 1863 4413 longe

277 4424 387 4479 alia
417 4425 679 4479 narravit.
712 4426 803 4479 Ait
829 4427 1029 4496 quippe
1055 4426 1406 4483 Ptolemaeum
1434 4428 1653 4503 Egypti
1678 4448 1859 4504 regem

2015 559 2351 627 domumque
2388 560 2689 613 remisisse.
2716 560 2774 614 ln
2800 562 2877 615 rei
2919 562 3080 617 ﬁdem
3113 562 3365 619 Justinus
3407 565 3602 619 testiﬁ-

2014 659 2171 704 catur
2208 666 2267 705 se
2292 648 2749 705 domuncularum
2779 652 3092 721 hujusmodi
3119 655 3312 710 rudera
3339 657 3395 711 in
3417 655 3600 711 Pharo

2016 745 2193 799 insula
2222 744 2356 812 ipsis
2383 747 2559 799 oculis
2583 748 2958 814 conspexisse,
2990 756 3041 803 et
3067 749 3137 803 ab
3168 749 3441 819 indigenis
3480 766 3604 821 qua:

2016 835 2178 890 refert
2203 837 2497 904 accepisse.
2522 838 2739 892 (Ilaudit
2760 839 3001 903 demum,
3033 849 3087 894 et
3116 841 3371 896 lectorem
3402 842 3599 897 remit-

2016 928 2079 981 tit
2104 928 2170 981 ad
2202 928 2485 983 Philonem
2521 938 2575 983 et
2609 930 2675 984 ad
2708 927 3029 999 Jusephum,
3062 931 3157 986 ubi
3206 940 3387 987 tamen
3445 934 3598 987 nulla

2013 1019 2331 1073 cellularum
2366 1019 2590 1073 mentio.
2628 1018 2683 1071 In
2716 1020 2956 1073 secunda
2984 1035 3115 1074 vero
3148 1037 3243 1089 pro
3269 1020 3593 1077 Christianis

2015 1110 2295 1182 Apologia,
2332 1113 2409 1164 ait
2428 1110 2781 1165 Ptolemaeum
2808 1127 3013 1181 regem,
3041 1127 3165 1166 cum
3200 1113 3371 1169 libros
3431 1116 3596 1170 undi-

2010 1220 2117 1273 que
2154 1204 2407 1273 paranda:
2448 1205 2789 1259 bibliotheca:
2835 1204 3166 1275 comportari
3203 1214 3446 1270 curaret,
3482 1206 3594 1263 lle-

2009 1296 2194 1348 rodem
2229 1310 2411 1364 regem
2446 1295 2761 1364 rogavisse,‘
2796 1294 2966 1349 libros
3025 1297 3128 1351 sibi
3181 1298 3591 1365 prophetiarum

2010 1385 2444 1440 transmitteret:
2482 1402 2546 1441 ac
2580 1402 2704 1440 cum
2739 1386 3035 1441 llebraicos
3068 1386 3238 1443 libros
3274 1388 3452 1458 legere
3480 1403 3589 1445 non

2006 1488 2211 1547 posset,
2240 1494 2454 1534 rursum
2478 1478 2549 1534 ab
2564 1479 2755 1533 eodem
2787 1480 3110 1550 interpretes
3141 1481 3467 1549 postulasse,
3492 1483 3587 1552 qui

2006 1569 2271 1626 llebraica
2301 1571 2489 1625 Graace
2518 1579 2920 1639 converterent,
2971 1579 3076 1627 etc.
3136 1571 3227 1626 Sic
3260 1572 3351 1628 ille
3385 1574 3587 1628 imma-

2006 1678 2129 1716 nem
2156 1662 2363 1731 profert
2399 1663 2888 1719 anachronismum
2918 1682 2933 1731 ;
2981 1679 3108 1717 nam
3152 1662 3396 1721 llerodes
3424 1667 3587 1724 annis

2004 1754 2226 1807 circiter
2250 1754 2501 1809 ducentis
2532 1754 2972 1824 quinquaquinta
2997 1765 3120 1825 post
3142 1754 3420 1812 Ptolemzei
3450 1756 3584 1812 Phi-

2002 1844 2236 1914 ladelphi
2262 1845 2473 1899 obitum
2498 1860 2725 1914 regnare
2759 1847 2947 1915 coepit.

2072 1936 2330 1991 Eamdetn
2362 1952 2546 2008 porro,
2572 1954 2735 2008 quam
2764 1937 3037 2004 Justinus,
3062 1939 3381 1996 cellularum
3408 1941 3583 1997 histo—

1999 2032 2136 2086 riam
2168 2029 2333 2086 refert
2356 2030 2595 2103 Cyrillus
2629 2029 3180 2104 Hierosolymitanus.
3215 2034 3283 2090 At
3311 2036 3405 2104 qui
3459 2051 3582 2106 pro-

1999 2125 2145 2180 xime
2175 2133 2297 2194 post
2322 2122 2599 2179 Iustinum
2632 2124 2993 2193 scripserunt,
3030 2126 3302 2187 irenteus,
3361 2124 3580 2182 Tertul—

1996 2216 2177 2270 lianus
2206 2223 2260 2270 et
2282 2215 2533 2270 Clemens
2563 2216 2968 2270 Alexandrinus
2990 2257 3006 2283 ,
3050 2218 3119 2271 de
3166 2217 3407 2272 Historia
3433 2217 3577 2273 LXX

1997 2308 2354 2377 interpretum
2383 2322 2557 2377 pauca
2606 2309 2805 2372 locuti,
2858 2308 2995 2361 nihil
3033 2308 3105 2363 de
3137 2310 3349 2365 cellulis
3384 2310 3579 2381 hujus-

1994 2403 2144 2457 modi
2171 2411 2536 2457 narraverunt
2567 2420 2581 2456 :
2615 2417 2682 2455 ex
2708 2401 2913 2471 quibus
2938 2404 3179 2457 Irenzeus
3219 2413 3273 2457 et
3321 2400 3578 2460 Clemens

1990 2493 2730 2549 Alexandrinus‘versionem
2757 2510 2948 2548 eorum
2982 2495 3171 2549 divino
3203 2494 3419 2551 aﬁlante
3446 2496 3576 2567 Spi-

1991 2585 2099 2639 ritu
2128 2584 2328 2639 factam
2358 2594 2693 2640 asseverant.
2726 2584 2994 2641 Eusebius
3022 2602 3149 2642 vero
3189 2586 3263 2640 De
3297 2604 3573 2659 pra'para-

1992 2678 2131 2731 tione
2152 2677 2472 2746 evangelica,
2502 2677 2597 2731 lib.
2626 2693 2745 2743 vm,
2780 2676 3012 2732 Aristete
3034 2678 3329 2733 maximam
3354 2691 3568 2749 partem

1990 2767 2176 2832 refert,
2213 2777 2411 2825 etcum
2446 2768 2852 2840 exemplaribus
2882 2770 3161 2825 hodiernis
3191 2781 3250 2827 ut
3273 2773 3571 2841 plurimum

1986 2861 2283 2919 consentit.

1986 2968 2053 3026 ν.
2095 2970 2434 3043 Epiphanius
2462 2974 2615 3046 longe
2639 2974 2848 3115 diripi:
2880 2974 2945 3028 ab
2978 2976 3188 3030 Aristea
3221 2985 3273 3030 et
3303 2993 3336 3029 α
3361 2977 3569 3032 ceteris

2679 3062 2733 3098 re
2760 3062 2817 3098 er
2844 3084 2861 3101 .

2679 3062 2861 3101 relert.

2054 3134 2283 3190 Demum
2324 3133 2664 3205 Epiphanius
2708 3138 2869 3208 longe
2906 3137 3011 3193 alia
3042 3154 3209 3209 quam
3258 3138 3438 3194 caeteri
3486 3154 3568 3196 re-

1981 3225 2105 3284 fert.
2135 3225 2203 3281 Et
2220 3228 2349 3298 quia
2379 3229 2499 3298 ejus
2521 3231 2764 3285 narratio
2789 3245 2820 3284 a
2857 3231 3044 3286 multis
3068 3245 3168 3301 pro
3192 3232 3482 3287 verissima
3510 3240 3565 3287 et

1981 3319 2359 3375 sincerissima
2393 3321 2642 3375 omnium
2677 3320 2861 3375 habita
2908 3329 3024 3385 est,
3062 3336 3183 3375 eam
3238 3322 3329 3377 hic
3357 3324 3564 3379 referre

1978 3426 2086 3464 non
2119 3410 2487 3481 gravabimur.
2521 3413 2579 3465 In
2612 3413 2751 3467 libro
2784 3411 2861 3465 De
2893 3414 3153 3466 mensuris
3172 3423 3223 3466 et
3245 3414 3562 3482 ponderibus

1975 3505 2080 3561 sub
2129 3504 2382 3570 initium,
2437 3517 2728 3575 postquam
2780 3506 3037 3560 editionis
3066 3504 3174 3559 τῶν
3202 3509 3257 3558 0'
3296 3516 3563 3575 praestan-

1973 3596 2107 3650 tiam
2129 3594 2464 3665 praedicavit,
2498 3610 2731 3664 eamque
2763 3608 2872 3649 non
2921 3595 3041 3649 sine
3093 3596 3272 3651 sancti
3321 3594 3562 3667 Spiritus

1974 3686 2154 3741 alllatu
2187 3684 2386 3740 factam
2412 3687 2669 3748 asseruit,
2697 3684 2778 3741 sic
2807 3686 3157 3756 prosequitur
3184 3707 3196 3741 :

2049 3796 2067 3828 ι
2108 3775 2225 3831 Duo
2248 3779 2393 3831 enim
2421 3793 2486 3832 ac
2524 3768 2669 3831 LXX
2713 3777 2813 3831 viri
2866 3777 2921 3832 in
2975 3776 3157 3832 Pharo
3182 3778 3383 3844 insula,
3435 3794 3561 3851 qua:

1971 3869 2143 3925 Terra
2172 3872 2424 3941 superior
2452 3872 2676 3935 dicitur,
2705 3886 2736 3925 e
2775 3872 2998 3942 regione
3045 3872 3203 3926 urbis
3234 3871 3561 3929 Alexandri-

1970 3976 2075 4026 nae,
2108 3961 2163 4015 in
2196 3976 2296 4016 sex
2326 3968 2381 4015 et
2406 3961 2630 4031 triginta
2668 3960 3020 4016 domunculis
3047 3962 3160 4016 sive
3179 3962 3413 4026 cellulis,
3439 3963 3556 4019 bini

1968 4052 2180 4108 scilicet
2207 4052 2262 4106 in
2298 4053 2553 4122 singulis,
2583 4069 2613 4107 a
2648 4054 2831 4123 primo
2868 4052 3113 4109 diluculo
3136 4069 3311 4124 usque
3358 4054 3412 4109 in
3461 4070 3557 4111 ve-

1966 4157 2182 4215 speram
2218 4144 2706 4199 concludebantur.
2736 4143 2973 4213 Vespere
2998 4154 3181 4199 autem
3212 4146 3435 4216 triginta
3457 4161 3554 4202 sex

1966 4236 2187 4306 scaphis
2222 4236 2278 4291 in
2322 4235 2601 4291 Ptolemzei
2656 4236 2996 4306 Philadelphi
3050 4238 3313 4306 palatium
3362 4250 3549 4293 trans—

1964 4329 2139 4393 vecti,
2190 4327 2258 4382 ad
2303 4329 2426 4397 ejus
2456 4328 2647 4397 epulas
2685 4327 3105 4381 adhibebantur.
3156 4326 3297 4381 Tum
3344 4327 3459 4383 bini
3490 4330 3548 4384 in

1964 4420 2183 4488 triginta
2201 4434 2295 4475 sex
2314 4418 2581 4473 cubiculis
2598 4418 2961 4480 dormiebant,
2983 4433 3049 4471 ne
3065 4427 3255 4473 mutuo
3277 4419 3550 4489 colloquia

272 4532 401 4572 cum
426 4516 813 4573 bibliothecam
844 4519 1184 4575 Alexandriae
1208 4532 1445 4591 pararet,
1480 4538 1534 4577 et
1563 4524 1732 4581 libros
1756 4544 1859 4583 un-
1888 4521 1935 4576 Ι)
1967 4513 2198 4568 miscere
2226 4521 2473 4582 Ροεδοηιν
2505 4510 2597 4565 Sed
2630 4510 2733 4564 Sibi
2763 4508 3036 4579 Propriam
3074 4524 3175 4563 nec
3203 4509 3272 4562 ab
3305 4510 3427 4564 aliis
3450 4525 3545 4565 ³ο-

270 4608 439 4680 dique
471 4610 805 4678 comportari
836 4622 1073 4678 curaret,
1100 4612 1374 4668 audivisse
1395 4616 1648 4685 antiquas
1677 4618 1854 4673 histo-

268 4700 382 4753 rias
413 4698 695 4756 Hebraicis
720 4700 916 4757 litteris
947 4703 1283 4773 conscriptas
1310 4720 1619 4773 superesse,
1675 4723 1740 4761 ac
1774 4709 1856 4763 le-

267 4788 430 4859 gendi
466 4790 747 4858 cupidum.
783 4791 1124 4861 septuaginta
1143 4793 1290 4847 viros
1322 4791 1600 4851 llebraicae
1629 4805 1682 4850 et
1703 4796 1853 4853 Crte-

264 4894 344 4934 cae
374 4881 579 4951 linguae
610 4881 813 4949 peritos
831 4882 1204 4946 accersivissc,
1223 4882 1316 4951 qui
1343 4883 1849 4954 interpretationem

266 4967 517 5023 Gramm
548 4969 792 5032 ederent,
824 4979 989 5039 utque
1018 4973 1209 5041 procul
1227 4974 1459 5028 tumultu
1488 4990 1603 5029 rem
1623 4990 1847 5046 perage-

265 5071 409 5126 rent,
452 5060 599 5116 LXX
649 5061 783 5117 viris
822 5064 1047 5119 totidem
1097 5064 1322 5120 cellulas
1352 5082 1447 5121 seu
1488 5068 1847 5124 domunculae

264 5151 511 5206 construi
540 5151 799 5219 jussisse,
829 5167 896 5207 eo
933 5153 1189 5219 consilio,
1209 5164 1269 5209 ut
1292 5156 1525 5226 quisque
1551 5158 1843 5227 separatim

264 5243 700 5316 iueonsultisque
758 5245 882 5301 aliis
946 5246 1450 5317 interpretationem
1503 5248 1839 5305 adornaret:

266 5337 642 5407 ministrisque
669 5336 738 5391 ad
760 5352 880 5392 eam
909 5353 1022 5393 rem
1044 5339 1331 5395 destinatis
1352 5334 1678 5411 praecepisse
1702 5382 1719 5408 ,
1774 5357 1843 5398 ne

264 5430 413 5498 ipsos
438 5440 634 5486 mutuo
668 5430 943 5502 colloquia
967 5431 1105 5487 inire
1128 5432 1528 5503 permitterent,
1585 5443 1645 5490 ut
1673 5436 1842 5491 colla-

264 5523 329 5577 tis
354 5534 543 5591 postca
572 5522 1150 5594 interpretationibus,
1183 5527 1252 5582 de
1277 5541 1470 5582 eorum
1500 5528 1604 5584 lide
1624 5530 1842 5598 peritia-

260 5631 361 5685 que
392 5617 643 5687 judicare
691 5625 905 5686 posset.
939 5615 1077 5672 Cum
1102 5627 1282 5673 autem
1317 5621 1564 5675 eamdem
1604 5637 1794 5677 omnes
1817 5662 1833 5687 ,

263 5721 324 5760 ne
345 5709 566 5767 minimo
595 5707 831 5780 quidem
854 5708 1143 5763 verborum
1182 5709 1520 5773 discrimine,
1568 5710 1837 5781 interpre-

262 5801 499 5860 tationem
528 5800 910 5877 peregissent,
943 5803 1305 5873 stupefactum
1336 5818 1518 5875 regem
1565 5804 1804 5875 interpre

1962 4612 2175 4672 ceptam
2243 4601 2748 4671 interpretationem
2791 4602 3016 4655 ederent
3064 4600 3213 4671 (ἀλλ’
3240 4602 3547 4667 ἀνοθεύτως

1961 4692 2355 4767 ἑρμηνεῦσαι).
2411 4689 2738 4747 Ptolemams
2793 4692 2940 4746 enim
2991 4692 3213 4761 triginta
3250 4693 3542 4759 scxillas,

1958 4802 2096 4857 quas
2136 4786 2273 4853 dixi,
2317 4786 2682 4841 domunculas
2737 4785 2792 4839 in
2845 4786 3022 4839 insula
3076 4785 3308 4855 paravit,
3335 4800 3543 4855 easque

1957 4876 2225 4947 duplices,
2254 4876 2307 4930 in
2334 4878 2535 4947 quibus
2565 4876 2723 4931 binos
2755 4875 3027 4931 conclusit
3046 4917 3060 4940 ,
3084 4880 3333 4947 duosque
3359 4876 3540 4933 famu-

1955 4971 2060 5032 los,
2089 4969 2183 5039 qui
2212 4969 2366 5024 cibos
2384 4978 2639 5038 pararent
2661 4968 3313 5038 ipsisqueministrarent,
3345 4972 3540 5025 simul-

1954 5075 2058 5129 que
2102 5059 2505 5131 tachygraphos
2551 5060 2668 5115 sive
2715 5061 2976 5115 notarios.
3009 5059 3067 5114 ln
3100 5062 3206 5116 illis
3238 5047 3537 5130 porro-do-

1952 5151 2249 5216 munculis,
2303 5151 2450 5205 nulla
2505 5151 2803 5219 parietibus
2836 5151 3104 5207 lettestras
3121 5152 3337 5219 effecit;
3370 5155 3463 5209 sed
3502 5171 3536 5211 e

1951 5252 2095 5300 tecto
2125 5259 2357 5314 superne
2381 5244 2503 5298 illas
2538 5246 2751 5314 aperuit
2782 5285 2798 5308 ,
2848 5261 2988 5315 quas
3029 5246 3393 5315 anaphotidas
3431 5264 3531 5302 vo—

1950 5345 2096 5393 cant.
2123 5336 2239 5393 Hoc
2260 5337 2334 5391 illi
2373 5335 2533 5389 modo
2582 5352 2611 5389 a
2670 5337 2846 5406 primo
2871 5337 3113 5391 diluculo
3150 5339 3217 5391 ad
3246 5353 3529 5406 veSperam

1949 5431 2219 5486 obseratis
2249 5427 2460 5484 foribus
2495 5428 2633 5500 (ὑπὸ
2670 5427 2891 5499 κλεῖδα)
2924 5429 3120 5484 inclusi
3156 5444 3345 5485 sacras
3386 5430 3529 5484 lilte-

1946 5538 2040 5579 ras
2068 5522 2481 5578 transtulerunt.
2509 5518 2817 5591 Unicuique
2850 5538 2980 5575 vero
3016 5522 3375 5591 interpretum
3408 5521 3526 5592 pari

1945 5619 2082 5676 liber
2108 5632 2250 5670 unus
2282 5615 2626 5680 tradebatur;
2652 5613 2885 5683 exempli
2914 5628 3103 5679 causa,
3138 5614 3366 5670 Genesis
3393 5617 3523 5685 uni;

1944 5710 2164 5766 Exodus
2194 5710 2369 5778 alteri,
2396 5708 2671 5765 Leviticus
2693 5710 2820 5763 alii:
2852 5720 3015 5780 atque
3074 5710 3145 5764 ita
3194 5710 3393 5767 caeteri.
3430 5710 3523 5766 Sic

1940 5820 2107 5877 porro
2149 5803 2333 5876 viginti
2367 5812 2570 5874 septem
2606 5819 2774 5859 sat-nc
2802 5801 3095 5874 Scriptum
3122 5804 3263 5869 libri,
3293 5804 3386 5875 qui
3409 5803 3518 5861 duo
