4064 6262
492 253 561 311 59
1849 245 2376 304 PRxELllllNAltll
3700 244 3768 297 ϐυ

489 378 546 424 et
581 367 767 440 viginti
801 368 1099 424 secundum
1130 369 1478 439 alphabetum
1525 366 1853 423 llehraicum
1883 381 2078 423 nume-
2104 365 2154 425 Δ
2180 361 2467 431 epistolam
2496 401 2512 425 ,
2561 360 2866 420 Aristeanis
2895 361 3267 431 dissimilem,
3300 361 3428 420 licet
3455 359 3725 419 Aristeam
3751 405 3768 431 ,

491 471 706 524 rantur,
730 461 982 519 Graecum
1022 463 1076 517 in
1107 477 1415 518 sermonem
1452 461 1704 518 conversi
1732 469 1882 515 sunt.

564 573 586 606 ι
627 554 836 608 llabcnt
863 555 1008 608 enim
1039 552 1246 608 Hebraei
1273 553 1345 607 22
1374 555 1601 618 litteras,
1631 569 1663 607 e
1685 553 1886 623 quibus
1915 551 2079 622 quin~

489 660 597 718 que
622 646 992 716 duplicantur,
1023 645 1197 715 Caph,
1227 643 1365 700 Mem
1385 687 1399 708 ,
1427 643 1549 699 Nun
1572 685 1587 710 ,
1618 642 1722 698 Phi
1750 685 1766 709 ,
1793 653 1848 699 et
1878 643 2071 713 Aleph.

489 737 859 798 Quamobrem
890 751 1015 791 cum
1040 735 1166 790 libri
1200 737 1302 790 hac
1343 738 1554 790 ratione
1587 735 1780 806 viginti
1826 737 1937 790 duo
1974 751 2079 790 nu-

487 835 794 889 merentur,
823 836 1030 894 septem
1067 841 1132 880 ac
1181 825 1372 894 viginti
1409 827 1784 896 reperiuntur,
1824 827 1972 898 quod
2005 841 2077 883 ex

486 915 596 970 illis
625 917 872 986 quinque
899 917 1264 986 duplicentur,
1295 927 1400 973 etc.

565 1025 586 1058 ι
614 1005 785 1076 Igitur
809 1017 1016 1079 septem
1050 1018 1103 1063 et
1135 1011 1326 1075 viginti
1353 1009 1430 1064 illi
1457 1010 1605 1078 libri,
1629 1012 1725 1082 qui
1748 1013 1938 1082 viginti
1966 1015 2076 1069 duo

479 1111 1044 1160 numerantur........
1074 1117 1143 1155 eo
1162 1116 1325 1172 quem
1360 1102 1478 1158 dixi
1516 1104 1680 1159 modo
1709 1121 1807 1176 per
1826 1106 2075 1162 ordinem

487 1190 786 1257 unicuique
821 1193 1177 1262 interpretmn
1208 1194 1326 1264 pari
1359 1195 1548 1252 traditi
1587 1205 1754 1265 sunt,
1808 1198 2016 1255 scilicet
2042 1217 2072 1255 a

485 1282 666 1351 primo
693 1282 810 1353 pari
830 1284 896 1337 ad
945 1284 1288 1350 secundum,
1342 1299 1375 1339 a
1431 1287 1676 1342 secundo
1731 1286 1800 1343 ad
1851 1291 2072 1346 tertium

482 1373 841 1438 transierunt,
874 1373 1050 1428 donec
1088 1378 1267 1431 sexies
1295 1390 1360 1431 ac
1389 1375 1637 1432 tricesies
1665 1378 1868 1449 singuli
1888 1378 2074 1436 Graece

483 1463 736 1517 conversi
766 1472 917 1526 sunt,
950 1473 1010 1518 ut
1039 1465 1262 1534 quidem
1296 1478 1574 1524 narratur.
1611 1465 1710 1526 His
1732 1470 1928 1543 viginti
1959 1472 2073 1529 duo

480 1553 715 1610 addendi
745 1565 874 1611 sunt
893 1557 1209 1627 apocryphi.

563 1664 583 1698 ι
632 1644 919 1702 Postremo
951 1649 1219 1706 absolutis
1274 1651 1553 1719 omnibus,
1585 1670 1681 1710 rex
1737 1654 1795 1710 in
1848 1655 2070 1713 sublimi

481 1737 625 1792 solio
667 1739 919 1794 consedit
949 1757 962 1794 :
996 1741 1223 1796 aderant
1270 1744 1495 1816 triginta
1542 1761 1635 1802 sex
1671 1747 1906 1804 lectores
1940 1766 2068 1806 cum

479 1831 706 1902 triginta
741 1848 836 1890 sex
881 1835 1288 1906 exemplaribus
1310 1879 1326 1903 ,
1353 1848 1409 1894 et
1438 1840 1574 1895 alter
1606 1842 1701 1913 qui
1738 1842 2068 1901 llebraicum

480 1927 867 1996 antigrapbum
908 1926 1147 1984 tenebat.
1189 1928 1309 1985 Uno
1350 1931 1562 2003 legente
1610 1936 1845 2006 aliisque
1892 1947 2068 1994 atten-

475 2017 758 2087 dentibus,
784 2022 922 2078 nihil
951 2033 1225 2094 repertum
1254 2037 1340 2082 est
1367 2028 1724 2107 discriminis.
1757 2030 1863 2088 Sed
1894 2033 2070 2089 admi-

478 2109 715 2165 randum
760 2109 854 2167 Dei
891 2128 1030 2184 opus
1072 2117 1310 2181 accidit,
1343 2126 1404 2174 ut
1436 2130 1628 2175 notum
1676 2131 1864 2188 esset,
1916 2124 2065 2181 viros

474 2199 624 2255 dono
672 2198 910 2272 Spiritus
962 2206 1134 2261 sancti
1181 2209 1477 2278 praeditos,
1520 2211 1576 2266 in
1631 2211 1722 2267 illa
1772 2214 2069 2271 solitudine

474 2296 868 2364 eonsensisse;
908 2297 979 2353 ita
1024 2311 1083 2356 ut
1121 2303 1436 2374 ubicunque
1474 2304 1682 2375 aliquid
1724 2307 2064 2376 addebatur,

477 2385 550 2442 ab
580 2386 840 2443 omnibus
869 2390 1030 2447 simul
1057 2393 1390 2463 adderetur;
1419 2405 1475 2452 et
1505 2398 1597 2452 ubi
1624 2399 1964 2468 demehatur,
1995 2404 2066 2460 ab

476 2478 738 2532 omnibus
767 2481 972 2550 pariter
997 2484 1329 2543 demeretur.
1362 2485 1431 2542 Et
1455 2489 1718 2562 quidquid
1748 2492 2062 2563 ademptum

472 2580 616 2634 erat,
658 2570 891 2640 inutile;
923 2575 1190 2645 quidquid
1219 2593 1348 2635 vero
1382 2579 1657 2650 relictum,
1688 2584 2062 2641 necessarium

471 2675 597 2716 esse
625 2663 1156 2735 deprehendebatur.
1191 2665 1264 2724 Ut
1290 2679 1474 2726 autem
1505 2687 1807 2742 cognoscas
1831 2691 1928 2730 eos
1961 2676 2066 2730 mi-

471 2763 599 2809 rtt'n
634 2754 689 2808 in
732 2757 978 2824 modum,
1009 2768 1064 2815 et
1101 2777 1166 2815 cx
1204 2760 1298 2817 Dei
1342 2764 1703 2834 providentia,
1734 2783 1911 2838 exque
1939 2767 2064 2840 Spi-

471 2846 618 2903 ritus
650 2851 824 2905 sancti
864 2865 1138 2908 consensu
1163 2855 1550 2927 interpretatos
1577 2873 1720 2922 esse,
1752 2862 2061 2933 exemplum

473 2939 572 3001 tibi
605 2942 905 3011 proferam,
944 2965 963 2998 ι
1008 2958 1114 3002 etc.

2179 454 2265 507 vel
2300 454 2575 508 Aristeum
2613 451 2735 525 (sic
2763 455 2852 510 ille
2881 456 2900 525 )
2943 457 3046 511 sibi
3075 467 3358 513 auctorem
3400 459 3724 528 proﬁteatur
3752 498 3767 524 ,

2179 544 2270 598 ubi
2298 542 2621 599 Ptolemaeus
2662 544 2987 616 interpretes
3034 543 3304 604 llcbraice'
3348 546 3646 619 Grieceque
3674 563 3742 618 pe

2178 634 2471 690 ritissimos
2524 637 2786 704 postulat,
2829 635 2922 705 qui
2965 636 3136 692 libros
3177 653 3364 694 sacros
3393 639 3462 695 de
3499 638 3760 695 llebraict.

2179 725 2234 779 in
2267 724 2518 780 Grmcum
2553 737 2897 782 convertant.
2935 727 3290 785 llcbrzeorum
3334 732 3580 803 magistri
3609 774 3625 800 ,
3673 731 3755 789 de

2179 816 2320 872 lectu
2348 818 2555 883 habito,
2583 819 2924 889 septuaginta
2949 820 3088 876 duos
3113 822 3434 892 interpretes
3456 823 3748 894 designant

2176 923 2272 963 sex
2309 909 2559 964 videlicet
2587 925 2651 963 ex
2681 910 2913 979 singulis
2943 912 3216 976 tribubus,
3249 915 3343 983 qui
3375 913 3430 968 in
3462 912 3646 968 Pharo
3677 915 3736 968 in

2177 1000 2321 1065 sula,
2353 1015 2418 1056 eo
2449 1016 2560 1071 quo
2585 1015 2751 1070 supra
2782 1002 2988 1056 dictum
3015 1013 3098 1057 est
3127 1005 3312 1072 modo,
3334 1021 3525 1060 saeros
3546 1005 3744 1060 codice

2178 1092 2516 1163 interpretati
2549 1104 2698 1150 sunt.
2734 1092 2857 1162 Quo
2891 1106 3133 1166 peracto,
3164 1096 3288 1151 libri
3321 1097 3397 1151 illi
3429 1099 3481 1151 in
3515 1096 3758 1153 Gracutt

2175 1184 2429 1239 translati
2488 1185 2543 1240 in
2597 1187 2779 1256 priore
2839 1186 3200 1252 bibliotheca,
3250 1204 3372 1258 qua!
3417 1190 3471 1243 in
3526 1187 3764 1248 Bruchic

2177 1275 2404 1333 fundata
2441 1287 2545 1346 est,
2581 1281 2811 1350 repositi
2840 1289 2987 1336 sunt.
3018 1279 3147 1336 Post
3187 1283 3302 1337 haec
3333 1283 3440 1337 alia
3483 1298 3681 1338 rursus
3709 1281 3761 1338 it:

2177 1366 2409 1440 Serapio
2441 1370 2770 1427 bibliotheca
2805 1374 3103 1429 constituta
3126 1383 3230 1436 est,
3256 1374 3414 1442 longe
3444 1373 3534 1428 illa
3559 1375 3766 1442 minor,

2173 1475 2297 1530 qua:
2331 1461 2494 1531 hujus
2525 1461 2635 1517 {Ilia
2665 1463 2951 1518 dicebatur
2975 1503 2990 1527 ,
3039 1464 3094 1517 in
3124 1479 3291 1535 quam
3325 1465 3568 1535 Aquilae,
3603 1462 3767 1537 Sym-

2175 1551 2379 1618 machi,
2418 1551 2812 1609 Theodotiouis
2836 1564 2891 1610 et
2921 1557 3155 1611 aliorum
3187 1555 3456 1611 editiones
3484 1566 3766 1628 coagula:

2174 1653 2304 1700 sunt
2329 1654 2450 1715 post
2476 1661 2651 1702 annos
2679 1646 2811 1704 250.
2843 1646 3119 1704 llactcnus
3152 1646 3513 1718 Epiphanius.

2210 1738 2303 1794 Vl.
2342 1739 2479 1795 Tota
2506 1742 2863 1796 controversia
2888 1743 2946 1797 in
2981 1753 3084 1797 tres
3107 1742 3422 1812 qnazstt'ones
3452 1743 3734 1798 dividitur.

2238 1828 2353 1884 llac
2381 1845 2546 1900 porro
2569 1841 2859 1902 conspecta
2889 1833 3265 1888 narrationum
3289 1832 3569 1901 varietate,
3601 1848 3771 1888 nemo

2168 1920 2457 1976 mirabitur
2487 1922 2615 1976 hinc
2643 1933 2788 1978 tanta
2813 1924 3131 1994 opinionum
3165 1923 3399 1979 divortia
3426 1923 3580 1980 facta
3617 1939 3765 1981 esse.

2169 2011 2324 2068 Licet
2356 2022 2540 2068 autem
2577 2016 2725 2070 nulla
2763 2014 2876 2072 fere
2907 2032 2976 2072 ex
3020 2015 3320 2088 prtemissis
3352 2018 3769 2075 narrationibus

2166 2121 2292 2162 eum
2341 2107 2508 2163 altera
2555 2109 2718 2179 plane
2760 2110 3110 2177 consentiat;
3151 2110 3245 2167 sed
3293 2126 3639 2183 unaquaeque
3679 2112 3770 2168 vel

2165 2199 2222 2255 in
2251 2201 2482 2271 majoris
2505 2202 2766 2258 momenti
2794 2204 2979 2270 rebus,
3008 2203 3092 2258 vel
3121 2205 3174 2258 in
3199 2205 3523 2262 minusculis
3545 2203 3771 2260 dill‘erat

2166 2291 2239 2346 ab
2289 2294 2414 2348 aliis
2441 2294 2460 2360 ;’
2506 2304 2751 2350 attamen
2806 2295 2860 2349 in
2906 2305 3020 2351 tres
3069 2297 3374 2366 praecipuas
3425 2296 3766 2366 quastione:

2167 2393 2347 2456 potest
2371 2395 2482 2441 tota
2510 2388 2886 2444 controversia
2933 2389 3120 2444 reduci
3142 2431 3157 2455 ,
3189 2390 3490 2455 nimirum,
3540 2398 3665 2445 utra
3692 2403 3770 2447 ex

2166 2479 2581 2536 narrationibus
2626 2482 2848 2553 γνήσιος
2899 2481 3014 2536 sive
3059 2483 3383 2552 primigenia
3422 2482 3527 2546 sit;
3575 2496 3647 2537 an
3697 2496 3768 2539 ea

2164 2585 2290 2640 quze
2312 2571 2539 2626 Aristete
2565 2573 2787 2627 nomine
2809 2573 3082 2643 hodieque
3099 2571 3505 2637 circumfertur,
3527 2585 3770 2642 quasque

2164 2677 2326 2718 senes
2360 2678 2467 2718 una
2503 2677 2869 2735 congregatos
2916 2664 3423 2734 interpretationem
3455 2663 3768 2722 adornasse

2162 2754 2437 2824 perhibet,
2478 2756 2628 2811 nttlla
2680 2755 2822 2811 facta
2877 2758 3154 2814 mentione
3196 2758 3486 2830 peculiaris
3520 2756 3765 2829 Spiritus

2165 2848 2343 2902 sancti
2388 2849 2604 2904 alllatus
2629 2868 2644 2916 ;
2686 2867 2755 2904 an
2785 2865 2915 2905 vero
2941 2865 3005 2905 ea
3034 2867 3156 2921 qua:
3186 2868 3346 2908 senes
3377 2853 3492 2910 sive
3519 2853 3670 2910 solos
3705 2854 3765 2907 in

2164 2943 2512 3013 septuaginta
2538 2944 2750 2999 cellulis
2778 2986 2792 3011 ,
2830 2944 2944 2999 sive
2977 2945 3136 2999 binos
3167 2947 3221 2999 in
3261 2946 3485 3015 triginta
3533 2961 3630 3001 sex
3658 2945 3766 3004 d0—

545 3031 662 3089 διώ
689 3034 802 3091 hac
830 3049 1012 3093 amem
1043 3038 1382 3112 Epiphanius
1427 3059 1544 3099 rem
1578 3059 1612 3101 ε
1654 3047 1929 3119 principio
1970 3065 2058 3106 re.
2083 3068 2129 3128 α
2165 3035 2443 3090 ntuneulis
2487 3035 2765 3101 inclusos,
2813 3036 3031 3092 amante
3082 3037 3314 3092 Numine
3365 3039 3765 3109 interpretatos

471 3130 663 3194 petens
693 3124 810 3182 ait:
853 3125 1208 3186 Ptolemaeum
1252 3129 1667 3203 Philadelphum
1691 3178 1706 3199 ,
1739 3138 2053 3208 φιλόκαλον,

470 3213 568 3268 καὶ
593 3213 897 3286 φιλόλογον,
939 3219 993 3275 in
1021 3235 1082 3275 ea
1116 3222 1268 3277 urbis
1295 3235 1449 3294 parte
1481 3241 1604 3296 quae
1633 3226 1931 3286 Bruchium
1963 3248 2060 3303 ap-

468 3307 813 3379 pellabatur,
864 3312 1248 3370 bibliothecam
1298 3316 1638 3388 instituisse,
1672 3319 1834 3392 eique
1864 3323 2059 3378 Deme—

471 3399 638 3459 trium
677 3401 1001 3461 Phalereum
1043 3411 1406 3478 [imposuisse
1430 3453 1446 3477 ,
1494 3413 1589 3482 qui
1622 3429 1750 3469 cum
1801 3432 2058 3487 magnam

470 3491 740 3548 librorum
771 3498 954 3552 omnis
986 3501 1204 3569 generis
1238 3501 1626 3572 supellectilem
1660 3517 2055 3578 comparasset,

470 3585 778 3646 sciscitanti
834 3591 949 3660 regi
995 3602 1132 3661 quot
1184 3593 1451 3652 librorum
1489 3598 1659 3654 millia
1712 3601 2055 3672 collegisset,

464 3675 582 3748 jam
613 3678 1013 3752 quinquaginta
1057 3694 1294 3754 quatuor
1336 3688 1507 3743 millia
1552 3705 1677 3745 cum
1724 3693 2056 3764 octingentis

470 3764 665 3824 haberi
695 3769 865 3826 dixit:
898 3788 1189 3843 superesse
1223 3785 1404 3832 tamen
1435 3778 1595 3848 longe
1625 3782 1809 3850 plures
1839 3784 1891 3839 in
1924 3785 2058 3841 orbe

470 3868 746 3918 terrarum
774 3866 918 3936 apud
944 3864 1257 3939 Ethiopas,
1292 3868 1478 3936 Indos,
1511 3864 1728 3940 Persas,
1756 3873 2054 3942 Elamitas.

468 3949 821 4028 Babylonios,
854 3959 1130 4032 Assyrios,
1162 3961 1478 4028 Chaldaeos,
1533 3963 1813 4024 Romanos
1833 4008 1848 4034 ,
1891 3967 2059 4027 Phat-

467 4045 658 4113 nicas,
688 4046 855 4120 Syros
888 4059 944 4106 et
992 4049 1232 4108 Graecos.
1275 4053 1519 4126 Esseque
1563 4067 1825 4127 prieterea
1858 4058 2054 4118 lliero-

469 4135 700 4207 selymis
719 4147 773 4192 et
795 4137 938 4208 apud
966 4137 1184 4198 Judaros
1211 4142 1383 4199 libros
1411 4145 1823 4214 prophetarum,
1851 4163 2057 4219 eosque

466 4228 704 4296 divinos,
738 4231 832 4301 qui
862 4232 930 4287 de
955 4232 1065 4289 Deo
1091 4245 1146 4289 et
1170 4235 1238 4291 de
1263 4239 1451 4292 mundi
1480 4239 1762 4296 creatione
1785 4242 2054 4299 edissere-

466 4316 621 4386 bant,
646 4335 786 4389 quos
817 4322 1070 4379 hortatus
1100 4331 1186 4380 est
1219 4341 1400 4397 regem
1435 4337 1496 4383 ut
1522 4339 1848 4399 accerseret,
1880 4347 2054 4404 eaque

2162 3140 2285 3182 esse
2315 3137 2732 3182 commemorat.
2776 3126 2960 3183 Altera
2994 3130 3227 3198 quaestio
3249 3168 3262 3192 ,
3298 3145 3367 3184 an
3401 3128 3542 3184 LXX
3577 3129 3761 3187 luter-

2162 3226 2368 3285 pretes,
2417 3217 2500 3271 vel
2527 3217 2620 3287 qui
2664 3218 2877 3287 priores
2911 3217 3256 3290 Seripturam
3287 3235 3499 3275 sacram
3547 3213 3761 3279 de'lle-

2160 3305 2349 3361 braico
2385 3308 2438 3360 in
2467 3305 2717 3362 Graecum
2754 3316 3163 3376 converterunt,
3193 3309 3368 3364 solam
3398 3307 3634 3380 Legem,
3668 3312 3761 3367 t'el

2159 3399 2616 3468 Pentateucbum,
2643 3419 2712 3457 an
2742 3404 2907 3458 etiam
2941 3403 3182 3474 reliquos
3211 3404 3382 3460 libros
3411 3405 3761 3475 interpretati

2160 3493 2291 3548 sint.
2332 3493 2514 3549 Tertia
2547 3495 2769 3549 demum
2821 3510 2892 3549 an
2934 3493 3183 3554 ,llistoria
3221 3497 3490 3564 Aristete,
3523 3497 3642 3551 sive
3692 3506 3761 3552 ut

2158 3587 2339 3655 primo
2390 3585 2635 3655 prodiit,
2669 3586 2791 3640 sive
2818 3597 2877 3641 ut
2906 3595 3094 3656 postea
3123 3602 3152 3639 a
3181 3583 3437 3654 Iustino,
3465 3595 3522 3642 et
3546 3585 3762 3659 aliquot

2157 3683 2285 3748 post
2325 3677 2543 3732 sarculis
2573 3678 2643 3733 ab
2675 3676 2984 3748 Epiphanio
3025 3677 3192 3734 allata
3219 3687 3340 3748 est,
3369 3693 3498 3734 vera
3545 3679 3654 3748 sit,
3682 3695 3760 3738 an

2159 3767 2393 3824 conﬁcta
2418 3779 2472 3824 et
2499 3770 2871 3841 supposititia.

2163 3880 2278 3936 \‘ll.
2310 3881 2584 3957 Probatur
2616 3883 2840 3937 Aristcc
2862 3882 3191 3957 exemplaria
3213 3899 3333 3953 qua:
3361 3894 3644 3955 supersunt
3672 3903 3759 3957 ga-

2228 3952 2394 4007 uuina
2417 3995 2434 4019 ,
2477 3964 2793 4008 cretei-orum
2831 3952 3760 4025 autemadditantenta‘rcspueuita

2227 4039 2360 4078 εδει.

2227 4135 2384 4204 Quod
2408 4136 2476 4192 ad
2511 4136 2747 4207 primam
2786 4140 3148 4208 quzestionem
3178 4141 3394 4207 attinet,
3424 4151 3638 4200 certum
3666 4158 3759 4204 est

2157 4225 2484 4281 alterutram
2506 4242 2571 4282 ex
2598 4228 3013 4283 narrationibus
3034 4229 3396 4286 adulteratam
3424 4230 3630 4302 fuisse;
3657 4245 3759 4292 aut

2158 4317 2413 4372 videlicet
2454 4332 2578 4373 eam
2620 4334 2744 4388 qua:
2793 4321 3140 4392 septuaginta
3187 4322 3331 4378 duos
3375 4339 3539 4382 senes
3585 4327 3756 4383 simul

465 4411 537 4466 de
585 4427 751 4468 causa
799 4415 868 4470 ad
915 4416 1172 4475 doctores
1215 4417 1709 4491 lerosolymitanos
1761 4426 2049 4482 scriberet.

2168 4419 2539 4480 congregatos,
2569 4418 2874 4482 mutuoque
2904 4413 3176 4483 colloquia
3213 4415 3513 4473 miscentes
3533 4457 3547 4482 ,
3578 4417 3756 4474 inter-

465 4499 568 4556 Cui
608 4518 701 4557 rex
734 4520 943 4563 morem
975 4526 1172 4578 gerens
1193 4551 1208 4577 ,
1240 4512 1523 4583 epistolam
1553 4511 2049 4590 Jerosolymitanis,

464 4592 538 4653 ab
565 4593 873 4654 Aristeanis
907 4601 1165 4659 omnibus
1216 4602 1379 4676 longe
1424 4605 1700 4663 diversam
1725 4649 1740 4674 ,
1797 4610 2049 4679 scripsit,

464 4697 589 4754 qua:
615 4685 893 4755 αὑτολεξεὶ
916 4690 987 4744 ab
1017 4689 1324 4764 Epiphanio
1353 4692 1599 4750 atlertur.
1631 4696 1692 4749 In
1720 4710 1784 4750 ea
1811 4696 2050 4766 postulat

462 4788 560 4830 rex
592 4777 659 4829 ad
699 4792 760 4833 se
791 4781 1085 4836 transmitti
1120 4783 1510 4855 prophetarum
1545 4787 1738 4851 libros,
1773 4795 1832 4841 ιιι
1866 4787 1922 4842 in
1961 4787 2052 4842 bi-

463 4864 738 4925 bliotheca
778 4886 879 4926 sua
912 4886 1306 4942 rcponerentur
1335 4894 1348 4931 :
1386 4876 1440 4930 in
1475 4879 1797 4932 memoriam
1834 4885 2053 4934 revocat

461 4962 741 5036 prteterita
777 4962 1039 5018 beneficia
1061 5005 1076 5028 ,
1128 4983 1240 5038 quo
1269 4977 1429 5036 pacto
1459 4969 1666 5024 scilicet
1719 4970 1923 5025 multos
1952 4967 2053 5024 Ju-

462 5046 709 5102 dteorum
744 5051 1040 5121 populares
1079 5052 1132 5107 in
1165 5055 1306 5109 bello
1343 5065 1534 5126 captos
1570 5067 1627 5112 et
1666 5057 1720 5112 in
1755 5057 2051 5130 Egyptum

459 5139 816 5207 deportatos,
873 5142 1074 5200 liberos
1123 5162 1250 5202 cum
1305 5149 1507 5205 viatico
1552 5150 1844 5206 dimiserit.
1895 5149 2054 5209 Nunc

461 5239 645 5286 autem
678 5247 923 5288 mensam
955 5250 1179 5292 auream
1216 5238 1488 5309 lapidibus
1516 5242 1772 5311 pretiosis
1798 5252 2052 5300 ornatam

463 5320 648 5393 pondo
677 5323 1104 5394 quingentorum
1137 5327 1466 5385 talentorqu
1502 5349 1626 5388 cum
1681 5333 1803 5389 aliis
1855 5349 2051 5391 mune-

463 5415 617 5471 ribus
645 5417 883 5482 mittere,
921 5429 981 5473 ut
1009 5420 1119 5474 voti
1155 5436 1384 5494 compos
1417 5423 1741 5480 clliceretur.

537 5505 734 5564 Missos
767 5520 951 5578 postea
979 5511 1150 5570 libros
1172 5512 1435 5572 llebraice
1461 5520 1692 5588 scriptos
1721 5533 1845 5573 cum
1876 5519 2055 5590 legere

466 5613 577 5652 non
606 5609 828 5669 posset,
875 5604 1120 5660 secundo
1153 5607 1397 5665 scribere
1423 5618 1477 5664 et
1510 5609 1833 5680 interpretes
1874 5620 2056 5681 petere

471 5703 695 5749 coactus
743 5702 848 5752 est.
905 5692 1216 5757 Secundam
1271 5707 1460 5774 postea
1510 5700 1665 5761 atlert
1715 5700 2053 5774 Epiphanius

2151 4501 2514 4572 pretationem
2553 4502 2703 4557 illam
2735 4504 2976 4559 edidisse
3011 4505 3258 4575 perhibet
3285 4549 3302 4574 ,
3333 4518 3429 4562 aut
3455 4525 3578 4565 eam
3624 4526 3756 4584 qua

2153 4597 2279 4652 illos
2310 4597 2365 4652 in
2401 4600 2753 4669 septuaginta
2783 4601 2996 4656 cellulis
3034 4613 3342 4674 separatos,
3374 4615 3470 4662 aut
3497 4609 3660 4665 binos
3692 4610 3752 4668 in

2153 4691 2371 4760 triginta
2396 4706 2491 4746 sex
2519 4692 2870 4746 domuuculis
2907 4693 3168 4759 inclusos.
3197 4707 3258 4752 ut
3290 4707 3477 4756 narrat
3510 4699 3756 4772 Epipha-

2152 4785 2307 4849 nius,
2344 4783 2687 4854 Scriptor-am
2717 4784 2934 4839 aillaute
2977 4783 3244 4856 Numine,
3280 4798 3341 4843 ut
3391 4805 3458 4844 ex
3507 4793 3753 4850 mirabili

2150 4874 2399 4928 omnium
2417 4889 2688 4930 consensu
2714 4876 3005 4945 probatum
3033 4886 3137 4942 est,
3156 4879 3385 4935 vertisse
3412 4895 3755 4941 cotttmemo-

2152 4975 2256 5020 rat.
2285 4968 2301 5033 (
2329 4965 2404 5020 De
2446 4966 2570 5022 aliis
2599 4980 2765 5036 porro
2801 4982 2967 5038 prope
3005 4969 3313 5026 innumeris
3354 4971 3714 5031 varietatibus
3737 5023 3754 5047 ,

2153 5074 2276 5128 qua:
2303 5058 2443 5113 inter
2475 5058 2821 5114 narrationes
2869 5059 2992 5114 illas
3030 5061 3406 5131 intercedunt,
3463 5066 3751 5124 brevitatis

2154 5165 2319 5206 causa
2349 5150 2598 5206 consulto
2615 5154 2905 5222 tacemus.)
2923 5150 3031 5207 Pro
3057 5154 3158 5208 hac
3183 5163 3458 5225 postrema
3476 5163 3748 5218 sententia

2155 5250 2307 5297 stant
2332 5239 2608 5308 Justinus,
2638 5241 2878 5314 Cyrillus
2904 5242 3474 5317 llicrosolymitanus,‘
3502 5247 3748 5320 Epipha-

2155 5333 2304 5399 nius,
2335 5333 2464 5389 licct
2502 5335 2558 5389 in
2586 5351 2818 5390 numero
2843 5336 3160 5391 cellularum
3189 5338 3382 5402 variet,
3411 5339 3748 5412 Chrysosto-

2155 5441 2306 5488 mus.
2329 5426 2703 5495 Augustinus:
2730 5427 2932 5498 quibus
2955 5429 3231 5482 accenseri
3255 5441 3483 5499 possunt
3504 5432 3746 5488 lrenzeus

2155 5527 2210 5572 et
2240 5517 2495 5572 Clemens
2526 5518 2955 5585 Alexandrinus,
2991 5520 3085 5588 qtti
3114 5520 3239 5574 licet
3265 5520 3334 5575 de
3367 5518 3510 5574 LXX
3533 5523 3746 5581 cellulis

2157 5610 2294 5664 nihil
2335 5610 2610 5674 habeant,
2652 5611 3158 5683 interpretationem
3200 5622 3381 5669 tamen
3426 5614 3571 5669 illam
3623 5616 3744 5684 Spi-

2162 5705 2298 5761 ritus
2345 5705 2521 5763 sancti
2567 5703 2749 5763 alllatu
2775 5714 2829 5764 et
2873 5705 3235 5779 inspiratione
3273 5704 3474 5764 factam
3521 5723 3745 5767 asseve-
