4064 6262
266 360 322 417 Gl
1532 363 1603 419 ιΝ
1644 363 1859 420 HEXAI

1963 397 1972 415 ι
2014 362 2363 419 ORIGENIS.
3496 353 3567 408 62

264 486 402 533 rant.
421 474 504 530 Ex
530 478 951 534 recentioribus
977 485 1160 533 autem
1192 476 1303 534 Leo
1324 476 1595 543 Castrius,
1624 479 1869 551 Alphon-
1901 482 1941 537 Α
1972 478 2092 547 ejus
2130 479 2461 534 auctoritate
2503 477 2747 547 abrepti,
2775 478 3124 547 exploranda:
3166 475 3245 531 rei
3292 491 3361 529 ne
3404 476 3567 529 mini-

263 584 353 626 sus
404 568 735 638 Salmeron,
785 572 1027 641 aliique,
1078 572 1331 627 eamdem
1381 574 1709 628 sententiam
1747 587 1867 626 am-

264 661 620 730 plectuntur.
681 664 780 733 qui
827 665 1203 719 narrationem
1262 665 1529 730 Aristeaa,
1583 665 1765 735 qualis
1815 665 1870 717 in

263 750 545 808 hodiernis
581 754 1003 824 exemplaribus
1030 754 1283 821 habetur,
1308 757 1555 813 vitiatam
1577 766 1633 812 et
1660 758 1871 812 adulte-

261 850 474 910 ratam;
531 845 777 901 alteram
824 861 957 901 vero
1011 846 1079 902 de
1135 848 1347 904 cellulis
1404 859 1459 904 et
1504 851 1571 903 de
1631 848 1870 903 mirabili

260 933 732 1002 interpretatione
762 952 947 992 veram
992 952 1424 1008 germanamque
1452 953 1577 994 esse
1602 946 1866 1008 pugnant.

329 1024 473 1082 Huic
529 1044 713 1099 porro
759 1031 1047 1086 sententia:
1094 1029 1405 1103 refragatur
1460 1029 1867 1102 Hieronymus,

258 1118 350 1188 qui
379 1120 726 1177 cellularum
758 1123 1047 1179 historiam
1078 1123 1354 1180 mendacii
1395 1124 1600 1195 arguit,
1635 1132 1692 1178 et
1722 1120 1866 1177 LXX

262 1210 430 1270 Senes
465 1215 703 1272 amante
727 1215 965 1272 Numine
997 1218 1382 1288 interpretatos
1412 1233 1534 1273 esse
1561 1225 1744 1288 negat.
1775 1215 1867 1271 Sic

258 1308 346 1363 ille
395 1309 641 1380 prologo
692 1311 749 1367 in
798 1308 1103 1367 Genesim:
1158 1308 1227 1365 Et
1278 1311 1455 1364 nescio
1501 1312 1620 1381 quis
1662 1310 1868 1381 primus

256 1408 445 1455 auctor
498 1402 855 1472 septuaginta
910 1400 1134 1455 cellulas
1186 1398 1534 1454 Alexandria
1589 1400 1868 1455 mendacio

262 1513 355 1553 suo
387 1498 771 1565 exstruxerit,
813 1497 1004 1568 quibus
1035 1499 1196 1554 divisi
1234 1498 1421 1553 eadem
1466 1499 1866 1569 scriptitarent,

254 1605 371 1643 cum
404 1589 685 1646 Aristaus
706 1632 721 1657 ,
747 1590 985 1661 ejusdem
1012 1590 1297 1646 Ptolomai
1335 1591 1750 1665 ὑπερασπιστὴς
1768 1632 1784 1656 ,
1817 1602 1870 1647 et

254 1681 421 1736 multo
452 1691 581 1752 post
612 1693 852 1752 tempore
877 1682 1140 1753 Iosephus
1164 1726 1180 1749 ,
1221 1684 1355 1738 nihil
1399 1684 1506 1739 tale
1548 1685 1825 1739 retulerint
1848 1701 1866 1737 :

252 1774 343 1829 sed
371 1776 427 1829 in
461 1792 577 1829 una
611 1776 843 1831 basilica
878 1786 1224 1848 congregatos
1267 1777 1556 1832 contulisse
1596 1778 1865 1843 scribant,

255 1883 356 1925 non
394 1868 777 1939 prophetas“.
816 1869 982 1924 Aliud
1024 1880 1103 1925 est
1145 1870 1287 1925 enim
1323 1879 1528 1937 vatem,
1573 1870 1727 1925 aliud
1753 1887 1865 1925 esse

253 1961 621 2029 interpretem.
660 1958 749 2015 Ibi
783 1958 1016 2033 Spiritus
1049 1974 1271 2016 uentura
1303 1963 1589 2033 pradicit;
1626 1962 1713 2016 hic
1738 1979 1863 2017 eru-

252 2050 384 2104 ditio
415 2060 467 2105 et
510 2052 805 2106 verborum
846 2054 998 2121 copia
1029 2070 1091 2107 ea
1123 2069 1242 2123 qua
1282 2054 1535 2125 intelligit
1583 2056 1858 2124 transfert.

256 2134 377 2190 Nisi
396 2135 541 2204 forte
565 2139 842 2207 putandus
870 2150 947 2195 est
981 2140 1191 2195 Tullius
1224 2139 1656 2201 (Economicum
1683 2143 1863 2199 Xeno-

253 2225 464 2296 phontis
494 2240 548 2284 et
587 2230 843 2287 Platonis
874 2231 1256 2302 Protagoram,
1281 2244 1332 2288 et
1363 2234 1728 2291 Demosthenis
1762 2251 1863 2306 pro

251 2318 656 2392 Ctesiphonte,
708 2325 918 2395 afﬂatus
963 2326 1227 2380 rhetorico
1256 2328 1452 2397 spiritu
1498 2331 1857 2387 transtulisse.

253 2408 358 2463 Aut
407 2412 582 2466 aliter
631 2414 697 2467 de
738 2415 931 2470 eisdem
961 2414 1115 2470 libris
1156 2431 1248 2484 per
1295 2413 1668 2490 Septuaginta,
1702 2418 1861 2473 aliter

253 2518 343 2567 per
368 2505 656 2573 apostolos
689 2505 926 2577 Spiritus
965 2518 1184 2562 sanctas
1214 2511 1518 2566 testimonia
1554 2513 1722 2566 texuit
1748 2529 1769 2579 ;
1800 2521 1860 2568 ut

254 2596 391 2663 quod
420 2597 507 2651 illi
546 2608 868 2664 tacuerunt,
914 2599 970 2653 hi
1014 2602 1276 2660 scriptum
1322 2619 1436 2657 esse
1484 2604 1692 2659 mentiti
1727 2605 1856 2660 sint.

256 2687 386 2756 Quae
417 2701 708 2762 postrema
751 2692 1069 2768 Hieronymi
1100 2695 1265 2751 verba
1300 2706 1359 2751 ut
1388 2696 1677 2766 intelligas,
1716 2698 1860 2755 scias

254 2794 470 2855 oportet
518 2788 699 2843 multa
745 2789 798 2844 in
832 2787 1134 2859 Scripturis
1180 2804 1304 2846 esse
1342 2806 1465 2861 quae
1508 2788 1651 2845 LXX
1682 2791 1859 2847 lnter-

257 2886 437 2943 pretes
468 2879 566 2933 vel
598 2879 1102 2949 pratermiserant,
1136 2880 1221 2936 vel
1255 2881 1508 2937 consulto
1538 2891 1856 2949 tacuerant,

259 2980 381 3034 qua:
417 2969 495 3023 ab
525 2969 888 3039 evangelistis
902 2978 958 3025 et
987 2969 1059 3025 ab
1074 2971 1338 3042 apostolis
1356 2969 1680 3027 afferuntur.
1698 2970 1856 3039 Quod

257 3057 445 3113 eodem
500 3057 746 3129 Prologo
790 3060 845 3114 in
877 3058 1137 3115 Cenesim
1181 3060 1414 3115 allirmat
1454 3058 1857 3133 Hieronymus,

255 3157 310 3203 et
330 3151 548 3219 passim
568 3150 623 3204 in
640 3149 1090 3217 Commentariis,
1107 3152 1455 3223 maximeque
1474 3155 1527 3207 in
1543 3151 1855 3207 Jerentram.

260 3238 612 3297 Sententiam
644 3258 809 3311 porro
839 3241 1157 3315 Hieronymi
1183 3245 1592 3314 amplectuntur
1614 3245 1860 3319 plerique

263 3346 456 3388 omnes
500 3334 757 3389 hodierni
798 3335 998 3390 eruditi
1039 3336 1185 3402 viri;
1215 3347 1270 3392 et
1314 3346 1507 3408 putant
1536 3340 1859 3395 cellularum

260 3422 579 3490 historiam,
617 3426 1043 3497 mirabilcmque
1069 3428 1223 3482 illum
1252 3443 1608 3498 consensum,
1642 3447 1705 3486 ac
1736 3429 1860 3501 Spi—

262 3514 397 3570 ritus
454 3517 642 3571 sancti
695 3516 978 3585 alllatum,
1042 3518 1271 3573 omnino
1319 3520 1668 3591 supposititia
1712 3536 1857 3577 esse.

262 3607 416 3663 Certe
453 3605 715 3662 Justinus
750 3607 956 3679 Martyr
983 3650 997 3673 ,
1030 3609 1123 3679 qui
1164 3609 1379 3679 primus
1409 3610 1730 3665 cellularum
1753 3652 1768 3678 ,
1806 3620 1862 3667 et

266 3698 542 3757 mirabilis
568 3697 778 3755 Senum
807 3714 1116 3755 consensus
1147 3700 1435 3756 historiam
1471 3702 1679 3767 texuit,
1709 3702 1763 3756 id
1791 3716 1860 3757 ex

265 3805 487 3847 rumore
511 3792 662 3862 vulgi
688 3801 997 3863 acceperat,
1034 3802 1094 3847 ut
1123 3792 1239 3862 ipse
1269 3794 1558 3863 profitetur
1583 3794 1638 3848 in
1667 3794 1863 3849 Admo-

264 3884 459 3940 uitioue
487 3884 563 3938 ad
597 3884 854 3941 Gracos:
887 3885 1051 3938 Αὐτοὶ
1080 3887 1139 3938 ὲν
1174 3886 1241 3954 τῇ
1292 3883 1669 3958 Ἀλεξανδρείᾳ
1704 3886 1859 3953 γενό-

265 3990 436 4045 laevos,
469 3976 569 4029 καὶ
589 3974 657 4029 τὰ
685 3975 805 4047 ἴχνη
840 3974 952 4029 τῶν
991 3974 1254 4028 olitiowa
1295 3975 1354 4029 ἑν
1378 3979 1444 4047 τῇ
1488 3976 1653 4048 Φάρῳ
1686 3978 1861 4049 ἑωρα-

263 4064 417 4133 κότες
434 4065 519 4120 ἔτι
543 4067 848 4140 σωζόμενα,
880 4070 977 4123 καὶ
1000 4068 1154 4140 παρὰ
1173 4068 1283 4123 τῶν
1303 4069 1439 4133 ἐκεῖ,
1461 4068 1536 4133 ὡς
1562 4071 1632 4124 τὰ
1654 4071 1860 4142 πάτρια

264 4157 706 4230 παρειληφότων,
743 4159 1043 4231 ἀκηκοότες
1062 4199 1078 4224 ,
1114 4158 1288 4214 ταῦτα
1332 4160 1753 4233 ἀπαγγέλλομεν
1775 4177 1791 4194 ο
1821 4161 1861 4217 ἃ.

261 4249 353 4303 καὶ
379 4248 740 4321 παρ’ἐτέρων
770 4250 979 4319 ἔξεστιν
1001 4254 1128 4323 ὑμῖν
1146 4252 1462 4323 μανθάνειν,
1498 4254 1591 4307 καὶ
1622 4254 1861 4324 μάλιστα.

265 4342 391 4416 παρ’
424 4341 612 4398 αὐτῶν
656 4342 766 4398 τῶν
808 4345 939 4416 περὶ
982 4344 1189 4399 τούτων
1236 4346 1639 4417 ιστορησάντων
1678 4346 1859 4415 σοφῶν

264 4436 354 4489 καὶ
380 4433 630 4506 δοκίμων
647 4436 882 4509 ἀνδρῶν,
913 4436 1147 4501 Φιλωνός
1177 4454 1260 4503 τε,
1308 4439 1573 4509 Ἰωσήπου
1608 4440 1703 4493 καὶ
1736 4440 1855 4494 ἑτέ-

1977 587 2127 625 mum
2151 572 2371 640 quidem
2395 585 2629 625 examen
2656 570 2914 624 habuisse
2932 569 3205 623 videntur.
3224 565 3567 637 Epiphanius

1972 679 2103 718 vero
2151 664 2245 733 qui
2298 661 2501 717 Justini
2554 663 2929 716 narrationem
2985 661 3039 714 in
3091 660 3279 714 multis
3334 668 3483 712 muta
3504 663 3576 710 sit

1971 757 2319 828 plurimaque
2347 756 2568 826 adjecit,
2596 771 2661 809 ex
2696 755 2816 809 aliis
2850 753 3250 808 fabulatoribus
3283 763 3579 806 mutuatus

1971 856 2215 918 putatur.
2248 847 2392 901 Sane
2424 846 2805 918 primigeniam
2843 847 3071 899 Aristea:
3113 844 3400 898 historiam
3440 856 3565 897 eam

1970 956 2092 997 esse
2124 957 2247 1011 quae
2275 942 2435 995 hodie
2460 941 2513 994 in
2540 940 2887 994 bibliothecis
2913 938 3121 993 nostris
3143 947 3342 1003 exstat,
3370 935 3567 992 suadet

1970 1030 2283 1102 losephus,
2337 1033 2432 1102 qui
2478 1032 2607 1087 licet
2652 1047 2806 1095 eam,
2839 1045 2939 1099 pro
2992 1045 3143 1084 more
3193 1044 3330 1095 suo,
3382 1027 3564 1100 quoad

1970 1124 2174 1196 stylum
2218 1132 2274 1179 et
2306 1126 2503 1179 seriem
2537 1124 2593 1179 in
2633 1138 2741 1178 non
2776 1122 2968 1193 paucis
2999 1121 3332 1186 mutaverit,
3376 1118 3562 1187 quoad

1968 1234 2193 1275 sensum
2219 1228 2402 1274 tamen
2424 1227 2479 1273 et
2496 1232 2584 1272 res
2607 1228 2792 1288 gestas
2814 1232 3010 1287 presso
3027 1216 3261 1287 vestigio
3283 1217 3561 1287 sequitur;

1971 1312 2166 1367 suadet
2215 1312 2343 1366 item
2392 1310 2705 1375 Eusebius,
2742 1311 2838 1381 qui
2885 1310 3207 1380 longissima
3259 1310 3567 1366 Aristeana

1970 1404 2214 1460 hiswriie
2237 1410 2498 1474 excerpta
2523 1402 2694 1457 edidit
2723 1402 2776 1457 in
2801 1402 3206 1473 Praparatione
3231 1401 3563 1473 evangelica:

1970 1496 2215 1565 itemque
2237 1492 2624 1566 Hieronymus,
2650 1494 2746 1564 qui
2775 1494 3004 1548 Aristeas
3028 1493 3248 1563 quidem
3274 1491 3563 1548 historiam

1970 1586 2240 1655 agnoscit,
2273 1587 2369 1641 sed
2406 1585 2776 1640 additamenta
2806 1585 3114 1655 posteriora
3150 1584 3425 1654 reprobat.

1972 1698 2109 1754 Vill.
2150 1697 2277 1753 Post
2320 1698 2701 1769 Hieronymum
2737 1701 2998 1753 asseritur
3033 1696 3189 1751 LXX
3230 1701 3312 1751 vel
3355 1714 3442 1751 eos
3470 1697 3563 1768 qui

2043 1770 2464 1824 Pentateuchum
2488 1775 2904 1835 transtulerunt,
2934 1784 3037 1823 non
3066 1769 3271 1839 reliqua
3301 1770 3562 1837 interpre-

1899 1839 1943 1893 Β
2040 1850 2181 1896 tatas
2216 1856 2347 1895 esse.

2041 1954 2227 2009 Altera
2283 1954 2514 2024 quastio
2541 1964 2646 2020 est,
2679 1969 2746 2007 an
2774 1950 2918 2006 LXX
2964 1951 3315 2022 interpretes,
3344 1952 3429 2007 vel
3464 1953 3559 2023 qui

1968 2045 2180 2117 priores
2210 2044 2552 2114 Scripturam
2584 2060 2798 2099 sacram
2826 2045 2892 2099 dc
2919 2043 3189 2100 Ilebraico
3217 2045 3272 2099 in
3306 2044 3561 2103 Gnaeum

1970 2145 2379 2203 converterunt,
2418 2136 2592 2191 solam
2630 2136 2827 2206 Legem
2864 2151 2961 2190 seu
3002 2133 3457 2199 Pentateuchum,
3485 2149 3560 2189 an

1968 2230 2212 2298 reliquos
2240 2230 2404 2284 etiam
2439 2229 2607 2284 libros
2660 2228 2998 2298 interpretati
3039 2230 3168 2283 sint.
3210 2226 3372 2282 Ratio
3398 2226 3558 2282 dubi-

1968 2325 2119 2379 tandi
2152 2324 2280 2379 hinc
2306 2324 2544 2394 primum
2571 2333 2761 2378 exorta
2787 2332 2891 2390 est,
2924 2323 3071 2393 quod
3100 2323 3194 2392 qui
3223 2320 3364 2376 LXX
3393 2320 3560 2376 Inter-

1968 2427 2182 2488 prctum
2214 2415 2502 2472 historiam
2551 2422 2863 2479 texuerunt,
2895 2413 2987 2468 alii
3014 2411 3213 2484 Legem
3245 2421 3457 2467 tantum
3485 2412 3557 2468 ab

1969 2511 2039 2563 iis
2066 2508 2253 2564 Graece
2283 2522 2603 2564 conversam
2631 2506 2839 2572 dicant,
2865 2506 2956 2561 alii
2988 2505 3271 2571 historias,
3306 2506 3398 2560 alii
3428 2504 3560 2562 Pro-

1967 2601 2182 2672 phetas,
2214 2598 2549 2669 Epiphanius
2573 2597 2843 2653 universa
2874 2596 3173 2668 Scriptura
3196 2599 3389 2654 libros.
3426 2598 3556 2654 llic-

1968 2707 2233 2763 ronymus
2284 2706 2413 2746 vero
2460 2689 2751 2745 Comment.
2803 2690 2857 2743 in
2905 2687 3234 2744 Ezechielem
3285 2705 3407 2760 cap.
3441 2706 3555 2757 xvi,

1967 2783 2001 2851 Ῠ
2046 2784 2133 2849 15,
2173 2784 2248 2837 ait
2286 2782 2627 2835 eruditorum
2672 2779 2757 2835 sui
2786 2780 3046 2849 temporis
3069 2780 3381 2849 opinionem
3409 2794 3553 2848 esse,

1967 2877 2117 2931 solos
2165 2876 2410 2945 quinque
2457 2873 2630 2928 libros
2680 2871 2850 2943 Moysi
2899 2886 2928 2925 a
2961 2868 3104 2924 LXX
3138 2887 3329 2927 versos
3358 2870 3551 2927 fuisse.

1967 2968 2101 3040 Ejus
2146 2970 2309 3023 verba
2358 2975 2532 3021 sunt:
2586 2964 2703 3018 Hoc
2744 2966 2799 3017 in
2846 2961 3001 3018 LXX
3033 2981 3135 3019 non
3183 2966 3425 3031 habetur,
3461 2966 3558 3037 qui

1968 3065 2199 3137 forsitan
2238 3061 2583 3116 Alexandria
2615 3062 2668 3114 in
2704 3059 2947 3116 (irarum
2973 3075 3264 3113 sermonem
3304 3058 3554 3130 Scriptu-

1938 3174 2055 3212 -ras
2098 3172 2164 3211 ea;
2215 3150 2477 3208 Hebraica
2529 3152 2749 3207 veritate
2804 3159 3081 3215 vertentes,
3117 3151 3408 3205 timuerunt
3457 3153 3557 3207 hoc

1964 3251 2137 3314 edere,
2167 3263 2230 3300 ne
2260 3260 2429 3315 regem
2463 3243 2687 3313 Aegypti
2720 3242 3025 3296 uiderentur
3052 3242 3335 3310 offendere.
3362 3246 3489 3296 dum
3519 3263 3556 3299 ο

1965 3344 2072 3397 Deo
2094 3340 2394 3394 Jerusalem
2418 3337 2653 3390 debitum
2676 3351 2893 3406 regnum
2917 3351 3028 3388 csse
3052 3345 3517 3390 commemorarent
3532 3352 3555 3390 :

1961 3448 2266 3504 quanquam
2303 3428 2503 3483 eruditi
2537 3427 2679 3481 solos
2713 3428 2944 3497 quinque
2980 3427 3143 3481 libros
3176 3425 3352 3497 Moysi
3379 3428 3443 3481 ab
3473 3430 3552 3484 eis

1962 3532 2335 3599 interpretatos
2382 3541 2495 3578 esse
2544 3530 2778 3593 putant.
2826 3519 2973 3575 Idem
3026 3535 3194 3592 porro
3237 3522 3553 3578 existimant

1961 3623 2163 3679 eruditi
2192 3618 2465 3684 hodierni,
2488 3624 2761 3688 quotquot
2785 3614 3041 3669 videlicet
3067 3612 3391 3670 llebraicum
3421 3631 3549 3670 cum

1960 3715 2200 3771 editione
2236 3713 2349 3777 illa,
2377 3726 2499 3782 qua:
2539 3707 2899 3779 Septuaginta
2935 3706 3295 3777 lnterpretum
3326 3709 3549 3773 dicitur,

1961 3806 2263 3862 contulere.
2295 3802 2430 3857 Nam
2462 3802 2555 3871 qui
2599 3798 3029 3855 Pentateuchum
3072 3808 3352 3853 verterunt
3392 3801 3552 3869 longe

1962 3901 2256 3971 peritiores
2286 3896 2457 3951 fuisse
2490 3895 2742 3949 videntur
2774 3893 2840 3947 iis
2873 3892 2967 3960 qui
2991 3898 3217 3947 czeteros
3251 3890 3553 3960 Scriptura

1960 3993 2132 4047 libros
2173 3989 2361 4046 erce
2398 3996 2527 4044 sunt
2555 3984 2893 4056 interpretati
2928 4002 2941 4039 :
2990 3988 3166 4055 stylus
3208 3985 3435 4038 omnino
3464 3986 3550 4040 di-

1960 4098 2156 4138 versus
2201 4092 2318 4146 est;
2368 4080 2533 4133 verba
2575 4092 2719 4147 saepe
2761 4077 2921 4146 longe
2957 4074 3234 4145 disparata
3264 4072 3547 4132 Hebraicis

1961 4174 2190 4228 vocibus
2247 4179 2521 4240 aptantur.
2570 4165 2861 4222 \‘arictatis
2924 4166 3241 4236 hujusmodi
3297 4168 3548 4238 exempla

1961 4267 2133 4319 multa
2165 4262 2409 4333 proferre
2440 4262 2494 4315 in
2527 4267 2780 4330 promptu
2810 4266 2955 4313 esset
2981 4273 2997 4310 :
3024 4271 3213 4311 verum
3240 4259 3366 4329 quia
3401 4274 3489 4313 res
3513 4275 3546 4313 a

1960 4358 2137 4413 doctis
2183 4354 2314 4409 viris
2354 4354 2468 4423 jam
2506 4354 2626 4408 fuse
2668 4369 2732 4407 ex
2768 4352 3018 4421 professo
3062 4352 3261 4421 agitata
3290 4349 3411 4417 fuit,
3445 4370 3547 4407 no-

1960 4448 2151 4518 bisque
2178 4448 2244 4501 ad
2280 4446 2386 4499 alia
2438 4446 2861 4516 properantibus
2907 4460 3015 4498 non
3062 4444 3191 4498 licet
3222 4444 3308 4499 his
3337 4445 3545 4501 diutius

266 4544 372 4598 ρων
401 4528 689 4584 πλειόνων.
719 4528 777 4584 Id
807 4542 893 4586 est
925 4548 940 4585 :
977 4528 1093 4601 Ipsi
1119 4531 1212 4601 qui
1250 4530 1591 4586 Alexandria
1629 4531 1852 4601 fuimus,
1885 4544 1932 4601 ι)
1964 4542 2268 4604 immorari,
2296 4539 2629 4593 destinatum
2662 4537 2940 4606 carpimus
2965 4538 3086 4591 iter.

264 4632 313 4673 et
352 4622 579 4692 uestigia
610 4621 1062 4677 domuurularum
1102 4623 1159 4677 in
1193 4621 1374 4677 Pharo
1420 4623 1593 4677 adhuc
1638 4623 1855 4679 residua

264 4707 516 4774 uidimus,
548 4717 603 4766 et
630 4710 696 4765 ab
731 4711 947 4778 incolis,
983 4714 1076 4785 qui
1112 4730 1221 4767 rem
1249 4730 1283 4767 a
1315 4713 1611 4784 majoribus
1640 4731 1855 4785 accepe-

266 4808 420 4862 runt,
469 4798 775 4855 audivimus
796 4843 811 4867 ,
842 4801 955 4856 hac
998 4805 1383 4858 annuntiamus
1410 4818 1429 4854 :
1474 4819 1596 4874 qua
1633 4820 1699 4858 ea:
1726 4805 1853 4860 aliis

262 4906 468 4964 quoque
509 4894 744 4949 ediscere
775 4896 998 4965 potestis
1020 4936 1036 4961 ,
1063 4914 1129 4951 ac
1166 4898 1501 4967 potissimum
1532 4915 1597 4955 ex
1626 4900 1694 4955 iis
1718 4943 1732 4967 ,
1762 4902 1857 4972 qui

266 4983 372 5038 hac
390 4996 799 5052 euanaoerunt,
824 4986 1068 5055 Philone,
1085 4988 1315 5059 Joscpho
1338 4989 1567 5062 aliisque
1588 4991 1848 5061 pluribus.

267 5072 401 5133 Hinc
433 5092 569 5133 sane
600 5080 915 5150 conspicias
943 5097 1009 5136 ex
1041 5082 1293 5152 populari
1320 5081 1467 5138 fama
1502 5083 1648 5155 loqui
1680 5082 1851 5141 Justiv

267 5186 392 5226 num
448 5169 746 5244 Martyrem
775 5213 791 5237 ,
832 5190 958 5228 eum
1011 5175 1078 5229 de
1125 5176 1332 5231 cellulis
1377 5186 1431 5231 et
1468 5178 1535 5232 de
1583 5178 1852 5235 miraculo

269 5270 417 5318 tanto
466 5261 632 5317 verba
680 5262 850 5329 facit;
889 5278 1014 5317 nam
1049 5261 1208 5317 Philo
1258 5274 1314 5319 et
1357 5262 1630 5335 Josephus
1655 5305 1670 5331 ,
1710 5281 1852 5337 quos

270 5355 482 5427 allegat,
507 5370 578 5410 ne
603 5355 836 5410 verbum
860 5355 1080 5426 quidem
1104 5357 1171 5412 de
1201 5356 1413 5413 cellulis
1438 5367 1492 5412 et
1517 5359 1586 5413 de
1613 5360 1851 5414 mirabili

268 5448 624 5517 interpretum
660 5462 934 5503 consensu
972 5447 1194 5503 habent.
1233 5447 1525 5505 Probabile
1556 5452 1723 5522 igitur
1768 5461 1853 5507 est

266 5537 544 5595 Justinum
582 5552 648 5595 ea
687 5553 813 5609 qua:
839 5539 908 5594 de
932 5539 1143 5595 cellulis
1173 5542 1360 5605 tradit,
1395 5556 1461 5595 ex
1499 5542 1691 5595 iisdem
1722 5540 1850 5595 fou-

269 5634 406 5689 tibus
436 5632 742 5704 accepisse,
769 5646 836 5686 ex
865 5632 1065 5702 quibus
1091 5640 1376 5703 acceperat
1405 5631 1759 5688 Ptolemaeum
1782 5632 1851 5687 ab

270 5722 474 5784 Herode
500 5724 822 5783 Iudaeorum
858 5740 986 5797 rege
1022 5724 1348 5795 interpretes
1392 5726 1663 5782 vertendis
1697 5724 1851 5780 Scri-

270 5819 438 5890 pturis
469 5819 644 5879 sacris
670 5817 1005 5894 postulasse.
1035 5817 1140 5888 Qui
1176 5816 1455 5878 Justinum
1487 5818 1662 5877 secuti
1697 5827 1847 5891 sunt,

1957 4644 2047 4699 IX.
2080 4644 2269 4698 Utrum
2315 4646 2537 4697 Aristea
2572 4643 2888 4714 primigenia
2930 4642 3158 4698 historia
3192 4660 3312 4699 vera
3346 4646 3437 4706 sit.
3472 4664 3543 4702 an

2026 4716 2251 4785 conﬁcta
2265 4726 2314 4769 et
2332 4715 2694 4785 supposititia,
2713 4714 3015 4783 aﬂcrantur
3036 4727 3347 4786 argumenta
3369 4720 3543 4774 utrin—

2025 4803 2145 4857 que.

2026 4901 2211 4957 Tertia
2253 4899 2472 4955 demum
2503 4898 2758 4968 quaestio,
2794 4891 2993 4970 illaque
3038 4900 3363 4971 gravissima
3392 4912 3479 4959 est
3522 4922 3538 4959 :

1955 5011 2087 5050 num
2137 4994 2361 5049 Aristeas
2392 4991 2655 5058 Historia,
2685 4992 2800 5048 sive
2835 4994 2923 5047 illa
2967 5008 3092 5063 quae
3124 4994 3237 5064 jam
3281 4995 3402 5064 ejus
3441 5012 3537 5051 no-

1955 5090 2103 5142 mine
2129 5083 2533 5149 circumfertur,
2570 5087 2972 5156 doetorumque
3021 5087 3276 5142 manibus
3311 5083 3536 5154 teritur;

1954 5173 2069 5229 sive
2108 5172 2200 5227 illa
2238 5187 2360 5241 qua:
2406 5188 2529 5226 cum
2575 5173 2966 5230 additamentis
2995 5184 3049 5229 et
3078 5177 3473 5232 mutationibus
3502 5192 3535 5233 a

1952 5263 2193 5329 Justino,
2219 5264 2303 5318 vel
2332 5264 2401 5317 ah
2434 5263 2743 5335 Epiphanio
2775 5264 3021 5331 adertur,
3047 5280 3174 5320 vera
3203 5283 3269 5321 ac
3300 5267 3535 5335 sincera,

1953 5372 2023 5411 an
2066 5371 2198 5411 vero
2247 5359 2480 5412 conficta
2528 5368 2583 5411 ct
2634 5359 2977 5427 supposititia
3031 5359 3123 5413 sit.
3167 5357 3307 5413 Cum
3352 5366 3537 5416 autem

1951 5450 2339 5505 additamentis
2362 5450 2469 5505 illis
2502 5450 2663 5505 fidem
2689 5466 2811 5507 esse
2837 5452 3210 5523 denegandam
3231 5454 3343 5520 jam
3370 5469 3542 5523 supra

1951 5542 2386 5596 demonstratum
2414 5542 2504 5607 sit,
2530 5553 2701 5598 restat
2724 5553 2783 5598 ut
2803 5543 2870 5598 de
2886 5544 3221 5615 primigenia:
3238 5545 3536 5599 Aristeana:

1954 5632 2205 5689 Historia:
2234 5635 2336 5689 fide
2361 5649 2504 5689 nunc
2531 5650 2779 5703 agamus.
2815 5634 3107 5692 Historiam
3136 5637 3282 5691 illam
3309 5651 3537 5709 prorsus

1956 5724 2200 5778 lictitiam
2245 5733 2300 5779 et
2335 5726 2768 5782 commentitiam
2804 5743 2928 5785 esse
2972 5737 3214 5800 pugnant
3245 5727 3401 5781 multi
3428 5727 3538 5781 viri

1953 5816 2255 5877 doctissimi
2292 5837 2305 5873 :
2338 5833 2404 5874 ex
2439 5815 2738 5878 Catholicis
2772 5819 3037 5879 Henricus
3075 5819 3342 5883 Valesius.
3370 5834 3534 5885 quem
