4064 6262
432 292 508 353 οἵ)
1790 287 2036 345 Ρηίευῑ

2138 291 2337 366 lAttlA]
3635 301 3707 354 ω

432 415 685 488 sequitur
728 414 967 470 Joannes
1013 413 1161 467 Bona
1219 411 1534 476 cardinalis,
1578 411 1819 483 itemque
1863 410 2018 483 Ᾰίεἰ-
2051 420 2095 474 Α
2192 411 2474 466 Laudatur
2526 410 2802 467 Ptolemaei
2852 411 3129 485 Evergctis
3168 414 3300 484 (non
3342 413 3705 487 Philadclphi,

434 509 562 563 dius
587 506 868 578 Menagius
889 513 941 560 et
967 505 1096 570 alii;
1121 520 1189 558 ex
1220 503 1570 559 heterodoxis
1597 500 1871 572 .losephus
1895 503 2022 558 Sca-

436 599 594 667 liger,
622 596 957 653 lluml‘redus
984 596 1134 669 llody
1160 596 1213 650 in
1240 594 1616 651 eruditissimo
1646 611 1809 664 opere
1835 606 2022 650 contra

436 690 745 747 Historiam
774 690 1014 752 Aristew,
1045 697 1100 743 et
1125 690 1422 745 novissime
1451 688 1723 743 Antonius
1753 687 1867 742 Van
1896 690 2024 745 llale

434 786 491 838 in
545 782 932 837 Disurtatione
989 798 1146 853 super
1195 781 1441 836 Historia
1498 782 1773 849 Aristeas;
1822 782 2024 853 aliique

433 875 859 946 quamplurimi.

508 967 700 1022 Primo
746 967 949 1022 dicitur
982 964 1251 1021 Aristcam
1287 965 1461 1031 illum,
1489 965 1585 1036 qui
1633 981 1691 1019 se
1721 976 1775 1020 et
1801 973 1922 1019 ortu
1970 974 2027 1019 et

435 1060 761 1131 parentibus
810 1059 1060 1116 Grmcmn
1101 1076 1222 1115 esse
1264 1059 1453 1131 fingit,
1496 1075 1619 1114 esse
1667 1059 1812 1114 haud
1860 1060 2026 1115 dubie

432 1152 692 1208 Judaeum
736 1151 1110 1216 Hcllenistam,
1140 1162 1201 1209 ut
1229 1154 1593 1225 comprobant
1626 1153 1761 1207 bene
1799 1154 1969 1207 multa
2007 1172 2021 1208 ε

437 1243 674 1315 exempli
727 1259 894 1299 causa
945 1243 1298 1300 Iudaicarum
1346 1246 1526 1317 legum
1592 1245 1750 1315 plena
1808 1247 2023 1307 notitia,

411 1336 609 1392 .unius
650 1337 745 1393 Dei
781 1338 1045 1407 cegnitio,
1088 1338 1234 1393 nulla
1261 1338 1495 1393 admista
1535 1336 1835 1408 Serapidis,
1867 1338 2027 1393 Isidis

442 1428 809 1500 aliorumque,
838 1431 930 1500 qui
966 1440 1080 1484 tum
1123 1431 1361 1484 maxime
1390 1431 1733 1486 Alexandria:
1774 1431 2027 1486 coleban-

442 1528 554 1587 tur,
595 1521 823 1575 deorum
858 1524 1401 1577 commemoratione.
1440 1522 1497 1577 In
1543 1524 1658 1593 ipsa
1714 1524 2028 1579 narratione

443 1607 753 1666 llebraismi
779 1612 1000 1682 plurimi
1025 1624 1355 1668 occurrunt:
1376 1630 1498 1685 qua:
1524 1614 1710 1671 omnia
1742 1624 2026 1671 auctorem

444 1716 574 1758 vere
598 1699 848 1757 Judaeum
880 1704 1137 1773 produnt.

2125 514 2185 558 ut
2209 506 2431 574 quidam
2476 503 2683 577 dixere)
2719 502 3041 572 liberalitas,
3072 506 3218 575 quod
3252 503 3562 576 SOIDiIOCiiS,
3596 506 3708 561 Eu-

2125 596 2317 667 ripidis
2366 606 2421 651 et
2474 594 2721 667 Eschyli
2777 596 3110 666 exemplaria
3156 598 3224 653 ab
3275 596 3710 656 Atheniensibus

2125 697 2428 754 mutuatus,
2458 694 2517 743 ut
2548 688 2782 741 exscribi
2809 698 3047 755 curaret,
3075 689 3365 744 reservatis
3390 691 3495 745 sibi
3521 708 3711 746 exem—

2125 784 2388 853 plaribus,
2414 782 2727 852 apographa
2770 783 3136 853 pulcherrima
3177 781 3490 850 reddiderit,
3515 784 3712 839 simul-

2126 891 2233 945 que
2263 891 2534 929 summam
2587 875 2901 945 quindecim
2951 875 3307 941 talentorum,
3339 891 3504 946 quam
3540 875 3713 930 Athe-

2127 968 2410 1023 niensibus
2436 967 2910 1038 oppigneraverat,
2961 969 3026 1024 iis
3078 968 3131 1021 in
3179 969 3409 1039 gratiam
3459 966 3714 1023 beneficii

2127 1059 2427 1128 reliquerit.
2460 1056 2605 1112 Sane
2633 1059 2947 1130 quindecim
2980 1059 3312 1115 talentorum
3343 1073 3555 1115 summa
3583 1068 3716 1114 tunc

2126 1151 2392 1221 temporis
2426 1152 2607 1221 magni
2656 1152 2991 1218 habebatur;
3024 1164 3080 1207 at
3109 1151 3239 1224 quid
3276 1152 3427 1207 dicas
3459 1152 3527 1215 si,
3561 1166 3716 1207 com-

2127 1248 2336 1316 putatis
2369 1248 2627 1301 omnibus
2659 1263 2781 1317 qua:
2810 1262 2910 1319 pro
2940 1246 3309 1315 adipiscendis
3338 1242 3498 1317 Legis
3531 1261 3716 1300 exem-

2129 1336 2371 1406 plaribus
2422 1352 2452 1390 a
2496 1335 2857 1406 Philadelpho
2904 1351 3143 1406 expensa
3190 1348 3338 1402 sunt,
3369 1336 3713 1407 captivorum

2131 1430 2379 1485 videlicet
2434 1431 2631 1500 pretio,
2684 1430 2845 1485 donis
2892 1428 3193 1498 Eleazaro,
3247 1430 3468 1499 templo,
3518 1444 3715 1483 senum

2128 1520 2354 1576 cuilibet
2385 1520 2605 1583 oblatis,
2635 1520 2758 1590 plus
2785 1534 2951 1589 quam
2980 1518 3129 1594 mille
3155 1519 3517 1575 ducentorum
3540 1518 3717 1573 talenr

2129 1621 2310 1668 torum
2336 1628 2607 1668 summam
2643 1612 2926 1682 reperias?
2955 1612 3152 1664 Annon
3186 1610 3507 1665 exhaustam
3555 1610 3720 1680 plane

2129 1720 2318 1775 gazam
2343 1705 2545 1775 regiam
2574 1703 2812 1759 inferas?
2831 1703 3005 1759 Nemo
3034 1702 3311 1776 negaverit
3336 1704 3451 1758 hinc
3474 1701 3713 1758 fabulam

522 1796 794 1849 Praeterea
840 1796 1134 1866 objicitur,
1183 1795 1515 1853 Demetrium
1564 1797 1888 1855 Phalereum
1941 1799 2029 1855 hic
2060 1792 2103 1848 Β
2136 1812 2351 1868 sapere.

444 1884 633 1942 induci
658 1888 1004 1943 bibliothecae
1029 1890 1191 1963 regia:
1219 1890 1495 1948 Ptolemaei
1526 1890 1870 1963 Philadelphi
1900 1909 2035 1965 pra:-

446 1974 691 2043 fectum,
742 1992 868 2034 cum
926 1988 1106 2035 tamen
1160 1978 1487 2052 llermippos
1545 1982 1690 2053 apud
1740 1982 2033 2055 Diogenem

445 2070 729 2128 Laertium
756 2082 959 2138 narret,
987 2074 1319 2131 Demetrium
1344 2075 1667 2132 Phalereum
1695 2077 2034 2148 transfugam

445 2165 589 2235 apud
622 2164 975 2220 Ptolemaeum
1013 2165 1260 2223 Soterem
1295 2167 1426 2239 Lagi
1460 2170 1657 2233 lilium,
1695 2184 1821 2225 cum
1846 2168 2033 2225 Ptole-

447 2272 586 2313 maeo
632 2256 992 2330 Philadelpho
1040 2260 1358 2316 adversatus
1399 2270 1588 2325 esset,
1631 2270 1756 2332 post
1804 2274 2034 2319 mortem

446 2346 668 2421 Lagida‘.
712 2364 744 2403 a
778 2349 1140 2421 Philadelpho
1191 2354 1486 2423 relegatum
1522 2351 1714 2419 fuisse,
1753 2363 1808 2408 et
1844 2371 2036 2409 morsu

445 2442 655 2511 aspidis
696 2442 925 2501 obiisse.
972 2444 1055 2499 Ad
1084 2445 1199 2500 haec
1234 2443 1541 2501 Demetrius
1586 2447 1676 2502 ille
1703 2446 2031 2513 Phalereus,

451 2534 618 2591 homo
646 2533 1099 2601 facundissimus,
1130 2546 1187 2592 et
1216 2552 1317 2593 sua
1362 2546 1519 2592 aetate
1547 2537 1741 2594 Attica:
1768 2538 2033 2609 eloquen-

447 2625 540 2682 tia:
585 2626 745 2684 facile
792 2630 1086 2700 princeps;
1134 2630 1288 2702 isque
1330 2630 1555 2685 deorum
1603 2629 1802 2697 cultor,
1854 2630 2039 2699 pravis

450 2720 702 2778 moribus
732 2722 975 2791 luxuque
1009 2722 1284 2792 perditus;
1321 2722 1409 2777 hic
1441 2722 1509 2777 ab
1548 2722 1762 2777 Aristea
1811 2723 2038 2777 exhibe-

449 2821 540 2867 tur
596 2814 690 2869 vix
743 2813 931 2869 Graece
988 2812 1102 2868 imo
1152 2815 1388 2871 barbare
1441 2815 1673 2884 loquens
1707 2815 1761 2869 in
1807 2814 2038 2884 cpistola

452 2918 615 2976 quam
670 2905 861 2962 scribit
911 2906 979 2961 ad
1012 2905 1461 2977 Philadelphum;
1504 2906 1670 2961 unius
1696 2904 1790 2961 Dei
1835 2907 2037 2975 cultor,

452 3006 640 3069 utpote
666 2999 762 3069 qui
797 2995 1151 3056 llchrazorum
1185 3000 1361 3071 legem
1407 3014 1508 3070 pro
1539 2998 1722 3054 divina
1761 3001 2038 3053 omnium-

451 3107 560 3161 que
581 3091 930 3148 sanctissima
962 3092 1178 3158 habeat,
1202 3101 1258 3147 et
1287 3094 1438 3147 diras
1470 3094 1798 3162 imprecetur
1840 3093 1907 3148 iis
1937 3092 2035 3163 qui

2208 1887 2403 1942 Mirum
2440 1890 2603 1942 etiam
2647 1888 2899 1945 videatur
2937 1902 3048 1956 quo
3073 1896 3233 1958 pacto
3280 1884 3573 1941 Eleazarus
3620 1902 3717 1942 sex

2134 1996 2202 2036 ex
2250 1981 2481 2052 singulis
2532 1981 2785 2036 tribubus
2833 1982 3004 2044 viros,
3038 1995 3219 2043 Senes,
3273 1980 3409 2035 bene
3452 1989 3717 2048 moratos,

2135 2076 2346 2137 doctos,
2387 2071 2546 2141 Legis
2590 2072 2976 2142 peritissimos,
3027 2080 3082 2127 et
3108 2080 3400 2142 utramque
3449 2069 3717 2142 linguam,

2136 2165 2419 2223 llebrmam
2443 2165 2652 2221 scilicet
2674 2173 2731 2219 et
2757 2164 3027 2233 Graecam,
3059 2165 3306 2235 apprime
3335 2164 3617 2229 callentes.
3640 2164 3723 2219 sic

2136 2268 2359 2330 paratos
2394 2264 2452 2311 et
2481 2257 2550 2312 ad
2584 2272 2809 2311 manum
2864 2255 3137 2323 habuerit,
3170 2264 3233 2311 ut
3265 2264 3497 2327 rogatus,
3534 2255 3720 2312 Statim

2139 2353 2372 2417 miserit,
2412 2366 2537 2405 cum
2571 2358 2751 2404 tamen
2777 2347 3019 2404 Eleazari
3052 2357 3316 2419 tempore,
3348 2348 3432 2402 vel
3463 2348 3610 2402 nulla
3636 2348 3722 2402 vel

2139 2445 2354 2502 modica
2390 2445 2631 2499 tribuum
2667 2442 2950 2497 distinctio
2980 2441 3150 2497 fuisse
3181 2440 3459 2497 credatur.

2209 2539 2289 2593 Ad
2321 2538 2436 2592 lucc
2462 2536 2744 2590 victoriam
2783 2535 2930 2589 illam
2961 2534 3031 2590 de
3055 2534 3330 2606 Antigono
3361 2542 3722 2605 repet-tatam,

2138 2630 2327 2686 eodem
2372 2639 2614 2698 tempore
2642 2645 2753 2697 quo
2784 2624 2977 2682 LXX"
3005 2641 3167 2683 senes
3200 2626 3590 2681 Alexandriam
3621 2625 3723 2681 ad-

2137 2738 2356 2789 venere,
2391 2733 2447 2776 ut
2478 2729 2665 2776 narrat
2702 2722 2971 2786 Aristeas,
3010 2729 3220 2775 certum
3249 2728 3334 2775 est
3379 2720 3563 2775 multis
3597 2727 3727 2779 ante

2139 2816 2323 2880 annis,
2354 2823 2617 2887 regnante
2643 2813 2889 2870 videlicet
2916 2811 3211 2868 Ptolemaeo
3242 2811 3373 2884 Lagi
3406 2812 3519 2868 tilio
3547 2812 3729 2868 conti-

2139 2911 2306 2980 gisse.
2361 2906 2505 2962 Sunt
2552 2915 2608 2961 et
2648 2907 2753 2961 alia
2800 2905 2971 2961 tnttlta
3020 2922 3144 2975 qua:
3183 2916 3378 2960 contra
3423 2904 3728 2961 Aristcanae

2142 3000 2387 3056 historia:
2412 2999 2787 3055 sinceritatem
2819 2995 3123 3052 adet-untur
3148 3015 3162 3050 :
3189 3005 3245 3051 at
3271 3005 3560 3066 postquam
3586 3009 3730 3067 prae-

2141 3090 2303 3162 cipua
2350 3090 2404 3144 in
2452 3090 2694 3144 medium
2741 3086 3093 3153 adduximus,
3125 3088 3194 3143 ab
3224 3088 3347 3143 aliis
3374 3085 3733 3143 recensendis

454 3157 510 3239 in
559 3184 919 3243 translatione
955 3182 1144 3239 LXXII
1181 3157 1778 3257 lnterpretum-aliquid
1811 3157 2034 3251 addere,
2063 3157 2110 3220 θ
2138 3157 2448 3254 compendii
2475 3197 2641 3238 causa
2675 3181 3058 3237 abstinendum
3089 3190 3366 3251 putamus.

453 3274 539 3329 vel
570 3275 807 3339 demere,
845 3278 930 3334 vel
962 3278 1255 3333 immutare
1296 3279 1416 3333 ausi
1449 3277 1669 3334 fuerint.
1701 3276 1876 3333 Erunt
1924 3276 2040 3332 for-

456 3379 605 3424 tasse
639 3371 733 3439 qui
768 3370 898 3427 huic
942 3381 1268 3442 argumento
1297 3373 1511 3427 occurri
1542 3386 1703 3441 posse
1749 3373 2037 3441 putabunt,

452 3474 523 3515 cx
556 3458 773 3517 Cosmar
801 3461 1040 3535 Egyptii
1080 3479 1254 3534 nuper
1278 3480 1309 3519 a
1352 3464 1512 3519 nobis
1538 3464 1671 3518 editi
1707 3473 1950 3518 narratu.
1988 3461 2039 3520 ls

456 3554 603 3609 enim
654 3555 711 3611 in
759 3553 804 3609 Τ
804 3555 1132 3627 opagrapltia
1164 3554 1495 3620 Christiana,
1521 3571 1685 3625 quam
1727 3553 2041 3612 Iustiniano

458 3646 762 3717 imperante
807 3647 997 3713 edidit,
1028 3662 1137 3702 non
1186 3645 1520 3702 Demetrium
1569 3646 1915 3713 Phalereum,
1944 3648 2041 3704 sed

458 3737 809 3810 Tryphonem
838 3737 1163 3795 Phalereum
1212 3739 1317 3795 sub
1363 3739 1656 3795 Ptolemazo
1685 3738 2041 3813 Philadelpho

458 3831 804 3887 bibliothecae
832 3832 995 3903 regia:
1028 3834 1312 3888 custodem
1362 3830 1534 3889 fuisse
1578 3832 1711 3888 dicit
1744 3850 1758 3886 :
1787 3850 1894 3904 qua
1940 3834 2043 3890 ad-

458 3922 629 3977 missa
664 3924 916 3990 lectione,
952 3924 1157 3980 cadunt
1201 3926 1388 3979 omnia
1414 3924 1505 3979 illa
1552 3934 1891 3995 argumenta,
1922 3941 2044 3996 qua!

456 4023 640 4069 stante
680 4013 962 4090 Demetrio
1009 4014 1276 4072 Phalereo
1304 4016 1539 4087 alicujus
1568 4016 1830 4071 momenti
1860 4027 2040 4074 erant.

458 4105 531 4159 At
561 4105 694 4173 quid
731 4105 905 4160 valeat
932 4108 1035 4161 hac
1058 4106 1115 4161 in
1145 4122 1206 4163 re
1228 4107 1515 4178 scriptoris
1540 4108 1727 4172 unius,
1747 4118 1803 4164 et
1821 4108 2043 4179 quidem

460 4194 742 4253 inferioris
771 4197 894 4265 aevi,
930 4197 1326 4265 testimonium,
1356 4200 1579 4271 quando
1613 4214 1805 4255 omnes
1837 4216 1868 4256 a
1904 4200 2047 4271 prin-

461 4288 628 4359 cipio,
667 4289 763 4361 qui
801 4289 1075 4345 Aristeam
1116 4290 1436 4357 meminere,
1474 4289 1807 4367 Demetrium
1852 4290 2045 4346 Phale-

461 4397 617 4438 reum
639 4384 861 4440 habent.
876 4385 1035 4441 Certe
1055 4383 1189 4439 nulli
1210 4384 1436 4439 dubium
1461 4400 1586 4441 esse
1607 4395 1784 4456 potest
1805 4384 2044 4455 primum

2210 3277 2319 3331 Alii
2355 3292 2456 3347 pro
2500 3277 2731 3331 Aristcze
2774 3272 3013 3331 Historia
3054 3283 3225 3341 stant,
3254 3273 3486 3344 ejusque
3510 3274 3731 3347 γνησιό-

2138 3388 2278 3442 mea.
2304 3383 2648 3439 propugnare
2680 3369 2932 3423 nituntur
2957 3386 2972 3421 :
3001 3382 3066 3422 cx
3097 3366 3427 3433 Catholicis,
3455 3365 3727 3433 Serarius,

2141 3462 2466 3526 Gretserus,
2511 3459 2716 3515 Paulus
2767 3458 3106 3526 Petronius,
3160 3460 3427 3528 multique
3480 3460 3614 3527 alii;
3661 3475 3730 3515 cx

2143 3555 2517 3621 heterodoxis,
2550 3553 2783 3608 Brianus
2813 3551 3128 3618 Waltonus,
3158 3549 3315 3607 Isaac
3347 3549 3596 3617 Vossius,
3616 3552 3731 3606 alii-

2142 3660 2250 3717 que
2278 3645 2522 3717 insigucs
2550 3645 2675 3698 viri.
2711 3642 2829 3698 Non
2862 3640 3099 3698 referant
3147 3653 3535 3713 argumentum
3582 3642 3731 3711 quod

2142 3753 2212 3792 ex
2257 3736 2483 3793 Patrum
2520 3736 2835 3793 testimonio
2867 3734 2935 3790 ad
2981 3736 3266 3789 tutandam
3298 3735 3599 3789 Aristeante
3632 3732 3732 3789 lii-

2144 3831 2331 3887 storiae
2357 3831 2639 3886 veritatem
2669 3830 2894 3900 quidam
2917 3828 3173 3884 afferunt.
3192 3825 3328 3881 Nam
3351 3843 3476 3882 cum
3498 3824 3601 3881 SS.
3626 3824 3732 3882 Pa-

2144 3932 2258 3981 tres
2280 3922 2554 3991 Justinus,
2583 3925 2839 3988 lrcnzeus,
2875 3920 3151 3988 Clemens,
3179 3920 3415 3992 Cyrillus
3452 3916 3733 3991 Jerosoly-

2145 4018 2407 4084 mitanus,
2438 4033 2559 4072 eam
2589 4018 2864 4088 praacipuc
2892 4016 3055 4087 hujus
3080 4012 3336 4070 Historia:
3368 4024 3579 4084 partem
3609 4027 3737 4082 pro-

2144 4126 2388 4183 pugnare
2415 4110 2722 4174 videantur,
2746 4125 2869 4181 qua:
2900 4108 3127 4178 respicit
3150 4107 3398 4172 cellulas,
3422 4103 3731 4162 mirabilem

2148 4204 2352 4259 Senum
2395 4202 2449 4257 in
2498 4200 2908 4272 interpretando
2958 4215 3336 4264 consensum,
3387 4206 3443 4253 ct
3492 4197 3734 4268 Spiritus

2147 4297 2322 4352 sancti
2369 4294 2642 4361 adlatum;
2675 4307 2842 4364 quam
2871 4298 3053 4346 tamen
3091 4298 3300 4360 partem
3339 4297 3399 4341 ut
3434 4288 3733 4358 suppositi-

2148 4388 2281 4443 tiam
2307 4396 2363 4450 et
2398 4386 2644 4457 spuriam
2682 4397 2809 4439 cum
2843 4384 2969 4438 divo
3003 4381 3335 4451 Hieronymo
3363 4380 3596 4451 aliisque
3630 4381 3734 4435 do-

461 4475 616 4529 illum
660 4474 931 4531 Aristcam
956 4517 973 4543 ,
1027 4474 1361 4531 Demetrium
1409 4475 1729 4532 Phalereum
1775 4477 1903 4532 item
1942 4478 2041 4532 ha-
2078 4513 2120 4566 υ
2149 4482 2253 4537 etis
2286 4480 2598 4551 rejecimus,
2623 4491 2732 4531 non
2759 4484 2941 4546 potest
2972 4474 3061 4528 hic
3087 4488 3187 4543 pro
3221 4474 3525 4529 Aristcana:
3550 4471 3734 4530 [listo-

462 4568 670 4624 buisse.
729 4566 911 4635 Quare
969 4566 1202 4625 Cosmas
1266 4568 1558 4641 A'ngptius
1629 4571 1713 4623 vel
1776 4572 2040 4625 memoria

462 4660 653 4731 lapsus
684 4670 788 4728 est,
824 4661 907 4716 vel
932 4660 1155 4717 aliunde
1184 4676 1426 4716 errorem
1452 4672 1538 4717 est
1561 4670 1863 4717 mutuatus.

533 4750 644 4808 Nec
671 4752 836 4807 modo
865 4751 1195 4806 Demetrium
1220 4750 1565 4815 Phalereum,
1603 4752 1695 4808 sed
1721 4754 1883 4807 etiam
1916 4752 2043 4807 Pto-

462 4843 713 4900 lemazum
745 4844 928 4916 ipsum
971 4843 1410 4914 Philadelphum,
1451 4844 1681 4900 fratrum
1731 4845 2045 4900 interfecto-

460 4951 602 5002 rem,
645 4937 854 4993 sororis
902 4937 1226 5008 conjugem,
1271 4938 1432 5008 cujus
1480 4936 1756 5001 mollities,
1802 4938 2041 5003 luxuria,

462 5030 693 5096 scelera,
724 5031 794 5084 ab
822 5028 1100 5085 historicis
1124 5029 1488 5095 celebrantur,
1520 5029 1593 5083 ita
1618 5029 1765 5098 pium
1798 5029 2043 5100 legisque

462 5121 717 5177 Mosaicae
762 5122 1027 5176 cultorem
1072 5121 1292 5177 exhibet
1318 5121 1582 5186 Aristeas,
1620 5129 1678 5174 ut
1715 5136 1900 5191 regem
1933 5120 2042 5174 Da-

461 5215 641 5269 videm
700 5216 785 5269 vel
832 5213 1120 5269 Ezechiam
1169 5214 1341 5270 dicas.
1398 5213 1449 5267 ls
1498 5214 1694 5269 allatas
1738 5214 1845 5269 sibi
1885 5213 2043 5283 Legi:

462 5307 835 5371 membranas,
870 5315 1023 5361 tanta
1076 5307 1426 5361 veneratione
1480 5314 1805 5378 prosecutus
1843 5316 1948 5373 est,
1985 5316 2045 5362 ut

459 5400 662 5467 septies
704 5399 977 5466 adorarct,
1012 5414 1077 5454 ac
1118 5414 1229 5469 pra:
1259 5400 1461 5470 gaudio
1488 5402 1907 5472 lacrymaretur.
1936 5401 2042 5456 Pa-

460 5505 577 5542 rem
620 5505 750 5561 erga
798 5490 968 5561 legem
1009 5489 1302 5545 Mosaicam
1343 5491 1551 5547 cultum
1585 5492 1845 5548 exhibent
1870 5493 2043 5550 Graeci

460 5596 676 5647 omnes,
708 5591 976 5653 quotquot
998 5582 1051 5635 in
1078 5583 1363 5639 Aristeana
1386 5582 1624 5639 Historia
1651 5595 2043 5654 memorantur,

465 5683 526 5727 ut
556 5676 697 5730 mira
728 5674 1160 5747 mctamorphosi
1194 5677 1389 5734 credas
1428 5693 1621 5733 omnes
1666 5680 1761 5749 qui
1794 5680 1922 5734 huic
1951 5696 2046 5735 ne-

466 5766 614 5838 gotio
648 5767 946 5839 intersunt,
974 5771 1262 5842 derepente
1292 5772 1595 5841 prosclytos
1624 5770 1797 5831 factos
1831 5788 1972 5830 esse.

2146 4572 2243 4627 riae
2265 4568 2582 4625 defensione
2605 4566 2831 4622 Patrum
2861 4566 3080 4620 illorum
3111 4566 3412 4620 auctoritas
3433 4566 3656 4635 opponi.

2218 4660 2419 4718 Verum
2443 4660 2588 4716 aliud
2623 4659 2678 4715 in
2710 4658 2951 4714 medium
2975 4656 3268 4723 adducam,
3302 4657 3450 4727 quod
3487 4672 3619 4713 sane
3642 4672 3735 4713 vae

2144 4754 2471 4810 lidissitnum
2500 4760 2721 4824 putatur
2760 4766 2793 4805 a
2827 4751 3035 4805 multis.
3087 4749 3355 4817 Aristeas,
3390 4758 3450 4805 ut
3480 4748 3733 4807 oculatus

2145 4848 2305 4905 testis
2329 4862 2445 4903 rem
2472 4862 2575 4902 suo
2604 4854 2871 4915 tempore,
2904 4858 3074 4914 seque
3132 4852 3397 4913 praesente
3439 4852 3734 4914 partesque

2144 4956 2274 4998 suas
2304 4948 2517 5011 agente,
2543 4948 2750 5009 gestam
2772 4950 3027 5006 enarrat;
3089 4952 3229 5003 rem,
3281 4937 3527 5005 inquam,
3556 4952 3734 5007 usque

2144 5035 2282 5089 adeo
2311 5033 2577 5104 insignem
2611 5042 2665 5088 et
2691 5030 3049 5102 singularem,
3088 5041 3149 5085 ut
3180 5030 3493 5085 necessario
3527 5028 3733 5085 debue-

2146 5127 2217 5181 rit
2248 5125 2496 5180 omnium
2536 5139 2630 5180 ore
2659 5124 2943 5188 celebrari,
2975 5138 3078 5178 nec
3106 5121 3266 5176 facile
3314 5136 3380 5176 ex
3444 5122 3731 5177 hominum

2145 5222 2409 5275 memoria
2453 5219 2732 5273 obliterari
2768 5217 3022 5286 potuerit.
3054 5213 3188 5269 Post
3220 5213 3489 5267 Aristeam
3519 5213 3735 5268 Aristo-

2145 5310 2329 5376 bulus,
2372 5309 2457 5363 vir
2481 5308 2736 5379 insignis,
2757 5306 2841 5361 vel
2881 5306 3053 5377 ipsius
3076 5304 3355 5359 Ptolemaei
3388 5300 3730 5373 Philadelphi

2146 5412 2409 5472 tempore,
2447 5400 2553 5465 vel,
2604 5408 2662 5454 ut
2713 5400 2806 5453 alii
2833 5399 3169 5462 existimant,
3218 5396 3322 5451 sub
3362 5393 3734 5450 Philometore

2147 5494 2485 5550 Alexandria:
2509 5493 2714 5559 scribit,
2729 5500 2784 5547 et
2810 5491 3112 5546 Aristeana:
3142 5488 3393 5545 Historia:
3417 5490 3733 5544 testimonio

2146 5602 2249 5641 suo
2278 5586 2671 5656 patrocinatur.
2710 5583 2768 5639 Si
2801 5599 2864 5639 ea
2900 5583 3037 5639 falsa
3070 5597 3403 5653 prorsusque
3434 5584 3733 5653 suppositi-

2147 5682 2220 5734 tia
2262 5677 2477 5744 fuisset,
2510 5692 2577 5733 an
2608 5686 2820 5748 poterat
2853 5676 3170 5731 Aristobulo
3210 5675 3343 5745 ipsis
3378 5671 3596 5746 Egypti
3638 5690 3730 5729 re-

2149 5773 2307 5841 gibus
2335 5782 2466 5831 tunc
2496 5770 2758 5829 familiari
2790 5768 2978 5829 fucum
3008 5768 3211 5835 facere,
3243 5767 3456 5825 etiamsi
3492 5776 3730 5836 ponatur
