4064 6262
292 370 363 425 65

1550 368 1622 427 IN
1662 367 1990 425 HEXAPLA
2029 367 2384 427 ORICENIS.

3520 375 3590 431 66

290 507 417 545 cum
442 490 547 547 sub
567 490 870 561 postremis
895 490 1319 548 Ptolemazorum
1346 489 1899 547 ﬂoruisseiAlexan-
1928 498 1971 553 Λ
2002 491 2349 561 sequentium
2426 490 2592 547 modo
2649 490 2978 548 saeculorum
3043 488 3436 561 scriptoribus.
3492 494 3589 549 sed

291 585 390 637 der
418 584 547 638 item
579 583 915 656 Polyhistor,
980 586 1075 654 qui
1109 583 1419 657 olympiade
1457 584 1680 639 circiter
1709 594 1895 639 cente-

290 680 431 733 sima
464 680 875 748 septuagesima
945 679 1107 734 tertia
1168 678 1412 749 scripsit,
1448 678 1637 734 laudat
1663 678 1895 734 Aristca:

286 772 585 842 cujusdam
646 770 949 829 Historiam
1017 771 1361 840 Juilaicam;
1424 773 1575 828 illam
1641 771 1896 828 videlicet

281 882 455 935 quam
490 869 559 923 de
590 866 780 921 LXXH
832 867 1230 939 lnterpretibus
1284 869 1528 941 scripsit,
1588 880 1649 925 ut
1697 879 1894 941 putant

283 960 514 1017 eruditi.
541 960 674 1016 Post
706 978 831 1017 eum
888 960 1048 1017 Philo
1075 961 1374 1019 Historiam
1410 962 1665 1019 eamdem
1696 962 1891 1034 paucis

284 1055 486 1125 tangit,
510 1069 578 1109 ac
610 1055 737 1110 licet
758 1056 826 1110 de
850 1071 1083 1111 numero
1110 1056 1473 1128 interpretum
1500 1057 1641 1112 nihil
1668 1057 1887 1125 habeat,

280 1150 415 1219 quia
445 1164 562 1203 rein
597 1150 829 1220 carptim
881 1159 1122 1219 enarrat,
1182 1153 1398 1207 videtur
1441 1158 1623 1207 tamen
1676 1167 1740 1206 ea
1767 1166 1892 1222 qua:

280 1240 426 1295 dixit
450 1256 522 1295 ex
557 1242 778 1297 Aristea
830 1242 1107 1310 hausisse,
1159 1252 1285 1315 post
1329 1259 1456 1300 eum
1502 1242 1796 1314 Josephus,
1824 1259 1892 1299 ac

278 1334 511 1388 demum
576 1332 847 1389 Eusebius
901 1335 1249 1391 Aristeanam
1311 1334 1612 1392 Historiam
1646 1333 1891 1391 referunt

277 1428 446 1499 eique
504 1432 948 1499 patrOcinantnr.
1014 1430 1161 1486 Nihil
1218 1432 1400 1489 dicam
1461 1434 1531 1491 de
1578 1431 1800 1490 Justino
1835 1441 1892 1488 et

275 1520 431 1587 aliis,
460 1522 558 1592 qui
591 1521 917 1580 adulteratis
944 1526 1352 1596 exemplaribus
1378 1535 1511 1583 sunt
1539 1527 1648 1582 usi.
1686 1526 1745 1581 Si
1776 1542 1889 1599 qua

278 1613 464 1680 possit
494 1613 730 1668 historia
784 1614 1136 1684 sequentium
1197 1624 1507 1685 temporum
1557 1616 1888 1674 testimoniis

274 1704 628 1768 continuari,
652 1704 787 1758 nihil
817 1719 951 1761 sane
977 1705 1108 1761 huic
1140 1706 1317 1771 deest,
1360 1714 1423 1762 ut
1456 1706 1623 1763 talem
1653 1708 1888 1763 ﬁrmita-

274 1802 389 1848 tem
421 1795 784 1865 adipiscatur.

1997 583 2163 638 etiam
2198 600 2227 639 a
2260 585 2460 641 coaevis
2487 595 2542 640 et
2571 586 2901 656 supparibus
2928 596 3275 642 enarreutur.

2368 674 2437 733 Χ.
2478 662 2866 748 Disputationis
2919 678 3213 733 conclusio.

2064 768 2167 826 llis
2231 769 2440 826 diutius
2510 770 2792 826 immorari
2866 772 3341 843 qu:estionemque
3402 767 3587 828 fusius

1994 862 2273 933 exagitare
2308 877 2418 917 non
2450 861 2603 917 libet.
2633 861 2892 929 Quaedam
2948 864 3126 917 solum
3158 864 3319 919 nobis
3348 864 3402 918 in
3458 878 3588 917 cou-

1997 955 2142 1012 fesso
2177 955 2448 1019 habenda,
2470 964 2524 1012 et
2554 970 2654 1025 pro
2701 956 2844 1010 veris
2882 957 3084 1010 tuenda
3134 962 3283 1021 sunt,
3317 956 3584 1011 nimirum

1994 1048 2493 1120 interpretationem
2526 1066 2647 1121 qua:
2677 1049 2786 1106 τῶν
2814 1052 2871 1105 0'
2897 1067 2991 1107 seu
3015 1050 3157 1106 LXX
3192 1064 3439 1117 vocatur,
3466 1052 3587 1108 sive

1994 1141 2087 1195 illa
2121 1159 2152 1197 a
2186 1141 2540 1214 Septuaginta
2580 1144 2739 1209 viris,
2792 1144 2909 1200 sive
2956 1159 2987 1199 a
3047 1145 3401 1216 paucioribus
3434 1143 3583 1201 facta

1992 1232 2179 1301 fuerit,
2207 1251 2331 1292 esse
2358 1252 2542 1293 veram
2565 1247 2619 1293 et
2651 1246 2896 1294 sanctam
2927 1238 3051 1293 iidei
3089 1252 3419 1309 morumque
3443 1252 3577 1293 nor-

1993 1342 2166 1396 mam,
2200 1337 2388 1399 utpote
2416 1346 2540 1401 qua:
2572 1332 2643 1387 ab
2674 1331 2943 1403 apostolis
2976 1348 3086 1387 non
3120 1332 3290 1388 semel
3316 1331 3580 1389 adhibea-

1990 1429 2101 1487 tur,
2139 1435 2204 1476 ac
2224 1437 2335 1478 non
2360 1424 2524 1479 modo
2549 1425 2603 1479 in
2628 1422 2873 1482 Ecclesia
2920 1424 3109 1482 Graeca
3143 1440 3247 1496 pro
3273 1440 3402 1480 vera
3425 1423 3579 1479 Scri-

1988 1523 2150 1585 ptura
2175 1530 2391 1587 semper
2420 1517 2607 1573 habita
2640 1519 2825 1582 fuerit,
2860 1519 2955 1574 sed
3008 1519 3174 1574 etiam
3231 1518 3287 1573 in
3333 1516 3576 1574 Ecclesia

1991 1606 2183 1663 Latina
2216 1610 2496 1680 prioribus
2521 1612 2740 1666 saeculis
2769 1610 3089 1677 obtinuerit,
3111 1612 3333 1683 quando
3365 1611 3578 1669 scilicet

1988 1709 2147 1755 vetus
2174 1698 2306 1756 Itala
2335 1718 2459 1772 quae
2513 1718 2581 1759 ex
2627 1704 2818 1759 Graeco
2861 1702 3001 1758 LXX
3045 1703 3402 1777 lnterpretum
3431 1704 3577 1763 facta

1990 1791 2191 1857 fuerat,
2228 1810 2327 1863 pro
2378 1795 2541 1852 unica
2602 1793 2883 1866 Scriptura
2948 1812 3103 1853 sacra
3150 1799 3573 1868 agnoscebatur,

352 1887 655 1959 Reponunt
682 1889 798 1953 alii,
829 1887 1128 1945 Aristobuli
1158 1899 1213 1946 et
1240 1889 1537 1946 Alexandri
1567 1889 1879 1963 Polyhisto-
1908 1883 1955 1943 B
1984 1894 2277 1955 antequam
2304 1883 2668 1961 Hieronymus
2699 1889 3019 1945 hodiernam
3074 1886 3362 1962 Vulgatam
3414 1893 3577 1948 ador-

278 1982 360 2035 ris
392 1981 724 2037 auctoritate
759 1979 814 2036 id
850 1998 1021 2037 unum
1055 1984 1211 2052 argui
1248 1992 1303 2039 et
1344 1984 1588 2055 probari,
1624 1986 1880 2042 videlicet

273 2075 512 2131 Aristem
542 2076 845 2131 Historiam
870 2084 997 2132 ante
1027 2077 1225 2133 horum
1276 2079 1609 2149 scriptorum
1659 2088 1875 2134 aetatem

282 2168 562 2237 prodiisse
592 2188 605 2224 :
636 2179 695 2225 et
742 2170 1122 2225 Aristobulum
1156 2169 1376 2241 quidem
1406 2171 1499 2225 diu
1527 2179 1649 2241 post
1693 2170 1879 2227 Phila-

273 2262 540 2330 delphum
574 2262 812 2329 vixisse;
835 2279 963 2317 nam
988 2264 1132 2334 quod
1169 2263 1335 2318 modo
1362 2263 1470 2319 sub
1490 2261 1874 2334 Philadelpho,

274 2355 445 2408 modo
480 2354 587 2409 sub
615 2352 988 2410 Philometore
1014 2356 1310 2426 scripsisse
1338 2356 1558 2412 dicatur
1591 2357 1737 2427 apud
1764 2356 1875 2413 Eu-

271 2445 492 2501 sebium
522 2462 539 2512 ;
570 2447 625 2503 id
653 2445 876 2502 Eusebii
917 2446 1075 2517 lapsu
1108 2448 1360 2521 contigit,
1414 2449 1503 2504 vel
1534 2446 1771 2507 fortasse
1807 2450 1875 2505 li-

273 2540 611 2607 brariorum,
662 2542 757 2611 qui
812 2543 1040 2597 nomina
1077 2554 1532 2599 comniutarunt:
1590 2559 1716 2600 nam
1746 2544 1874 2599 Ari-

272 2636 529 2691 stobulus
570 2636 706 2706 ipse,
731 2636 1151 2708 Philadelphum
1180 2637 1325 2708 ejus,
1364 2637 1432 2694 ad
1466 2654 1630 2708 quem
1660 2638 1873 2708 scribit,

270 2726 667 2784 Philometoris
700 2728 967 2802 πρόγονον
1032 2739 1212 2794 vocat,
1246 2746 1357 2801 qua
1387 2731 1565 2801 posita
1615 2729 1870 2798 lectione,

271 2817 619 2889 Philadelphl
649 2835 852 2877 nomen
884 2821 1148 2878 mendose
1192 2821 1480 2891 irrepsisse
1507 2821 1871 2891 convincitur,

269 2913 766 2985 Aristobulumque
796 2922 985 2987 utpote
1014 2914 1265 2973 Judaeum
1293 2914 1672 2994 Hellenistam,
1690 2917 1871 2973 histo-

272 3008 413 3061 riam
457 3006 609 3062 illam
635 3022 744 3079 qua
812 3008 1192 3079 interpretatio
1254 3005 1611 3081 Septuaginta
1664 3008 1872 3065 Senum

1982 1988 2172 2045 naret;
2203 1980 2329 2037 licet
2356 1982 2504 2037 enim
2533 1983 2708 2039 multa
2765 1995 2910 2039 esset
2958 1984 3103 2039 inter
3143 1985 3418 2041 editiones
3448 2001 3575 2057 quas

1980 2082 2113 2128 tunc
2144 2075 2199 2128 in
2230 2089 2331 2129 usu
2354 2084 2535 2140 erant,
2569 2076 2827 2144 varietas,
2862 2092 3058 2132 omnes
3085 2086 3265 2132 tamen
3295 2078 3571 2135 editiones

1978 2180 2046 2219 ex
2077 2163 2220 2219 LXX
2252 2177 2641 2235 manaverant;
2678 2168 2788 2223 imo
2838 2168 3003 2224 etiam
3054 2168 3217 2225 hodie
3265 2169 3470 2226 Psalmi
3497 2186 3571 2228 ex

1977 2257 2168 2312 eadem
2204 2259 2373 2315 veteri
2398 2258 2535 2314 ltala
2566 2261 2622 2315 in
2656 2258 2898 2317 Ecclesia
2933 2258 3127 2317 Latina
3178 2262 3234 2317 in
3270 2264 3571 2337 Scriptum

1977 2369 2149 2409 sacrae
2178 2355 2427 2425 catalogo
2456 2355 2640 2411 locum
2675 2355 2878 2410 habent
2904 2371 2919 2423 ;
2955 2355 3205 2427 nihilque
3236 2356 3451 2412 allicere
3476 2370 3571 2411 au-

1974 2446 2212 2503 ctoritati
2242 2445 2500 2502 editionis
2532 2446 2642 2501 τῶν
2665 2447 2719 2503 0'
2753 2448 2901 2518 quod
2932 2449 3053 2520 e'jus
3079 2456 3271 2504 auctor
3292 2451 3377 2504 vel
3403 2448 3565 2519 igno-

1976 2548 2152 2607 retur,
2184 2538 2270 2594 vel
2289 2539 2543 2609 quisnam
2569 2541 2642 2596 sit
2691 2539 2746 2596 in
2776 2540 3003 2597 dubium
3031 2551 3278 2608 vocetur,
3312 2542 3569 2614 quando-~

1973 2631 2196 2702 quidem
2264 2631 2403 2687 nihil
2462 2630 2734 2688 ofﬁciebat
2797 2634 2997 2689 veteris
3053 2631 3202 2690 italae
3246 2635 3568 2693 auctoritati

1972 2723 2122 2794 quod
2178 2739 2290 2795 quo
2342 2724 2640 2795 interprete
2697 2724 2987 2796 prodiisset
3049 2726 3414 2798 ignoraretur.
3445 2728 3565 2795 Non

1973 2817 2121 2872 enim
2146 2832 2212 2873 ex
2239 2817 2628 2888 interpretibus
2644 2820 2928 2876 versiones
2944 2822 3323 2878 auctoritatem
3345 2833 3568 2879 mutua-

1972 2906 2197 2975 bantur,
2215 2909 2309 2964 sed
2330 2927 2395 2965 ex
2420 2911 2815 2983 approbatione
2841 2920 2897 2968 et
2921 2912 3257 2969 admissione
3283 2912 3563 2973 Ecclesiae.

2043 3001 2201 3070 Quod
2231 3014 2414 3060 autem
2447 3004 2817 3078 Hieronymus
2839 3008 2897 3063 in
2925 3009 3169 3065 editione
3199 3009 3306 3063 τῶν
3331 3011 3387 3065 0’
3419 3011 3565 3068 mul-

268 3114 631 3171 summopere
654 3101 1169 3171 commendabatur,
1204 3102 1456 3157 lubenter
1494 3102 1868 3174 amplexatum
1971 3105 2059 3152 tos
2108 3112 2295 3153 nazvos
2344 3098 2785 3167 deprehenderit,
2843 3116 2909 3156 ac
2966 3100 3137 3157 multa
3182 3117 3341 3159 secus
3391 3119 3559 3175 quam

265 3206 426 3259 «se;
451 3201 511 3250 et
532 3192 581 3248 si
608 3192 823 3248 νοθείαν
858 3195 1161 3265 agnoverit,
1219 3193 1276 3249 in
1320 3205 1532 3265 partem
1572 3205 1755 3251 tamen
1786 3194 1869 3250 fa-
1895 3236 1940 3265 η
1973 3189 2262 3259 oportebat
2291 3188 2358 3245 de
2389 3187 2655 3247 Hebraico
2679 3190 2869 3247 Graece
2902 3206 3168 3249 conversa
3196 3195 3559 3265 redarguerit,

267 3285 412 3341 huic
441 3286 663 3342 venisse
691 3303 708 3342 ;
775 3286 1050 3356 siquidem
1084 3302 1277 3344 omnes
1323 3285 1499 3342 Judgi
1553 3285 1867 3343 Hellenism
1896 3280 1942 3300 “
1972 3280 2025 3334 id
2054 3282 2175 3349 ejus
2203 3281 2461 3336 editionis
2490 3284 2874 3337 auctoritatem
2905 3284 3221 3355 neutiquam
3250 3285 3451 3343 minuit
3474 3288 3560 3347 vel

266 3378 783 3450 interpretationem
812 3378 963 3434 illam
1024 3393 1247 3436 summo
1293 3378 1349 3434 in
1390 3379 1567 3449 pretio
1592 3379 1866 3435 habebant

270 3471 579 3542 haberique
618 3471 913 3538 volebant;
946 3472 1319 3528 Alexandrum
1361 3469 1786 3542 Polybistorem,
1815 3473 1864 3529 si

264 3575 449 3619 tamen
482 3577 615 3619 vere
638 3563 707 3619 de
739 3565 844 3621 hac
870 3565 1099 3621 Aristeas
1138 3566 1378 3621 Historia
1422 3568 1575 3639 loqui
1603 3568 1860 3636 voluerit,

265 3657 448 3711 solum
517 3654 764 3713 iudicare
816 3658 965 3713 illam
992 3659 1268 3729 prodiisse
1295 3669 1422 3715 ante
1465 3676 1626 3715 suum
1660 3676 1859 3727 :evum,

268 3755 411 3825 quod
442 3752 564 3810 fere
595 3768 790 3811 omnes
836 3751 1081 3811 fatentur
1144 3773 1159 3810 :
1191 3754 1502 3823 Philonem,
1557 3756 1859 3828 .losepbum

266 3858 321 3904 et
352 3850 519 3915 alios,
551 3856 613 3903 ut
645 3850 827 3905 solent
847 3864 979 3904 oves
1005 3849 1291 3920 gregarire,
1328 3849 1575 3919 priorum
1619 3850 1860 3922 vestigiis

269 3944 519 4005 haesisse,
556 3956 660 3998 nec
686 3942 1035 3998 examinasse
1064 3957 1324 3997 veramne
1345 3958 1414 3997 an
1450 3943 1857 4013 supposititiam

272 4037 649 4092 narrationem
676 4037 1039 4107 adoptarem;
1080 4035 1300 4091 demum
1330 4046 1441 4091 tam
1467 4036 1679 4091 validas
1707 4036 1859 4107 obje-

269 4131 477 4186 ctiones
505 4139 701 4186 contra
752 4130 1097 4184 Aristeanam
1144 4126 1441 4184 Historiam
1498 4128 1750 4199 superius
1782 4128 1857 4183 al—

268 4222 422 4285 latas,
446 4236 558 4277 non
593 4234 762 4292 posse
786 4220 1113 4290 scriptorum
1145 4219 1490 4289 sequentium
1523 4218 1854 4274 testimoniis

267 4317 524 4384 enervari,
561 4313 1014 4387 quandoquidem
1047 4312 1250 4368 multas
1301 4311 1547 4383 quotidie
1578 4308 1850 4365 narratio-

1973 3372 2258 3428 inlirtnat:
2298 3383 2355 3427 ut
2380 3374 2581 3430 alicubi
2616 3374 2817 3430 fatetur
2864 3385 2919 3431 et
2971 3377 3087 3447 ipse
3140 3375 3508 3450 Hieronymus
3537 3398 3556 3437 :

1973 3466 2091 3520 loca
2124 3466 2270 3520 enim
2301 3466 2391 3521 illa
2418 3483 2541 3537 qua!
2592 3466 2958 3540 Hieronymus
2981 3470 3334 3540 reprehendit
3360 3471 3559 3542 hujus-

1971 3559 2117 3613 modi
2148 3567 2298 3623 sunt,
2328 3570 2389 3615 ut
2420 3562 2630 3616 utrovis
2651 3560 2815 3616 modo
2839 3560 3011 3633 legas,
3041 3578 3195 3633 teque
3219 3563 3306 3633 pia
3332 3579 3556 3621 sentcn-

1965 3650 2039 3704 tia
2071 3660 2371 3706 remaneat.

2040 3741 2151 3798 Pro
2200 3753 2354 3799 certo
2382 3744 2510 3799 item
2552 3742 2821 3800 habemus
2870 3744 3191 3801 cellularum
3244 3745 3553 3816 historiam,

1965 3836 2278 3892 mirabilem
2340 3837 2495 3891 illum
2532 3834 2822 3892 Seniorum
2853 3852 3209 3905 consensum,
3257 3847 3312 3895 et
3339 3856 3402 3896 ea
3430 3859 3556 3914 qua}

1964 3926 2090 3982 inde
2115 3939 2533 3999 consequuntur
2554 3932 2781 3986 omnino
2840 3932 3184 4003 supposititia
3213 3945 3359 3997 esse,
3401 3935 3556 4005 jure-

1870 4019 1888 4033 '
1963 4034 2072 4089 que
2104 4018 2530 4093 ahliieronymo
2554 4024 2857 4093 reprobari.
2900 4024 3144 4097 Itemque
3190 4042 3319 4082 cum
3358 4024 3554 4082 Hiero-

1970 4127 2136 4183 nymo
2160 4123 2215 4169 ct
2274 4115 2614 4171 eruditorum
2660 4117 2817 4172 turba
2872 4126 3131 4188 putamus
3197 4118 3551 4190 interpretem

1960 4201 2316 4263 Pentateuchi
2343 4207 2592 4265 Graecum
2649 4210 2877 4265 omnino
2919 4212 3195 4268 diversum
3239 4227 3361 4268 esse
3387 4212 3552 4267 abeo

1958 4299 2043 4353 vel
2067 4300 2133 4354 iis
2164 4301 2260 4372 qui
2286 4303 2526 4373 reliquos
2552 4302 2847 4375 Scriptura:
2887 4318 3061 4363 sacrae
3085 4305 3257 4361 libros
3278 4306 3547 4375 interpre~

268 4422 354 4466 ses
381 4406 861 4481 deprehendimus
893 4418 1016 4459 esse
1069 4401 1467 4474 supposititias,
1498 4400 1627 4455 licet
1653 4412 1763 4453 non
1816 4411 1847 4451 a
1883 4412 1928 4469 ι)
1956 4394 2053 4449 tati
2075 4403 2221 4450 sunt.

1334 4722 1719 4816 CAPUT
1791 4718 2423 4829 QUARTUM.

979 4878 1073 4942 De
1112 4877 1287 4940 LXX
1320 4876 1753 4954 interpretum
1791 4871 2116 4950 versione,
2147 4882 2218 4937 ut
2246 4873 2315 4937 in
2347 4873 2657 4953 Hexaplis
2689 4884 2846 4936 erat.

246 5079 285 5130 Ι.
302 5077 379 5130 De
399 5083 536 5130 statu
558 5074 886 5128 editioan
902 5086 949 5129 θ’
970 5076 1231 5135 antequam
1248 5070 1495 5135 Origenes
1515 5068 1741 5131 Hexapla
1762 5068 2046 5135 adornaret.
2069 5029 2130 5115 ll:
2146 5064 2395 5135 origenes
2411 5063 3141 5135 editionemmo'emendatam
3154 5065 3534 5135 cumasteriscis

311 5150 365 5191 et
383 5142 550 5191 obelis
572 5142 627 5189 in
654 5139 901 5199 Hexaplis
924 5151 1044 5201 posti

1048 5126 1216 5185 itflll.
1244 5126 1692 5188 Deisteriseorum
1725 5139 1781 5179 et
1802 5132 2060 5181 obolorum
2087 5128 2537 5190 usuginilexaplis.
2568 5126 2650 5190 ιν.
2676 5129 2751 5176 De
2780 5130 3029 5190 lemniscis
3051 5135 3104 5175 et
3128 5126 3528 5190 hypolemniseis.

312 5188 367 5251 Vi.
390 5188 731 5253 iﬁiibiiimis
755 5188 1058 5250 editioriibus
1096 5197 1215 5248 LXX
1239 5201 1571 5258 lnterpretum
1607 5196 1759 5242 multa
1791 5207 1853 5241 ex
1882 5192 2102 5240 editione
2140 5188 2223 5238 illa
2262 5188 2514 5297 hexa‘plari
2558 5188 2817 5251 desumpta
2857 5188 3313 5261 deprehenduntur.
3344 5190 3423 5239 Vl.
3458 5192 3530 5262 lio

314 5264 673 5297 πηιιρηίιυιίινιιιι
706 5276 821 5297 ansa
852 5263 911 5297 ιιι
947 5262 1180 5297 ηριορηία
1218 5261 1447 5297 ἱρηιηηνρ
1470 5259 1518 5297 in
1545 5256 1793 5297 ndilinnos
1818 5254 1939 5297 LXX
1979 5254 2312 5297 lnternretum
2338 5264 2382 5297 at
2404 5258 2558 5297 vectae
2574 5258 2704 5297 sunt.
2750 5249 2855 5297 VII.
2902 5252 2975 5297 lle
3014 5264 3073 5297 Its
3106 5258 3253 5297 etiam
3298 5262 3530 5297 mutatm-

314 5264 673 5314 mutatiouibus
706 5276 821 5323 quae
850 5263 911 5312 ab
947 5262 1180 5323 Origenis
1218 5254 1447 5320 tempore
1470 5259 1518 5304 in
1545 5256 1793 5323 editiones
1818 5254 1940 5323 LXX
1978 5254 2313 5323 interpretum
2338 5264 2382 5298 at

313 5326 456 5375 nibus
486 5340 604 5385 qua
629 5338 697 5374 ex
722 5319 1387 5386 similitudiue'quarumdam
1413 5323 1688 5369 litterarum
1713 5319 1943 5368 admissa
1964 5322 2094 5363 sunt.

317 5392 526 5451 dquitus
549 5394 808 5449 usurpata.

265 5498 301 5553 l.
332 5499 405 5554 De
428 5508 577 5554 statu
606 5498 862 5553 editionis
893 5496 1013 5553 τῶν
1046 5503 1102 5553 Ο¹
1141 5508 1423 5569 antequam
1451 5496 1701 5567 Origenes
1729 5492 1838 5550 Ile-

804 5571 966 5639 xapla
993 5571 1296 5625 adornaret.

328 5682 546 5738 Certum
580 5681 807 5753 quidem
858 5689 942 5736 est
984 5681 1277 5737 editionem
1322 5679 1432 5733 τῶν
1456 5681 1515 5733 0'
1546 5678 1665 5735 iidei
1716 5694 1835 5733 mo-

264 5788 481 5843 rumque
505 5788 780 5838 normam,
816 5771 872 5826 in
922 5771 988 5826 iis
1034 5771 1439 5843 exemplaribus
1469 5785 1593 5840 qua:
1645 5770 1699 5824 in
1731 5770 1837 5825 Ec-

264 5866 417 5921 clesia
466 5865 555 5921 Dei
622 5862 1077 5929 admittebantur,
1131 5864 1334 5919 nuilam
1387 5861 1651 5933 potuisse,
1682 5861 1737 5916 in
1770 5860 1839 5919 iis

2404 5258 2558 5297 vectae
2574 5258 2704 5299 sunt.
2738 5249 2785 5297 Ὺ
2796 5249 2855 5297 ιι.
2902 5249 2975 5300 lle
3014 5249 3073 5299 iis
3106 5252 3253 5299 etiam
3298 5256 3531 5300 mutatio.

2164 5314 2245 5363 Ill.
2275 5313 2349 5361 De
2372 5312 2691 5361 distinctione
2718 5315 2933 5376 capitum
2958 5318 3010 5361 et
3041 5320 3399 5363 versuculurum
3439 5328 3531 5363 au-

1942 5489 2134 5544 saltem
2175 5501 2297 5557 qua:
2327 5486 2392 5540 ad
2429 5485 2587 5540 ﬁdem
2616 5494 2667 5541 et
2701 5502 2882 5540 mores
2912 5486 3199 5556 pertinent,
3231 5484 3407 5541 labem
3442 5484 3528 5539 in-

1942 5596 2182 5636 currere.
2214 5578 2270 5632 ln
2305 5578 2515 5633 caeteris
2545 5593 2672 5633 vero
2726 5595 2910 5648 parem
2943 5595 3065 5633 cum
3107 5579 3229 5635 aliis
3269 5576 3527 5633 omnibus

1942 5674 2098 5728 libris
2133 5670 2408 5725 fortunam
2435 5672 2670 5725 subiisse
2705 5672 2865 5725 docet
2906 5686 3037 5725 usus
3084 5682 3138 5724 et
3167 5668 3522 5739 experientia.

1941 5765 1999 5821 ld
2040 5767 2154 5836 jam
2192 5763 2441 5833 Origenis
2503 5774 2743 5831 tempore
2805 5764 3077 5818 acciderat
3121 5785 3137 5816 ;
3191 5760 3522 5825 exemplaria

1941 5860 2138 5929 quippe
2169 5855 2481 5926 Scriptum,
2525 5867 2633 5908 tum
2665 5869 2876 5924 propter
2916 5857 3205 5909 scribarum
3240 5850 3522 5919 indiligen-
