4064 6262
388 337 456 392 67
1756 320 2285 380 PRIELHHNAMA
3610 304 3687 360 εδ

391 459 543 521 tiam,
569 452 750 523 inquit
773 450 884 514 ille,
910 457 1023 503 tum
1050 457 1265 517 prapter
1287 448 1640 517 quorumdam
1674 445 1979 507 audaciam,
2012 451 2056 503 Α
2089 443 2144 495 lu
2173 439 2506 495 Ecclesiaste
2531 434 2767 506 plurima
2798 446 2926 490 cum
2955 427 3236 488 asteriscis
3262 427 3473 499 adjecta
3504 424 3688 490 fuere,

387 560 706 614 pravumque
776 539 1068 611 Scriptura:
1113 539 1586 600 emendationem;
1649 548 1758 590 tum
1824 536 1984 589 etiam

386 648 604 710 propter
626 654 712 690 eos
738 637 852 706 qui,
889 634 1018 688 dum
1050 634 1392 703 corrigerent,
1427 632 1670 702 qmrdam
1707 646 1802 700 pro
1838 629 1984 682 arbi-

390 735 496 787 trio
528 731 850 785 addiderunt
881 727 958 781 vel
987 727 1358 790 detraxerunt,
1394 724 1581 778 multis
1622 723 1674 776 in
1711 724 1850 777 locis
1903 723 1985 775 vi-

388 828 517 879 :inta
548 831 724 877 erant.
777 820 1016 890 ldipsum
1071 834 1180 873 non
1244 818 1412 873 semet
1453 816 1779 871 testiﬁcatur
1819 814 1982 868 etiam

390 917 781 987 Hieronymus,
808 915 901 984 qui
957 913 1163 981 adjicit,
1212 922 1408 982 pr:etcr
1441 924 1606 975 supra
1649 916 1985 962 memoratas

387 1009 784 1074 mutationum,
833 1006 1178 1060 additionum
1232 1003 1710 1070 omissinnumque
1759 1013 1981 1064 causas,

384 1103 555 1156 aliain
582 1116 612 1154 a
652 1099 924 1170 principio
953 1096 1288 1167 deprehendi
1327 1114 1340 1149 :
1394 1094 1524 1163 quia
1552 1093 1801 1146 videlicet
1841 1088 1983 1144 LXX

387 1192 743 1261 interpretes,
781 1191 895 1245 sive
929 1189 966 1242 ii
1014 1190 1106 1258 qui
1145 1188 1438 1257 prophetas
1491 1185 1746 1256 primitus
1795 1182 1985 1238 Graece

385 1283 746 1350 transtulere,
780 1283 950 1337 multa
976 1282 1028 1334 in
1065 1279 1653 1358 llehraicqexpressa,
1682 1278 1736 1330 in
1769 1289 1866 1329 sua
1897 1274 1984 1328 in«

392 1376 784 1445 terpretationo
817 1374 1071 1428 consulto
1098 1371 1586 1442 praetermiserunt,
1611 1368 1759 1438 quod
1794 1366 1976 1422 existi-

393 1472 607 1519 marent
639 1461 956 1517 Graecorum
989 1463 1332 1530 aliarumque
1384 1460 1649 1529 ἀμυήτων
1700 1457 1982 1511 nationum

392 1557 570 1611 oculis
596 1570 704 1610 non
739 1555 1058 1625 exponenda
1105 1569 1248 1608 esse.
1304 1550 1402 1606 llis
1423 1550 1683 1604 omnibus
1725 1558 1785 1602 ut
1813 1548 1986 1602 medi-

391 1664 517 1706 cam
555 1664 777 1702 manum
836 1650 1152 1701 admoveret
1181 1643 1464 1715 Origenes,
1493 1659 1558 1698 ex
1580 1642 1702 1696 aliis
1728 1641 1985 1696 editioni-

393 1741 502 1796 bus
526 1751 708 1795 errata
745 1755 863 1809 qua:
911 1739 962 1791 in
1025 1735 1165 1790 LXX
1230 1735 1593 1806 lnterpretum
1627 1733 1987 1788 translatione

2092 548 2326 602 quorum
2360 546 2488 600 pars
2533 542 2639 582 non
2674 523 2901 581 minima
2925 524 2980 579 in
3003 520 3336 578 editionibus
3362 518 3471 573 τῶν
3498 518 3554 572 O'
3581 517 3692 572 bo-

2091 624 2301 678 dicruis
2333 619 2620 684 remansit,
2657 628 2718 671 ut
2749 615 2892 670 intra
2919 613 3118 670 dicturi
3143 625 3357 668 sumus.
3395 607 3452 663 In
3484 606 3693 662 Cantio

2091 716 2195 780 cis,
2229 724 2288 769 ut
2317 713 2538 784 quidem
2563 709 2917 772 arbitramur,
2948 720 3059 761 non
3093 705 3265 758 multa
3295 712 3455 756 erant
3505 696 3691 753 obelis

2091 818 2146 862 et
2171 805 2452 862 asteriscis
2482 813 2688 858 notata.
2723 800 2780 855 ln
2809 799 3009 855 Hesaia
3050 797 3182 867 quid
3230 792 3496 861 Origenes
3527 788 3693 844 addi-

2091 895 2234 951 derit
2259 910 2383 949 cum
2409 893 2709 957 asteriscis,
2735 890 2867 960 quid
2913 886 3243 942 demendum
3290 878 3696 952 signiﬁcaverit

2092 1003 2220 1044 cum
2255 997 2383 1042 nota
2416 987 2583 1048 obeli,
2615 984 2850 1054 quisque
2899 981 3084 1034 videre
3110 983 3292 1046 potest
3337 974 3393 1026 in
3441 971 3691 1026 editione

2091 1080 2346 1151 ProcOpii
2390 1081 2444 1134 in
2473 1079 2755 1141 Ilesaiam,
2783 1091 2814 1129 a
2842 1072 3056 1128 Joanne
3101 1066 3355 1123 Curterio
3385 1063 3654 1119 adornata
3673 1100 3691 1126 ,

2094 1175 2204 1239 ubi,
2239 1172 2454 1228 etiamsi
2484 1172 2622 1226 bene
2671 1170 2842 1224 multa
2894 1162 3273 1234 hujuscemodi
3303 1162 3691 1227 compareant,

2091 1279 2268 1334 pauca
2296 1273 2478 1317 tamen
2508 1258 2995 1317 existimabuntur,
3044 1252 3092 1308 si
3134 1259 3525 1319 comparentur
3552 1257 3690 1301 cum

2093 1355 2162 1411 iis
2189 1372 2311 1424 qua:
2359 1355 2414 1408 in
2442 1352 2677 1408 Jeremia
2718 1359 2773 1405 et
2823 1345 3107 1402 Ezechiele
3161 1340 3574 1397 occurrebant:
3629 1336 3692 1392 in

2091 1444 2326 1501 Jeremia
2357 1448 2554 1516 quippe
2581 1444 2753 1499 multa
2781 1456 2808 1495 a
2845 1436 2988 1493 LXX
3033 1433 3430 1503 lnterpretibus
3454 1429 3689 1489 omissa,

2092 1553 2218 1594 cum
2245 1539 2522 1594 asteriscis
2547 1553 2613 1591 es
2643 1531 3022 1589 Theodotione
3067 1527 3250 1582 addita
3290 1525 3484 1580 fuere:
3514 1521 3697 1594 pluri—

2093 1647 2293 1702 maque
2318 1631 2543 1701 insuper
2570 1645 2601 1684 a
2630 1627 2809 1698 capite
2839 1640 2966 1689 xxv,
2991 1635 3166 1692 usque
3195 1619 3264 1674 ad
3297 1619 3482 1682 linem,
3501 1627 3693 1672 trans-

2094 1725 2271 1794 posita
2323 1732 2377 1777 et
2413 1721 2664 1786 contusa,
2723 1717 2908 1772 nativo
2960 1713 3141 1769 ordini
3209 1711 3460 1766 restituta
3502 1718 3633 1763 sunt
3667 1727 3686 1763 :

396 1832 782 1894 occurrebant,
814 1830 1148 1889 emetidavit,
1177 1829 1382 1884 omissa
1418 1827 1638 1898 adjecit,
1678 1825 1990 1879 redundan-
2021 1817 2063 1871 Β
2096 1817 2151 1869 in
2182 1813 2466 1868 Ezechiele
2519 1813 2807 1866 initumera
2860 1825 2890 1863 a
2948 1805 3269 1862 Senioribus
3293 1803 3428 1898 _illis
3458 1811 3691 1872 praeter-

392 1926 469 1978 tia
494 1920 831 1992 amputavit;
862 1935 926 1974 ca
961 1929 1141 1972 tamen
1173 1919 1386 1973 cautela
1426 1929 1590 1987 atque
1623 1915 1883 1986 scrupulo
1908 1925 1986 1981 ut,

394 2015 583 2069 relicta
635 2013 805 2084 priori
865 2012 1123 2073 lectione,
1155 2026 1279 2080 qute
1313 2010 1562 2064 addenda
1603 2009 1681 2063 vel
1729 2008 1989 2062 mutanda

395 2110 553 2157 erant
588 2099 867 2154 asteriscis
905 2107 1152 2164 notaret;
1187 2116 1308 2170 qua!
1331 2098 1684 2168 amputanda,
1725 2097 1917 2152 obelis.

466 2191 577 2246 Nec
605 2190 675 2246 ab
701 2205 760 2245 re
788 2190 892 2245 erit
925 2190 1013 2243 hic
1061 2205 1258 2246 omnes
1315 2189 1615 2261 Scriptura:
1669 2189 1838 2247 libros
1868 2207 1992 2260 per-

397 2297 642 2348 currere,
671 2282 890 2353 utquid
921 2283 978 2338 in
1026 2285 1258 2353 singulis
1289 2284 1359 2338 ab
1408 2281 1644 2355 Origene
1687 2285 1990 2353 prmstitum

399 2370 568 2427 fuerit
595 2391 707 2428 uno
765 2375 965 2431 intuitu
997 2375 1174 2445 possit
1230 2377 1512 2429 studiosus
1548 2375 1717 2430 lector
1759 2376 1990 2443 carptim

397 2465 714 2521 observare.
747 2465 802 2519 In
830 2466 1051 2532 Getiesi,
1084 2477 1141 2521 ut
1195 2483 1262 2521 ex
1293 2468 1361 2521 iis
1386 2484 1507 2536 qua:
1556 2478 1851 2537 supersunt
1883 2465 1992 2521 fra-

403 2555 637 2623 gmentis
664 2554 981 2610 existimare
1011 2557 1156 2622 licet,
1202 2573 1308 2609 non
1347 2567 1428 2612 tot
1483 2558 1809 2613 mutationes
1837 2556 1994 2612 faetze

403 2655 533 2699 sunt
564 2653 698 2715 quot
729 2646 781 2699 in
807 2646 932 2703 aliis
953 2651 1089 2703 bene
1121 2650 1308 2703 multis
1351 2650 1646 2719 Scriptura:
1687 2649 1860 2714 libris,
1899 2665 1993 2704 ne-

401 2751 510 2805 que
545 2743 750 2788 tantam
778 2739 1171 2793 astet-iscorum
1201 2740 1414 2794 turbam
1446 2740 1696 2794 adhibuit
1727 2739 1992 2810 Origenes

397 2837 659 2895 quamam
689 2828 742 2879 ill
777 2832 1158 2902 St'queutibus.
1189 2830 1246 2885 In
1283 2831 1472 2886 Exodo
1505 2833 1665 2902 longe
1700 2833 1854 2900 plura
1889 2831 1991 2885 ad-

399 2917 539 2980 όίιιίῐ
564 2931 620 2978 et
641 2923 906 2978 mutavit:
935 2939 1061 2978 nam
1089 2933 1449 2994 pra‘terquam
1474 2926 1621 2994 quod
1645 2939 1764 2994 cap.
1796 2937 1991 2988 xxvnt,

404 3030 500 3070 sex
533 3013 780 3084 integros
815 3029 1028 3080 versus,
1064 3016 1116 3067 in
1145 3013 1284 3067 LXX
1319 3030 1426 3069 non
1476 3027 1732 3071 accurate
1758 3017 1988 3087 positos,

2096 1908 2264 1961 missa
2305 1921 2428 1959 cum
2489 1903 2767 1959 asteriscis
2823 1901 3004 1956 addita
3065 1899 3237 1953 fuere.
3287 1895 3346 1951 Si
3382 1896 3507 1965 quis
3552 1909 3689 1949 vero

2096 1998 2325 2052 formam
2355 1997 2520 2051 trium
2576 1995 2991 2066 prophetarum,
3048 1989 3283 2051 Hesaite,
3335 1987 3582 2042 Jeremite
3627 1993 3695 2042 et

2097 2089 2401 2146 Ezechielis
2425 2088 2729 2144 secundum
2758 2084 3055 2142 editionem
3096 2082 3208 2136 τῶν
3236 2087 3291 2135 U'
3327 2079 3685 2150 besaplarem

2094 2183 2416 2252 conspicere
2435 2179 2691 2245 voluerit,
2747 2178 2906 2234 adeat
2945 2174 3382 2232 vetustissimum
3439 2172 3686 2228 codicem

2093 2275 2514 2345 Prophetarum,
2545 2271 2640 2328 ubi
2679 2271 2771 2327 illa
2820 2269 2929 2324 τῶν
2962 2270 3016 2323 0’
3039 2266 3210 2323 editio
3254 2265 3563 2337 hexaplaris
3601 2278 3691 2319 re-

2094 2375 2478 2440 przcscntatur.
2517 2365 2576 2419 In
2605 2364 2843 2420 editione
2869 2360 2978 2416 τῶν
3011 2359 3070 2415 0'
3117 2356 3357 2414 Daniclis
3382 2357 3685 2427 propheta,

2094 2461 2342 2532 quietiam
2399 2457 2676 2514 addidisse
2727 2471 2852 2512 cum
2886 2453 3187 2516 asteriscis,
3240 2451 3488 2521 quaedam
3524 2448 3692 2504 obelo

2097 2563 2318 2608 notasse
2369 2549 2682 2620 Origenem,
2737 2548 2816 2602 ait
2869 2545 3256 2615 Hieronymus.
3289 2541 3393 2598 Sed
3439 2541 3591 2612 quia,
3623 2547 3691 2594 ut

2096 2647 2434 2702 arbitrantur
2452 2641 2676 2705 eruditi,
2701 2641 2756 2695 in
2787 2639 3026 2695 editione
3055 2637 3146 2692 illa
3189 2638 3397 2692 lacuum
3429 2635 3693 2704 frequen-

2095 2742 2265 2796 tiores
2294 2737 2552 2800 aderant,
2607 2749 2707 2804 pro
2760 2748 2826 2787 ea
2882 2730 3169 2786 substituit
3224 2727 3681 2792 'l‘heodotionem,

2096 2830 2189 2900 qui
2218 2828 2392 2894 solus,
2431 2835 2490 2880 ut
2522 2825 2848 2880 testiﬁcatur
2895 2820 3282 2891 Hieronymus,
3321 2820 3376 2873 in
3420 2815 3688 2872 Ecclesiis

2095 2930 2284 2991 postea
2313 2918 2612 2989 legebatur.
2662 2916 2721 2971 lu
2759 2915 3046 2970 duodecim
3079 2912 3359 2984 prophetis
3380 2910 3687 2966 minoribus

2095 3028 2270 3085 pauca
2304 3011 2585 3066 adnotavit
2605 3007 2888 3079 Origenes.

403 3119 530 3162 com
559 3107 838 3162 asteriscis
862 3105 1058 3173 adjecit
1081 3123 1096 3170 ;
1126 3106 1348 3176 insuper
1374 3122 1404 3160 a
1429 3109 1603 3177 capite
1629 3124 1790 3162 xxxvi
1829 3109 1894 3163 ad
1925 3109 1990 3162 ti-

2099 3127 2164 3182 ll.
2201 3128 2453 3208 Origenes
2471 3122 2908 3213 editionempréir
3039 3123 3531 3213 eme‘ndatamucum
3556 3129 3694 3175 aste-

409 3215 531 3251 neni
561 3213 736 3268 usque
769 3197 892 3252 libri
923 3199 1107 3251 munia
1148 3214 1268 3266 qua:
1319 3198 1371 3251 in
1411 3199 1770 3253 translatione
1795 3199 1904 3253 τῶν
1939 3202 1993 3252 O'

404 3303 504 3343 sus
530 3287 706 3356 deque
744 3301 898 3340 versa
943 3297 1118 3350 erant,
1160 3287 1359 3340 additis
1387 3289 1558 3341 obelis
1590 3299 1641 3340 et
1692 3290 1992 3354 asteriscis,

406 3396 510 3438 suo
558 3383 737 3436 ordini
789 3383 1049 3446 restituit,
1111 3393 1171 3435 ut
1230 3380 1408 3435 fusius
1453 3383 1504 3436 in
1551 3391 1678 3436 nota
1715 3384 1780 3437 ad
1833 3394 1999 3453 caput

407 3490 572 3529 xxxvi
606 3490 672 3528 ex
705 3475 931 3544 antiquo
962 3473 1249 3528 Basiliensi
1306 3477 1496 3528 codice
1527 3476 1836 3546 desumpta,
1869 3494 1995 3530 nar-

408 3573 582 3618 ratur.
612 3563 759 3619 Libri
794 3565 1042 3628 chitici,
1072 3564 1431 3620 Numerorum
1459 3582 1524 3621 ac
1565 3568 1993 3633 Deutcronomii,

411 3658 529 3727 pari
564 3673 703 3726 pene
730 3666 886 3711 erant
922 3667 1087 3727 atque
1110 3658 1338 3714 Genesis
1369 3661 1701 3715 conditione.
1738 3660 1794 3715 In
1825 3663 1995 3718 libros

409 3747 575 3805 Jusue
603 3757 657 3803 et
687 3746 941 3804 iudicum
972 3751 1270 3806 innumera:
1300 3769 1434 3821 pene
1465 3754 1534 3806 ah
1562 3751 1794 3822 Origene
1818 3763 1998 3809 muta-

412 3840 590 3893 tiones
616 3839 857 3894 advectae
891 3849 1020 3893 sunt
1053 3859 1065 3894 :
1100 3841 1171 3894 ibi
1200 3843 1402 3910 passim
1435 3843 1681 3897 asterisci
1705 3859 1805 3913 pro
1829 3845 1996 3899 omis-

411 3931 512 3992 sis,
542 3939 596 3984 et
644 3931 784 3984 obeli
837 3945 937 4002 pro
993 3931 1218 4000 adjectis
1257 3935 1707 3989 observabuntur.
1743 3937 1802 3990 In
1839 3937 1994 3992 libris

414 4019 622 4090 [legum
654 4021 1286 4093 instaurandisOrigenis
1322 4028 1494 4080 nostri
1523 4028 1809 4082 desudavit
1837 4028 1995 4083 indu—

413 4114 548 4168 stria
582 4131 595 4166 :
653 4113 706 4165 in
766 4113 851 4167 his
883 4117 1028 4168 enim
1064 4118 1233 4172 multa
1270 4118 1389 4172 loca
1429 4118 1812 4176 emendatione
1856 4138 1995 4192 opus

414 4207 723 4271 habebant;
779 4212 1015 4263 maxime
1076 4219 1256 4264 autem
1295 4211 1434 4264 libro
1481 4227 1567 4275 ιιι,
1627 4213 1719 4267 ubi
1752 4214 1997 4269 historia:

414 4311 525 4350 non
559 4313 745 4366 pauca:
769 4300 887 4353 suis
923 4299 1147 4354 sedibus
1183 4300 1371 4370 ejecta:
1417 4304 1718 4372 peregrinis
1751 4305 1805 4358 in
1859 4306 1994 4360 locis

413 4392 794 4445 versabantur.
843 4391 898 4444 In
948 4393 1102 4446 libris
1132 4392 1597 4462 Paralipomcndin
1627 4396 1756 4464 quid
1784 4397 1852 4450 ab
1873 4397 1998 4452 Ori-

415 4497 551 4551 gene
582 4483 882 4551 praestitum
925 4483 1090 4538 fuerit
1119 4501 1229 4539 non
1261 4485 1333 4539 ita
1386 4484 1545 4540 facile
1601 4496 1685 4542 est
1732 4487 1992 4555 indicare,
2027 4518 2071 4573 Β

414 4577 676 4644 quoniam
715 4577 768 4629 in
797 4579 898 4630 hac
926 4576 1226 4647 Scriptura:
1277 4587 1430 4648 parte
1458 4580 1788 4648 paucissima
1819 4579 1996 4636 llesa-

413 4668 629 4735 piorum
661 4678 958 4736 supersunt
985 4670 1312 4739 fragtnenta.
1334 4670 1391 4724 In
1409 4670 1548 4724 libro
1568 4670 1672 4726 Job
1701 4673 1995 4743 octingenti

415 4759 634 4810 circiter
675 4759 934 4814 versiculi
991 4763 1159 4816 variis
1220 4762 1274 4817 in
1333 4763 1468 4818 locis
1523 4763 1993 4830 desiderabantur,

417 4866 556 4920 quos
579 4866 645 4904 ex
682 4853 912 4907 aliorum
968 4855 1324 4924 interpretum
1374 4856 1847 4924 translationibus,
1875 4873 1995 4913 ma-

419 4946 562 4998 xime
588 4959 717 4999 vero
735 4961 801 5000 es
824 4945 1217 5002 Theodotionis
1243 4947 1505 5012 editione,
1551 4964 1676 5003 cum
1718 4949 1997 5026 asteriscis

414 5034 614 5102 adjecit
632 5034 914 5105 Origenes.
946 5033 1105 5089 Tanti
1158 5051 1290 5092 vero
1332 5036 1577 5092 defectus
1600 5053 1784 5104 causa,
1815 5041 1860 5094 si
1899 5055 1996 5093 au-

415 5125 602 5194 gurari
642 5124 822 5190 liceat,
855 5127 982 5179 hinc
1019 5127 1248 5196 petenda
1287 5136 1392 5193 est,
1421 5131 1568 5193 quod
1613 5140 1722 5185 tam
1774 5132 1995 5187 obscuri

418 5214 544 5267 Iibti
584 5215 827 5271 vertendi
857 5216 1169 5272 ditIicultate
1192 5221 1433 5275 deterriti
1467 5223 1804 5291 interpretes,
1827 5225 1995 5280 multa

420 5309 886 5378 prwwriitiserint.
919 5311 973 5364 In
999 5310 1233 5367 Psalmis
1254 5329 1402 5380 vero,
1428 5318 1520 5385 qui
1550 5319 1795 5374 omnium
1820 5320 1996 5374 mani-

421 5401 526 5453 bus
564 5401 894 5466 terebantur,
927 5403 1082 5472 longe
1121 5404 1380 5472 pauciora
1421 5423 1585 5476 quam
1619 5410 1672 5462 in
1728 5410 1866 5464 libro
1894 5410 1999 5467 Job

421 5491 602 5546 addita
625 5501 679 5545 et
721 5493 962 5547 detracta
1011 5503 1177 5548 sunt:
1235 5513 1342 5551 non
1379 5499 1488 5552 rari
1523 5511 1703 5554 tamen
1743 5502 1815 5556 ibi
1842 5509 1999 5558 erant

420 5581 561 5637 obeli
584 5593 637 5637 et
663 5585 927 5639 asterisci.
955 5585 1012 5639 In
1049 5585 1359 5643 Proverbiis
1387 5607 1494 5644 non
1544 5600 1689 5645 tanta
1719 5591 1890 5648 fuisse
1914 5593 1997 5646 νὶ-

421 5672 581 5726 detur
611 5676 1000 5729 asteriscorum
1029 5686 1082 5729 et
1107 5678 1387 5733 obolorum
1419 5682 1600 5747 turba,
1631 5681 1737 5737 nisi
1766 5682 1911 5736 circa
1935 5682 1998 5738 ιι.

423 5781 570 5833 nem,
615 5767 704 5823 ubi
746 5771 992 5838 quaedam
1044 5780 1372 5841 praepostere
1400 5776 1575 5844 posita
1616 5774 1992 5832 occurrebant.

2355 3199 2508 3252 riscis
2558 3206 2606 3250 et
2657 3195 2820 3248 obelis
2853 3196 2910 3247 in
2948 3193 3205 3262 Ilexoplis
3241 3195 3437 3262 posuit.

2175 3289 2332 3357 Quod
2360 3299 2541 3344 autem
2569 3288 2867 3342 editionem
2917 3284 3060 3340 LXX
3111 3286 3471 3354 lnterpretum
3512 3283 3685 3348 illam,

2103 3399 2225 3451 quae
2255 3383 2309 3436 in
2357 3380 2611 3451 Hexaplis
2671 3381 2846 3449 posita
2898 3389 3039 3444 erat,
3075 3379 3374 3442 asteriscis,
3421 3376 3514 3431 ubi
3550 3374 3687 3445 quid

2104 3455 2348 3528 additum
2407 3472 2608 3538 fuerat,
2666 3479 2722 3526 et
2777 3472 2949 3527 obelis
2983 3472 3068 3526 .ad
3122 3471 3394 3541 superﬂua
3444 3466 3684 3522 notanda

2102 3567 2414 3620 distinxerit
2440 3562 2722 3635 Origenes,
2753 3565 2903 3619 clare
2950 3565 3110 3619 docet
3154 3562 3543 3631 Hieronymus,
3568 3556 3687 3626 epi-

2103 3659 2243 3713 stola
2274 3659 2342 3712 ad
2371 3657 2598 3712 Suniam
2655 3670 2710 3712 et
2757 3657 3026 3713 Fretelam
3061 3675 3076 3712 :
3126 3652 3192 3710 In
3232 3671 3357 3726 quo,
3399 3652 3498 3711 ait.
3546 3649 3686 3705 illud

2104 3751 2329 3805 breuiter
2366 3751 2645 3814 admoneo,
2695 3761 2752 3803 ut
2793 3751 2978 3804 sciatis
3009 3750 3173 3804 aliam
3204 3765 3314 3804 esse
3373 3747 3683 3809 editionem,

2101 3864 2262 3917 quam
2289 3846 2540 3917 Origenes
2583 3855 2632 3898 et
2675 3843 3022 3898 Cwsuriensis
3067 3839 3349 3904 Eusebius,
3407 3851 3686 3906 omnesque

2074 3938 2325 4017 ,σπυρίσι
2355 3947 2672 3992 tractator-es
2701 3935 2936 4002 κοινὴν,
2968 3934 3023 3986 id
3047 3946 3124 3986 est
3161 3946 3487 3986 communem
3527 3937 3685 3996 atque

2103 4033 2393 4101 vulgatam,
2424 4039 2473 4083 et
2507 4046 2539 4084 a
2569 4028 2830 4098 plerisque
2875 4042 3014 4079 nunc
3065 4020 3401 4088 Λουκιανὸς
3445 4021 3682 4082 dicitur;

2103 4123 2267 4177 aliain
2292 4120 2442 4177 LXX
2475 4121 2848 4190 Interpretum,
2877 4134 2993 4188 qua
3021 4127 3069 4170 ct
3100 4118 3153 4169 in
3200 4114 3514 4180 Ἐξαπλοῑς
3543 4113 3687 4169 codi-

2105 4216 2249 4268 cibus
2278 4215 2557 4283 reperitur,
2585 4221 2634 4266 et
2661 4229 2694 4265 ιι
2720 4211 2868 4266 nobis
2900 4212 2952 4264 in
2995 4208 3247 4262 Latinum
3297 4222 3587 4261 sermonem
3612 4206 3682 4274 ﬁ-

2102 4306 2292 4360 deliter
2317 4321 2466 4358 uersa
2493 4313 2592 4368 est,
2621 4314 2671 4356 et
2697 4300 3044 4370 Jerosolymte
3065 4311 3222 4370 atque
3242 4302 3295 4352 in
3329 4296 3561 4353 Orientis
3585 4296 3684 4351 Ec-

2103 4397 2280 4450 clesiis
2311 4397 2625 4450 demittatur
2666 4433 2680 4447 .
2725 4433 2741 4447 .
2787 4431 2802 4446 .
2828 4391 3011 4458 Κοινὴ
3052 4401 3228 4446 autem
3285 4391 3426 4451 ista,
3474 4389 3568 4444 hoc
3601 4396 3683 4442 est

2103 4489 2398 4542 communis
2427 4488 2617 4551 editio,
2649 4487 2768 4555 ipsa
2792 4496 2868 4538 est
2903 4499 3020 4552 qum
3048 4493 3098 4536 et
3126 4481 3296 4537 LXX.
3325 4481 3428 4537 Sed
3462 4482 3558 4536 Iioc
3604 4483 3685 4535 in-

2101 4590 2264 4635 terest
2283 4582 2423 4635 inter
2452 4589 2754 4645 utramque,
2785 4578 2923 4647 quod
2952 4575 3125 4644 κοινὴ
3177 4592 3271 4646 pro
3311 4574 3442 4629 locis
3471 4586 3521 4629 et
3555 4583 3683 4628 tent-

2098 4673 2337 4743 poribus,
2368 4681 2417 4726 et
2447 4686 2542 4742 pro
2577 4670 2845 4724 uoluntate
2868 4669 3208 4736 scriptorum,
3258 4676 3402 4720 vetus
3432 4679 3682 4735 corrupto

2097 4765 2259 4817 editio
2282 4771 2392 4826 est;
2426 4777 2488 4815 ea
2530 4770 2705 4814 autem
2752 4774 2870 4828 qua:
2895 4756 3120 4810 habetur
3160 4760 3214 4811 in
3261 4754 3598 4822 'EEaxJoTc,
3627 4763 3680 4809 et

2097 4871 2259 4926 quam
2284 4870 2379 4908 nos
2418 4852 2691 4918 vertimus,
2715 4851 2830 4919 ipsa
2856 4858 2934 4904 est
2959 4862 3077 4913 quin
3099 4849 3152 4902 in
3173 4850 3502 4903 eruditorum
3524 4849 3679 4902 libris

2097 4949 2407 5014 incorrupta
2455 4952 2507 4998 et
2546 4942 2893 4998 immaculato
2937 4940 3091 4996 LXX
3125 4939 3477 5011 Interpretum
3507 4951 3683 4996 trans-

2098 5038 2232 5092 latio
2273 5047 2594 5092 reservatur.
2652 5035 2925 5105 Quidquid
2965 5051 3089 5104 ergo
3141 5037 3206 5090 ab
3243 5036 3343 5088 hoe
3386 5035 3675 5104 discrepat,

2099 5129 2235 5183 nulli
2261 5129 2480 5182 dubium
2498 5138 2574 5181 est
2605 5129 2733 5198 quin
2774 5129 2852 5181 ita
2881 5138 2929 5182 et
2962 5129 3028 5180 ab
3064 5127 3407 5182 Hebrteorum
3451 5129 3682 5182 auctori-

2100 5234 2210 5278 tate
2236 5222 2519 5276 discordet.
2555 5220 2726 5291 lgitur
2761 5221 2928 5277 editio
2954 5220 3095 5274 LXX
3125 5220 3484 5291 lnterpretum
3512 5222 3678 5276 hexa-

2097 5315 2268 5386 plaris
2298 5315 2388 5368 illa
2429 5322 2549 5368 erat
2597 5329 2722 5382 qua:
2763 5313 2835 5367 ab
2860 5310 3094 5384 Origene
3141 5314 3209 5368 ad
3251 5314 3530 5384 exemplar
3580 5313 3676 5367 lle-

2101 5407 2345 5461 braicum
2375 5405 2893 5470 cmendata'fuerat,
2921 5418 2973 5461 ct
3011 5423 3145 5477 pura
3188 5418 3350 5477 atque
3409 5409 3676 5463 immacu-

2097 5499 2229 5562 lata,
2263 5498 2334 5552 ab
2361 5495 2710 5552 Hebraeorum
2745 5500 3073 5553 auctoritate
3117 5516 3226 5555 non
3277 5501 3622 5556 discordabat
3657 5520 3671 5554 :

2101 5592 2300 5661 illaque
2345 5590 2624 5644 asteriscis
2660 5599 2713 5645 et
2743 5593 2916 5647 obelis
2948 5593 3203 5650 distincta
3261 5606 3376 5650 erat
3420 5614 3434 5650 :
3475 5611 3668 5667 quam-

2101 5682 2286 5738 obrem
2313 5682 2365 5735 in
2393 5682 2458 5734 iis
2490 5680 2787 5750 Scriptum
2815 5685 3080 5750 partibus,
3130 5687 3197 5739 ab
3233 5685 3560 5757 Hieronymo
3599 5688 3666 5739 ad

2102 5777 2261 5831 tidem
2295 5776 2550 5833 editionis
2578 5775 2725 5830 illius
2782 5775 3090 5846 hexaplaris
3135 5778 3324 5835 Latino
3367 5781 3665 5846 conversis,
