4064 6262
279 416 345 472 ιο
1536 422 1602 476 ΙΝ
1646 421 1851 479 HEXA]

1956 429 1973 473 t
2006 419 2354 479 OlllGENlS.
3499 432 3529 486 7

270 547 386 600 qua
409 531 695 601 hodieque
724 545 1049 605 supersunt,
1092 537 1145 591 ln
1199 536 1300 592 Job
1334 535 1586 591 videlicet
1622 548 1790 606 atque
1823 535 1877 589 in
1909 540 1955 594 Α
1984 535 2219 606 Aquila;
2254 538 2553 602 interdum,
2582 540 2673 594 sed
2713 540 2911 607 rarius,
2943 555 3007 597 ex
3039 542 3401 614 Symmacho;
3431 560 3568 599 non-

270 624 519 690 Psalmis,
547 627 808 682 asterisci
831 637 884 683 et
916 629 1057 684 oheli
1091 630 1529 698 conspiciuntur,
1550 639 1611 683 ut
1636 629 1871 699 quisque

264 717 445 772 videre
495 728 686 787 potest
741 720 797 773 in
834 720 1073 775 editione
1107 718 1265 775 Joan.
1319 721 1622 775 Martianzei
1671 720 1866 775 nostri.

264 805 379 862 Huc
432 811 659 865 accedit
715 821 846 866 nota
889 812 1097 868 codicis
1146 810 1465 867 Basiliensis
1513 811 1697 866 smculi
1731 828 1785 875 ς,
1813 811 1868 865 in

264 901 421 969 cujus
451 904 811 971 marginibus
865 902 1235 974 llexaplorum
1292 905 1555 959 lectiones
1608 920 1673 958 ac
1724 911 1868 958 nota:

264 992 435 1061 prima
489 1009 671 1049 manu
730 996 1019 1065 descripta:
1068 995 1241 1051 fuere.
1302 995 1395 1050 Sic
1456 1005 1637 1051 autem
1705 996 1869 1049 liabet

262 1079 427 1138 Exodi
455 1099 585 1153 cap.
622 1101 788 1140 xxxvi
818 1104 831 1139 :
872 1086 1140 1141 Ἐνταῦθά
1181 1104 1263 1142 σοι
1290 1088 1570 1158 γενομένῳ
1602 1085 1865 1157 πάρεστιν

259 1179 387 1250 ὀρᾷν
418 1176 634 1251 πολλὴν
659 1177 759 1251 τὴν
785 1179 1085 1249 διαφωνίαν
1110 1181 1212 1250 τῆς
1239 1197 1297 1233 τε
1348 1179 1741 1251 προκειμένης,
1771 1178 1865 1232 καὶ

258 1269 351 1341 τῆς
380 1272 439 1323 ὲν
477 1271 781 1336 Ἐξαπλοίς
831 1271 1247 1344 ἀναςερομένης
1293 1275 1373 1336 εἰς
1417 1273 1545 1337 τοὺς
1574 1277 1649 1327 0"
1678 1274 1774 1327 καὶ
1799 1274 1861 1327 οὐ

256 1359 411 1415 τοῦτο
439 1380 597 1433 φημι
624 1365 703 1427 ὡς
739 1366 852 1426 τοῖς
891 1362 1412 1435 κατηστερισμένοις
1439 1365 1643 1435 ταύτης
1675 1367 1862 1437 ἐκείνη

256 1450 523 1525 διαφέρει·
554 1454 835 1526 πολλαχοῦ
864 1456 975 1527 γὰρ
994 1455 1201 1527 ταύτης
1228 1457 1438 1523 τούτοις
1466 1457 1856 1528 παραλλάσσει·

255 1547 367 1601 ἀλλ’
384 1548 464 1601 ὅτι
494 1551 599 1603 καὶ
628 1550 684 1601 ἐν
704 1548 915 1611 τούτοις
940 1548 1143 1620 μᾶλλον
1162 1548 1192 1620 ῆ
1214 1548 1355 1604 κατὰ
1380 1548 1441 1603 τὸ
1467 1549 1594 1605 ἄλλο
1606 1549 1704 1621 τῆς
1719 1550 1860 1622 Γρα-

255 1641 359 1711 φῆς
373 1639 579 1709 ἔδαφος
604 1640 837 1695 ἐνταῦθα
870 1638 1284 1706 πλεονάζει,καὶ
1312 1642 1347 1694 ἂ
1373 1642 1447 1713 μὴ
1466 1643 1515 1693 οἱ
1542 1641 1857 1714 ἀστερίσκοι

255 1730 471 1802 δηλοῦσι
507 1732 765 1803 παριδεῖν
788 1734 913 1797 τοὺς
939 1737 1016 1798 0',
1064 1734 1167 1787 κᾶν
1215 1732 1426 1797 τούτοις
1455 1733 1608 1788 οὐδὲν
1635 1735 1854 1789 ἔλαττον

256 1823 318 1878 τὸ
347 1826 449 1898 τῆς
481 1826 854 1898 παραλλαγῆς
890 1822 1031 1889 εἶδος
1085 1824 1403 1880 οἰκειοῦται.
1457 1824 1513 1879 id
1560 1836 1645 1881 est
1676 1844 1689 1880 :
1717 1825 1851 1881 Cum

1979 644 2259 700 nunquam
2294 645 2359 683 ex
2403 629 2617 685 duobus
2648 631 2728 685 vel
2776 648 2838 685 ex
2894 632 3067 687 tribus
3103 634 3286 687 simul.
3319 632 3566 703 l-ernepli

1975 734 2142 775 causa
2177 738 2192 775 :
2232 719 2335 775 Job
2376 738 2547 789 xuii,
2596 721 2686 788 l2,
2722 725 2790 793 Ἃ(
2828 722 2889 777 Θ.
2922 724 3017 777 καὶ
3052 722 3214 795 μέχρι
3258 723 3412 791 ὑμῶν
3448 742 3565 780 συν·

1975 812 2124 883 ήσω·
2180 814 2275 867 καὶ
2336 814 2446 868 ἰδοὺ
2484 815 2584 869 οὐκ
2629 811 2698 888 ἦν
2746 816 2827 889 τῷ
2892 818 3014 871 Ἰὼϐ
3061 818 3340 890 ἐλέγχων,
3400 821 3564 874 ἀνῖαι

1975 905 2043 970 >κ
2080 904 2469 977 ποκρινὸμενος
2492 908 2712 979 ῥήματα
2754 909 2918 964 αὑτοῦ
2954 910 3013 977 ἐξ
3049 910 3221 982 ὑμῶν’
3256 912 3343 966 ἵνα
3381 912 3456 984 μὴ
3484 912 3565 966 εῑο·

1975 1010 2134 1063 πητεο
2162 994 2428 1068 Εὒρωμεν
2459 998 2650 1068 σοφίαν
2676 998 2771 1052 τοῦ
2817 998 2954 1053 Θεοῦ
2988 1001 3347 1073 προσθέμενοι
3380 1001 3404 1070 ζ
3466 1002 3562 1056 tibi

1972 1086 2403 1153 animadvertas,
2436 1105 2562 1145 cum
2599 1090 2802 1160 aliquid
2832 1093 2914 1146 vel
2963 1108 3029 1147 ex
3064 1093 3439 1149 Tbeodotione
3477 1094 3561 1149 rel

1971 1192 2035 1233 ex
2071 1179 2195 1235 aliis
2219 1180 2571 1250 adjiccrctur,
2603 1184 2649 1238 si
2687 1183 2740 1239 id
2777 1184 2956 1252 initio,
2982 1185 3099 1241 sire
3124 1185 3178 1241 in
3212 1187 3412 1251 medio,
3444 1185 3560 1241 sive

1970 1270 2024 1323 in
2051 1269 2157 1325 line
2187 1271 2342 1327 lineae
2363 1275 2591 1343 jaceret,
2624 1276 2906 1346 prmmisso
2939 1292 3152 1347 semper
3174 1278 3435 1333 asterisco
3457 1280 3558 1333 ad-

1967 1363 2143 1417 ditum
2177 1364 2369 1431 fuisse,
2403 1367 2667 1437 appositis
2716 1378 2840 1439 post
2875 1368 3305 1424 additamentum
3337 1371 3558 1426 duulms

1965 1457 2204 1529 punctis.
2233 1458 2293 1513 Si
2322 1476 2450 1517 vero
2488 1461 2920 1518 additamentum
2973 1465 3104 1519 illud
3132 1466 3199 1520 ad
3252 1466 3437 1536 plures
3482 1465 3554 1522 Ιί-

1965 1566 2098 1605 neas
2130 1552 2532 1618 extraheretur,
2565 1554 2723 1610 initio
2744 1555 3039 1625 cujuslibet
3066 1556 3221 1612 lineae
3248 1559 3556 1615 asteriscus

1964 1642 2359 1712 appingebatur
2400 1644 2575 1699 donec
2631 1653 2806 1700 totum
2858 1646 3158 1710 desineret.
3202 1650 3386 1719 ibique
3436 1636 3551 1706 duo

1961 1742 2165 1802 puncta
2201 1735 2475 1789 crassiora
2502 1735 2571 1790 de
2610 1752 2765 1793 more
2799 1738 3142 1809 ponebantur
3170 1758 3185 1794 τ
3215 1755 3339 1811 quas
3368 1750 3549 1797 tamen

1961 1824 2289 1895 plerumque
2322 1828 2675 1898 negliguntur
2698 1831 2750 1884 in
2786 1832 3199 1903 manuscriptis,
3246 1835 3548 1905 pnrsertim

255 1914 353 1969 liae
397 1919 726 1980 adveneris,
790 1918 1015 1971 multam
1064 1916 1415 1979 deprehendes
1460 1918 1853 1972 dissonantium
1886 1901 1929 1957 Β
1965 1919 2189 1988 quando
2214 1920 2583 1975 additamenta
2641 1922 2952 1993 bujusmodi
3006 1901 3345 1997 longiuscule
3378 1934 3547 1983 sunt:

255 2007 395 2063 inter
414 2007 564 2062 lianc
593 2009 930 2079 Scripturam
953 2018 1003 2062 et
1030 2026 1145 2063 eam
1168 2025 1286 2079 qua:
1326 2010 1383 2062 in
1411 2007 1672 2079 Hexaplis
1700 2010 1855 2065 habeo

255 2109 342 2153 tin-
366 2103 419 2156 in
448 2100 816 2173 Septuaginta
850 2101 1211 2173 Inter-prelum
1260 2104 1492 2157 versione
1521 2118 1540 2156 :
1586 2118 1749 2173 neque
1774 2119 1852 2157 so-

252 2193 358 2247 lum
385 2194 513 2248 diro
543 2194 719 2259 illaut,
745 2194 925 2264 quoad
964 2212 1027 2249 ea
1054 2211 1174 2266 qua:
1200 2196 1472 2249 asteriscis
1502 2205 1758 2248 notantur
1782 2194 1849 2248 ab

252 2286 348 2339 hc
375 2285 626 2353 diferre,
660 2286 920 2355 siquidem
944 2298 993 2341 et
1022 2288 1078 2340 in
1101 2288 1183 2341 his
1219 2286 1315 2341 illa
1337 2303 1477 2357 sirpe
1508 2288 1575 2341 ab
1600 2288 1703 2341 hac
1744 2287 1852 2341 dis-

251 2387 403 2431 cant
420 2392 441 2441 ;
473 2378 592 2432 imo
619 2394 739 2432 cera
767 2379 851 2431 Itis
888 2378 908 2447 (
930 2380 1238 2448 asteriscis)
1284 2377 1453 2431 multo
1482 2379 1653 2447 magis
1681 2375 1852 2430 abun-

251 2469 365 2534 dat,
394 2488 566 2543 quam
596 2472 740 2526 alius
771 2469 1065 2540 Scriptum
1106 2481 1281 2525 textus
1310 2487 1327 2532 :
1376 2470 1467 2525 sed
1499 2472 1662 2525 etiam
1691 2471 1747 2523 in
1779 2470 1847 2522 iis

250 2579 362 2633 qua
383 2565 635 2619 asterisci
659 2581 764 2617 non
790 2573 976 2618 notant
1000 2582 1031 2618 a
1059 2562 1209 2618 LXX
1239 2561 1622 2632 Interpretibus
1649 2561 1848 2615 omissa

253 2654 437 2724 fuisse,
470 2672 584 2710 non
616 2658 792 2710 minor
834 2655 1136 2725 ili/ferentia
1164 2656 1593 2720 deprehenditur.
1629 2653 1755 2708 llzec
1778 2653 1847 2708 ad

250 2749 477 2802 verbum
513 2747 810 2802 retulimus
864 2757 1054 2802 contra
1113 2747 1379 2815 quosdam
1439 2759 1697 2815 nuperos,
1749 2744 1845 2812 qui

250 2840 576 2895 existimant
610 2850 771 2894 notas
818 2840 941 2894 illas
1001 2838 1286 2894 obclorum
1345 2844 1402 2892 et
1452 2838 1843 2892 asteriscorum

249 2948 354 2986 non
382 2933 437 2986 in
480 2932 729 2987 editione
757 2931 867 2984 τῶν
898 2936 956 2984 υ
1001 2930 1279 3000 liexaplari
1317 2931 1524 3000 positas
1559 2926 1729 2982 fuisse
1774 2928 1845 2984 ab

248 3022 505 3096 Origene,
552 3024 647 3080 sed
684 3025 738 3078 in
774 3024 881 3079 alia
917 3024 1148 3080 seorsim
1203 3025 1489 3079 adornata.
1523 3021 1726 3077 Verum
1755 3021 1843 3077 bis

250 3123 356 3169 tam
383 3117 598 3184 apertis
627 3115 958 3170 testimoniis
1003 3130 1193 3168 eorum
1224 3115 1317 3185 qui
1371 3112 1612 3184 lleitapla
1647 3122 1846 3168 tracta-

249 3217 457 3267 verant.
490 3206 760 3279 rclragari
792 3224 899 3262 non
940 3207 1098 3272 licet;
1144 3208 1346 3277 quibus
1394 3207 1460 3260 ad
1495 3206 1755 3277 majorem
1781 3204 1839 3260 ﬁ-

248 3299 366 3353 dem
399 3301 553 3356 aliud
575 3301 869 3370 adjicimus
895 3315 961 3354 ex
995 3301 1142 3354 notis
1170 3300 1235 3352 ad
1263 3309 1430 3367 caput
1466 3314 1554 3352 xiv
1587 3298 1709 3352 libri
1734 3307 1841 3351 ter-

250 3391 306 3444 tii
333 3390 569 3461 Regum,
601 3392 696 3445 ubi
727 3392 810 3446 sic
836 3390 1035 3461 legitur
1068 3409 1081 3444 :
1118 3388 1275 3444 Μετὰ
1299 3388 1459 3443 τοῦτο
1484 3392 1540 3441 ὲν
1570 3389 1647 3460 τῷ
1689 3389 1841 3455 Ἑξα-
1872 3378 1877 3383 ’

250 3479 363 3551 πλῷ
425 3484 609 3535 κεῖται
663 3482 733 3537 τὰ
788 3483 930 3535 κατὰ
970 3481 1068 3551 τὴν
1102 3481 1259 3534 νόσον
1308 3483 1402 3534 καὶ
1438 3478 1535 3551 τὴν
1585 3479 1841 3551 τελευτὴν

264 3571 435 3635 ’Δὸιὰ,
452 3572 555 3625 τοῦ
582 3571 703 3625 υἱοῦ
744 3572 1050 3645 Ίεροϐοὰμ,
1085 3572 1223 3643 μετὰ
1248 3571 1611 3642 ἀστερίσκων.
1638 3568 1695 3623 ld
1716 3581 1796 3624 est
1820 3588 1837 3625 :

252 3659 441 3718 Postea
469 3666 530 3717 in
561 3663 821 3733 lluaplis
847 3665 1030 3732 jaceat
1056 3679 1141 3729 ea,
1175 3677 1294 3734 que
1320 3672 1553 3727 spectant
1591 3664 1661 3716 ad
1688 3664 1843 3733 (egri-

253 3756 487 3809 tudinem
511 3765 558 3808 et
594 3767 817 3809 mortem
846 3756 1015 3817 Abiit,
1064 3752 1167 3824 ﬁlii
1198 3752 1505 3817 Jeroboam,
1547 3771 1667 3807 cum
1698 3764 1839 3809 aste-

252 3846 417 3899 riscis.
458 3845 605 3911 Quid
638 3846 877 3901 clarius?
907 3844 1032 3901 llaec
1058 3861 1188 3901 vero
1220 3855 1348 3900 nota
1379 3846 1564 3914 prodit
1590 3862 1655 3899 ex
1686 3848 1837 3900 auti-

1868 3262 2249 3365 C'Guvdpzwv.
2320 3292 2402 3351 Ει
2467 3262 2687 3365 Aquila,

1957 2030 2067 2085 qua
2102 2015 2157 2070 in
2186 2033 2244 2071 rc
2270 2018 2521 2073 codicum
2557 2033 2764 2073 morem
2812 2017 3067 2085 religiose
3106 2020 3279 2075 secuti
3329 2035 3543 2077 sumus.

1958 2106 2018 2160 ln
2042 2107 2110 2161 iis
2132 2122 2254 2175 quae
2280 2123 2345 2162 ex
2375 2106 2749 2163 Theodotione
2784 2117 3037 2178 excerpta
3068 2118 3246 2173 crant,
3288 2106 3548 2180 frequen-

1962 2206 2044 2252 ter
2090 2199 2162 2254 ab
2203 2200 2284 2255 eis
2337 2200 2578 2256 librariis
2626 2202 2721 2270 qui
2776 2198 3145 2269 Hexaplornm
3190 2201 3455 2258 lectiones
3483 2204 3540 2258 iu

1959 2290 2298 2359 marginibus
2361 2289 2659 2347 Bibliorum
2692 2290 3097 2360 describebant,
3137 2293 3219 2349 sic
3265 2294 3334 2366 Χ
3364 2291 3442 2351 0’.
3474 2293 3541 2350 Θ.

1956 2381 2041 2435 vel
2098 2383 2165 2449 Et»:
2192 2381 2256 2436 Θ.
2286 2388 2364 2435 U'.
2398 2383 2755 2453 ponebatur:
2807 2381 2862 2437 id
2915 2396 3047 2437 vero
3095 2382 3439 2454 signiﬁcabat
3484 2386 3541 2442 in

1953 2474 2070 2535 τοῖς
2096 2477 2151 2526 0'
2177 2474 2399 2543 reperiri
2426 2476 2492 2529 ex
2520 2473 2896 2529 Tlicodotione
2923 2474 3296 2545 desumptum.
3330 2474 3422 2531 Sic
3441 2472 3547 2530 Joh

1954 2579 2145 2627 xxxiv,
2167 2565 2260 2630 25,
2294 2569 2361 2633 )t(
2407 2564 2470 2619 Θ.
2506 2566 2586 2622 0'.
2621 2563 2910 2638 γνωρίζων
2956 2565 3136 2621 αὐτῶν
3162 2566 3231 2620 τὰ
3256 2565 3539 2639 immoto.

1956 2654 2219 2711 Similiter
2244 2672 2309 2712 cx
2367 2658 2559 2727 Aquila
2612 2658 2934 2713 sumebatur
2961 2658 3159 2715 lectio:
3201 2660 3281 2713 sic
3335 2655 3535 2714 Jercm.

1952 2760 2091 2809 uti,
2120 2747 2212 2811 24,
2275 2750 2342 2815 Χ
2399 2751 2464 2800 Δ.
2502 2749 2586 2802 ὅτι
2620 2747 2644 2816 ζ
2684 2747 2998 2819 Aliquando
3049 2763 3117 2803 ex
3181 2746 3539 2821 Symmacho,

1950 2834 2055 2891 Job
2078 2853 2250 2901 χχιιι,
2285 2837 2371 2901 l8,
2401 2839 2471 2907 χ
2496 2837 2554 2891 Σ.
2613 2839 2652 2893 ἃ
2684 2841 3024 2912 συνετὴρησε
3068 2829 3093 2906 ξ
3141 2836 3218 2893 Ex
3260 2839 3455 2908 Aquila
3482 2848 3544 2896 et

1954 2924 2284 2997 Symmacho
2312 2944 2327 2982 :
2356 2925 2469 2981 Jer.
2503 2944 2584 2991 ιιι,
2616 2926 2672 2993 7,
2715 2932 2785 2997 Χ
2817 2929 2881 2981 Δ.
2924 2927 2982 2981 Σ.
3015 2928 3047 2998 ἡ
3074 2925 3275 2998 ἀδελφὴ
3304 2927 3474 3000 αὐτῆς
3509 2926 3534 2996 ζ

1951 3015 2031 3073 Ex
2063 3018 2257 3090 Aquila
2292 3028 2347 3074 ct
2374 3018 2417 3072 Τ
2424 3022 2749 3077 beodotione
2784 3021 3221 3093 frequentissime
3250 3038 3264 3075 :
3293 3018 3339 3075 ιι
3360 3037 3408 3077 r.
3455 3035 3535 3087 xi,

1951 3111 2041 3175 l5,
2075 3116 2143 3180 χ(
2177 3114 2242 3167 Α.
2271 3112 2335 3166 Θ.
2366 3117 2435 3185 τῇ
2463 3113 2694 3185 αἰσχύνῃ
2741 3113 2764 3181 ζ
2799 3112 2871 3166 Ex
2919 3112 3247 3185 Symmacho
3276 3123 3333 3167 et
3354 3109 3540 3167 Tbco-

1949 3200 2169 3256 dotione
2204 3203 2383 3258 rarius
2416 3224 2430 3258 ;
2464 3202 2576 3258 Jcr.
2616 3219 2691 3269 xi,
2743 3204 2846 3266 22,
2876 3208 2943 3273 »ζ
2986 3203 3046 3257 Σ.
3087 3201 3149 3256 Θ.
3183 3202 3383 3276 κύριος
3425 3199 3538 3258 τῶν

2765 3294 3115 3367 Symmacho,
3164 3306 3220 3350 et
3281 3294 3536 3351 Theodo-

1943 3385 2092 3438 tione.
2122 3386 2426 3456 saepissime
2460 3405 2473 3441 :
2520 3385 2634 3442 Jer.
2694 3402 2773 3452 xi,
2808 3387 2894 3449 l3,
2924 3391 2995 3454 ες(
3052 3388 3118 3441 Α.
3153 3387 3212 3441 Σ.
3242 3384 3307 3441 Θ.
3338 3386 3531 3443 θυσια-

1944 3478 2160 3549 στήρια.
2221 3479 2559 3549 Frequenter
2615 3481 2783 3535 etiam
2840 3480 2931 3535 ubi
2986 3481 3148 3535 lectio
3193 3496 3258 3536 ex
3308 3478 3531 3551 Aquila,

1947 3569 2279 3641 Symmacho
2303 3581 2356 3625 et
2408 3571 2785 3627 Tbeodotione
2835 3571 3106 3641 prodibat,
3156 3580 3281 3641 post
3334 3573 3532 3627 asteri-

1938 3676 2092 3716 scum
2124 3665 2173 3716 ol.
2202 3663 2275 3730 I",
2316 3664 2367 3718 id
2403 3675 2486 3717 est
2539 3674 2644 3718 tres
2697 3666 3029 3733 interpretes,
3057 3666 3360 3736 ponebatur
3395 3685 3412 3721 ε
3445 3665 3531 3722 sic

1939 3752 2123 3811 Hesai.
2151 3772 2378 3820 χιιι-ιιι,
2417 3755 2472 3822 ’5,
2502 3758 2571 3824 Χ
2595 3756 2645 3809 οἱ
2672 3756 2730 3810 Γ.
2757 3756 2799 3809 Ω
2818 3756 2881 3827 δὴ
2905 3756 3061 3829 κύριε
3093 3759 3116 3828 ζ
3502 3820 3503 3823 η

2010 3845 2071 3899 lu
2106 3848 2496 3902 vetustissimis
2514 3848 2796 3903 codicibus
2820 3848 3181 3916 Coisliniano,
3202 3849 3529 3909 Claromon-

1936 3944 2105 3999 tano,
2156 3938 2269 3992 sive
2305 3936 2418 3991 RR.
2480 3938 2585 3993 Pl’.
2630 3937 2961 3993 Jesuitarum
3007 3941 3218 4012 collegii
3261 3941 3525 3999 Ludovici

1935 4026 2114 4099 Magni
2145 4030 2359 4093 etaliis,
2396 4040 2519 4100 post
2564 4033 2860 4088 asteriscos
2891 4034 3111 4088 nomina
3163 4034 3523 4105 interpretum

1935 4134 1965 4173 a
1996 4120 2189 4189 primis
2220 4121 2416 4176 litteris
2442 4121 2831 4177 describuntur
2873 4131 2932 4175 ut
2958 4136 3124 4190 supra
3146 4162 3162 4185 ,
3196 4124 3266 4177 ita
3321 4134 3380 4177 ut
3409 4123 3523 4179 fre-

1933 4209 2291 4279 quentissime
2320 4212 2618 4267 asteriscus
2648 4228 2846 4266 nomen
2880 4214 3173 4283 praecedat,
3210 4216 3390 4269 rarius
3420 4232 3523 4271 au-

281 4304 369 4361 lll.
403 4304 484 4360 De
504 4307 881 4360 asteriscorum
920 4317 968 4359 et
996 4305 1267 4359 obelorum
1299 4322 1399 4359 usu
1425 4306 1480 4358 in
1516 4304 1795 4375 Hexaplis.
1934 4309 2041 4353 lem
2073 4314 2269 4354 nomen
2321 4302 2669 4356 astet-iscum.
2734 4300 2928 4357 Utrum
2954 4318 3082 4357 vero
3119 4304 3234 4373 ipse
3255 4303 3521 4377 Odgenea

317 4398 627 4454 Asteriscos
655 4407 711 4453 et
738 4400 924 4453 obelos
949 4400 1001 4453 in
1027 4400 1263 4454 editione
1292 4396 1432 4451 LXX
1474 4398 1829 4466 lnterpretum
1934 4392 2155 4446 nomina
2206 4409 2331 4446 cum
2382 4394 2662 4449 asteriscis
2688 4394 2740 4447 in
2776 4405 2922 4449 textu
2961 4412 3076 4451 sua:
3116 4397 3371 4451 editionis
3415 4413 3518 4468 po-

251 4488 527 4561 liexaplari
555 4490 839 4559 usurpavit
862 4490 1148 4559 Origenes,
1185 4500 1245 4542 ut
1273 4487 1401 4559 quid
1428 4489 1499 4542 ibi
1522 4489 1828 4543 addendum
1932 4487 2141 4546 suerit;
2170 4501 2236 4537 an
2270 4485 2321 4538 id
2347 4488 2700 4557 subscquenti
2736 4502 2853 4542 asro
2906 4489 2977 4542 ab
3015 4490 3084 4543 iis
3118 4488 3213 4558 qui
3250 4473 3519 4559 llcxaplo-

252 4584 333 4637 vel
356 4582 688 4639 demendum
715 4592 862 4639 esset
885 4584 1149 4638 iudicaret
1181 4600 1194 4636 :
1222 4584 1366 4648 quod
1393 4592 1541 4637 tanta
1569 4582 1830 4651 religione
1861 4608 1907 4662 Β
1935 4592 2055 4630 rum
2089 4577 2349 4634 lectiones
2384 4580 2742 4649 collegerunt,
2774 4588 2828 4636 et
2857 4580 2910 4634 in
2957 4581 3149 4636 Bibliis
3192 4593 3517 4651 posuerunt,

250 4677 519 4746 prastitit,
553 4686 614 4731 ut
642 4676 789 4746 quod
814 4674 1087 4743 adjectum
1126 4686 1245 4730 erat
1293 4676 1516 4745 plmlixo
1542 4678 1826 4740 asterisco,
1930 4669 2133 4727 factum
2169 4671 2350 4735 fuerit,
2384 4689 2493 4727 non
2526 4674 2599 4727 ita
2630 4671 2788 4729 facile
2809 4684 2890 4729 est
2916 4675 3184 4731 divinare.
3221 4676 3383 4731 Certe
3415 4692 3513 4731 co-

250 4770 326 4825 sic
355 4770 448 4839 κ,
478 4776 536 4823 et
560 4768 882 4839 postpositis
925 4767 1145 4822 duobus
1203 4769 1422 4837 punctis
1463 4768 1829 4823 crassioribus
1928 4763 2035 4817 de:
2064 4763 2151 4818 ille
2180 4762 2294 4817 RR.
2324 4763 2426 4819 PP.
2455 4764 2789 4821 Jesuitarum
2823 4768 2877 4822 in
2898 4765 3136 4822 Ieremia
3158 4778 3207 4823 et
3232 4752 3515 4824 Ezechiele

252 4858 350 4919 hac
381 4860 559 4917 forma
597 4861 620 4930 ζ
659 4861 843 4915 statim
895 4860 1207 4917 emineret:
1260 4859 1407 4929 quod
1435 4875 1565 4914 vero
1617 4876 1826 4930 expun-
1927 4870 2070 4925 sape
2103 4857 2400 4913 asteriscos
2431 4858 2484 4912 iu
2516 4860 2634 4928 ipso
2658 4868 2805 4914 textu
2839 4861 3012 4929 ponit,
3059 4854 3355 4929 subjuncto
3395 4861 3512 4933 ple-

250 4954 477 5023 gendum
502 4952 818 5022 putabatur,
843 4954 1127 5024 pramisso
1154 4955 1311 5010 obclo
1341 4956 1443 5009 hac
1471 4954 1645 5010 forma
1673 4968 1739 5011 ,ι-
1770 4962 1827 5011 et
1925 4963 2160 5019 rumque
2187 4966 2219 5003 a
2254 4952 2430 5021 prima
2469 4952 2648 5006 Solum
2680 4953 2858 5005 littera
2902 4951 3126 5007 nomine
3173 4952 3509 5023 interpretis,

236 5042 471 5114 adjectis
498 5041 718 5098 duobus
752 5043 809 5099 in
862 5043 970 5099 line
1013 5046 1233 5114 punctis
1265 5045 1287 5113 ζ
1322 5046 1377 5099 in
1427 5046 1568 5101 serie
1619 5056 1823 5113 tamen,
1924 5053 1991 5095 ex
2018 5056 2129 5111 quo
2176 5041 2336 5096 lectio
2365 5042 2455 5095 illa
2496 5043 2773 5111 adjectitia
2818 5044 3107 5113 desumpta
3159 5040 3296 5106 fuit,
3333 5043 3414 5099 sic
3445 5049 3515 5116 χ

252 5132 333 5189 bis
364 5136 507 5189 notis
534 5133 877 5198 distinctum,
911 5145 1238 5191 remaneret.
1288 5135 1405 5192 lloc
1433 5148 1615 5193 autem
1653 5138 1826 5194 artili-

1956 5148 1994 5197 ι,
2024 5133 2105 5188 vel
2140 5135 2209 5202 λ(
2241 5134 2305 5200 Θ,
2334 5136 2416 5188 vel
2444 5137 2511 5203 Χ
2539 5135 2592 5185 ot
2616 5134 2675 5187 Γ.
2701 5133 2957 5191 Fortasse
2982 5151 3108 5190 vero
3140 5137 3268 5219 quia
3306 5143 3365 5188 ut
3393 5139 3511 5207 pln-

251 5222 331 5276 clo
357 5232 510 5277 vetus
546 5222 639 5277 illa
666 5222 823 5294 κοινὴ
878 5240 975 5279 seu
1021 5225 1240 5296 vulgata
1268 5225 1412 5280 LXX
1465 5228 1822 5298 lnterpretum
1924 5224 2123 5279 rimum
2158 5224 2549 5282 Tlieodotionis
2586 5224 2849 5282 lectiones
2892 5242 3016 5283 cum
3035 5228 3324 5283 asteriscis
3370 5228 3508 5283 adeo

252 5313 434 5377 editio,
466 5313 675 5367 intacta
711 5314 879 5368 simul
920 5324 975 5369 et
1011 5320 1301 5388 emendata
1334 5320 1771 5388 conspiciebatur
1805 5340 1819 5377 :

1956 5316 2076 5370 ebat
2128 5314 2412 5387 Origenes,
2449 5316 2841 5374 Tlicodotionis
2893 5334 3092 5373 nomen
3139 5332 3249 5373 non
3296 5317 3509 5375 solebat

252 5405 486 5471 exceptis
517 5413 697 5458 tamen
732 5405 802 5459 iis
835 5405 968 5460 locis
996 5407 1086 5462 ubi
1117 5409 1254 5461 ordo
1286 5407 1579 5479 Scriptura:
1611 5423 1824 5480 pertur-
1921 5409 2267 5478 exprimere;
2294 5410 2506 5480 Aquilae
2536 5425 2664 5466 vero
2684 5412 2813 5482 quia
2846 5411 3029 5467 rarius
3053 5455 3069 5478 ,
3103 5426 3158 5467 et
3190 5412 3505 5484 Symmachi

255 5492 402 5551 battis
434 5506 575 5561 erat,
633 5496 709 5550 ita
767 5505 827 5551 ut
863 5498 1033 5552 multa
1065 5509 1393 5568 praepostere
1447 5512 1819 5570 ponerentur:
1922 5502 2050 5569 quia
2090 5502 2396 5568 rarissime,
2434 5503 2910 5574 interpretationes
2945 5520 3069 5559 cum
3112 5505 3389 5559 asteriscis
3421 5505 3505 5557 in-

256 5584 322 5640 lbi
336 5588 478 5642 enim
496 5586 762 5659 Origenes
788 5605 1100 5659 germanam
1125 5600 1176 5645 et
1202 5591 1267 5644 ad
1299 5593 1822 5663 exemplarllebrai-
1920 5592 2158 5658 serebat,
2189 5594 2411 5647 nomina
2441 5609 2471 5648 a
2505 5595 2681 5664 prima
2723 5595 2897 5649 littera
2937 5594 3261 5664 (Ie-pingebat
3288 5635 3302 5657 ,
3330 5603 3387 5645 ut
3418 5594 3503 5646 iii--

254 5683 368 5725 eum
392 5677 865 5730 accommodatam
897 5677 1094 5733 seriem
1144 5680 1481 5735 restituerat.
1538 5681 1670 5747 Quae
1698 5693 1821 5752 post
1896 5682 2127 5750 dicaret
2149 5700 2257 5755 non
2282 5702 2347 5739 ex
2373 5684 2746 5740 Tlieodotione
2772 5702 2870 5755 pro
2888 5686 3049 5742 solito
3077 5686 3236 5741 verba
3258 5684 3497 5754 decerpi.

254 5766 563 5822 asteriscum
603 5769 972 5837 ponebantur,
1021 5785 1089 5824 ex
1134 5770 1374 5826 editione
1425 5770 1816 5829 Theodotiouis
1920 5771 2027 5828 Sed
2054 5774 2157 5829 boc
2185 5764 2251 5830 ex
2284 5774 2600 5844 conjectura
2632 5786 2842 5831 tantum
2868 5778 3093 5834 dicitur.

255 5863 306 5906 III
333 5858 623 5927 plurimum
655 5869 916 5931 excerpta
948 5870 1143 5929 erant;
1184 5878 1293 5917 non
1329 5860 1702 5936 inlrequenter
1748 5880 1816 5921 ex
1987 5866 2084 5922 llla
2119 5877 2301 5922 autem
2335 5882 2456 5939 qua:
2484 5883 2607 5924 eum
2639 5869 2918 5927 asteriscis
2957 5868 3127 5926 textui
3165 5866 3275 5921 τῶν
3325 5869 3379 5922 ον
3410 5883 3498 5919 ιιιιο

251 3937 517 4006 quissimo
572 3938 762 3993 codice
811 3941 1082 4004 Itomano,
1117 3938 1211 4007 qui
1264 3938 1349 3992 vel
1395 3938 1706 4007 exscriptus
1733 3936 1835 3992 fuit

250 4041 368 4082 cum
393 4027 638 4099 Hexapla
663 4041 1055 4100 superessent;
1114 4033 1196 4084 vel
1219 4046 1286 4085 ex
1316 4031 1427 4085 alio
1461 4031 1648 4085 codice
1678 4033 1745 4085 ad
1780 4031 1837 4085 li-

252 4121 366 4176 dem
393 4121 766 4192 Hexaplorum
815 4122 1113 4193 exscripta,
1167 4123 1430 4178 manavit.
1493 4119 1661 4176 Plura
1703 4136 1833 4193 pro-

251 4209 391 4267 ferre
417 4228 710 4283 possemus
738 4231 753 4267 :
790 4215 883 4269 sed
916 4214 1029 4267 Iure
1059 4222 1239 4279 erunt,
1266 4222 1329 4267 ut
1362 4228 1542 4282 spero,
1570 4214 1723 4267 satis.
