4064 6262
427 321 492 378 Ἡ
1784 308 2313 369 PRxELlhllNARIA
3656 303 3729 359 '72

437 439 762 495 serebantur
790 477 805 500 ,
850 431 1147 503 aliquando
1202 430 1269 485 ad
1305 445 1502 486 sensus
1555 427 1923 499 integritatem
1975 434 2029 481 et

2140 425 2241 479 lata
2266 465 2282 489 ,
2319 423 2545 478 alteram
2581 420 2856 492 adiecerat
2898 420 2979 476 sic
3016 436 3079 476 σε·
3118 422 3376 489 ἐνεγκατε
3425 420 3502 493 τῷ
3532 422 3729 494 Κυρίῳ

434 530 831 587 accuratiorem
862 525 1283 596 explicationem
1330 529 1637 592 Opportuna
1681 529 1883 578 erant:
1930 518 2027 572 sed

436 635 495 680 ut
520 620 818 694 plurimum
856 617 1092 681 inutilia,
1121 626 1172 671 et
1199 614 1371 678 nimia
1424 613 1856 683 scrupulositate
1892 626 2029 667 cono

435 716 750 777 sarcinata,
803 710 881 765 ita
938 716 999 763 ut
1047 708 1173 778 plus
1225 705 1505 760 ofﬁcerent
1543 719 1710 773 quam
1748 704 2026 772 iuvarent.

431 802 741 861 llebraismi
776 801 976 871 quippe
1000 814 1195 855 omnes
1217 813 1381 866 quos,
1410 805 1599 866 utpote
1629 811 1659 849 a
1690 795 1879 851 Gra'ca
1917 797 2028 852 lin-

426 916 533 970 ειη
571 905 628 952 et
663 895 902 951 dictione
939 907 1168 962 prorsus
1201 889 1583 955 abhorrentes,
1610 887 1864 944 consulto
1891 900 2031 954 pra:-

425 990 788 1046 termiserant
813 984 953 1039 LXX
980 983 1308 1052 lnterpretcs
1335 1023 1349 1044 ,
1388 980 1596 1049 ubique
1645 979 2031 1048 exprimebat)-

428 1096 521 1138 tur
553 1096 569 1133 :
600 1096 724 1152 qua:
750 1087 1014 1149 quantam
1060 1074 1415 1145 κακοφωνῐαν
1468 1072 1700 1128 editioni
1749 1070 2031 1139 hcxaplari

430 1174 723 1240 inferrent,
749 1172 852 1226 hoc
881 1167 1132 1237 exemplo
1159 1167 1489 1222 declaratur.
1532 1163 1735 1219 Jcrem.
1774 1179 1905 1217 me
1931 1203 1945 1225 ,
1972 1162 2029 1230 6,

432 1267 497 1331 ξς(
538 1263 636 1317 σὺν
678 1260 831 1330 ζτὰς
882 1260 1148 1328 γυναῖκας
1175 1295 1193 1320 ,
1237 1256 1333 1308 καὶ
1378 1256 1444 1322 Χ
1490 1254 1590 1307 σὺν
1637 1254 1660 1321 ζ
1713 1250 1786 1305 τὰ
1824 1254 2030 1321 νήπια,

433 1354 527 1407 καὶ
584 1356 652 1423 ῖς(
701 1351 860 1420 silv:
911 1350 1012 1414 τὰς
1054 1347 1278 1419 ψυχὰς,
1340 1349 1430 1401 ubi
1483 1345 1812 1400 llebraicum
1867 1345 2033 1398 habet

437 1433 842 1507 maris-nm
1082 1451 1355 1527 vim-nm
1401 1447 1749 1498 uuam-ns:
1785 1435 1860 1491 ibi
1900 1435 2033 1491 illud

435 1538 537 1591 σὺν
566 1536 633 1591 ad
668 1533 1083 1605 exprimendam
1121 1530 1447 1601 particulam
1488 1539 1597 1593 nn,
1646 1536 1833 1581 notam
1867 1542 2035 1584 accu-

435 1628 595 1682 sativi
627 1642 791 1681 casus
821 1624 965 1695 apud
996 1622 1275 1689 Hebraeos,
1307 1638 1375 1676 ex
1404 1620 1615 1689 Aquila:
1633 1619 1875 1675 editione
1906 1634 2031 1674 cum

437 1722 705 1776 asterisco
742 1719 1004 1774 inseritur
1032 1734 1045 1769 :
1074 1716 1233 1786 quasi
1263 1730 1394 1770 vero
1436 1715 1483 1768 si
1513 1713 1779 1769 articulus
1804 1725 1889 1772 nsi
1912 1727 2035 1766 om-

436 1813 571 1866 nino
592 1810 987 1882 exprimendus
1010 1815 1150 1869 erat,
1185 1821 1295 1873 non
1327 1813 1415 1860 sat
1435 1814 1562 1875 apte
1589 1803 1912 1859 redderetur
1939 1818 2036 1874 per

437 1904 704 1959 articulos
738 1901 959 1957 Griecos
990 1900 1091 1964 τὰς
1117 1909 1173 1954 et
1202 1900 1294 1953 τά.
1339 1896 1671 1966 Huiusmodi
1703 1909 2037 1965 supervaca-

436 2013 599 2054 neam
644 1997 981 2067 diligentiam
1011 2035 1027 2059 ,
1071 2003 1168 2049 aut
1202 2004 1259 2048 ut
1301 1993 1499 2046 melius
1536 1991 1754 2045 dicatur
1797 1986 2038 2059 κακοζη-

435 2092 581 2155 λίαν,
610 2090 917 2145 sexcenties
948 2087 1292 2143 obserrahis.
1325 2084 1418 2140 Sic
1448 2094 1505 2139 et
1535 2082 1711 2139 Levit.
1753 2082 1909 2147 ",2.
1941 2081 2038 2135 καὶ

435 2182 779 2257 δραξάμενος
821 2180 1004 2253 πλήρη
1046 2181 1149 2252 τὴν
1187 2179 1364 2253 δράκα
1402 2181 1469 2246 ὶι(
1512 2176 1678 2231 αὐτοῦ
1713 2178 1736 2245 ζ
1782 2173 1894 2231 ἀπὸ
1939 2174 2037 2244 τῆς

438 2273 776 2346 σεμιδάλεως
818 2278 887 2341 ᾖτε(
930 2271 1104 2343 αὐτῆς
1141 2271 1165 2339 ζ
1218 2273 1316 2325 σὺν
1369 2269 1449 2342 τῷ
1482 2270 1649 2337 ἐλαίῳ
1692 2271 1759 2337 Β(
1806 2268 1976 2338 αὐτῆς
2010 2267 2033 2334 ζ

439 2365 533 2419 ubi
560 2364 947 2436 pronominum
967 2365 1113 2417 illam
1141 2363 1544 2434 repetitionem,
1567 2378 1734 2430 quam
1762 2360 2040 2416 Ilebraicze

439 2456 645 2527 linguae
684 2454 998 2527 propriam,
1047 2461 1107 2507 ut
1140 2451 1498 2523 inelegantem
1546 2451 1911 2519 inutilemque
1950 2463 2037 2502 re-

439 2554 708 2617 spuerant
734 2543 875 2600 LXX
902 2547 1231 2615 Interpretes
1254 2587 1268 2610 ,
1304 2560 1430 2599 cum
1465 2544 1749 2599 asteriscis
1797 2542 2041 2597 restituit

437 2637 726 2710 Origenes.
762 2637 1054 2691 lnnumera
1100 2638 1189 2692 his
1238 2636 1442 2692 similia
1477 2637 1532 2690 in
1561 2636 1801 2691 decursu
1853 2634 2039 2705 operis

438 2731 607 2801 huius
633 2728 1036 2797 animadvertet
1067 2729 1319 2783 eruditus
1346 2729 1541 2784 lector.

508 2822 629 2878 Alia
652 2837 877 2893 quoque
904 2822 1074 2876 multa
1107 2821 1160 2874 in
1195 2821 1450 2875 versione
1490 2835 1593 2875 sua
1640 2819 2039 2890 praztermisere

438 2908 607 2976 LXX,
642 2926 789 2981 quar,
823 2910 950 2964 licet
971 2910 1248 2963 enuntiari
1276 2918 1521 2978 possent,
1550 2909 1688 2964 nihil
1716 2910 1784 2964 ad
1813 2924 2039 2964 sensum

436 3011 564 3072 apte
587 3002 1010 3072 exprimendum
1053 3002 1344 3069 iuvabant.
1398 3000 1491 3055 Sic
1542 2999 1657 3056 Jer.
1710 3018 1765 3065 ι,
1799 3001 2041 3064 18,ha:e

2132 517 2238 569 olei.
2270 514 2410 567 Θεοῦ
2459 518 2525 581 >κ
2554 514 2814 583 ἐνέγκατε
2852 511 2933 582 τῷ
2979 510 3173 584 Κυρίῳ
3213 512 3364 576 uicit;
3410 512 3617 585 κριῶν·
3671 513 3730 566 ιιι

2131 618 2217 662 est
2243 625 2256 659 :
2289 621 2353 662 -t—
2391 605 2593 675 Aﬂ'erlc
2622 605 2872 671 Domino,
2900 604 3006 675 lilii
3041 604 3139 658 Dei
3168 607 3235 673 Χ
3266 604 3453 672 afferte
3498 603 3732 658 Domino

2131 700 2275 769 ﬁlios
2330 700 2561 753 arietum
2584 714 2603 751 :
2652 713 2776 769 qua:
2810 698 2985 752 ambae
3014 698 3068 750 in
3101 692 3241 750 LXX
3274 703 3330 750 ct
3378 696 3432 750 in
3474 698 3729 751 versione

2134 791 2330 846 Latina
2358 798 2763 846 remanserunt.
2808 788 2899 844 Sic
2930 800 2985 843 et
3010 786 3190 842 llesai.
3232 802 3325 852 xv,
3348 787 3406 853 3,
3442 793 3731 847 mrumst

2132 884 2222 947 1L,
2254 884 2338 944 Σ.,
2370 880 2461 945 Θ.,
2496 881 2591 934 καὶ
2619 882 2677 934 ὲν
2697 882 2820 943 ταῖς
2846 879 3133 942 πλατείαις
3172 877 3367 946 αὐτῆς.
3402 880 3459 931 0’
3476 918 3495 941 ,
3527 879 3622 932 καὶ
3669 879 3734 933 ὲν

2130 977 2252 1038 ταῖς
2279 973 2481 1047 ῥύμαις
2516 973 2782 1044 αὑτῆς....
2834 971 2938 1027 Sed
2971 981 3203 1041 utraque
3249 971 3411 1026 lectio
3443 974 3514 1025 ab
3551 970 3728 1025 hexa-

2134 1066 2277 1133 plari
2303 1065 2547 1119 editione
2572 1065 2861 1133 desumpta
2896 1064 2950 1117 in
2977 1060 3261 1117 bodiernis
3294 1059 3485 1116 Bibliis
3512 1075 3733 1115 remane

2134 1158 2225 1222 sit,
2259 1159 2354 1212 καὶ
2378 1159 2437 1211 ἐν
2465 1160 2585 1221 ταῖς
2614 1156 2896 1222 πλατείαις
2924 1155 3120 1225 αὐτῆς,
3143 1154 3239 1207 καὶ
3270 1154 3331 1206 ὲν
3359 1154 3482 1216 ταῖς
3524 1151 3733 1225 ῥύμαις

2133 1250 2359 1320 αὺτῆςτ
2415 1251 2601 1322 itaque
2654 1251 2831 1322 prima
2885 1251 3067 1304 versio
3118 1246 3423 1314 asterisco,
3485 1247 3733 1302 secunda

2133 1344 2291 1399 obelo
2322 1344 2406 1400 vel
2438 1343 2622 1414 potius
2660 1343 2950 1406 lemnisco,
2982 1350 3171 1396 notata
3202 1340 3381 1395 fuerat
3404 1381 3422 1406 ,
3453 1339 3549 1394 sed
3590 1350 3735 1394 nota:

2135 1450 2327 1491 omnes
2373 1453 2404 1491 a
2451 1435 2687 1505 vulgatis
2732 1433 3141 1505 exemplaribus
3189 1432 3533 1488 exciderunt.
3593 1428 3734 1485 Rem

2135 1530 2371 1585 similem
2402 1530 2526 1584 vide
2551 1528 2750 1584 Ezech.
2786 1544 2924 1592 xxn,
2944 1528 2997 1594 εί,
3029 1536 3085 1582 et
3109 1542 3272 1592 χχιιι,
3306 1526 3392 1591 l9,
3428 1523 3736 1592 multisque

2136 1622 2259 1675 aliis
2290 1622 2345 1675 in
2378 1620 2517 1675 locis
2542 1635 2666 1690 qua:
2693 1619 2915 1690 longum
2937 1626 3086 1675 esset
3108 1632 3415 1673 recensere.
3450 1614 3651 1671 Verum
3677 1616 3732 1670 in

2138 1715 2225 1768 his
2255 1714 2521 1784 exemplis
2568 1729 2676 1766 non
2712 1712 2936 1777 obelos,
2982 1714 3074 1768 sed
3113 1712 3411 1766 lemniscos
3456 1708 3736 1765 adhibitos

2064 1776 2108 1832 Β
2140 1804 2310 1860 fuisse
2341 1776 2493 1874 pui‘o,
2526 1817 2587 1859 ut
2611 1804 2844 1859 articulo
2880 1804 3128 1873 sequenti
3161 1803 3443 1873 probatur.

2422 1896 2512 1951 IV.
2548 1897 2625 1951 De
2654 1898 2922 1951 lemniscis
2950 1906 3001 1949 et
3030 1893 3461 1965 hypolenmiscis.

2212 1990 2541 2046 Lemniscus
2574 1990 2762 2046 Graace
2786 1989 3086 2060 λημνίσκος
3133 2003 3227 2043 seu
3271 1988 3557 2058 λιμνίσκος
3595 1987 3739 2041 diei-

2139 2092 2249 2149 tur,
2276 2084 2369 2138 sed
2398 2091 2680 2152 postrema
2714 2080 2875 2135 lectio
2908 2079 3097 2135 Graeca
3130 2081 3391 2134 mendose
3418 2097 3487 2134 ex
3520 2078 3737 2149 vulgari

2140 2174 2230 2227 illa
2256 2174 2564 2228 mutatione
2595 2170 2690 2226 τοῦ
2718 2188 2757 2236 η
2787 2171 2840 2222 in
2875 2186 2896 2221 ι
2922 2168 3145 2223 inducta
3197 2179 3444 2239 putatur.
3489 2168 3577 2223 Ab
3608 2168 3737 2239 Epi-

2140 2266 2345 2336 phanio
2378 2274 2560 2318 autem
2606 2263 2771 2332 huius
2812 2261 2965 2316 vocis
3011 2260 3296 2332 λιμνίσκος
3337 2270 3559 2331 etymon
3607 2262 3740 2317 inde

2140 2358 2378 2428 petitur,
2423 2355 2511 2409 διὰ
2543 2355 2606 2409 τὸ
2643 2352 2928 2425 λιμνάζειν
2969 2352 3302 2423 κλυζόμεναν
3330 2353 3423 2407 τὸν
3468 2354 3636 2426 μότον
3675 2356 3739 2408 ὲν

2138 2453 2253 2514 τοῖς
2280 2449 2470 2512 τόποις
2502 2449 2712 2520 ὑγροῖς,
2751 2448 2803 2503 id
2828 2454 2935 2514 est,
2962 2446 3108 2518 quod
3130 2445 3261 2500 vitta
3289 2445 3401 2511 illa,
3427 2461 3594 2517 quam
3620 2462 3742 2503 me-

2139 2543 2248 2597 dici
2283 2542 2602 2596 vulneribus
2626 2542 2886 2596 curandis
2912 2548 3216 2610 apponunt,
3251 2539 3309 2592 in
3332 2539 3469 2595 locis
3494 2539 3739 2597 humidis

2141 2634 2435 2689 humorum
2464 2633 2625 2704 capia
2650 2633 2936 2689 redundet.
2965 2629 3072 2686 Sed
3100 2631 3219 2686 haec
3250 2630 3405 2685 vocis
3428 2631 3584 2700 origo
3608 2630 3740 2700 iure

2138 2726 2419 2796 respuitur
2473 2742 2505 2781 a
2540 2726 2678 2781 viris
2715 2725 2916 2781 doctis.
2962 2722 3101 2779 Nam
3144 2723 3432 2794 λιμνὶσκος
3483 2724 3737 2779 vitiatum

2139 2830 2242 2885 est,
2269 2829 2324 2875 et
2350 2819 2652 2891 λημνίσκος
2678 2819 2961 2875 scribitur.
2994 2816 3073 2871 De
3096 2816 3257 2885 cuius
3280 2816 3522 2873 nominis
3551 2828 3739 2889 ctymo

2140 2913 2273 2983 quid
2316 2913 2521 2967 sentiat
2563 2910 2647 2965 vir
2698 2910 3110 2965 eruditissimus
3160 2908 3476 2964 Bernardus
3518 2908 3739 2966 Meneta

2140 3005 2351 3074 paucis,
2380 3013 2440 3058 ut
2471 3004 2543 3058 ab
2566 3018 2632 3057 eo
2656 3002 2884 3073 accepi,
2934 3017 3256 3071 expromam
3284 3018 3299 3053 ε
3345 3019 3366 3053 ι
3412 3000 3736 3066 Athenazus,

438 3092 706 3149 llebraica
740 3093 905 3148 verba
933 3102 1111 3174 Tnm
1136 3105 1243 3152 run
1279 3101 1395 3153 um
1418 3092 1558 3146 LXX
1590 3102 1886 3157 verterant,
1926 3092 2035 3147 ἰδοὺ
2062 3136 2110 3197 c
2142 3112 2263 3168 pag.
2304 3097 2414 3151 200
2450 3096 2709 3152 editionis
2741 3094 3127 3166 Lugdunensis
3156 3138 3188 3161 ,.
3210 3095 3265 3148 in
3302 3096 3517 3163 prolixo
3562 3094 3736 3151 Calli-

435 3185 664 3242 τέθεικά
694 3202 777 3249 σε,
811 3199 926 3238 ecce
946 3186 1101 3255 posui
1146 3194 1217 3251 te,
1252 3185 1502 3255 nihilque
1537 3186 1604 3239 ad
1635 3201 1857 3240 sensum
1884 3185 2035 3240 desi-

438 3278 769 3345 derabatur;
811 3276 1077 3348 Origenes
1107 3293 1274 3344 vero,
1327 3280 1755 3348 praetermissam
1799 3287 1916 3340 tm
1939 3293 2036 3333 vo—

436 3385 561 3426 cem
590 3370 934 3436 existimans,
970 3385 1096 3423 cum
1123 3370 1394 3425 asterisco
1427 3385 1494 3424 ex
1519 3368 1855 3441 Symmacho
1887 3368 2036 3425 defe-

436 3470 592 3517 ctum
627 3463 901 3532 supplevit
924 3465 989 3530 ὶι(
1014 3462 1073 3515 Σ.
1107 3459 1220 3528 ἐγὼ
1250 3461 1308 3514 δὲ
1346 3460 1369 3529 ζ
1403 3471 1463 3515 ιιι
1484 3462 1563 3518 sic
1595 3465 2035 3530 exprimerentnr

438 3555 628 3611 omnia
657 3555 762 3609 hoc
786 3554 951 3609 modo
984 3572 998 3608 :
1034 3552 1147 3624 Ego
1167 3564 1346 3607 atatem
1364 3570 1481 3607 erce
1502 3556 1654 3622 posui
1680 3565 1749 3608 te.

513 3646 715 3702 Obelos
744 3645 997 3700 similiter
1029 3660 1170 3715 saepe
1199 3648 1384 3715 posuit
1413 3662 1512 3715 pro
1538 3647 1795 3701 notandis
1824 3647 1894 3701 iis
1917 3663 2037 3716 quae

440 3753 568 3795 cum
600 3740 653 3792 in
689 3737 955 3792 llebraico
991 3754 1102 3793 non
1130 3747 1452 3803 exstarent,
1495 3740 1551 3793 in
1585 3740 1880 3796 editionem
1924 3741 2035 3793 τῶν

432 3833 500 3885 .0
532 3830 744 3884 invecta
776 3829 994 3883 fuerant
1021 3846 1035 3894 ;
1068 3845 1257 3883 verum
1306 3830 1611 3899 sazpissime
1654 3845 1718 3885 ea
1752 3840 1812 3885 ut
1840 3847 2037 3901 ampu-

440 3922 607 3976 tanda
633 3920 811 3975 obelis
839 3920 1072 3986 notavit,
1104 3936 1227 3991 quae
1254 3937 1287 3974 a
1320 3918 1467 3973 LXX
1510 3918 1908 3991 lnterpretibus
1949 3922 2033 3975 vel

440 4014 707 4069 claritatis
731 4013 813 4067 vel
844 4011 1127 4081 elegantiae
1164 4027 1332 4067 causa
1368 4013 1544 4083 posita
1590 4014 1843 4079 fuerant,
1880 4030 2033 4083 qure-

439 4120 550 4177 que
580 4106 706 4160 licet
740 4106 797 4158 in
826 4102 1095 4159 llebraico
1147 4105 1214 4158 ad
1250 4106 1479 4160 verbum
1514 4122 1623 4161 non
1653 4109 2033 4177 exprimeren-

439 4207 554 4263 tur,
587 4197 774 4251 sensui
807 4204 990 4251 tamen
1016 4196 1345 4250 illustrando
1376 4197 1665 4252 commoda
1696 4206 1871 4251 erant.
1900 4196 2035 4264 Quae

442 4306 612 4361 porro
645 4298 907 4343 notantur
942 4290 1135 4352 obelo,
1176 4290 1476 4359 aliquando
1522 4290 1816 4355 dicuntur,
1858 4290 2034 4359 ἀμφι-

444 4379 639 4445 ϐόλως,
678 4382 729 4434 id
758 4390 843 4436 est
869 4381 1049 4448 dubie,
1083 4381 1287 4450 jacere.
1322 4380 1414 4434 Sic
1435 4382 1607 4438 codex
1634 4380 1949 4445 Vaticanus,
1979 4382 2033 4435 in

2144 3191 2265 3243 xeni
2301 3187 2499 3242 Rhodii
2529 3190 2669 3253 loco,
2702 3204 2890 3243 vocem
2918 3186 3243 3258 λιμνήσκοις
3268 3188 3468 3251 habet,
3522 3203 3647 3258 qua:
3678 3190 3737 3243 in

2142 3280 2389 3350 margine
2423 3280 2506 3335 sic
2534 3281 2899 3346 emendatur,
2939 3280 3224 3345 λινίσκοις,
3248 3266 3427 3349 atque
3474 3281 3548 3337 ita
3604 3283 3740 3353 legit

2141 3370 2464 3425 Eustathius
2489 3370 2544 3425 in
2574 3386 2794 3425 versum
2826 3369 2934 3426 570
2962 3371 3161 3427 decimi
3209 3374 3388 3427 octavi
3424 3373 3548 3428 libri
3592 3372 3737 3428 Ilia-

2139 3462 2259 3529 dos,
2296 3462 2385 3515 ubi
2442 3463 2591 3516 hunc
2624 3462 2803 3531 ipsum
2854 3462 2923 3516 ab
2976 3462 3239 3517 Athenzeo
3284 3463 3509 3518 allatum
3551 3464 3733 3520 locum

2142 3555 2329 3610 refert.
2367 3554 2590 3609 lsaacus
2614 3569 2744 3607 vero
2769 3553 3133 3608 Casaubonus
3151 3554 3205 3607 in
3234 3556 3405 3618 notis,
3429 3567 3526 3609 aut
3550 3556 3739 3626 λημνιυ

2144 3664 2315 3711 σκοις,
2346 3656 2442 3701 aut
2474 3646 2736 3709 λινίσκσις
2768 3646 3057 3716 legendum
3101 3660 3223 3701 esse
3255 3647 3422 3713 dicit,
3454 3649 3551 3703 sed
3597 3664 3737 3703 neu-

2141 3748 2281 3793 tram
2305 3740 2461 3794 alteri
2490 3740 2775 3794 lectionem
2800 3736 3055 3809 praeferre
3084 3738 3267 3794 audet.
3292 3738 3517 3795 Certum
3549 3751 3733 3797 autem

2140 3838 2244 3891 est,
2277 3845 2465 3883 vocem
2512 3828 2840 3899 λημνίσκος,
2882 3844 3005 3898 quae
3037 3829 3294 3898 primitus
3334 3841 3617 3901 angustum
3646 3832 3737 3901 fa-

2140 3924 2306 3977 sciam
2338 3923 2706 3991 significabat,
2731 3939 2798 3977 ex
2826 3937 2957 3977 voce
2985 3921 3145 3993 λῆνος
3171 3963 3185 3988 ,
3218 3924 3349 3978 lana
3367 3967 3381 3990 ,
3432 3925 3734 3981 derivatam

2139 4031 2281 4081 esse,
2315 4017 2443 4085 quia
2470 4017 2542 4069 ab
2574 4015 2687 4084 ipsa
2720 4016 2931 4085 origine
2957 4013 3145 4070 fasciae
3192 4015 3514 4085 huiusmodi
3564 4018 3737 4073 laneas

2139 4117 2315 4161 erant.
2346 4072 2484 4161 liine
2517 4120 2645 4161 vero
2684 4105 3015 4176 Syracusani
3065 4106 3330 4176 singulari
3370 4107 3726 4176 formatione,

2140 4201 2263 4255 loco
2289 4198 2381 4253 τοῦ
2408 4199 2707 4266 Inv-laxae
2730 4240 2746 4264 ,
2778 4199 2988 4254 inserto
3006 4217 3072 4268 μ,
3099 4199 3399 4270 λημνίσκας
3430 4199 3679 4258 fecerunt
3712 4216 3729 4254 :

2139 4309 2265 4366 quae
2308 4310 2476 4361 causa
2499 4294 2603 4348 fuit
2631 4303 2691 4347 ut
2732 4295 2849 4347 haec
2873 4307 2977 4346 vox
3030 4308 3131 4362 pro
3179 4290 3525 4363 Syracusana
3566 4293 3735 4349 habe-

2140 4396 2311 4441 retur.
2350 4369 2675 4457 iiesychius,
2702 4384 3037 4455 λημνίσκους
3087 4384 3188 4447 τὰς
3220 4383 3411 4448 στενὰς
3454 4380 3734 4456 Συρακού-

442 4473 577 4528 illud
615 4474 811 4543 psalmi
859 4490 917 4535 x,
957 4473 1013 4535 4,
1058 4472 1215 4527 Oculi
1260 4474 1376 4541 ejus
1415 4476 1471 4527 in
1524 4490 1807 4543 pauperem
1863 4474 2035 4542 respi-

2143 4496 2251 4532 σιοι
2277 4479 2513 4542 ταινίας,
2545 4477 2895 4545 subintellige
2926 4474 3173 4543 λέγουσι.
3220 4472 3360 4528 Hinc
3398 4475 3466 4528 ad
3499 4476 3607 4529 alia
3652 4476 3734 4532 si-

444 4566 615 4627 ciunt,
647 4565 740 4619 ubi
770 4565 937 4628 illud,
976 4565 1031 4617 in
1072 4581 1378 4634 pauperem,
1410 4582 1522 4619 non
1551 4577 1635 4620 est
1690 4567 1744 4620 in
1785 4564 2035 4631 Hebraeo,

446 4660 566 4713 inec
591 4659 776 4723 habet,
810 4656 886 4710 Τὸ
913 4661 1003 4723 εὶς
1040 4659 1147 4711 τὸν
1182 4660 1414 4725 πένητα
1444 4660 1502 4711 ἐν
1530 4660 1596 4729 τῇ
1630 4658 1796 4710 σελίδι
1839 4657 1948 4710 τῶν
1982 4661 2038 4711 0'

446 4749 626 4803 ἔκειτο
657 4750 818 4820 μόνον
849 4750 1167 4821 ἀμφιϐόλως
1186 4766 1200 4779 ·
1231 4751 1406 4814 idest,
1435 4749 1603 4812 Illud,
1637 4752 1691 4803 in
1722 4766 2039 4819 pauperem,

440 4842 494 4893 in
526 4839 644 4896 sola
685 4838 839 4894 LXX
883 4839 1242 4910 luterpretum
1290 4840 1538 4893 columna
1590 4841 1749 4893 dubie
1795 4840 2038 4910 jacebat.

447 4930 621 4985 Dubie
656 4931 889 4995 scilicet,
918 4931 1048 4999 quia
1080 4930 1207 4984 licet
1235 4930 1289 4983 in
1338 4929 1565 4985 Hebraeo
1598 4930 1852 5000 Origenis
1892 4942 2039 4986 tem-

448 5036 585 5091 pore
615 5037 726 5076 non
758 5021 988 5092 iaceret,
1021 5022 1095 5077 ibi
1128 5031 1349 5077 exstare
1394 5032 1645 5093 potuerat
1684 5022 1827 5076 LXX
1865 5024 2040 5079 Inter-

443 5123 665 5183 pretum
690 5127 830 5168 tero.

523 5202 641 5258 Non
672 5205 836 5259 modo
864 5213 1047 5260 autem
1074 5220 1141 5259 ea
1170 5221 1294 5275 qua:
1316 5220 1382 5259 ex
1412 5206 1653 5261 editione
1675 5206 1785 5260 τῶν
1815 5208 1869 5261 0'
1899 5210 2042 5263 exci-

446 5299 807 5364 dcrant,cum
833 5296 1116 5351 asteriscis
1142 5295 1724 5369 supplevitOrigenes;
1758 5302 1853 5355 sed
1871 5302 2039 5356 etiam

448 5391 495 5445 si
514 5390 735 5460 quando
751 5389 919 5443 editio
936 5390 1046 5442 τῶν
1062 5395 1118 5443 0'
1137 5406 1245 5445 non
1270 5392 1542 5447 videretur
1563 5392 1880 5448 Hebraicam
1900 5396 2042 5449 veri-

451 5493 616 5538 tatem
631 5492 881 5537 accurate
896 5484 1219 5552 exprimere,
1232 5484 1390 5538 obelo
1404 5494 1585 5539 notata
1607 5488 1771 5555 priori
1786 5488 2036 5553 lectione,

452 5576 678 5629 alteram
702 5575 966 5629 asterisco
988 5576 1259 5645 signatam
1277 5591 1343 5630 ex
1364 5576 1487 5631 aliis
1505 5577 1891 5648 interpretibus
1910 5581 2040 5649 adii-

448 5665 646 5720 ciebat.
679 5666 768 5720 Sie
797 5667 863 5719 ad
894 5667 1020 5720 illud
1050 5682 1131 5735 ps.
1159 5683 1351 5732 xxvm,
1387 5652 1602 5729 Lavi»:
1629 5678 1717 5730 ’,εει
1742 5655 1900 5730 Πτιῒι)
1917 5682 2037 5737 nn,

454 5753 621 5823 priori
672 5756 902 5814 lectiOne
936 5758 1113 5828 obelo,
1170 5760 1285 5817 sive
1323 5759 1519 5817 melius
1558 5762 1826 5819 lemnisco
1872 5763 2040 5835 iugu-

2143 4570 2450 4641 gnificanda
2499 4577 2763 4639 usurpata
2821 4582 2926 4621 vox
2963 4564 3088 4631 fuit,
3147 4579 3347 4635 nempe
3397 4580 3500 4635 pro
3542 4564 3732 4623 fasciis

2140 4666 2345 4733 quibus
2374 4677 2595 4719 corona:
2631 4660 3230 4730 circumplicabantur;
3264 4673 3367 4729 pro
3394 4659 3731 4714 lineamenta

2140 4758 2433 4811 convoluto
2494 4752 2813 4808 vulneribus
2865 4750 3200 4817 inserendo;
3252 4749 3586 4820 demumque
3629 4764 3733 4821 pro

2142 4858 2270 4903 nota
2302 4848 2591 4911 librorum,
2618 4845 2686 4899 de
2715 4860 2826 4915 qua
2848 4841 3089 4897 Isidorus
3117 4858 3131 4893 :
3157 4841 3459 4897 Limuiscus
3484 4878 3500 4906 ,
3545 4842 3600 4893 id
3646 4851 3729 4897 est

2140 4940 2349 5010 virgula
2376 4940 2515 4992 inter
2545 4937 2780 5008 geminos
2811 4944 3033 5006 puncto:
3060 4935 3250 5003 jacem
3274 4975 3290 5001 ,
3335 4933 3623 5004 apponitur
3669 4934 3731 4989 iu

2141 5035 2208 5087 iis
2265 5033 2397 5086 locis
2440 5046 2559 5102 qua:
2617 5044 2788 5084 sacra:
2834 5027 3131 5097 Scriptura:
3191 5024 3500 5096 interprelcs
3546 5026 3728 5080 eodem

2141 5142 2319 5194 sensu,
2366 5126 2457 5179 scd
2493 5124 2715 5178 diversis
2774 5122 3102 5177 sermonibus
3152 5121 3560 5176 transtulerunt.
3612 5119 3728 5176 "ac

2142 5220 2344 5288 triplici
2375 5214 2775 5288 signiﬁcatione
2803 5232 2910 5271 vox
2959 5216 3261 5287 λημνισ-κος
3303 5224 3567 5283 usurpata
3597 5212 3724 5278 fuit,

2142 5326 2337 5381 nempe
2363 5310 2431 5365 ad
2460 5325 2548 5364 res
2579 5308 2967 5378 signitican'das
2994 5307 3241 5379 angustis
3274 5305 3465 5363 fasciis
3488 5306 3722 5371 similes,

2142 5416 2281 5471 quas
2316 5399 2644 5471 Syracusani
2668 5397 3002 5469 λημνίσκους
3025 5398 3314 5453 vocabant.
3351 5414 3373 5449 ι

2213 5491 2342 5548 lude
2362 5499 2592 5547 vocatus
2613 5489 2931 5555 lemniscus,
2964 5490 3081 5545 sive
3107 5490 3254 5545 linea
3290 5489 3437 5545 vitta:
3451 5503 3603 5545 more
3626 5489 3725 5544 de-

2141 5584 2285 5655 picta
2312 5599 2436 5637 cum
2461 5582 2679 5638 duobus
2707 5583 2925 5653 punctis
2952 5622 2969 5648 ,
3008 5581 3182 5639 altero
3227 5596 3494 5653 superne,
3544 5581 3725 5639 altero

2141 5675 2355 5732 inferne
2387 5675 2578 5746 positis
2607 5676 2689 5730 sic
2719 5689 2781 5729 -ι-
2815 5674 2941 5729 Ideo
2960 5685 3143 5730 autem
3184 5675 3479 5731 lemniscos
3502 5675 3573 5729 ab
3596 5672 3724 5728 Ori-

2143 5785 2279 5841 gene
2332 5776 2622 5841 usurpatos
2674 5765 2844 5825 fuisse
2875 5766 2953 5823 ait
2994 5765 3367 5842 Epiphaniusf,
3399 5778 3462 5824 ut
3505 5781 3633 5823 cum
3664 5766 3721 5821 in
