4064 6262
319 350 387 407 73
1547 364 1615 419 1N
1647 366 1866 423 ΗΕΧΜ

1969 415 1971 423 ,
2005 369 2347 431 ORIGENIS.
3504 391 3572 443 74

313 467 545 525 editione
569 468 681 522 τῶν
714 471 767 525 0'
797 473 1073 542 reperitur
1104 473 1289 545 aliqua
1315 492 1418 533 vox
1451 494 1557 533 non
1610 483 1893 537 cohaerens
1922 487 1964 543 Α
1995 485 2226 539 scorsim
2266 496 2321 540 et
2352 486 2473 541 aliis
2507 486 2833 546 inconsultis
2878 493 3409 565 interpretabantur,
3462 514 3569 558 tam

314 576 487 629 neque
524 563 650 619 aliis
679 582 955 636 connexa,
992 574 1094 627 hoc
1126 575 1281 642 signo
1309 584 1523 639 notata,
1564 579 1781 629 noveris
1826 577 1896 631 ab

310 668 425 710 uno
456 657 537 711 rel
595 658 812 716 duobus
867 663 1220 734 interpretum
1283 667 1505 735 paribus
1555 669 1625 723 ita
1674 684 1893 725 versum

309 743 482 803 fuisse
508 767 522 803 ε
549 750 618 804 ab
636 767 748 806 uno
773 754 1003 821 scilicet,
1037 772 1160 811 cum
1196 775 1305 814 uno
1328 760 1503 814 solum
1529 770 1728 829 puncto
1749 762 1891 816 linea

308 840 557 908 signatur
593 870 691 909 τ.
739 855 977 916 tuncque
1039 859 1265 906 vocatur
1330 852 1810 923 hypolelnniscus;
1858 871 1890 910 a

305 930 526 988 duobus
557 948 684 990 vero
714 941 936 1006 quando
965 952 1225 1012 punctum
1261 945 1517 1015 utrinque
1559 947 1783 1016 ponitur
1809 949 1890 1003 sic

304 1033 395 1086 σι»,
426 1030 484 1076 et
512 1032 642 1079 tunc
680 1022 979 1085 icmniscus
1011 1031 1233 1088 dicitur.
1285 1032 1443 1099 Quod
1490 1043 1547 1088 ut
1593 1035 1884 1107 inteliigas,

301 1106 597 1166 historiam
630 1114 952 1174 cellularum
983 1120 1207 1192 triginta
1241 1138 1336 1177 sex
1381 1131 1595 1193 repetas
1620 1106 1835 1195 oportet
1867 1146 1883 1183 :

299 1199 414 1263 ubi,
442 1199 747 1271 Epiphanio
777 1219 1050 1274 narrante,
1071 1212 1211 1267 libro
1232 1212 1305 1267 De
1327 1216 1667 1283 ponderibus,
1692 1216 1883 1272 LXXII

296 1293 625 1364 interpretes
653 1300 789 1368 bini,
823 1303 937 1360 sive
962 1320 1056 1375 per
1078 1308 1228 1377 paria
1258 1310 1553 1378 distributi,
1581 1312 1881 1384 Scripturis

293 1385 723 1457 interpretandis
751 1405 1036 1453 vacarunt.
1086 1395 1202 1453 Hoc
1242 1401 1427 1472 itaque
1460 1403 1562 1458 sibi
1594 1405 1710 1458 vult
1752 1404 1880 1476 Epi-

290 1475 553 1542 phanius,
614 1479 739 1537 iiias
808 1483 1107 1542 lectionum
1166 1489 1599 1561 discrepantias,
1650 1475 1874 1564 quieiin

290 1561 624 1633 Origeniana
660 1570 898 1628 editione
926 1574 1188 1633 lemnisco
1214 1579 1299 1633 vel
1345 1561 1752 1653 llypolemnisco
1799 1586 1876 1641 si-

286 1654 618 1724 gnabantur,
648 1675 771 1717 esse
809 1666 991 1721 varias
1017 1670 1437 1737 translationes,
1481 1688 1604 1744 qua:
1646 1676 1715 1731 ab
1762 1694 1872 1734 uno

286 1748 530 1805 alterove
552 1751 904 1823 interpretum
936 1761 1051 1829 pari
1084 1760 1245 1817 edita:
1278 1775 1482 1820 essent.
1527 1765 1767 1838 Hujusce
1790 1771 1865 1825 rei

2000 575 2234 635 mirabili
2257 592 2531 634 consensu
2556 582 2895 652 interpretati
2923 597 3073 653 sunt,
3100 599 3159 643 ut
3190 606 3256 645 lle
3284 596 3569 652 minimum
3607 635 3618 643 .

1995 666 2211 733 quidem
2234 668 2520 725 interesset
2549 672 2907 739 discriminis,
2937 677 3005 732 ad
3034 681 3163 749 quid
3198 683 3302 737 illae
3331 696 3472 741 notus
3502 692 3567 743 ad

1995 756 2286 812 iudicanda
2307 759 2671 813 discrimina?
2704 762 2761 816 Si
2795 780 2947 829 vero,
2983 774 3044 819 ut
3088 770 3165 821 ait
3210 768 3567 840 Epiphanius,

1992 845 2314 911 lelnniscus,
2343 850 2434 918 qui
2468 851 2684 906 duobus
2709 856 2928 923 punctis
2959 866 3201 924 notatur,
3226 862 3569 930 signiﬁcabat

1989 937 2099 992 duo
2128 939 2483 1008 interpretum
2509 943 2659 1009 paria
2694 958 2878 999 secum
2911 950 3203 1003 convenire
3230 951 3300 1005 ab
3334 953 3568 1024 aliisque

1989 1027 2333 1100 discrepare;
2379 1033 2820 1104 hypolemniscus
2867 1054 3032 1105 vero,
3073 1042 3167 1109 qui
3226 1059 3338 1096 uno
3386 1048 3580 1107 solum.

1987 1129 2188 1185 puncto
2213 1131 2451 1185 notatur,
2482 1139 2651 1179 unum
2677 1142 2772 1195 par
2810 1130 3164 1198 interpretum
3201 1132 3269 1186 ab
3298 1134 3420 1190 aliis
3443 1150 3564 1190 om-

1985 1209 2147 1265 nibus
2172 1210 2389 1265 ditl'erre.
2418 1229 2433 1267 :
2458 1215 2679 1281 quando
2708 1233 2771 1271 ex
2797 1219 3017 1287 triginta
3051 1237 3146 1275 sex
3178 1224 3423 1291 paribus,
3458 1228 3564 1283 tria

1982 1302 2064 1354 vel
2096 1312 2335 1370 quatuor
2357 1305 2440 1359 vel
2464 1308 2670 1369 decem,
2704 1311 2786 1363 vel
2821 1310 3109 1367 duodecim
3137 1316 3221 1370 vel
3247 1316 3403 1385 plura
3454 1320 3562 1374 dif-

1982 1394 2244 1460 ferebant,
2276 1414 2398 1467 qua:
2436 1408 2563 1456 tunc
2609 1412 2733 1456 nota
2762 1404 3157 1461 adhibebatur?
3194 1407 3327 1463 Nam
3368 1413 3414 1465 si
3447 1413 3559 1468 duo

1978 1483 2193 1539 diil‘erre
2213 1496 2481 1555 poterant,
2512 1491 2631 1545 sine
2655 1492 2822 1548 dubio
2842 1502 3092 1563 poterant
3110 1506 3165 1551 et
3199 1499 3298 1552 tria
3323 1509 3375 1553 et
3396 1502 3557 1572 quin-

1975 1586 2081 1640 que
2110 1581 2162 1625 et
2189 1574 2344 1642 plura
2369 1576 2698 1647 discrepare.

2043 1660 2221 1728 Quare
2254 1664 2358 1720 hoc
2385 1706 2399 1730 ,
2450 1677 2636 1736 utpote
2687 1670 2939 1727 labuloso
2963 1711 2979 1735 ,
3017 1674 3406 1733 lemniscorum
3450 1697 3554 1736 usu

1973 1755 2196 1822 rejecto,
2234 1758 2375 1815 alius
2402 1763 2585 1817 verior
2627 1763 3005 1837 sinceriorque
3044 1771 3415 1840 exquirendus
3444 1784 3548 1832 est.

281 1835 390 1891 duo
420 1844 670 1911 exempla
694 1846 853 1901 ,σενι
878 1867 893 1914 ;
924 1852 1133 1907 scilicet
1152 1868 1217 1908 ex
1244 1856 1456 1924 psalmo
1484 1831 1627 1920 Lm:
1646 1861 1733 1926 45’
1761 1865 1858 1917 καὶ
1903 1831 1945 1885 Β
1973 1842 2212 1901 Joannes
2245 1848 2527 1905 Cui-terius
2558 1850 2884 1911 Praelatione
2903 1857 2958 1911 in
2981 1856 3234 1932 Procopii
3272 1862 3553 1920 Commen-

281 1928 459 1999 στόμα
481 1948 583 2001 μου
606 1935 895 2005 ἀναγγελεῖ
912 1941 1009 2011 τὴν
1035 1942 1383 2019 δικαιοσύνην
1409 1964 1523 2015 σου,
1548 1950 1637 2006 ubi
1665 1953 1858 2022 adjun-

277 2023 529 2092 gebatur,
566 2028 858 2098 ἀναγγελεί
887 2033 985 2098 τὰς
1010 2035 1357 2105 δικαιοςύνας
1395 2059 1520 2096 σου·
1567 2054 1623 2100 et
1658 2050 1852 2117 psalm.

275 2125 426 2176 LnI,
462 2116 552 2179 14,
578 2120 670 2172 καὶ
694 2119 912 2191 ἔντιμον
942 2124 1002 2178 τὸ
1024 2126 1195 2197 ὄνομά
1241 2147 1343 2200 μου
1394 2131 1624 2203 ἐνώπιον
1660 2116 1852 2207 αὑτοῦ,

276 2200 393 2267 ubi,
416 2204 497 2259 ait
527 2204 884 2279 Epiphanius,
919 2217 1072 2283 prius
1102 2217 1399 2288 legebatur,
1428 2200 1769 2297 καὶ-ἔντιμον
1792 2200 1854 2283 τό

272 2293 446 2366 ὄνομα
492 2315 598 2368 μου
654 2302 713 2354 ὲν
753 2304 1054 2377 ὀφθαλμοῖς
1102 2311 1291 2364 αὑτοῦ.
1323 2312 1388 2367 Et
1445 2315 1635 2370 eodem
1673 2293 1850 2384 libro,

275 2389 467 2445 multis
497 2391 860 2463 interpositis,
892 2400 969 2453 ait
992 2402 1269 2459 lemniscis
1297 2405 1544 2477 insigniri
1567 2424 1660 2466 eas
1694 2427 1853 2469 voces

272 2494 395 2549 qua:
444 2482 503 2536 in
551 2484 760 2555 aliquot
804 2486 997 2545 LXXII
1059 2493 1411 2565 interpretum
1461 2515 1597 2555 voce
1638 2512 1849 2560 tantum

274 2585 380 2626 non
436 2588 605 2629 sensu
663 2579 897 2643 variant,
959 2591 1020 2636 ut
1054 2586 1101 2637 si
1134 2587 1281 2655 quis,
1318 2591 1467 2644 verbi
1497 2595 1669 2662 gratia
1691 2634 1707 2659 ,
1746 2610 1849 2665 pro

268 2658 534 2734 ιλάλησεν
559 2705 575 2730 ,
608 2666 757 2724 dicat
781 2713 796 2736 ,
832 2673 1152 2743 ἐφθέγξατο,
1181 2686 1235 2731 ct
1260 2693 1358 2748 pro
1386 2658 1569 2750 ἦλθέν,
1599 2658 1845 2757 ἐλήλυθε.

266 2753 577 2847 ξίρίρίηηίο
604 2763 807 2820 similia
850 2780 1038 2825 narrat
1065 2770 1367 2843 Hesychius
1403 2776 1458 2829 in
1491 2753 1692 2846 psalm.
1742 2796 1846 2847 xll,

264 2844 319 2939 6,
352 2850 447 2903 ubi
470 2852 529 2905 in
548 2851 661 2907 haec
684 2853 951 2915 Hebraica
963 2862 1126 2917 verba
1149 2847 1239 2928 ’ὃν
1256 2849 1367 2927 ⁸7123
1384 2874 1438 2926 τ)
1454 2844 1609 2929 τήνὸ

266 2938 377 2995 haec
410 2940 793 3015 interpretatio
820 2954 1064 3007 occurrit
1101 2954 1156 3008 in
1186 2954 1351 3022 LXX,
1384 2959 1536 3031 ’ᾼσω
1554 2962 1633 3034 τῷ
1657 2964 1846 3039 Κυρίῳ

259 3033 337 3105 τῷ
365 3035 792 3111 εὐεργετήσαντί
829 3061 918 3114 με,
949 3046 1044 3100 καὶ
1064 3046 1218 3117 ψαλῶ
1247 3048 1326 3120 τῷ
1360 3051 1585 3122 ὀνόματι
1606 3033 1609 3034 ν
1634 3033 1841 3128 Κυρίου

1961 1938 2155 1991 larium
2178 1939 2232 1992 in
2263 1938 2540 2009 llesaiam,
2574 1954 2729 2013 putat
2761 1946 3058 2005 lemniscos
3095 1952 3405 2023 signiﬁcare
3452 1960 3537 2012 ill-

1957 2036 2221 2098 terpretes
2280 2032 2494 2102 aliquos
2562 2036 2745 2091 verbis
2806 2043 3147 2107 convenire,
3228 2047 3542 2119 discrepare

1955 2131 2122 2175 sensu
2154 2140 2165 2188 ;
2225 2122 2668 2195 llypolemniscos
2697 2137 2919 2196 autem,
2966 2143 3022 2189 et
3054 2138 3236 2193 verbis
3276 2152 3330 2196 et
3376 2159 3542 2197 sensu

1953 2212 2287 2282 discrepare.
2316 2215 2421 2272 Sed
2451 2219 2503 2274 id
2529 2223 2700 2292 gratis
2733 2232 2788 2279 et
2814 2226 2935 2282 sine
2967 2231 3297 2287 auctoritate
3321 2233 3429 2287 ulla
3461 2237 3545 2290 di-

1954 2302 2118 2369 citur,
2146 2319 2244 2360 nec
2273 2305 2499 2377 intelligi
2527 2318 2709 2380 potest
2731 2326 2843 2381 quo
2872 2326 3031 2383 pacto
3057 2316 3319 2391 Origenes
3342 2323 3538 2379 lemni-

1953 2407 2079 2448 scos
2109 2403 2164 2448 et
2185 2395 2628 2467 hypolemniscos
2661 2402 2729 2469 ad
2758 2402 2918 2456 talem
2944 2421 3103 2462 usum
3155 2410 3533 2467 destinaverit.

1955 2486 2161 2545 Masius
2193 2507 2324 2547 vero
2358 2504 2513 2564 putat
2540 2503 2669 2551 tunc
2702 2499 2981 2568 appositos
3031 2500 3204 2557 fuisse
3239 2504 3536 2562 lemniscos

1951 2588 2007 2633 et
2034 2580 2491 2652 bypolemniscos,
2517 2598 2642 2638 cum
2675 2587 2859 2643 varias
2882 2587 3147 2645 lectiones
3184 2592 3369 2660 plures
3397 2608 3534 2664 pau-

1950 2671 2194 2727 cioresve
2240 2673 2459 2730 codices
2493 2688 2823 2733 assererent.
2859 2680 2941 2733 An
2996 2696 3127 2736 vero
3157 2684 3418 2739 credibile
3446 2696 3534 2740 est

1949 2762 2234 2833 Origenem
2266 2765 2420 2821 hisce
2458 2770 2602 2823 notis
2627 2769 2694 2823 ad
2738 2771 3074 2841 exemplaria
3119 2773 3227 2829 τῶν
3274 2782 3330 2829 U'
3374 2780 3528 2834 varia

1946 2855 2247 2922 remisisse,
2278 2865 2373 2911 aut
2397 2859 2791 2928 exemplarium
2822 2860 3086 2920 lectiones
3117 2868 3297 2923 varias
3323 2870 3378 2923 in
3406 2869 3529 2941 ipso

1948 2954 2097 3002 textu
2138 2963 2264 3003 eum
2299 2949 2449 3006 hisce
2480 2954 2625 3008 uotis
2652 2955 2994 3024 apposuisse,
3036 2973 3138 3013 nec
3175 2960 3291 3030 ipse
3329 2960 3522 3034 Orige-

1948 3054 2066 3104 nes,
2092 3056 2193 3097 nec
2218 3042 2359 3098 alius
2378 3044 2649 3114 quispiam
2678 3046 2783 3101 hoc
2800 3064 3042 3119 unquam
3068 3052 3223 3107 dixit.
3252 3052 3522 3110 Existimo

259 3124 349 3178 ιυσῦ
380 3126 631 3190 ὑψίστου.
666 3130 792 3187 Haec
818 3149 981 3204 porro
1006 3139 1191 3202 vesba,
1230 3138 1381 3210 ’ᾼσω
1417 3142 1495 3214 τῷ
1530 3124 1735 3217 Κυρίῳ*
1764 3147 1840 3219 τῷ

1975 3133 2155 3204 gitur,
2187 3137 2643 3204 quemadmodum
2689 3143 2986 3199 asteriScus
3036 3146 3103 3199 ad
3141 3149 3343 3203 omissa
3398 3165 3522 3220 qua:

258 3216 686 3290 ιΰεργετήσαντί
720 3241 824 3294 με,
881 3224 1121 3284 Cautabo
1170 3230 1393 3287 Domino
1441 3236 1532 3304 qui
1587 3216 1838 3307 benefecit

1969 3227 2342 3295 llsereballtur,
2376 3230 2706 3298 adnotanda,
2741 3242 2795 3289 et
2817 3236 3011 3294 obelus
3035 3239 3103 3294 ad
3148 3254 3213 3294 ea
3265 3256 3389 3311 qua:
3416 3216 3520 3297 tre.

258 3309 409 3375 mihi,
436 3319 609 3366 totum
645 3317 974 3373 versiculum
1004 3318 1333 3377 Hebraicum
1359 3327 1696 3396 exprimunt,
1726 3345 1838 3385 cae-
1940 3320 2277 3389 ἀυηάαδεηῑν
2305 3325 2625 3393 ἱὶιῧυιθηάλο
2661 3335 2722 3381 ut
2743 3327 2819 3381 δῖε
2852 3326 3236 3403 Hieronymus:
3281 3336 3516 3405 βυρσεῖιί

255 3413 368 3460 tera
405 3410 749 3479 redundant;
776 3429 947 3482 quare
973 3413 1269 3474 Vaticanus
1298 3420 1465 3475 codex
1512 3422 1601 3479 llic
1643 3435 1833 3482 notat:
1939 3421 2099 3479 sum;
2149 3413 2223 3469 ita
2268 3416 2592 3472 lemniscum
2645 3420 2947 3477 adhibitum
2976 3424 3166 3489 fuisse:
3227 3429 3319 3482 “bi
3369 3428 3512 3485 LXX

255 3492 327 3549 Τὸ
374 3499 479 3551 καὶ
515 3499 691 3567 ψαλῶ
730 3502 812 3568 τῷ
854 3505 1096 3574 ὀνόματι
1134 3508 1357 3575 Κυρίου
1400 3510 1509 3565 τοῦ
1541 3514 1831 3582 ὑψίστου,

1969 3516 2259 3578 nterpretes
2292 3510 2577 3567 lectionem
2599 3511 2820 3582 quidem
2869 3514 3191 3574 Hebraieam
3238 3522 3513 3592 exprime-

253 3588 346 3642 οὐκ
378 3591 561 3645 ἔκειτο
582 3596 902 3664 παρόὐδενὶ
931 3601 989 3652 ὲν
1008 3598 1087 3670 τῷ
1107 3601 1485 3673 τετραοελίδῳ,
1516 3603 1640 3658 οὔτε
1672 3609 1731 3660 ὲν
1754 3607 1832 3679 τῷ

1972 3608 2095 3666 aut;
2127 3600 2220 3657 sed
2271 3616 2379 3656 non
2416 3602 2489 3657 ita
2539 3614 2792 3660 accurate
2830 3618 2995 3679 atque
3032 3611 3289 3668 distincte
3311 3588 3335 3669 γε
3386 3631 3511 3685 qua:

250 3678 517 3737 Εὑσεείου
546 3685 642 3739 τοῦ
680 3686 1003 3758 Παμφίλου,
1047 3691 1172 3745 οὔτε
1205 3692 1264 3747 ὲν
1304 3692 1380 3765 τῷ
1424 3696 1730 3769 Ἐὒραῖκῷ·
1776 3678 1828 3755 id

1969 3706 2097 3746 ausa
2129 3700 2247 3747 erat
2279 3694 2447 3749 utilia
2472 3697 2527 3750 in
2551 3704 2697 3752 textu
2728 3678 2937 3763 relicta,
2970 3702 3139 3759 altera
3166 3720 3288 3775 qua:
3314 3678 3510 3762 meiior

247 3784 364 3829 est:
398 3774 569 3841 Illud,
600 3775 837 3833 Psallam
871 3781 1312 3837 nomininomini
1348 3785 1639 3853 altissimi,
1685 3790 1827 3860 apud
1928 3781 2234 3849 videbatur.
2268 3799 2334 3838 ex
2367 3785 2899 3858 aliisinterpretibus
2942 3794 3146 3862 petita.
3188 3774 3324 3851 huic
3369 3798 3505 3853 sub-

247 3870 507 3921 neminem
539 3871 593 3922 in
614 3871 952 3941 quadruplici
985 3877 1233 3929 columna
1268 3877 1525 3945 jacebat;
1564 3894 1740 3951 neque
1768 3885 1824 3937 in
1922 3873 2262 3944 ἱιιηεθτειυτο
2289 3874 2478 3947 Νεςυε
2500 3880 2643 3933 enim
2674 3883 2975 3951 Ρυίθηάυπι
3026 3895 3145 3951 θεῖν
3188 3886 3501 3958 θτίὲθηθηις

245 3960 477 4012 Eusebio
506 3959 797 4031 Pamphili,
828 3980 990 4036 neque
1016 3968 1070 4019 in
1093 3967 1377 4024 Hebraico.
1407 3972 1487 4027 Ibi
1512 3987 1641 4029 vero
1670 3983 1823 4030 notat
1923 3966 2104 4021 Virum
2139 3968 2431 4024 admOdum
2463 3982 2799 4037 accuratum.
2825 3975 2921 4043 qni
2945 3984 3054 4031 tam
3092 3979 3381 4050 ἀίιίεεηιετ
3413 3985 3499 4037 νει

244 4046 588 4120 Hesychius:
643 4052 843 4109 Τοῦτον
886 4056 977 4109 τὸν
1026 4058 1206 4129 στίχον
1251 4057 1346 4114 δύο
1386 4058 1562 4130 ζυγὰς
1603 4064 1710 4118 τῶν
1742 4066 1819 4120 06'

1969 4060 2197 4115 :vissima
2218 4075 2339 4129 qua:
2355 4061 2690 4119 addebantur
2711 4068 2994 4133 asterisco,
3011 4077 3066 4123 et
3092 4046 3217 4137 qua;
3232 4074 3497 4129 demenda

240 4142 590 4215 ἑρμηνευτῶν
620 4142 803 4201 εἷπον·
833 4148 966 4202 διότι
990 4151 1319 4221 παράκειται
1370 4156 1594 4225 σημεῖον
1635 4156 1699 4210 τὸ
1731 4157 1817 4213 διὰ

1969 4160 2076 4207 'ant
2108 4154 2269 4209 obelo
2297 4155 2540 4219 notabat,
2581 4159 2787 4211 nullam
2833 4160 3154 4229 apposuisse
3189 4176 3376 4219 notam
3428 4168 3496 4220 iis

238 4235 329 4289 τοῦ
369 4237 620 4307 μέλανος,
649 4237 678 4290 ὃ
699 4238 917 4306 λέγεται
951 4240 1280 4312 λημνίσκος,
1314 4243 1403 4298 διὰ
1443 4244 1543 4317 μὲν
1584 4246 1685 4316 τῆς
1727 4264 1818 4301 κε-

1969 4262 1975 4296 ι
2008 4244 2146 4299 locis
2171 4283 2187 4309 ,
2227 4259 2360 4300 sane
2387 4245 2801 4316 frequentibus,
2838 4251 2928 4305 ubi
2970 4252 3156 4307 relicta
3208 4256 3376 4325 priori
3415 4258 3493 4313 le-

240 4329 396 4400 ραίας
421 4331 523 4400 τῆς
554 4330 728 4402 μέσης
752 4332 1005 4402 σημαίνει
1030 4334 1123 4389 τὸν
1146 4336 1351 4408 στίχον,
1384 4337 1471 4392 διὰ
1494 4338 1549 4392 δὲ
1582 4338 1691 4393 τῶν
1720 4339 1813 4394 δύο

1969 4334 2097 4389 ηἰοηρ
2122 4350 2316 4391 nevam
2356 4346 2538 4393 tamen
2566 4339 2799 4395 addebat
2826 4357 2891 4396 ex
2924 4344 3110 4413 aliquo
3131 4346 3489 4416 interpretum

237 4420 506 4491 στιγμῶν,
527 4421 627 4492 τῆς
664 4421 959 4485 ὲπάνωϐεν,
996 4426 1089 4478 καὶ
1125 4424 1226 4494 τῆς
1255 4427 1545 4491 ὑποκάτω,
1580 4428 1680 4495 τὰς
1717 4430 1811 4484 δύο

1969 4436 2280 4496 esumptam.
2318 4427 2578 4501 Exempla
2609 4448 2739 4487 vero
2772 4449 2894 4503 quae
2925 4435 3263 4506 Epiphanius
3308 4438 3483 4507 aliert,

235 4509 403 4581 ξυγὰς
431 4513 538 4567 τῶν
570 4516 914 4585 ἑρμηνευτῶν
936 4518 1172 4588 ᾐνίξατο.
1201 4517 1256 4571 ld
1278 4529 1395 4574 est:
1444 4520 1598 4574 llunc
1641 4524 1806 4576 venio
1840 4508 1866 4563 Ῑ

1969 4518 2206 4572 Imodum
2231 4520 2485 4589 perplexa
2519 4531 2667 4589 sunt,
2705 4526 2776 4578 ita
2826 4535 2885 4580 ut
2913 4527 3002 4579 vix
3038 4528 3164 4581 inde
3203 4530 3485 4599 quidpiam

230 4602 408 4657 cu!um
426 4607 529 4657 duo
542 4607 697 4674 paria
710 4622 858 4659 Lxxll
875 4610 1219 4674 interpretum
1241 4623 1624 4679 expresserunt,
1643 4629 1805 4683 quare
1907 4612 2178 4679 expiscari
2203 4613 2407 4669 valeas.
2434 4612 2636 4681 Quare,
2662 4616 2728 4673 iis
2756 4619 3161 4686 praetermissis,
3186 4621 3331 4676 aliud
3358 4622 3485 4677 alie-

228 4700 528 4764 ,ρροςίηιη
574 4709 651 4755 εει
678 4703 888 4771 signa".
934 4712 1231 4757 atramento
1289 4703 1629 4771 άειίηιοιιιιηη9
1662 4707 1803 4776 quod
1906 4714 2026 4753 ram
2065 4700 2207 4755 unde
2260 4703 2441 4770 possis
2500 4704 2888 4760 lemniscorum
2942 4722 3127 4771 usum,
3176 4712 3478 4767 secundum

226 4789 429 4843 dicitur
451 4792 754 4846 lemniscus.
784 4791 888 4847 Per
918 4794 1142 4847 mediam
1173 4795 1384 4864 quidem
1422 4796 1611 4850 lineam
1636 4800 1801 4867 signi-

1969 4806 2081 4844 eam
2110 4791 2329 4860 quidem
2361 4795 2709 4859 sententiam,
2729 4799 3028 4866 percipere.
3050 4798 3252 4856 Psalm.
3288 4818 3475 4867 xxvnl,

226 4878 352 4947 ﬁent
394 4880 714 4936 versiculum
749 4900 767 4937 :
799 4900 891 4953 per
929 4886 1034 4938 duo
1074 4895 1248 4938 autem
1292 4897 1520 4954 puncta,
1571 4888 1799 4943 alterum
1901 4882 1953 4948 1,
1979 4883 2032 4935 in
2072 4881 2297 4940 Hebraeo
2324 4886 2521 4957 legitur
2550 4870 2693 4950 Dl‘m
2725 4898 2810 4948 ΒΞ
2847 4875 3001 4951 NW5
3036 4900 3165 4959 ἹΞΠ.
3211 4894 3303 4947 ubi
3334 4894 3473 4950 LXX

224 4988 387 5041 supra
407 4982 461 5025 et
484 4972 711 5027 alterum
733 4975 897 5043 infra,
925 4975 1031 5029 duo
1057 4977 1400 5046 interpretum
1433 4978 1586 5043 paria
1616 4980 1798 5032 subin-

1969 4987 2193 5043 rterant,
2229 4980 2520 5048 Ἐνὲγκατε
2550 4982 2631 5053 τῷ
2669 4985 2878 5055 Κυρίῳ,
2914 4986 3018 5038 υἱοὶ
3047 4985 3206 5043 Θεοῦ.
3258 4987 3472 5059 Reliqui

222 5061 440 5117 dicavit.
470 5061 546 5117 Ex
574 5062 880 5134 Epiphanio
903 5067 1085 5136 itaque
1110 5078 1162 5120 et
1198 5082 1264 5122 ex
1316 5066 1586 5140 llesychio
1630 5070 1795 5125 disci-

1969 5084 2025 5121 ro
2056 5069 2399 5140 interpretes,
2442 5074 2734 5143 Ἐνέγκατε
2769 5074 2847 5145 τῷ
2875 5077 3067 5149 Κυρίῳ
3096 5080 3247 5144 υἱοὺς
3272 5082 3467 5153 κριῶν.

223 5169 364 5219 mus,
393 5155 713 5211 lemniscum
740 5171 1058 5228 usurpatum
1083 5159 1269 5225 fuisse,
1296 5161 1515 5229 quando
1545 5162 1790 5230 ejusdem
1895 5154 1971 5211 lbi
2013 5157 2275 5229 Origenes
2327 5163 2612 5219 lectionem
2662 5166 2770 5219 τῶν
2824 5168 2879 5220 0'
2908 5168 3148 5239 reliquit,
3184 5174 3466 5241 pra-missa

222 5243 369 5297 vocis
404 5253 501 5299 aut
529 5245 777 5300 lociduie
804 5248 1193 5303 translationes
1229 5249 1676 5318 apponebantur,
1732 5262 1793 5307 ut
1891 5250 2140 5306 lemnisci
2168 5264 2333 5321 nota,
2364 5265 2417 5308 et
2443 5255 2674 5310 aliorum
2722 5260 3222 5327 interpretationem
3269 5264 3468 5331 adjecit.

219 5348 282 5387 ex
317 5334 408 5389 illa
454 5345 582 5391 nota
627 5336 1096 5406 distiuguerentur
1127 5357 1139 5392 :
1169 5339 1312 5407 quod
1355 5349 1534 5395 autem
1566 5342 1633 5395 de
1687 5344 1787 5396 tri-
1889 5343 2155 5397 asterisco
2182 5351 2446 5407 notatam,
2489 5347 2590 5401 hoc
2623 5360 2779 5415 pacto
2809 5354 2875 5419 »ς
2915 5353 3207 5422 Ἐνέγκατε
3240 5354 3317 5423 τῷ
3349 5356 3461 5407 Κυ-

220 5426 361 5493 ginta
392 5442 487 5481 sex
517 5428 871 5498 interpretum
897 5430 1119 5498 paribus
1144 5440 1194 5484 et
1223 5433 1289 5485 de
1321 5432 1545 5487 totidem
1578 5436 1788 5491 cellulis

1969 5452 2009 5501 ρ,
2034 5435 2139 5486 υἱοί
2165 5433 2321 5488 Θεοῦ.
2349 5450 2411 5492 -ξ-
2451 5439 2737 5506 Ἐνέγκατε
2761 5442 2838 5511 τῷ
2870 5444 3059 5516 Κυρίῳ
3084 5448 3230 5508 υἱοὺς
3245 5446 3414 5517 κριῶν
3435 5450 3456 5515 ζ

220 5513 491 5585 adjicitur,
518 5519 587 5571 ab
613 5517 944 5592 Hieronymo
969 5530 1022 5575 et
1046 5536 1075 5574 a
1109 5522 1240 5576 viris
1275 5524 1449 5579 doctis
1504 5539 1639 5594 pene
1660 5543 1782 5581 om-
1887 5527 1959 5578 ita
1986 5535 2043 5579 ut
2079 5527 2371 5583 lemniscus
2400 5532 2617 5587 doceret
2645 5549 2765 5588 eam
2800 5550 2919 5590 esse
2954 5536 3093 5589 LXX
3123 5549 3177 5592 et
3211 5536 3454 5590 Theodo-

221 5603 373 5661 nibus
394 5609 703 5678 exploditur
731 5612 895 5665 veluti
926 5623 1318 5669 commentum.
1886 5617 2049 5671 tionis
2086 5619 2370 5676 lectionem
2409 5638 2422 5674 :
2451 5624 2504 5677 id
2538 5626 2685 5679 enim
2727 5626 2835 5681 duo
2874 5637 3072 5696 puncta
3102 5629 3450 5689 denotabant.

279 5700 357 5754 Ad
414 5702 547 5767 hac,
602 5704 818 5760 videtur
874 5702 1212 5775 Epiphanius
1251 5722 1437 5763 secum
1490 5724 1776 5780 pugnare:
1882 5706 2037 5762 llune
2059 5707 2228 5765 fuisse
2249 5711 2636 5768 lemniscorum
2656 5729 2814 5770 usum
2842 5717 3035 5771 suadet
3067 5732 3230 5788 supra
3257 5717 3459 5770 allatus

216 5802 332 5843 nam
389 5792 437 5848 si
472 5794 690 5863 triginta
723 5810 818 5851 sex
876 5794 965 5849 illa
1017 5797 1172 5865 paria
1220 5799 1579 5871 interpretum
1606 5840 1622 5866 ,
1679 5801 1775 5873 qui
1880 5798 2135 5874 Hesychii
2175 5804 2358 5872 locus,
2400 5804 2490 5860 ubi
2522 5818 2656 5859 sane
2697 5821 2819 5877 qua
2857 5807 3138 5965 lemnisci;
3163 5807 3454 5863 notabatur

522 5888 794 5950 ΡΑτιιοι..
826 5888 942 5950 Gn.
981 5890 1120 5952 XV.

522 5888 794 5950 ΡΑτιιοι..
826 5888 942 5950 Gn.
981 5890 1120 5952 XV.
