4064 6262
489 403 555 456 75
1859 392 2381 452 PRJZLIMINAIUA
3699 398 3767 452 76

445 593 453 598 _
484 519 752 583 riaiisttla,
789 521 883 574 καὶ
909 518 1066 590 ψαλῶ
1090 518 1167 592 τῷ
1193 518 1419 590 ὀνόματι
1460 518 1668 591 Κυρίου
1703 503 1796 573 imi}
1827 518 2078 589 ὑψίστου,

2183 517 2287 571 siin
2319 515 2643 572 iutcrmistze
2689 522 3028 571 occurrunt:
3062 514 3156 571 sed
3196 514 3368 578 ,etiam
3423 515 3479 570 in
3527 515 3771 575 editione

482 631 595 668 non
632 614 962 668 vcrbotenus
999 611 1178 667 solum
1203 610 1489 665 di-lferehat
1517 626 1549 665 a
1580 610 1929 681 prmredeuti,
1957 608 2074 680 ᾅδω

483 705 562 776 τῷ
584 705 774 777 Κυρίῳ
796 704 874 774 τῷ
900 702 1326 776 εὐεργετήσω-τί
1384 720 1474 774 με,
1535 703 1630 757 sed
1663 718 1722 758 te
1757 710 1814 757 et
1866 716 2071 766 sensu;

485 806 655 867 atque
685 799 801 852 haec
825 795 1045 867 quidem
1069 811 1137 849 ex
1168 793 1438 851 Hebraico
1463 803 1519 849 et
1549 810 1618 849 ex
1652 795 1865 851 caneris
1906 793 2076 848 inter-

487 891 735 958 pretibus
761 897 1015 958 excerpta
1045 887 1222 942 fuerat
1248 929 1264 951 ,
1301 886 1472 942 altera
1518 903 1645 943 vero
1684 901 1751 941 ex
1797 884 1942 940 LXX
1984 903 2074 941 re-

488 989 786 1038 manserat.
835 979 962 1036 lla‘c
1015 978 1194 1036 solum
1222 979 1585 1049 conjectando
1637 977 1747 1032 diei
1786 986 2021 1048 possunt
2058 995 2074 1033 :

485 1090 614 1130 cum
642 1075 788 1129 enim
812 1073 960 1128 nullo
1003 1073 1112 1126 alio
1145 1087 1312 1142 quam
1349 1070 1656 1142 Epiphanio
1688 1068 1832 1124 duce
1878 1070 1957 1123 uti
1994 1067 2076 1124 fas

485 1170 582 1229 sit,
616 1165 801 1220 omnia
829 1173 978 1220 certe
999 1164 1229 1219 salebris
1259 1162 1416 1232 plena
1432 1171 1585 1216 sunt.
1620 1158 2078 1236 llvpolemniscus

488 1272 640 1322 vero,
663 1255 822 1325 cujus
857 1256 973 1309 lizee
1010 1253 1183 1325 ﬁgura
1216 1264 1333 1308 erat
1370 1280 1433 1307 -ι-
1472 1251 1840 1324 signiﬁcabat.
1881 1266 2081 1308 secun-

488 1351 618 1404 dum
651 1347 1039 1418 Epiphanium,
1070 1360 1139 1400 ex
1162 1359 1275 1399 uno
1309 1351 1521 1398 tantum
1553 1345 1913 1414 interpretum
1958 1342 2079 1413 pari

489 1441 777 1497 lectionetn
834 1439 1139 1510 appositam
1189 1452 1480 1502 emanare,
1524 1451 1760 1504 esseque
1803 1435 2080 1506 adjuncta:

490 1529 708 1584 lectioni
727 1527 1136 1600 συναμφὸτερον
1159 1525 1253 1580 καὶ
1273 1524 1620 1594 συνὰδελφον,
1641 1524 1695 1580 id
1720 1533 1825 1590 est,
1852 1526 2081 1581 omnino

495 1637 894 1694 synonymam;
928 1619 1011 1674 sic
1038 1617 1400 1689 Epiphanius.
1434 1615 1542 1672 Sed
1576 1618 1723 1688 quod
1755 1617 1825 1673 de
1855 1618 2081 1689 triginta

489 1731 586 1771 sex
613 1718 968 1784 interpretum
1000 1711 1228 1783 paribus
1257 1720 1314 1766 et
1346 1711 1415 1767 de
1445 1711 1670 1766 totidem
1696 1711 1911 1766 cellulis
1945 1724 2078 1764 nar-

490 1820 665 1872 ratur,
693 1809 807 1877 jam
834 1808 1145 1878 ablegatum
1175 1814 1261 1860 est
1292 1820 1310 1868 ς
1347 1819 1522 1874 quare
1563 1804 1747 1874 potius
1797 1804 2078 1858 crederem

491 1902 964 1974 hypolemniscnm
989 1909 1119 1955 tunc
1147 1897 1460 1968 appositum
1500 1894 1671 1950 fuisse
1700 1935 1715 1958 ,
1761 1911 1887 1950 cum
1915 1894 2080 1950 lectio
2112 1884 2151 1936 Β

491 1997 583 2051 illa
607 2004 791 2050 notata
837 1991 978 2048 LXX
1016 1993 1375 2061 lnterprctum
1398 1989 1578 2045 solum
1603 1997 1757 2052 erat,
1787 1988 1936 2057 quod
1966 2003 2078 2042 uno

489 2089 685 2145 subtus
737 2087 934 2142 lineam
972 2088 1153 2156 posito
1184 2092 1388 2154 puncto
1440 2078 1830 2146 indicabatur;
1880 2077 2079 2132 lemni—

487 2197 646 2240 scum
679 2194 808 2234 vero
839 2193 966 2233 cum
997 2175 1214 2232 duobus
1234 2175 1476 2247 punctis,
1511 2175 1735 2244 quando
1791 2186 1900 2226 non
1932 2168 2075 2224 LXX

487 2276 845 2344 ltiterpretum
880 2280 1118 2335 tantum,
1147 2269 1244 2324 sed
1284 2269 1450 2322 citam
1491 2263 1888 2322 Tbeodotiouis
1934 2273 2076 2318 erat.

486 2365 759 2422 Caeterum
792 2379 860 2417 ex
895 2360 1256 2417 similitudine
1301 2374 1426 2429 qua!
1472 2357 1844 2412 intercedebat
1887 2357 2079 2412 obelos

491 2460 632 2512 inter
659 2465 714 2512 et
746 2455 1040 2510 lemniscos
1064 2465 1230 2522 atque
1257 2450 1720 2524 bypolemniscos,
1758 2465 1866 2505 non
1898 2450 2076 2505 solum

490 2559 757 2619 quantum
786 2546 854 2600 ad
887 2545 1140 2608 formam,
1168 2542 1265 2596 sed
1297 2543 1465 2596 etiam
1487 2552 1755 2610 quantum
1793 2539 1861 2594 ad
1891 2555 2075 2607 usum,

490 2640 694 2695 factum
727 2649 812 2693 est
853 2645 908 2692 ut
945 2633 1192 2691 lemnisci
1217 2649 1316 2704 pro
1343 2632 1519 2689 obelis
1561 2631 1676 2687 sint
1711 2631 1903 2686 habiti.
1938 2627 2076 2686 Nam

490 2750 603 2789 uno
634 2741 862 2801 excepto
895 2727 1149 2798 llesychii
1191 2728 1313 2782 loco
1343 2741 1508 2796 supra
1558 2722 1817 2789 laudato,
1870 2724 2076 2779 nullam

488 2841 581 2880 me
611 2824 1003 2879 Iemuiscorum
1052 2820 1387 2874 mentionem
1439 2832 1472 2871 a
1503 2825 1747 2885 tempore
1791 2812 2078 2885 Epiphanii

489 2927 548 2974 et
581 2914 897 2988 Hieronymi
932 2914 1146 2982 uspiam
1205 2911 1445 2981 reperire
1476 2908 1739 2974 memini;
1786 2907 1842 2962 in
1887 2907 2080 2963 Bibliis

493 3008 704 3064 scilicet
732 3004 1154 3076 manuscriptis,
1191 3004 1246 3056 in
1291 3000 1516 3057 Catenis
1545 3010 1600 3056 et
1635 3002 1690 3055 in
1728 2996 2081 3055 Commenta-

493 3103 609 3157 riis.

493 3216 560 3275 ν.
597 3215 662 3271 In
693 3215 960 3269 hodierni:
974 3212 1299 3284 editionibu_s_
1324 3220 1372 3265 ct
1403 3227 1508 3284 me:
1526 3209 1678 3266 LXX
1698 3211 2077 3284 Interpretatur.

564 3290 734 3341 multa
765 3303 830 3339 ea:
852 3286 1086 3339 editione
1119 3283 1219 3336 illa
1251 3281 1549 3351 llexaplari
1586 3281 1862 3354 desumpta
1896 3286 2078 3355 depre-

562 3357 884 3413 henduntur.

563 3473 761 3528 Narrat
789 3470 1156 3540 Hieronymus
1185 3477 1428 3539 tempore
1451 3482 1554 3523 suo
1592 3467 1866 3525 Ecclesias
1902 3468 2084 3524 varias

491 3567 662 3621 variis
716 3562 856 3618 LXX
915 3561 1279 3632 lntcrpretum
1332 3562 1670 3618 editionibus
1728 3579 1860 3618 usas
1932 3577 2078 3618 esse.

493 3658 844 3722 Alexandria,
895 3655 1096 3725 inquit,
1124 3665 1174 3708 et
1203 3653 1498 3725 .Egyptus,
1531 3655 1588 3707 iit
1617 3651 1771 3708 LXX
1823 3656 1935 3709 suis
1968 3653 2081 3710 lle-

492 3751 735 3821 sychium
784 3748 971 3801 laudat
1017 3756 1320 3809 auctorem;
1373 3745 1865 3815 Constantinopolis
1921 3761 2082 3816 usque

496 3841 834 3898 Antiochiam
866 3837 1094 3893 Luciani
1117 3839 1369 3907 martyris
1380 3838 1703 3905 exemplaria
1730 3838 1950 3908 probat;
1976 3855 2085 3893 ote-

493 3937 600 3990 dia:
634 3936 770 3988 inter
798 3933 895 3985 has
930 3931 1212 3998 prouincia:
1263 3927 1582 3985 Palca'irtos
1611 3930 1818 3985 codices
1875 3933 2080 4002 legant,

493 4042 625 4098 quos
658 4025 724 4079 ab
762 4025 984 4093 Origene
1022 4022 1321 4075 elaborato:
1368 4020 1627 4078 Eusebius
1670 4031 1723 4076 et
1767 4021 2081 4093 Pamphilus

495 4120 836 4189 vulgaverant
867 4129 886 4169 :
913 4127 1156 4185 totusque
1190 4114 1335 4168 orbis
1387 4114 1487 4166 hac
1511 4115 1651 4167 inter
1704 4129 1760 4167 se
1806 4117 2082 4170 contraria

494 4213 749 4268 varietate
779 4216 1118 4280 compingunt.
1156 4203 1220 4259 Et
1255 4205 1308 4258 in
1331 4204 1557 4274 epistola
1585 4205 1652 4258 ad
1691 4205 2080 4273 Augustinum,

494 4322 617 4376 qua:
631 4313 715 4359 cst
743 4305 797 4358 in
837 4311 1110 4371 postrema
1143 4298 1381 4353 editione
1415 4297 1504 4360 76,
1528 4297 1828 4367 εἰρωνικῶς
1852 4301 2081 4370 loquens

496 4401 574 4454 ait
608 4417 621 4452 :
658 4395 748 4450 Vis
781 4408 992 4449 amator
1019 4409 1130 4447 esse
1154 4407 1304 4445 verus
1321 4387 1474 4444 LXX
1495 4388 1871 4460 lnterpretum,
1889 4407 1992 4446 rion
2010 4393 2060 4447 le

495 4507 589 4560 gas
612 4508 673 4544 ea
701 4505 820 4561 qua:
842 4489 939 4541 sub
965 4486 1236 4540 asteriscis
1263 4494 1386 4538 sunt
1421 4503 1440 4538 :
1477 4487 1587 4538 imo
1613 4486 1739 4539 rode
1761 4484 1828 4539 de
1858 4485 2083 4541 volunti-

2177 607 2424 663 Romana
2452 625 2561 664 non
2589 625 2778 679 pauca:
2805 607 3290 680 deprehenduntur
3325 608 3605 675 lectiones,
3644 628 3771 683 quae

2178 703 2247 756 ab
2272 700 2554 772 hexaplari
2587 703 2676 756 illa
2698 702 2937 757 editione
2965 711 3280 767 manarunt.
3314 714 3372 758 ut
3413 702 3564 760 verbi
3592 705 3770 776 gratia

2176 790 2279 848 Job
2317 809 2392 858 ix,
2428 793 2482 859 ’5,
2517 794 2569 848 in
2600 795 2715 849 haec
2743 797 2908 849 verba
2939 797 3074 860 ἐπ’
3111 793 3478 866 Symmachus
3505 805 3561 853 et
3588 789 3772 852 Theo.

2176 882 2362 953 dotio,
2389 885 2452 940 οὐ
2482 884 2559 958 μὴ
2589 887 2872 958 ὑπακούσῃ
2907 887 3056 957 αὐτῷ
3076 927 3090 949 ,
3118 904 3240 956 qua:
3259 887 3421 942 lectio
3444 888 3499 944 in
3529 887 3774 945 editione

2180 978 2461 1049 licxaplari
2515 981 2691 1049 posita
2723 977 2923 1045 fuerat,
2949 982 3077 1049 quia
3117 979 3299 1048 prisca
3354 979 3462 1032 τῶν
3495 981 3549 1034 α
3600 981 3775 1036 inter-

2178 1072 2434 1140 pretatio,
2492 1068 2579 1123 ἵνα
2617 1054 2691 1141 μὴ
2721 1069 2974 1143 ἀντείπῃ,
3010 1056 3118 1125 ιιοίι
3166 1071 3303 1124 satis
3354 1068 3720 1124 conveniebat
3752 1083 3770 1121 :

2182 1171 2416 1233 utraque
2446 1172 2628 1217 tamen
2653 1162 2833 1218 versio
2857 1162 2911 1216 in
2944 1171 3092 1216 textu
3119 1162 3309 1218 relicta
3327 1170 3433 1227 est,
3468 1163 3539 1216 ita
3567 1171 3629 1218 ut
3646 1177 3776 1233 qua

2178 1252 2408 1324 przeibat
2432 1253 2750 1324 Symmachi
2771 1261 2826 1307 et
2852 1252 3267 1314 'l‘licodotionis.
3297 1255 3562 1310 asterisco
3607 1264 3774 1310 nota-

2179 1352 2350 1409 retur,
2385 1345 2558 1398 altera
2591 1357 2718 1397 vero
2755 1343 3042 1409 lemnisco,
3083 1354 3143 1396 ut
3193 1345 3412 1414 quidem
3463 1345 3722 1403 existimo
3757 1364 3772 1398 ;

2178 1434 2376 1490 deinde
2404 1433 2666 1506 neglectis
2698 1434 2969 1497 asteriris,
3007 1436 3180 1488 amle
3208 1434 3467 1492 lectiones
3494 1452 3780 1492 remanse-

2178 1536 2309 1582 runt
2332 1525 2432 1594 sic,
2479 1526 2541 1580 οὐ
2573 1527 2648 1597 μὴ
2683 1527 2969 1601 ὑπακθύσῃ
2996 1525 3165 1598 αὐτῷ,
3195 1517 3283 1581 ina
3304 1512 3387 1599 pi}
3422 1530 3672 1604 ἀντείπῃ.
3708 1528 3778 1585 Et

2181 1618 2378 1690 psalm.
2410 1634 2546 1683 xvii,
2583 1618 2675 1680 56,
2721 1619 2834 1673 haec
2881 1621 3042 1673 verba
3066 1627 3238 1678 nam
3273 1630 3467 1701 1mm
3493 1619 3634 1674 LXX
3651 1637 3778 1677 νει-

2182 1719 2381 1774 terant,
2409 1710 2555 1780 καὶὴ
2586 1710 2805 1764 παιδεία
2830 1726 2923 1763 σου
2967 1708 3259 1781 ἀνώρθωςέ
3315 1728 3406 1780 με,
3465 1711 3779 1770 Tlieodotio

2181 1813 2387 1869 autem,
2417 1802 2509 1856 καὶ
2530 1805 2565 1874 ἡ
2591 1801 2807 1856 παιδεία
2840 1819 2932 1855 σου
2974 1804 3110 1874 αὐτή
3158 1820 3224 1873 με
3268 1801 3502 1871 διδάξει·
3540 1815 3778 1876 utraque

2181 1904 2364 1949 autem
2397 1893 2558 1949 lectio
2592 1894 2954 1963 inliexaplari
3008 1895 3097 1948 illa
3157 1896 3397 1951 editione
3463 1899 3661 1966 posita,
3719 1900 3777 1954 in

2182 1985 2462 2041 liodiernis
2494 1983 2690 2040 Bibliis
2721 1987 3060 2056 eonjunctim
3095 1987 3313 2058 legitur.
3359 1988 3570 2045 Similia
3601 1992 3778 2046 multa

2181 2074 2493 2146 frequenter
2523 2085 2846 2133 occurrunt.

2252 2192 2309 2246 In
2335 2192 2662 2248 Ecclesiaste
2687 2210 2816 2247 vero
2868 2197 2965 2248 σὺν
2988 2194 3326 2265 ιιτωρυεὶιίο,
3343 2211 3450 2264 qua
3463 2195 3779 2266 exprimere

2181 2287 2391 2343 solebat
2420 2288 2614 2357 Aquila
2640 2288 2962 2358 particulam
2986 2286 3306 2343 llehraicam
3331 2299 3435 2352 me,
3464 2299 3648 2343 notam
3682 2305 3780 2343 ac-

2182 2380 2414 2434 cusativi
2450 2395 2635 2444 casus,
2661 2395 2939 2450 quamque
2967 2380 3232 2452 Origenes
3277 2383 3332 2435 in
3368 2382 3646 2452 liexaplari
3683 2383 3778 2437 illa

2181 2469 2422 2525 editione
2441 2472 2726 2540 praemisso
2751 2473 3040 2535 asterisco,
3073 2471 3248 2526 sicubi
3293 2483 3633 2540 occurreret,
3663 2487 3759 2542 po.

2182 2571 2387 2626 suerat,
2420 2579 2526 2617 non
2556 2563 2932 2633 iulreqnenter
2990 2565 3258 2634 reperitur
3290 2567 3343 2618 in
3384 2566 3625 2621 editione
3661 2565 3780 2619 Ilo-

2183 2668 2367 2708 mana.
2396 2653 2489 2708 Sic
2516 2669 2637 2723 cap.
2667 2671 2728 2717 tt,
2763 2671 2814 2707 ν.
2848 2655 2936 2721 l7,
2967 2655 3064 2709 καὶ
3086 2656 3324 2726 ἐμίσησα
3365 2658 3462 2709 σὺν
3491 2655 3778 2726 τὴνζωὴν,

2182 2753 2238 2800 et
2262 2760 2382 2815 cap.
2427 2760 2511 2810 tit,
2541 2761 2596 2802 v.
2633 2745 2721 2812 Π,
2757 2749 2855 2800 σὺν
2874 2748 2962 2800 τὸν
2982 2749 3191 2803 δίκαιον
3223 2751 3320 2804 καὶ
3355 2751 3452 2804 σὺν
3484 2751 3574 2804 τὸν
3598 2749 3780 2822 ἀσεϐῆ

2184 2841 2362 2910 κρινεῖ
2401 2838 2433 2890 ὁ
2477 2837 2633 2900 Θεὸς.
2679 2851 2734 2894 et
2788 2839 2988 2894 similia
3032 2842 3304 2909 tlumdam.
3347 2841 3538 2911 Capite
3587 2851 3778 2896 ante.

2181 2945 2304 2994 xtl,
2363 2944 2509 2986 vers.
2562 2930 2666 2991 25.
2721 2930 3025 2986 clausulam
3086 2945 3154 2986 ex
3223 2932 3417 3002 Aquila
3463 2933 3517 2986 in
3572 2934 3777 2988 editio-

2184 3037 2310 3078 nem
2337 3021 2447 3076 τῶν
2485 3021 2544 3076 0'
2572 3022 2842 3077 invectam
2873 3023 3356 3092 deprehendimus,
3383 3035 3440 3078 ut
3488 3026 3672 3080 videas
3719 3027 3777 3081 in

2184 3125 2314 3172 nota
2345 3115 2567 3171 ibidem.
2597 3115 2676 3170 Ex
2701 3116 2784 3171 his
2826 3132 2989 3186 porro
3029 3119 3422 3173 mutationibus
3475 3121 3656 3175 creuit
3717 3131 3780 3174 ut

2184 3208 2355 3264 editio
2383 3207 2525 3260 LXX
2577 3207 2934 3276 lnterpretum
2992 3225 3126 3278 pura
3159 3220 3213 3264 et
3260 3211 3438 3278 qualis
3488 3221 3773 3266 eratante

2183 3297 2499 3371 Origenem,
2520 3299 2725 3355 frustra
2747 3310 3025 3370 quaaratur
3046 3301 3228 3355 hodie.
3273 3302 3412 3358 llinc
3445 3305 3577 3358 item
3625 3306 3778 3359 aeri-

2183 3392 2265 3447 dit
2299 3402 2358 3446 ut
2376 3391 2585 3446 librarii
2614 3391 2745 3447 dum
2771 3393 3099 3462 exemplaria
3135 3392 3276 3446 UXX
3295 3393 3654 3465 luterpretum
3677 3411 3776 3449 ex-

2184 3483 2510 3547 scribcrent,
2545 3483 2683 3538 alias
2715 3484 2976 3538 lectiones
2997 3483 3308 3553 prielixoO‘
3338 3497 3489 3551 nota,
3522 3486 3778 3542 videlicet

2183 3573 2326 3629 LXX
2355 3573 2740 3644 loterpretutn,
2769 3577 2822 3630 in
2845 3577 3092 3647 margine
3117 3587 3404 3644 notarent;
3457 3579 3532 3632 ita
3576 3589 3642 3633 ut
3667 3582 3778 3633 mi-

2184 3681 2292 3722 nus
2318 3667 2477 3737 periti
2511 3682 2691 3722 rerum
2721 3666 3036 3738 huiusmodi
3060 3670 3331 3724 mirentur
3374 3672 3466 3725 ubi
3494 3667 3635 3726 LXX
3679 3669 3776 3725 ln-

2184 3768 2483 3829 terpretum
2510 3767 2693 3814 textus
2715 3761 3027 3830 exscriptus
3055 3771 3160 3829 est,
3185 3763 3240 3816 in
3290 3765 3538 3835 margine
3589 3765 3773 3820 notari

2183 3851 2327 3906 LXX
2353 3855 2684 3923 lnterpretes
2704 3854 2813 3908 alio
2844 3855 3010 3909 modo
3034 3854 3230 3926 legere.

2185 4008 2274 4063 Vl.
2310 4008 2385 4060 De
2439 4009 2846 4080 mutationibus
2880 4025 2996 4078 qua:
3042 4010 3106 4063 ab
3151 4009 3393 4080 Origem'r
3447 4021 3675 4080 tempore
3716 4013 3776 4067 in

2326 4081 2580 4133 editiones
2627 4078 2775 4134 LXX
2817 4078 3175 4150 Interpretum
3203 4078 3434 4137 adverto:
3467 4078 3612 4138 sunt.

2255 4215 2566 4286 Saepissime
2597 4218 2786 4279 etiam,
2846 4218 3145 4286 praesertim
3195 4218 3334 4271 libro
3385 4215 3660 4283 iudicum,
3716 4220 3773 4273 in

2182 4307 2464 4362 codicibus
2489 4307 2855 4371 Coisliniauo,
2874 4307 3076 4361 uneiali
3127 4309 3442 4362 charactere
3469 4308 3771 4379 descripto.

2181 4407 2237 4454 et
2269 4395 2578 4460 Basiliensi.
2604 4397 2767 4452 varie
2788 4397 3045 4453 lectiones
3081 4398 3135 4451 in
3164 4399 3408 4469 margine
3447 4400 3770 4454 scribuntur

2180 4505 2309 4544 cum
2332 4497 2461 4543 nota
2487 4489 2627 4552 0'0,
2658 4489 2788 4558 quia
2813 4489 3021 4544 scilicet
3047 4506 3115 4544 ex
3147 4487 3518 4545 Theodotione
3564 4491 3616 4544 in
3647 4495 3769 4546 edi-

497 4583 674 4642 nibus,
705 4587 1006 4632 inveterato
1039 4584 1088 4628 te
1101 4577 1366 4644 [antorem
1384 4575 1591 4645 probes.
1616 4574 1771 4640 Quod
1799 4581 1844 4631 si
1867 4578 2078 4646 feceris,
2117 4604 2160 4659 υ
2186 4582 2390 4634 tionem
2447 4580 2557 4638 τῶν
2581 4581 2636 4632 0'
2668 4595 2794 4634 eum
2818 4580 3099 4634 asteriscis
3133 4580 3202 4633 ab
3249 4576 3484 4651 Origene
3541 4580 3771 4635 invecta-

497 4674 734 4724 omnium
773 4668 1128 4722 Ecclesium":
1158 4666 1506 4720 bibliothecas
1565 4667 1821 4722 damnare
1855 4669 2077 4739 cogeris.

510 4759 612 4814 Vix
638 4762 779 4814 enim
814 4775 949 4813 unus
971 4767 1066 4812 aut
1087 4757 1225 4810 alter
1263 4757 1562 4812 irweniatar
1584 4757 1717 4811 liber
1736 4760 1826 4828 qui
1850 4760 1955 4814 ista
1977 4776 2081 4813 non

499 4851 708 4905 habeat.
736 4848 873 4903 llinc
892 4848 1190 4902 ediscimus
1219 4846 1333 4918 jam
1369 4862 1486 4902 aevo
1532 4844 1849 4919 llierunyinl
1900 4863 2084 4904 exem-

499 4945 670 5015 plaria
695 4939 835 4996 LXX
880 4939 1238 5008 lnterpretum
1290 4939 1578 4993 innumera
1621 4949 1678 4995 et
1705 4940 1987 4995 asteriscis
2029 4948 2086 4995 et

497 5036 886 5091 cbelisonusta
917 5031 1088 5085 fuisse
1125 5047 1136 5082 :
1163 5046 1286 5100 qua:
1305 5029 1648 5100 Origeniana:
1673 5041 1812 5085 uotae
1836 5031 1890 5086 in
1912 5031 2085 5102 pluri-

501 5127 607 5183 mis
635 5123 1045 5194 exemplaribus
1077 5122 1470 5192 manuscriptis
1491 5120 1694 5177 Graecis
1713 5123 1839 5177 hinc
1867 5134 1920 5178 et
1938 5123 2064 5179 inde

499 5233 706 5290 sparsa:
741 5215 1011 5286 hodieque
1055 5214 1455 5279 observantur;
1502 5214 1611 5269 imo
1637 5215 1800 5268 etiam
1836 5213 1890 5268 in
1944 5229 2083 5270 non-

502 5311 665 5367 nullis
695 5308 927 5371 Latinis,
959 5306 1198 5361 maxime
1233 5305 1288 5359 in
1323 5304 1477 5359 libris
1505 5302 1610 5360 Job
1636 5315 1691 5360 et
1711 5303 2077 5361 Psalmorurn.

499 5403 578 5458 Ex
591 5399 932 5458 editioncilla
951 5398 1228 5470 bexaplari
1245 5398 1416 5452 multa
1435 5396 1490 5450 in
1509 5398 1801 5451 liodiernas
1813 5396 2082 5452 editiones

497 5493 822 5548 transmissa
868 5487 1366 5560 deprehenduntur.
1401 5484 1511 5541 Nec
1542 5489 1736 5556 loquor
1766 5497 1976 5541 tantum
2003 5485 2082 5552 de

496 5579 867 5637 Alexandrino
887 5577 1098 5642 codice,
1121 5577 1214 5645 qui
1241 5577 1537 5631 editionem
1559 5576 1705 5630 illam
1729 5574 2080 5644 hexaplarem

500 5692 636 5745 [tene
666 5675 935 5745 sequitur,
968 5682 1028 5727 ut
1056 5673 1240 5728 videre
1267 5681 1352 5727 est
1387 5671 1685 5741 praesertim
1731 5671 1786 5725 in
1822 5671 1961 5725 libro
1983 5667 2079 5725 Ju-

498 5769 723 5830 dieutn;
760 5782 858 5820 nec
887 5767 954 5821 de
991 5766 1229 5821 editione
1272 5764 1667 5835 Complutensi,
1701 5763 1791 5817 ubi
1843 5763 2078 5820 aliorum

496 5862 854 5929 interpretum
891 5857 1168 5923 let-tiones,
1208 5858 1550 5928 maximeque
1583 5856 1918 5927 Symmachi,
1949 5871 2076 5928 pas-

2186 4669 2422 4725 fueraut.
2446 4670 2559 4724 lmu
2592 4672 2759 4725 etiam
2785 4670 2925 4726 libro
2951 4668 3206 4724 Judicuni
3249 4687 3323 4734 vi,
3361 4669 3417 4733 8,
3470 4681 3580 4727 tres
3622 4670 3770 4728 LXX

2186 4765 2549 4832 lnterpretum
2573 4763 2836 4818 lectiones
2855 4777 2953 4832 pro
2979 4779 3090 4816 uno
3105 4763 3406 4834 eodemque
3433 4764 3555 4818 loco
3576 4766 3769 4820 obser-

2184 4862 2401 4907 vantur.
2433 4851 2634 4906 Prmter
2662 4867 2784 4906 eam
2818 4853 2986 4917 enim,
3007 4852 3074 4906 de
3099 4869 3205 4922 qua
3260 4855 3496 4924 egimus,
3533 4857 3770 4912 varieta-

2186 4944 2256 4999 tis
2280 4960 2526 5008 causam,
2550 4943 2672 4999 alia:
2701 4944 2885 4998 multa!
2920 4943 3064 4998 haud
3097 4943 3261 4999 dubie
3281 4946 3628 5000 exstiterunt.
3657 4945 3770 5003 Nec

2186 5036 2364 5107 potuit
2391 5037 2548 5090 aliter
2584 5035 2803 5090 evenire
2833 5035 2888 5088 in
2921 5033 3064 5088 libro
3090 5034 3251 5090 toties
3277 5034 3578 5104 descripto;
3606 5035 3770 5106 cujus

2186 5135 2266 5183 tot
2299 5127 2449 5183 varia
2482 5127 2538 5182 in
2569 5126 2804 5181 diversis
2822 5124 3136 5196 regionibus
3166 5124 3498 5193 exemplaria
3515 5125 3770 5181 fereban-

2187 5230 2306 5275 tur:
2331 5236 2457 5274 nam
2477 5235 2544 5274 ex
2569 5220 2672 5273 alia
2704 5219 2942 5274 editione
2973 5217 3026 5270 in
3052 5218 3217 5271 aliam
3239 5217 3504 5272 lectiones
3522 5232 3766 5288 persaepe

2185 5312 2461 5367 translata:
2495 5319 2645 5368 sunt.
2693 5311 2808 5365 Non
2856 5324 2983 5365 raro
3025 5311 3190 5366 etiam
3226 5310 3493 5382 contingit
3534 5321 3595 5366 ut
3642 5311 3764 5365 loca

2182 5419 2251 5460 ex
2275 5404 2515 5460 editione
2566 5403 2676 5458 τῶν
2704 5405 2760 5457 0'
2789 5404 3086 5460 atl'erantur
3115 5403 3199 5457 vel
3226 5417 3258 5458 a
3284 5403 3647 5472 scriptoribus
3675 5405 3764 5458 vel

2183 5512 2216 5551 a
2243 5496 2573 5563 scholiaStis,
2619 5496 2714 5566 qui
2743 5494 2856 5566 jam
2884 5496 2940 5550 in
2978 5510 3042 5549 ea
3085 5510 3195 5550 non
3237 5503 3575 5564 comparent,
3631 5499 3762 5563 quia

2182 5601 2382 5654 nempe
2406 5585 2495 5640 illa
2526 5585 2900 5656 supplementa
2938 5601 3061 5654 quae
3089 5599 3216 5640 cum
3269 5584 3551 5639 asteriscis
3575 5585 3763 5640 addita

2184 5677 2427 5742 fuerunt,
2461 5678 2515 5732 in
2540 5678 2748 5750 aliquot
2775 5676 3110 5748 exemplaria
3137 5675 3348 5732 invecta
3379 5684 3529 5742 sunt,
3563 5675 3617 5730 in
3655 5677 3765 5734 alia

2183 5784 2290 5825 non
2319 5769 2468 5826 item.
