4064 6262
261 334 321 391 77
1479 329 1551 384 ΙΝ
1591 326 1829 383 ΙΙΕΧΛΡ]

1949 327 2297 386 ORIGENIS.
3442 335 3514 390 78

262 445 357 504 Vll.
388 447 458 502 De
487 447 553 500 iis
593 447 757 500 etiam
794 445 1346 522 mutationil.»ns,_qu_m
1375 462 1439 502 ex
1483 444 1834 500 similitudine
1862 450 1906 508 Α
1938 445 2088 516 pater
2129 456 2391 519 posuerat
2441 445 2708 520 Origenes
2751 447 2808 504 in
2855 448 3166 522 Tetraplis,
3210 462 3268 508 ut
3313 451 3510 507 ibidem

443 522 804 590 quarumdam
828 518 1132 571 lillerttrunt
1159 519 1412 572 admissa:
1431 529 1576 574 sunt.

319 627 451 684 Inter
471 629 780 698 praecipuas
818 640 1004 682 autem
1034 626 1386 693 varietatum,
1410 629 1607 697 qua:in
1639 643 1813 682 exciu-

253 718 475 792 plaribus
531 718 642 772 τῶν
675 721 735 772 0'
761 720 1142 782 observantur,
1173 735 1393 785 causas,
1440 720 1621 774 locum
1660 721 1824 775 habet

256 808 334 861 illa
354 807 652 861 litterarum
677 806 995 862 Graecarum
1029 807 1170 860 inter
1194 823 1252 862 se
1283 808 1546 862 similiqu
1563 808 1825 878 frequens

253 898 606 954 commulatio.
632 895 774 951 Nam
805 912 930 951 cum
959 896 1212 966 Origr-nis
1245 910 1487 967 tempore
1535 910 1589 953 et
1613 901 1824 970 aliquot

253 1001 419 1062 postea
445 991 686 1055 saeculis,
715 1006 908 1046 ornnes
938 990 1126 1045 Biblici
1172 992 1294 1046 libri
1318 992 1517 1047 nneiali
1542 993 1824 1048 characte-

253 1098 306 1138 re
327 1083 436 1138 sine
459 1085 780 1140 accentibus
803 1093 856 1138 et
889 1085 1176 1153 spiritibus
1210 1086 1603 1152 scriberentur,
1636 1102 1701 1143 ae
1729 1089 1821 1143 lit-

253 1186 368 1229 terae
391 1175 640 1244 plurima:
675 1175 818 1232 inter
849 1192 908 1231 se
934 1177 1005 1230 ita
1031 1177 1239 1231 similes
1260 1187 1469 1241 essent,
1503 1188 1563 1232 ut
1592 1180 1682 1234 vix
1713 1181 1825 1234 dis-

252 1267 407 1338 tingui
456 1280 706 1339 possent,
738 1270 867 1323 hinc
894 1271 1126 1341 contigit
1157 1278 1217 1323 ut
1244 1286 1386 1340 saepe
1409 1286 1520 1326 una
1562 1287 1664 1342 pro
1715 1273 1823 1329 alia

252 1359 689 1415 substitueretur:
713 1363 857 1415 unde
885 1363 1470 1431 magnadiversitatum
1499 1365 1634 1419 silva
1664 1381 1824 1421 exor-

250 1459 297 1504 ta
324 1459 418 1507 est.
457 1450 552 1506 liae
585 1467 718 1507 vero
741 1453 980 1507 maxime
1004 1454 1198 1508 littera:
1241 1455 1382 1508 inter
1407 1470 1465 1509 se
1493 1455 1824 1509 commutari

250 1543 476 1597 solebant
495 1546 560 1605 Α,
596 1545 663 1607 Δ,
686 1545 751 1607 Δ,
782 1561 837 1608 α,
872 1545 927 1609 δ,
953 1544 1003 1609 λ,
1023 1553 1078 1599 et
1094 1546 1156 1608 E,
1179 1544 1247 1608 Θ,
1274 1547 1339 1609 0,
1383 1562 1434 1609 ε,
1457 1545 1510 1610 θ,
1564 1564 1615 1611 σ,
1644 1558 1699 1603 et
1719 1548 1821 1602 ali-

249 1633 520 1703 quandoM
546 1645 604 1687 et
630 1634 707 1712 Ν,
744 1650 979 1705 quarum
1023 1636 1270 1690 omnium
1331 1637 1697 1693 mutationum
1754 1653 1820 1694 ex

250 1725 417 1779 multis
445 1741 619 1794 pauca
653 1726 746 1779 hic
769 1725 1019 1795 exempla
1054 1724 1408 1797 proferimus.

309 1823 349 1875 Δ
370 1824 421 1876 in
445 1826 503 1877 Δ.
536 1821 718 1892 Hujus
734 1823 1056 1878 mutationis
1073 1824 1421 1894 perspicuum
1438 1823 1601 1878 habet
1626 1838 1817 1878 exem-
1851 1799 1897 1858 Β

247 1914 379 1983 plum
405 1913 776 1985 Hieronymus
806 1913 1201 1970 Commentario
1221 1913 1489 1969 hilarem.
1521 1931 1642 1986 cap.
1671 1931 1819 1981 χιιι,

247 2007 398 2077 i.l7,
435 2007 525 2061 ubi
556 2023 749 2062 vocem
798 2014 999 2070 ειν-ινιτ)
1041 2006 1348 2062 Theodotio
1411 2009 1680 2081 σουαρεὶμ
1727 2024 1824 2064 ex-

247 2111 527 2168 presserat,
558 2098 764 2153 deinde
795 2115 929 2152 vero
969 2099 1320 2153 librariorum
1359 2115 1548 2155 errore
1591 2101 1643 2155 in
1696 2117 1823 2154 cou-

1927 540 2284 607 adnotamus;
2334 541 2463 610 quia
2489 541 2742 598 videlicet
2768 542 2926 598 lectio
2946 544 3036 598 illa
3064 542 3254 598 vitiata
3280 544 3508 613 βασιλεῖ,

1926 632 2169 687 nondum
2234 633 2289 686 in
2325 634 2655 702 exemplaria
2711 635 2924 706 quibus,
2943 652 3080 690 usus
3110 645 3196 690 est
3227 637 3511 709 Origenes,

1927 730 2264 777 nianaveral.
2282 719 2428 776 Psal.
2451 737 2635 786 cum,
2667 739 2717 776 v.
2753 723 2839 789 l5,
2872 740 3061 778 vocem
3083 734 3219 784 rm:
3239 737 3512 782 verterant

1926 811 2066 866 LXX
2103 814 2426 882 lnterprctcs
2453 815 2651 885 θήραν,
2681 816 3026 877 venationem,
3053 826 3219 886 atque
3248 817 3322 872 ita
3382 817 3514 889 legit

1923 907 2279 969 Athanasius,
2315 903 2684 976 Hieronymus
2703 921 2923 977 quoque
2949 909 3277 962 venationem
3300 912 3476 980 ;Aqui
3495 940 3510 951 -

1925 997 1998 1057 la,
2059 996 2432 1069 ἐπισιτισμὸν,
2467 999 2675 1061 cibum;
2724 997 3051 1064 Theodotio,
3109 998 3304 1070 θήραν,
3364 1010 3512 1057 utet

1925 1088 2104 1156 LXX;
2138 1107 2260 1160 quae
2285 1091 2445 1145 lectio
2475 1088 2776 1144 secundum
2801 1091 2916 1146 lucc
2951 1106 3017 1145 ex
3041 1091 3398 1147 similitudine
3425 1110 3510 1148 so-

1922 1185 1978 1235 ni
2007 1193 2214 1237 mutata
2241 1193 2326 1238 est
2359 1184 2413 1237 in
2433 1185 2630 1255 χήραν,
2663 1185 2896 1248 viduam,
2923 1194 2979 1238 et
3016 1184 3282 1241 hactenus
3315 1189 3398 1243 sic
3427 1189 3506 1242 le-

1921 1275 2069 1342 gitur
2101 1274 2156 1327 in
2190 1276 2422 1344 vulgatis
2445 1276 2870 1344 exemplaribus.
2904 1276 3034 1331 Item
3070 1275 3233 1332 llcsai
3277 1296 3386 1344 MV,
3416 1281 3508 1342 2|.

1925 1367 2016 1420 ubi
2045 1366 2098 1419 in
2127 1365 2354 1420 Hebrum
2377 1367 2568 1434 legitur
2587 1372 2750 1431 my,
2773 1365 2938 1432 LXX,
2964 1369 3191 1432 πόλεων,
3221 1380 3277 1426 ιιι
3303 1373 3508 1441 liquet:

1922 1467 2218 1527 posteaque
2236 1458 2441 1512 πόλεων
2459 1458 2512 1511 in
2533 1458 3070 1529 uoléuwvmutatum
3088 1471 3190 1517 est.
3209 1463 3330 1518 Alia
3353 1468 3511 1534 longe

1923 1547 2080 1618 plura
2109 1547 2196 1602 his
2233 1547 2432 1602 addere
2472 1564 2781 1617 possemus,
2833 1564 3023 1604 verum
3078 1551 3194 1607 haec
3239 1566 3400 1610 ciunt
3439 1557 3509 1610 ιι]

1921 1653 2162 1710 praesens
2185 1639 2491 1694 institutum
2518 1640 2671 1694 satis.

1927 1750 2060 1806 VIII.
2095 1751 2170 1805 De
2201 1753 2544 1807 distinctione
2589 1756 2824 1824 capitum
2856 1767 2904 1809 et
2945 1759 3325 1813 versiculorum
3368 1761 3512 1816 auti-

2474 1825 2654 1894 quittts
2690 1837 2970 1896 usurpata.

1995 1912 2287 1969 Distinetio
2310 1914 2551 1984 capitum
2577 1915 2707 1970 olim
2740 1933 2840 1971 nec
2867 1918 3141 1973 hodierna:
3169 1921 3389 1980 similis.
3412 1937 3515 1978 nec

1926 2021 2034 2061 una
2063 2006 2184 2060 l'uit.
2215 2005 2407 2075 Capita
2437 2008 2598 2077 longe
2630 2010 2842 2064 minora
2886 2010 3166 2066 hodiernis
3194 2023 3384 2080 erant;
3410 2031 3480 2070 cu

1921 2096 2014 2168 jus
2044 2098 2121 2151 rei
2165 2097 2477 2167 exemplum
2507 2099 2676 2154 habes
2704 2098 2846 2154 infra
2888 2099 3254 2156 Numerorum
3307 2119 3384 2170 tv,
3413 2104 3512 2172 εὖ,

243 2190 408 2261 epeia,
443 2199 660 2245 mutato
681 2191 802 2244 Ain
824 2193 864 2243 Δ
899 2206 1120 2246 versum
1153 2190 1366 2257 fuerat;
1393 2209 1501 2263 qua
1527 2192 1594 2248 de
1620 2209 1677 2248 re
1702 2191 1827 2249 llie-
1928 2191 1983 2244 in
2015 2200 2167 2257 nota,
2199 2205 2266 2244 ex
2314 2188 2572 2245 omnibus
2618 2190 2826 2246 catenis
2870 2207 3006 2247 mss.
3036 2192 3347 2262 desumpta.
3391 2211 3516 2264 qua:

246 2296 528 2354 ronymus:
570 2281 722 2347 Quas
757 2280 1044 2336 Tlteodotio
1068 2287 1442 2352 interpretatus
1471 2295 1573 2350 est,
1629 2284 1823 2339 Sudri-

1927 2283 2008 2338 sic
2037 2283 2200 2337 habet
2220 2301 2235 2338 :
2255 2284 2329 2336 Τὸ
2350 2282 2773 2360 Σαμαρειτικὸν,
2795 2284 3222 2352 ἐπίσπαστρον
3237 2287 3350 2354 ,καὶ
3381 2285 3516 2356 δέρ-

246 2387 442 2428 nas.....
465 2390 592 2444 que
610 2374 875 2428 llebraice
892 2375 1229 2444 appellantur
1253 2393 1469 2441 suanm,
1490 2377 1581 2429 sed
1603 2382 1826 2446 scripto-

1927 2392 2082 2445 ματα
2117 2375 2436 2430 ὑακίνθιναι
2459 2392 2474 2406 ⁶
2514 2377 2670 2430 artua
2696 2376 2850 2430 καλεῖ
2879 2376 2940 2430 τὸ
2962 2375 3005 2444 ξ’
3032 2377 3330 2447 κεφάλαιον
3361 2377 3515 2441 Ἐξό-

248 2483 356 2520 rum
380 2469 504 2521 ritio
520 2484 620 2537 pro
640 2467 814 2520 media
835 2468 1066 2535 syllaba,
1084 2470 1191 2522 sive
1209 2468 1390 2522 littera
1408 2471 1566 2538 alpha
1583 2468 1828 2523 Gra'cum
1926 2467 2016 2519 δου
2049 2465 2352 2536 διφθέρας.
2385 2465 2769 2522 Samariticum
2795 2465 2973 2535 habet,
2999 2468 3297 2522 tentorium
3325 2478 3381 2523 et
3408 2470 3517 2532 pcl-

245 2557 374 2611 delta
415 2559 651 2612 inolevit.
692 2553 946 2611 Iudicum
977 2572 1097 2626 cap.
1128 2573 1201 2624 ιιι,
1231 2558 1319 2623 3|,
1366 2559 1456 2612 ubi
1499 2557 1825 2614 llebraieum
1929 2560 2008 2615 les
2056 2560 2478 2631 hyacinthinus:
2527 2575 2646 2631 quin
2693 2560 2863 2627 capite
2913 2575 2982 2614 ιι
3032 2557 3210 2613 Exodi
3260 2573 3515 2615 vorantur

245 2648 394 2703 habet
419 2658 548 2713 my,
581 2645 728 2701 LXX
753 2647 938 2718 Δινάχ,
972 2647 1255 2715 mendose,
1277 2663 1378 2718 pro
1404 2649 1594 2716 Αξνάθ,
1645 2659 1826 2704 muta-
1929 2651 2251 2724 diphthem.
2281 2651 2341 2706 In
2375 2651 2560 2708 Exodo
2584 2653 2946 2723 quadraginta
2994 2653 3174 2706 solum
3201 2652 3384 2722 capita
3417 2654 3517 2705 ha-

244 2749 296 2794 to
318 2742 361 2793 Δ
387 2741 438 2794 in
459 2743 535 2806 Δς
566 2741 714 2795 alius
735 2739 924 2803 Λινὰο,
961 2750 1170 2796 niutato
1191 2742 1234 2795 Δ
1265 2742 1318 2795 in
1350 2743 1430 2806 A;
1459 2741 1598 2797 alius
1640 2741 1825 2805 uno,
1933 2744 2154 2809 bentur,
2184 2743 2448 2814 locusque
2474 2743 2562 2797 hic
2597 2743 2797 2798 citatus
2829 2751 3009 2797 exstat
3041 2742 3098 2798 in
3135 2743 3314 2814 capite
3347 2759 3516 2798 nam

243 2835 445 2890 melius.
472 2834 538 2888 Et
569 2832 827 2888 Iudicum
873 2850 911 2897 I,
967 2834 1057 2899 3i,
1101 2835 1193 2888 ubi
1221 2833 1418 2904 legitur
1469 2817 1644 2899 n‘mu,
1685 2831 1826 2888 LXX
1932 2836 2218 2891 hodierno.
2263 2834 2320 2889 ln
2364 2835 2552 2890 codice
2593 2834 2688 2888 illo
2731 2833 3073 2890 Coisliuiano
3118 2834 3515 2900 vetustissimo.

246 2925 394 2982 hodie
421 2928 630 2982 habent
664 2926 854 2996 Δαλὰφ
881 2942 982 2996 pro
1023 2926 1248 2991 ’Λαλά6,
1280 2936 1342 2980 ut
1374 2927 1465 2980 alii
1488 2927 1693 2996 legunt.
1931 2928 2134 2984 nneiali
2165 2929 2482 2984 charactere
2505 2927 2802 2998 descripto,
2835 2929 2924 2980 ubi
2958 2924 3326 2983 Octateucbus
3357 2937 3412 2983 et
3444 2927 3517 2982 li-

304 3020 422 3074 Ain
452 3019 721 3090 A.Ilujus
745 3019 1196 3077 eommutationis
1227 3020 1540 3089 exemplum
1589 3019 1828 3074 vidimus
1931 3020 2015 3076 bri
2064 3019 2273 3092 Regum
2302 3021 2679 3082 centinentur,
2728 3021 2851 3073 duae
2893 3019 3127 3086 singulis
3175 3021 3230 3076 in
3270 3020 3430 3077 libris
3458 3021 3517 3076 in

244 3126 393 3184 supra
425 3135 440 3169 :
472 3126 740 3183 praeterea
762 3129 891 3168 vero
920 3114 1116 3183 psalm.
1146 3128 1277 3178 xu,
1313 3113 1400 3176 l6,
1419 3112 1486 3166 ad
1502 3126 1690 3166 vocem
1722 3109 1829 3165 ile-
1854 3141 1901 3202 ϐ
1931 3111 2108 3180 capita
2128 3109 2428 3165 divisiones
2449 3110 2502 3163 in
2531 3108 2778 3179 margine
2804 3119 3087 3174 notantur,
3117 3126 3353 3179 quarum
3379 3127 3518 3168 una-

245 3207 472 3261 braicam
505 3216 679 3273 inm,
709 3205 852 3260 LXX
900 3205 1106 3261 habent
1142 3204 1194 3258 oi
1242 3203 1438 3275 κλῆροι
1474 3219 1600 3273 μου,
1658 3213 1825 3257 sortes

1929 3216 2164 3273 qumque
2195 3202 2357 3272 longe
2388 3199 2548 3272 plura
2592 3200 2771 3271 capita
2826 3198 2988 3254 habet
3020 3214 3186 3270 quam
3225 3199 3513 3257 hodierna.

246 3315 381 3362 utea,
407 3309 622 3354 mutato
645 3301 690 3351 Α
723 3299 780 3353 in
810 3299 854 3352 Λ
883 3314 897 3350 :
937 3313 1063 3352 nam
1102 3297 1192 3351 illa
1221 3311 1327 3351 vox
1369 3295 1642 3365 signiﬁcat
1696 3311 1821 3351 και·
1931 3294 2262 3350 Discrimina
2298 3293 2491 3366 paucis
2522 3293 2731 3363 accipe.

245 3393 321 3465 pol
360 3411 483 3463 μου,
528 3404 768 3463 tempora
812 3408 949 3457 mea,
1014 3399 1074 3446 ut
1129 3389 1326 3460 reliqui
1385 3389 1710 3458 interpretes
1773 3395 1829 3443 et

247 3481 600 3557 Hieronymus
644 3494 953 3549 verterunt,
993 3493 1049 3538 et
1098 3482 1233 3553 psal.
1284 3497 1450 3546 Lux,
1501 3480 1556 3547 ὃ,
1593 3480 1658 3535 ad
1711 3480 1829 3536 haec

245 3581 395 3632 verba
421 3590 561 3644 aut:
584 3589 728 3640 ‘91:),
776 3577 1141 3649 Symmachus
1187 3576 1349 3630 vertit
1394 3573 1566 3645 λύραν
1615 3572 1823 3645 ἡδεῖαν,

225 3670 406 3743 .1,er
429 3673 664 3734 dulcem,
702 3672 794 3725 ubi
827 3671 1035 3740 aliquot
1059 3668 1415 3739 exemplaria,
1445 3673 1655 3721 mutato
1699 3666 1743 3719 Λ
1769 3665 1826 3719 in

246 3761 305 3827 Δ,
336 3759 538 3836 αὔραν,
571 3779 760 3815 auram
784 3760 1005 3816 habent.

332 3856 372 3910 Ε
404 3859 458 3911 in
493 3855 542 3912 C
580 3855 784 3912 Psalm.
823 3870 1043 3918 xxxviii,
1093 3853 1148 3914 '5.
1202 3852 1255 3906 in
1304 3852 1556 3906 versione
1592 3846 1825 3918 Aquilae,

245 3953 402 4008 codex
439 3969 590 4006 unus
625 3951 788 4004 habet
811 3951 1023 4019 σιωπῆς
1078 3947 1236 4016 σιγῆς
1293 3944 1406 3999 ἀπὸ
1462 3940 1694 4014 ἀγαθοῦ,
1729 3957 1828 4012 pro

248 4045 674 4116 σιωπῇὲσίγησα
696 4041 806 4095 ἀπὸ
826 4036 1068 4109 ἀγαθοῦ,
1122 4039 1216 4093 ubi
1276 4035 1540 4091 Hebraica
1599 4033 1680 4091 sic
1733 4036 1831 4088 ha.

245 4136 365 4191 bent
388 4156 401 4192 :
425 4147 594 4196 :TDD
618 4143 836 4194 mnum
864 4141 1050 4192 rmzm.
1080 4130 1226 4187 Psal.
1265 4145 1452 4192 txxvt,
1481 4128 1534 4192 7,
1559 4126 1830 4184 Eusebius

246 4229 529 4285 lectionem
550 4225 867 4299 Symmachi
897 4226 979 4278 sic
997 4221 1152 4277 elIert
1175 4240 1189 4275 :
1209 4221 1349 4293 ἀνὴρ
1373 4219 1548 4273 συνὼν
1568 4219 1630 4272 τὸ
1661 4217 1828 4273 πνεῦ-

248 4322 322 4392 μά
343 4322 467 4392 μου,
506 4336 608 4392 pro
625 4317 939 4390 ἀνηρεύνων
959 4316 1020 4370 τὸ
1058 4313 1278 4385 πνεῦμά
1309 4329 1433 4382 μου,
1457 4309 1831 4381 perscrutabar

246 4415 488 4482 spiritum
512 4425 705 4474 meum,
733 4408 824 4462 ubi
841 4406 1106 4462 l-lebraiea
1131 4404 1212 4458 sie
1237 4402 1604 4460 habentnt'm
1627 4405 1824 4459 manu.

1999 3385 2058 3442 In
2082 3385 2280 3444 Genesi
2309 3386 2486 3457 prima
2512 3382 2710 3440 divisio
2739 3383 2794 3439 iu
2826 3384 3015 3441 codice
3042 3383 3382 3441 Coisliniano
3415 3383 3521 3439 106

1929 3480 2108 3550 capita
2137 3479 2393 3546 exhibet;
2427 3476 2668 3534 secunda
2714 3475 2772 3531 in
2810 3477 3004 3532 eodem
3044 3479 3234 3533 codice
3280 3477 3373 3545 99,
3416 3478 3513 3534 hn.

1927 3571 2116 3627 dierna
2145 3571 2238 3627 50.

2000 3659 2058 3715 In
2089 3659 2278 3716 Exodo
2314 3661 2490 3733 prima
2528 3659 2727 3715 divisio
2755 3660 2812 3715 in
2854 3657 3083 3715 Coisliu.
3108 3659 3179 3716 84
3217 3661 3393 3731 capita
3418 3662 3520 3719 ha-

1928 3755 2019 3810 bet
2043 3771 2057 3821 ;
2083 3753 2320 3809 secunda
2345 3754 2400 3808 in
2435 3753 2626 3810 eodem
2649 3753 2839 3809 codice
2867 3752 2992 3815 110,
3025 3753 3289 3808 hodierna
3317 3753 3411 3807 40.

2001 3848 2058 3902 In
2094 3846 2336 3902 Levitieo
2369 3847 2546 3917 prima
2581 3848 2636 3900 in
2681 3845 2912 3902 Coisliu.
2961 3845 3032 3899 51
3085 3846 3265 3916 capita
3315 3847 3519 3913 habet;

1929 3939 2170 3994 secunda
2198 3937 2253 3992 in
2285 3936 2406 3992 eod.
2438 3936 2629 3991 codice
2649 3936 2740 4002 61,
2773 3935 3036 3991 hodierna
3063 3933 3151 3989 27.

2012 4031 2071 4084 In
2099 4027 2356 4084 Numeris
2388 4027 2565 4097 prima
2593 4027 2647 4081 in
2668 4026 2898 4082 Coislin.
2944 4026 3014 4081 50
3039 4028 3250 4098 capita;
3283 4028 3522 4084 secunda

1930 4127 1985 4177 in
2011 4121 2238 4175 Coislin.
2271 4120 2363 4185 51,
2391 4119 2655 4174 hodierna
2688 4118 2777 4173 56.

2004 4210 2060 4265 In
2107 4208 2532 4264 Deuteronomio
2576 4207 2752 4278 prima
2793 4206 2848 4259 in
2890 4203 3062 4261 Coisl.
3089 4202 3161 4258 68
3185 4206 3399 4275 capita;
3429 4220 3520 4261 se-

1928 4303 2109 4359 cunda
2139 4303 2193 4356 in
2226 4300 2460 4355 Coislin.
2495 4299 2588 4365 91,
2619 4297 2881 4353 hodierna
2905 4297 2995 4352 34.

2003 4395 2061 4449 In
2093 4393 2237 4449 libro
2262 4391 2432 4448 Josue
2466 4407 2574 4444 una
2599 4391 2840 4459 capitum
2872 4387 3073 4443 divisio
3104 4388 3432 4442 observatur
3465 4388 3520 4441 in

311 4504 350 4558 Ε
380 4505 436 4559 in
458 4502 527 4557 Θ.
558 4501 776 4571 Aquila,
810 4499 1045 4571 Symm.,
1079 4494 1382 4550 Theodotio
1404 4500 1460 4547 et
1484 4489 1750 4562 Septima,
1772 4489 1826 4544 in
1862 4489 1909 4548 0
1936 4487 2300 4550 Coisliniano,
2333 4493 2386 4539 et
2416 4486 2542 4552 quia
2572 4481 2710 4536 liber
2740 4481 2831 4535 hic
2857 4495 3054 4550 magna
3090 4479 3176 4535 sui
3204 4489 3358 4549 parte
3399 4494 3520 4531 mu-

248 4613 354 4654 mss
375 4599 582 4653 habent
613 4592 1030 4666 Βηθσασὲθ,ι)ι·ο
1058 4585 1359 4659 Βηθσαὸἐε,
1395 4584 1487 4639 ubi
1515 4584 1570 4638 in
1599 4581 1830 4640 Hebrai-

247 4706 312 4747 co
342 4691 539 4762 legitur
565 4698 833 4754 nm,
871 4684 1008 4755 psal.
1044 4700 1100 4746 1.,
1131 4683 1182 4737 1.

308 4787 361 4839 Μ
386 4800 487 4855 pro
506 4784 575 4838 N.
597 4779 738 4837 LXX
763 4780 1088 4849 interpretes
1108 4787 1299 4849 quater
1322 4776 1526 4832 habent
1542 4771 1710 4845 ὤμων
1729 4787 1828 4841 pro

248 4879 400 4942 ὗνων,
434 4880 680 4931 humeros
732 4888 834 4944 pro
883 4872 1073 4934 asinis,
1122 4867 1289 4925 Josue
1327 4883 1405 4932 ts,
1432 4866 1490 4932 4,
1519 4873 1574 4920 et
1612 4879 1704 4928 xv,
1738 4864 1828 4932 18,

249 4968 339 5022 ubi
378 4968 432 5022 in
467 4964 740 5021 Hebraieo
772 4963 970 5033 legitur
996 4968 1190 5019 tam.

317 5060 521 5116 Przter
546 5059 666 5113 illas
703 5063 885 5110 autem
908 5054 1275 5108 mutationum
1308 5061 1530 5114 causas,
1561 5045 1685 5101 aliae
1713 5059 1824 5099 non

254 5167 435 5222 pauca:
464 5151 784 5206 acciderunt
807 5154 1026 5216 propter
1066 5142 1481 5198 similitudinem
1535 5137 1831 5192 verborum

255 5243 333 5299 vel
353 5243 495 5299 soni.
536 5239 628 5296 Sic
659 5239 783 5294 Job.
835 5252 1029 5300 xxxix,
1075 5234 1168 5292 2t.
1224 5235 1278 5286 in
1316 5229 1585 5286 llcbraico
1636 5227 1834 5299 legitur

249 5318 617 5420 me,
640 5333 698 5386 in
727 5345 1006 5385 occursum
1029 5334 1340 5387 armaturae,
1370 5319 1621 5388 Vulgata,
1659 5318 1714 5371 in
1741 5333 1831 5372 oc-

256 5411 460 5482 cursum
489 5411 749 5485 armatis;
780 5424 871 5486 A.,
904 5419 1036 5482 Th.,
1068 5420 1150 5482 εἰς
1193 5417 1515 5486 συνάντησιν
1562 5411 1749 5475 ὅπλου,
1776 5411 1835 5465 in

256 5535 524 5573 occursum
548 5516 674 5581 teli;
718 5513 1000 5588 Sym.,si;
1045 5511 1354 5579 ἀπάντησιν
1405 5504 1831 5576 καταφράκτων,

258 5614 308 5664 in
339 5625 610 5665 occursum
639 5606 1159 5676 Cutaphractorum;
1194 5599 1287 5656 ubi
1312 5595 1456 5652 LXX
1482 5597 1682 5653 habent
1709 5612 1834 5650 συν-

259 5703 424 5756 αντῶν
443 5699 674 5774 βασιλεῖ,
727 5712 1008 5752 occurrens
1053 5694 1184 5764 regi,
1209 5690 1492 5754 mendose,
1529 5701 1632 5760 pro
1665 5685 1832 5758 βέλει,

261 5797 380 5863 telo,
419 5811 480 5852 es
514 5789 881 5851 similitudine
914 5785 1036 5844 soni
1063 5793 1119 5843 et
1133 5781 1560 5842 terminationis.
1613 5776 1680 5834 Et
1700 5793 1833 5836 sane

1938 4581 2071 4634 tilus
2097 4589 2204 4644 est,
2235 4576 2310 4631 ibi
2354 4575 2423 4629 ad
2462 4580 2629 4644 caput
2656 4570 2932 4626 decimum
2965 4580 3224 4641 quartum
3253 4571 3523 4624 duntaxat

1935 4671 2273 4743 pervenitur,
2313 4667 2461 4741 quod
2497 4681 2624 4723 cum
2672 4679 2821 4719 nono
2866 4663 3043 4733 capite
3086 4663 3352 4719 hodierno
3381 4677 3521 4718 con-

1933 4764 2126 4822 currit.

2005 4856 2068 4908 In
2101 4853 2244 4909 libro
2271 4849 2526 4906 iudicum
2553 4848 2705 4904 nulla
2737 4845 2979 4917 capitum
3008 4843 3296 4900 distinctio
3318 4859 3513 4900 occur-

1934 4949 2006 5004 rit
2036 4947 2090 5000 in
2121 4941 2617 5013 Coisliniano.,Sed
2644 4939 2861 5012 quoties
2890 4935 3149 4992 Israelita!
3173 4937 3245 4990 ob
3269 4936 3523 5006 praevari-

1933 5036 2208 5093 cationem
2236 5034 2292 5089 in
2318 5035 2636 5091 servitutem
2672 5032 3017 5102 rediguntur,
3050 5027 3106 5082 in
3135 5027 3382 5098 margine
3417 5041 3518 5098 po—

1936 5131 2086 5184 nitur
2109 5144 2124 5181 :
2150 5126 2366 5181 δουλεια
2386 5133 2456 5190 a',
2481 5124 2697 5180 δουλεία.
2719 5123 2789 5188 6',
2813 5130 2922 5177 etc.
2948 5118 3214 5174 Similiter
3237 5119 3306 5175 ad
3334 5119 3518 5191 singu-

1937 5223 2021 5278 los
2062 5221 2276 5291 iudices
2302 5219 2399 5291 qui
2429 5217 2861 5282 constituuntur,
2889 5212 3183 5269 adnotatur
3208 5212 3419 5284 Κριτὴς
3443 5218 3517 5279 α’,

1936 5311 2127 5386 κριτὴς
2157 5310 2223 5363 6'.

2011 5405 2177 5459 Libro
2216 5403 2396 5474 primo
2424 5399 2633 5471 Regum
2664 5397 2842 5469 prima
2861 5393 3060 5452 divisio
3088 5395 3143 5449 in
3175 5392 3407 5450 Coislin.
3433 5400 3522 5448 est

1936 5498 2007 5554 55
2035 5497 2313 5566 capitum;
2343 5491 2584 5549 secunda
2613 5490 2704 5554 7‘5,
2733 5489 2995 5544 hodierna
3034 5485 3124 5541 31.

2009 5589 2175 5645 Libro
2201 5586 2444 5643 secundo
2461 5584 2594 5655 Reg.
2628 5582 2878 5655 primalin
2903 5578 3132 5635 Coislin.
3155 5584 3242 5632 est
3269 5574 3340 5632 50
3361 5574 3486 5646 capi
3505 5602 3520 5620 ι

1938 5695 2053 5741 ιιιιιι
2080 5700 2097 5748 ;
2127 5679 2363 5737 secunda
2395 5677 2487 5741 55,
2521 5675 2785 5732 hodierna
2829 5673 2922 5728 24.

2014 5775 2071 5830 In
2118 5773 2259 5829 libro
2289 5769 2452 5826 tertio
2487 5765 2695 5840 Regum
2723 5765 2918 5822 divisio
2946 5763 3001 5820 in
3028 5758 3227 5832 capita,
3262 5755 3520 5830 perplexa
