4064 6262
448 371 523 426 79
1804 345 2330 411 PRELIMINARIA
3659 337 3735 394 30

451 486 769 551 admodum,
805 482 942 538 liber
985 494 1184 550 magna
1226 478 1313 534 sui
1347 487 1501 548 parte
1540 473 1768 531 mutilus
1809 481 1914 537 est,
1955 471 2030 525 ita
2062 481 2104 537 Α
2133 460 2323 533 scripti
2351 466 2528 526 erant,
2566 458 2640 551 ita
2662 467 2743 551 hut
2763 457 2830 512 ad
2857 455 3102 551 singuios
3130 455 3324 511 alinea
3359 454 3726 526 inciperetur:

453 581 700 636 utetiam
731 588 877 634 tutus
907 575 1046 630 liber
1072 581 1304 644 quartus
1324 569 1683 626 desideretur.

524 671 767 728 Primam
787 672 840 725 in
865 668 1053 726 codice
1077 667 1419 722 Coisliniano
1439 663 1787 721 divisionem,
1814 673 1933 712 cam
1959 655 2039 710 di-

455 766 636 821 cimus
680 778 805 833 quze
856 776 982 816 cum
1034 757 1372 830 argumentis
1418 766 1520 818 est,
1551 752 1868 811 secundam,
1913 763 2035 802 eam

455 869 580 926 qua:
611 853 729 908 sine
757 851 1116 920 argumentis.
1154 846 1354 902 Verum
1387 847 1502 900 hare
1542 843 1718 899 fusius
1748 841 1801 896 in
1833 839 2038 895 Biblio-

458 943 616 999 theca
639 939 973 996 Coistim’ana
1006 938 1318 1009 propediem
1351 934 1581 992 edenda.

530 1045 798 1102 Versiculi
828 1045 1081 1101 similiter
1107 1044 1268 1114 longe
1298 1041 1578 1098 breviores
1601 1040 1732 1096 olim
1758 1047 1915 1095 erant
1939 1037 2038 1094 ho—

460 1140 689 1202 diernis,
722 1148 781 1193 ut
813 1137 1065 1208 plurimis
1099 1138 1236 1192 locis
1264 1150 1328 1190 ac
1377 1133 1640 1203 exemplis
1684 1132 2040 1203 probavimus

460 1236 516 1288 in
549 1230 954 1302 Palaeograpltia
984 1229 1191 1294 Greca,
1221 1236 1276 1282 et
1302 1224 1444 1281 infra
1479 1226 1532 1279 in
1567 1226 1713 1280 notis
1741 1224 1809 1279 ad
1837 1225 2039 1279 librum

460 1324 563 1380 Joh
587 1325 812 1394 passim.
847 1322 952 1378 Sed
977 1322 1104 1392 quia
1139 1321 1193 1374 in
1227 1333 1290 1374 ea
1321 1335 1380 1374 re
1406 1317 1510 1372 viri
1539 1317 1705 1371 etiam
1734 1316 1880 1372 docti
1904 1315 2039 1386 lapsi

464 1426 613 1478 sunt.
642 1417 746 1471 rati
776 1417 1078 1471 versiculos
1119 1415 1250 1469 olim
1279 1410 1557 1468 bodiernis
1581 1409 1821 1480 a-quales
1849 1406 2039 1475 fuisse,

464 1511 690 1564 unicum
726 1510 828 1576 hic,
858 1507 1080 1563 afferam
1127 1504 1437 1575 exemplum
1472 1519 1539 1559 ex
1583 1503 1724 1558 libro
1753 1497 1878 1564 Job,
1916 1513 2038 1571 cap.

464 1616 581 1663 ιιι,
618 1616 670 1656 v.
699 1599 792 1663 28,
836 1599 928 1654 ubi
967 1599 1225 1655 tredecim
1260 1595 1536 1658 versiculi,
1569 1595 1871 1650 secundum
1899 1594 2044 1648 anti-

466 1709 636 1764 quum
696 1709 901 1748 morem
960 1692 1283 1761 computati,
1343 1706 1438 1745 sex
1497 1688 1792 1744 hodiernos
1849 1701 2043 1743 versus

464 1785 721 1842 efﬁciunt.
755 1782 1036 1839 Tredecim
1089 1791 1272 1837 autem
1307 1780 1586 1844 versiculi,
1623 1779 1817 1850 στίχοι,
1852 1779 1934 1835 sic
1987 1781 2043 1833 in

465 1876 792 1947 quibusdam
846 1889 977 1931 mss.
1033 1874 1279 1930 omnium
1329 1872 1722 1930 vetustissimis
1773 1872 2047 1944 στιχηρῶς

2207 553 2329 605 ’Ότι
2352 551 2551 622 ἐρεῖτε
2577 547 2690 622 Ποῦ
2723 549 2868 622 ἐστ-ιν
2900 542 3046 622 alnos
3073 547 3351 622 ἄρχοντας’

2181 623 2318 705 ..Καὶ
2352 615 2456 674 τὲοῦ
2488 622 2636 674 ἐστιν
2659 621 2694 691 ή
2728 617 2902 686 σκέπη
2931 616 3039 670 τῶν
3070 615 3439 686 σιὲήνωμάτων
3463 615 3571 669 τῶν
3597 616 3729 670 ἀσε-

2137 693 2565 832 6ιιψῐέραγιήήσστε
2598 757 3151 832 παρσπσρευσμένους
3170 755 3316 832 ῥδὸν,

2210 827 2323 885 Kal.
2355 827 2425 884 τὰ
2456 832 2660 900 σημεῖα
2684 827 2870 883 ἀὐτῶν
2895 829 2995 900 οὐκ
3023 827 3495 900 ἀπαλλοτριεὺςεδιε
3517 843 3530 857 ⁸

2209 904 2354 975 ξΟτιί
2377 902 2458 975 εἰς
2491 899 2713 975 ἡμέραν
2742 899 3017 975 ἀπωλείας
3054 899 3373 975 πτιπζιςῖῖςεται
3408 906 3436 956 ὁ
3467 901 3728 975 πονηρὸς,

2210 969 2306 1037 Εἰς
2334 969 2549 1096 ἱμέραν
2581 969 2752 1044 ὀργῆς
2783 974 2948 1027 αὑτοῦ
2977 974 3404 1043 ἁπαχοήσονται.

2210 1044 2307 1096 Τίς
2379 1041 2635 1096 ναΨιοὲλεί
2675 1045 2768 1096 ἐπὶ
2811 1044 3101 1096 πρόσωπον
3133 1043 3301 1096 αὑτοῦ
3333 1043 3401 1096 τὴ

2206 1044 2307 1125 Τίς
2341 1041 2635 1114 ἀναγγέλεῖ
2675 1041 2768 1096 ἐπὶ
2811 1041 3301 1116 πρόσωπονσῦτοῦ
3333 1043 3431 1114 τὴν
3469 1042 3589 1098 ὁδὸν
3628 1044 3731 1099 αὐ-

2140 1131 2322 1239 τοῖέαὶ
2341 1185 2378 1238 ἃ
2405 1184 2846 1256 αὖτδςᾼποίησες

2209 1255 2308 1318 Τίς
2338 1254 2708 1310 ἀνταποδώσει
2738 1253 2920 1325 unco;
2946 1253 3042 1308 καὶ
3069 1253 3230 1316 αὐτὸς
3254 1255 3335 1317 εἰς
3362 1254 3565 1324 τάφους
3593 1255 3736 1326 anno

2141 1325 2333 1450 νὲῗὲιὲί
2361 1394 2524 1458 αὐτὸς
2550 1395 2644 1448 ἐπὶ
2676 1395 2867 1464 σωρῶν
2893 1396 3266 1466 ὴγρύπνησεν.

2225 1465 2669 1537 Ἐγλυκάνθησαν
2698 1467 2854 1537 καύτῷ
2883 1465 3105 1536 χάλικες
3125 1465 3447 1537 χειμάρρευ,

2211 1537 2324 1590 Καὶ
2357 1537 2534 1608 ὀπίσω
2570 1536 2718 1608 αὐτῷ
2745 1536 2854 1601 nat;
2885 1537 3172 1608 ἄνθρωπος
3201 1536 3587 1598 ἀπελεύσεται,

2215 1607 2327 1662 Καὶ
2354 1606 2665 1679 ἔμπροσθεν
2691 1606 2858 1661 αὐτοῦ
2889 1606 3269 1679 ἀναρίθμητοι.

2215 1698 2414 1756 Moneo
2439 1709 2622 1755 autem
2651 1701 2705 1754 in
2734 1700 2839 1755 ﬁne
2865 1699 3085 1754 Catenae
3114 1701 3167 1752 in
3191 1696 3293 1753 Job
3321 1703 3378 1752 in
3405 1696 3595 1768 Anglia
3625 1695 3737 1751 edi-

2151 1798 2240 1858 tae,
2275 1791 2466 1847 haberi
2498 1801 2671 1850 totum
2702 1792 2899 1846 librum
2933 1790 3036 1846 Job
3065 1790 3338 1864 στιχηρῶς
3366 1792 3627 1862 scriptum
3663 1789 3734 1843 ad

2153 1877 2316 1940 ﬁdem
2351 1887 2550 1943 veteris
2581 1885 2866 1957 cujusdam
2898 1884 3123 1942 codicis.

1553 2088 1940 2181 CAPUT
2010 2096 2625 2202 QUINTUM.

1674 2244 1763 2304 De
1808 2243 2062 2324 Aquila
2090 2246 2516 2310 editionibus.

468 2344 508 2399 Ι.
531 2344 970 2418 Aquilsshistorla.
997 2343 1056 2394 ll.
1085 2344 1272 2418 Aquila.
1297 2342 1421 2418 duas
1453 2343 1898 2418 interpretationes
1921 2347 2094 2397 edidit.
2120 2346 2217 2418 Ill._
2235 2348 2358 2399 Utra
2382 2363 2452 2418 es?
2472 2351 2665 2418 duabus
2686 2353 2741 2401 in
2767 2349 3012 2418 Hexaplis
3043 2355 3204 2418 posita
3226 2353 3421 2418 fuerit:
3454 2353 3536 2405 IV.
3561 2354 3639 2404 An
3667 2355 3739 2418 do

617 2405 1215 2478 ustria_Aquila__quuzdatn
1239 2405 1657 2478 $criptursa_loca
1689 2405 1740 2454 in
1770 2408 2154 2478 alium__sensu_m
2187 2410 2477 2478 deterserit.
2514 2412 2570 2462 V.
2613 2405 2973 2478 Expenduntur
3003 2405 3107 2464 loca
3153 2415 3249 2478 ubi,
3278 2415 3473 2478 Aquila,
3493 2418 3635 2478 quasi
3670 2405 3738 2468 ob

531 2468 886 2518 Christianismi
905 2469 1072 2518 odium
1094 2468 1224 2530 male
1246 2469 1623 2530 interpretatus,
1647 2469 2053 2530 reprehenditur.
2090 2471 2174 2520 Vl.

2199 2473 2448 2539 Quaeritur
2468 2480 2630 2524 utrum
2655 2473 2833 2538 Aquila
2856 2475 2990 2525 idem
3017 2479 3082 2526 sit
3110 2478 3195 2539 qui
3227 2473 3469 2539 Onkelus,
3493 2473 3548 2527 et
3570 2487 3738 2528 utrum

531 2531 778 2594 Thargnm
801 2531 980 2581 Onkeli
1007 2529 1193 2592 aliquid
1217 2528 1469 2578 afﬁnitatis
1489 2528 1670 2579 habeat
1692 2528 1806 2580 cum
1829 2528 2244 2595 interpretatione
2266 2535 2479 2598 Aquilae.

979 2713 1020 2768 Ι.
1061 2715 1264 2785 Aquini:
1292 2715 1537 2769 historia.

548 2807 798 2879 Aquilam
847 2808 926 2862 ait
976 2805 1316 2877 Epiphanius
1357 2807 1528 2864 fuisse
1577 2809 1921 2884 πενθερεδην.
1952 2810 2059 2865 hoc

477 2915 563 2959 est
594 2900 829 2967 amnem,
858 2899 963 2963 vel,
1004 2909 1065 2953 ut
1110 2897 1201 2953 alii
1242 2908 1478 2967 vertunt,
1523 2915 1800 2969 socerum,
1844 2913 1940 2958 aut
1973 2919 2060 2959 so-

479 2995 592 3050 ceri
624 3005 884 3048 socrusve
925 2988 1096 3044 lilium
1141 2989 1487 3058 imperatoris
1529 2989 1795 3045 Adriani:
1829 2988 2058 3046 Chroni-

477 3104 578 3143 eon
608 3101 737 3140 vero
775 3082 1032 3138 Paschale
1071 3083 1335 3155 πενθερὸν
1364 3082 1478 3138 sive
1517 3099 1768 3138 socerum
1810 3084 1965 3139 dicit.
2002 3083 2060 3139 Id

478 3189 685 3242 autem,
719 3186 778 3231 ut
824 3176 982 3245 plane
1027 3173 1357 3235 fabulosum,
1401 3190 1432 3228 a
1477 3174 1608 3230 viris
1652 3175 1827 3230 doctis
1866 3177 2060 3230 merito

481 3271 778 3341 respuitur.
826 3266 997 3321 Paulo
1031 3266 1274 3319 melioris
1313 3275 1454 3320 notae
1494 3265 1746 3320 videntur
1777 3266 1882 3319 alia
1911 3282 2062 3336 quae-

482 3365 634 3425 dam,
661 3376 784 3430 quae
825 3361 892 3414 de
940 3359 1133 3428 Aquila
1167 3357 1331 3411 tradit
1373 3355 1752 3427 Epiphanius:
1787 3366 1842 3412 at
1871 3358 1916 3412 si
1952 3373 2061 3427 qua

487 3455 701 3510 sincera
749 3451 879 3514 sint,
928 3465 998 3504 ex
1044 3448 1177 3518 ipsis
1223 3445 1476 3518 Origenis
1519 3446 1738 3515 scriptis
1773 3445 2062 3517 desumpta

486 3555 779 3616 putantur;
824 3557 975 3604 nam,
1024 3550 1083 3593 ut
1124 3539 1238 3610 jam
1283 3537 1548 3604 diximus,
1593 3535 1860 3610 Origenes
1905 3540 2063 3594 initio

484 3638 822 3708 singularum
856 3633 1170 3688 versionum
1205 3633 1274 3685 de
1313 3630 1549 3685 Historia
1579 3630 1848 3701 cujusque
1896 3629 2066 3686 inter-

485 3731 654 3801 pretis
686 3728 934 3798 quaedam
973 3727 1027 3779 in
1066 3721 1324 3794 Hexaplis
1370 3733 1645 3793 posuerat.
1686 3721 1888 3778 Verum
1923 3723 2066 3778 inter

485 3823 576 3878 illa
627 3819 914 3891 Epiphanii
954 3818 1120 3880 dicta,
1170 3831 1279 3870 non
1321 3816 1520 3870 desunt
1557 3830 1679 3883 quae
1723 3815 1901 3871 doctis
1933 3815 2065 3871 viris

487 3926 740 3983 suSpccta
776 3911 1086 3973 vidcantur,
1118 3918 1177 3962 ut
1211 3908 1459 3978 pluribus
1486 3907 1688 3961 dicitur
1725 3905 1888 3961 infra.

559 4005 752 4074 Aquila
784 4003 970 4074 igitur,
1003 4002 1080 4057 ait
1132 4001 1243 4068 ille,
1290 4013 1414 4055 cum
1466 3996 1823 4071 Jerosolymis
1861 4007 2063 4070 ageret,

2084 2726 2127 2782 Β
2156 2730 2354 2789 praeter
2387 2719 2532 2776 LXX
2560 2720 2916 2792 lnterpretum
2945 2732 3180 2778 mentem
3218 2724 3284 2778 ad
3313 2722 3481 2778 alium
3507 2737 3734 2779 sensum

2156 2814 2529 2884 detorqueret,
2566 2830 2632 2871 ac
2683 2816 2995 2872 testimonia
3041 2816 3111 2870 de
3155 2816 3378 2872 Christo
3425 2816 3484 2870 in
3533 2814 3742 2871 divinis

2159 2903 2458 2976 Scripturis
2502 2922 2786 2978 expressa,
2816 2908 2922 2963 alio
2953 2906 3279 2974 deﬂecteret,
3319 2909 3742 2979 ignominqu

2158 3014 2274 3054 suae
2325 2998 2621 3054 absurdam
2664 2999 2972 3070 apologia'm
3023 3009 3263 3068 pararet.
3310 2999 3437 3056 Haec
3483 3015 3550 3055 ex
3607 2998 3740 3071 Epi-

2159 3090 2386 3160 pbanio.
2440 3088 2635 3146 Utrum
2673 3101 2854 3147 autem
2898 3091 3096 3161 Aquila
3125 3093 3244 3147 loca
3277 3090 3573 3162 Scriptura:
3615 3109 3741 3161 qua)

2159 3181 2436 3238 Christum
2464 3182 2923 3251 praenuntiabant,
2955 3183 3024 3237 de
3055 3183 3323 3237 industria
3365 3184 3472 3239 alio
3504 3184 3740 3240 diverte-

2163 3273 2254 3336 rit,
2287 3289 2415 3328 mox
2442 3272 2834 3342 disquiremus.

2233 3365 2391 3432 Quod
2423 3365 2501 3420 ait
2530 3365 2870 3435 Epiphanius
2890 3407 2906 3432 ,
2955 3365 3207 3435 Aquilam
3241 3365 3468 3421 Adriani
3499 3374 3744 3435 tempore

2163 3455 2504 3526 Scripturam
2551 3470 2765 3511 sacram
2819 3456 3234 3526 interpretatum
3285 3472 3441 3522 esse,
3490 3471 3556 3510 ex
3607 3456 3743 3525 ipsis

2162 3547 2414 3619 Origenis
2460 3547 2681 3617 scriptis
2711 3556 2993 3602 mutuatus
3023 3547 3287 3606 creditur.
3326 3546 3549 3601 Certum
3594 3546 3742 3600 enim

2161 3635 2377 3690 videtur
2404 3632 2694 3708 Origenem
2724 3635 2778 3689 in
2803 3633 3059 3705 Hexaplis
3093 3635 3210 3689 suis
3253 3632 3591 3706 singularum
3622 3631 3744 3688 edi-

2164 3727 2375 3782 tionum
2404 3726 2624 3783 brevem
2656 3727 2942 3782 historiam
2971 3732 3239 3798 posuisse,
3271 3737 3330 3781 ut
3354 3742 3423 3781 ex
3451 3727 3537 3780 his
3570 3723 3748 3780 Euse-

2166 3817 2241 3872 bii
2271 3817 2454 3873 verbis
2483 3819 2761 3888 arguitur,
2796 3820 2890 3889 qui
2924 3817 3071 3873 Eccl.
3106 3818 3230 3873 hist.
3263 3818 3358 3872 lib.
3389 3834 3464 3883 vt,
3500 3832 3622 3887 cap.
3652 3816 3745 3884 i6,

2166 3907 2242 3964 Dc
2271 3907 2472 3975 Quinta
2501 3952 2517 3976 ,
2568 3908 2732 3964 Sexta
2761 3920 2816 3962 et
2849 3907 3092 3980 Septima
3125 3909 3457 3964 editionibus
3490 3909 3744 3978 loquens,

2169 4000 2285 4056 Ιιεεο
2315 3999 2476 4055 habet
2500 4019 2514 4054 :
2561 3999 2676 4071 Ἐφ’
2699 3993 2774 4054 ὧν
2798 3999 2885 4053 διὰ
2909 4000 3006 4070 τὴν
3028 3998 3352 4070 ἀδηλότητα,
3367 3998 3509 4062 τινος
3530 3994 3617 4070 ἆρ’
3635 3994 3746 4052 εἷεν

486 4096 863 4156 restaurandaa
889 4093 1013 4147 urhi
1051 4091 1123 4147 ab
1160 4094 1490 4161 imperatore
1524 4092 1763 4145 Adriano
1803 4091 2064 4160 praeposi-

2172 4091 2263 4145 οὐκ
2294 4089 2468 4155 εἰδὼς,
2499 4089 2630 4144 αὐτὸ
2665 4091 2840 4162 τούτῳ
2875 4091 3036 4162 μόνον
3073 4092 3460 4163 ἐπεσημήνατο
3480 4128 3496 4155 ,
3537 4089 3612 4152 ὡς
3637 4089 3747 4160 ἄρα

489 4204 614 4258 tus;
646 4200 808 4260 atque
851 4186 1224 4259 apostolorum
1276 4184 1594 4252 discipulos,
1643 4199 1816 4253 nuper
1851 4182 2068 4238 Jeroso-

489 4287 689 4356 lymam
737 4279 883 4336 Pella
921 4293 1190 4339 reversos,
1232 4275 1337 4331 ﬁde
1387 4275 1641 4331 ﬂorentes
1691 4277 2069 4346 mirabilisque

491 4384 772 4449 patrantcs
818 4381 1089 4437 cerneret,
1123 4374 1486 4438 compunctus
1535 4365 1698 4422 corde
1743 4366 2070 4421 Christiani-

492 4484 672 4524 smum
713 4465 996 4534 amplexus
1022 4471 1106 4516 est
1130 4480 1142 4514 :
1166 4462 1462 4529 elapsoque
1490 4469 1732 4527 tempore
1757 4457 1960 4514 Christi
1992 4458 2070 4512 si-

493 4560 680 4629 gillum
728 4557 884 4625 petiit
930 4563 986 4608 et
1029 4550 1380 4620 impetravit:
1434 4563 1612 4619 neque
1662 4557 1838 4601 tamen
1891 4561 2073 4602 mores

493 4650 756 4720 pristinos
785 4645 1034 4700 mutavit.
1065 4642 1352 4696 Enimvero
1384 4656 1506 4696 cum
1545 4641 1598 4694 in
1639 4655 1780 4694 vana
1823 4651 2075 4695 astrono-

498 4742 620 4794 miae
649 4749 788 4803 arte,
819 4752 982 4808 quam
1012 4735 1487 4805 Apotelesmaticen
1535 4733 1827 4797 vocabant,
1859 4733 2077 4789 institu-

497 4840 588 4886 tus
616 4837 780 4891 esset,
816 4828 1145 4897 solitumque
1174 4826 1224 4880 ei
1272 4840 1492 4895 operam
1525 4825 1713 4890 daret;
1745 4824 2076 4894 increpanti-

497 4925 602 4980 bus
629 4921 930 4990 magistris,
961 4933 1026 4974 ac
1056 4934 1171 4972 rem
1213 4926 1273 4972 ut
1305 4915 1622 4971 Christiano
1643 4916 1764 4971 viro
1796 4916 2075 4987 indignam

496 5015 852 5076 vetantibus:
886 5012 976 5067 ille
1007 5018 1198 5065 contra
1237 5008 1596 5080 pervicaciter
1633 5023 1969 5078 repugnans,
2011 5008 2081 5063 de

497 5109 611 5168 fato
642 5105 947 5164 disserendi
969 5103 1318 5175 genesimque
1340 5116 1496 5156 suam
1519 5100 1843 5158 observandi
1871 5101 2080 5155 nullum

499 5206 663 5259 tinem
695 5199 948 5257 iaciebat.
977 5195 1341 5264 Quamobrem
1387 5193 1456 5248 ab
1488 5193 1575 5257 iis,
1625 5203 1811 5263 utpote
1847 5193 2080 5248 salutem

501 5307 782 5364 nunquam
815 5296 1237 5352 consecuturus,
1267 5286 1510 5341 Ecclesia
1539 5285 1777 5356 pellitur.
1806 5280 1899 5338 llle
1920 5284 2081 5354 quasi

499 5385 803 5458 ignominia
848 5382 1100 5445 allectus,
1141 5396 1279 5434 vana
1308 5380 1506 5433 ductus
1539 5378 1889 5440 verecundia,
1919 5375 2081 5431 Chri-

501 5481 847 5536 stianismum
873 5474 1072 5547 ejurat,
1098 5475 1166 5530 ad
1189 5471 1513 5543 Judatosque
1536 5471 1816 5526 declinans
1843 5470 2081 5526 circum-

501 5573 725 5627 ciditur.
769 5570 908 5625 Tum
939 5568 1247 5623 vehementi
1296 5567 1477 5622 studio
1507 5565 1767 5636 percitus,
1801 5561 2080 5617 Hebraicze

501 5669 700 5736 linguae
744 5664 1084 5720 addiscenda:
1128 5670 1302 5716 totum
1335 5674 1394 5716 se
1444 5658 1680 5723 dedidit;
1710 5659 1867 5727 cujus
1907 5654 2083 5725 perfe-

503 5772 646 5817 ctam
680 5760 909 5829 adeptus
934 5758 1208 5818 notitiam,
1245 5751 1749 5823 interpretationem
1791 5765 1858 5804 ex
1886 5748 2083 5803 atlectu

503 5870 605 5911 suo
635 5850 1014 5917 concinnavit;
1063 5850 1138 5905 ita
1187 5857 1246 5904 ut
1293 5847 1540 5918 quaedam
1596 5843 1894 5913 Scriptura
1936 5840 2082 5895 dicta

2165 4181 2262 4254 τὴν
2290 4182 2389 4253 μὲν
2421 4181 2568 4254 εὖροι
2597 4185 2654 4236 ἐν
2691 4185 2758 4254 τῇ
2788 4182 2926 4254 πρὸς
2952 4183 3172 4236 Ἀκτιον
3202 4183 3524 4248 Νικοπόλει,
3559 4183 3658 4254 τὴν
3687 4177 3746 4237 δὲ

2167 4279 2224 4329 ὲν
2252 4277 2422 4348 ἑτέρῳ
2445 4275 2592 4345 τόπῳ
2618 4273 2824 4346 τοιῷδε.
2860 4273 2958 4329 ’Ἐν
2982 4292 3045 4344 γε
3067 4275 3166 4345 μὲν
3183 4278 3294 4339 τοῖς
3335 4274 3617 4341 Ἐξαπλοίς
3638 4269 3748 4328 τῶν

2167 4368 2412 4441 Ψαλμῶν
2443 4367 2581 4440 μετὰ
2608 4367 2708 4432 τὰς
2738 4370 3047 4439 ἐπισήμους
3086 4367 3359 4439 τέσσαρας
3397 4367 3656 4431 ἐκδόσεις.
3685 4367 3747 4421 οὒ

2175 4463 2331 4533 μόνον
2356 4463 2639 4533 Πέμσιττην9
2673 4461 2808 4517 ἀλλὰ
2839 4462 2931 4515 καὶ
2972 4461 3176 4533 Ἕκτην
3205 4462 3301 4515 καὶ
3345 4460 3610 4532 Ἐϐδόμην
3648 4473 3755 4515 πα-

2174 4552 2358 4624 ραθεὶς
2382 4553 2700 4625 ἑρμηνείαν,
2731 4555 2823 4607 ἐπὶ
2847 4555 2974 4624 μιᾶς
3002 4548 3157 4616 αὖθις
3186 4552 3572 4623 σεσημείωται,
3601 4552 3754 4615 ὡςέν

2184 4647 2398 4718 ’Ῑεμχοῖ
2428 4645 2736 4717 εὑρημένης
2758 4647 2814 4698 ὲν
2848 4641 2991 4716 πίθῳ
3035 4644 3178 4698 κατὰ
3207 4645 3332 4706 τοὺς
3365 4643 3590 4715 χρόνους
3640 4644 3757 4699 Ἀνο

2171 4735 2397 4790 τωνίνου
2419 4733 2513 4787 τοῦ
2545 4733 2662 4787 υἱοῦ
2689 4732 2954 4805 Σεϐήρου.
2993 4731 3047 4784 ΙιΙ
3079 4741 3162 4786 est
3190 4749 3206 4786 :
3247 4728 3317 4784 Et
3341 4747 3458 4783 cum
3484 4731 3752 4798 ignoraret

2175 4827 2456 4896 cujusnam
2486 4831 2689 4892 essent,
2743 4825 2797 4878 id
2844 4824 3016 4878 solum
3061 4823 3408 4895 signiﬁcavit,
3442 4839 3495 4876 se
3527 4821 3753 4875 alteram

2175 4919 2387 4989 quidem
2426 4918 2678 4986 reperisse
2708 4914 2957 4986 Nicopoli
2995 4915 3065 4970 ad
3102 4916 3332 4980 Actium,
3365 4914 3591 4967 alterum
3637 4929 3754 4966 uero

2177 5006 2233 5059 in
2274 5005 2386 5058 alio
2427 5005 2705 5075 designato
2727 5003 2864 5058 loco.
2912 5000 3103 5073 Utique
3139 5006 3194 5058 in
3227 5001 3481 5072 Ilexaplis
3506 4999 3755 5056 Psaimo-

2179 5113 2299 5150 rum
2345 5106 2462 5161 post
2497 5096 2733 5166 insignes
2771 5095 2893 5149 illas
2941 5107 3172 5165 quatuor
3209 5097 3496 5161 editiones,
3532 5094 3622 5148 ubi
3654 5109 3759 5148 non

2180 5189 2355 5243 solum
2383 5189 2659 5254 Quintam,
2686 5187 2780 5244 sed
2805 5189 2965 5240 etiam
2999 5184 3214 5241 Sextum
3246 5197 3294 5240 et
3331 5175 3621 5256 Septiniam
3646 5184 3758 5240 edi-

2184 5283 2376 5336 tionem
2419 5280 2664 5350 apposuit
2683 5321 2698 5344 ,
2728 5279 2798 5333 ad
2837 5296 2998 5333 unam
3027 5295 3212 5332 rursus
3237 5279 3545 5341 adnotavit,
3579 5277 3758 5330 inven-

2185 5385 2294 5427 tam
2325 5371 2479 5426 iilam
2519 5372 2682 5440 [nime
2713 5369 3059 5425 Hiericliunte
3109 5370 3166 5423 in
3204 5369 3383 5433 dolio,
3434 5366 3760 5437 temporibus

2187 5466 2439 5523 Antonini
2470 5466 2572 5536 ﬁlii
2601 5461 2794 5520 Severi.
2862 5461 2986 5518 Haec
3016 5463 3283 5517 Eusebius
3303 5501 3318 5524 ,
3357 5460 3451 5531 qui
3484 5461 3600 5529 ipsa
3631 5457 3759 5513 Ori-

2187 5562 2341 5634 genis
2405 5557 2645 5628 Hexapla
2690 5557 2977 5612 tractabat.
3043 5553 3196 5610 Unde
3236 5554 3438 5609 inferas
3471 5549 3761 5620 Origenem

2188 5655 2243 5709 in
2295 5652 2552 5722 Hexaplis
2590 5649 2928 5720 singulorum
2967 5649 3321 5717 interpretum
3352 5655 3405 5701 et
3438 5644 3764 5714 interpreta-

2191 5745 2401 5799 tionum
2449 5743 2667 5798 brevem
2717 5742 3000 5796 historiam
3056 5740 3328 5805 texuisse,
3381 5735 3474 5791 ubi
3512 5745 3625 5789 tum
3659 5732 3766 5788 alia

2193 5834 2442 5909 quaedam
2496 5835 2562 5891 ad
2614 5831 2858 5905 singulas
2923 5829 3292 5903 pertinentia,
3364 5836 3480 5882 tum
3530 5824 3769 5881 maxime
