4064 6262
336 295 394 349 ει
1579 300 1647 355 IN
1687 298 2017 357 HEXAPLA
2055 294 2400 352 ORIGENIS.
3540 296 3611 351 ες

328 410 764 484 uniuscujusque
807 424 1024 487 tempus
1058 419 1357 473 adnotavit.
1394 418 1531 473 llinc
1560 428 1742 474 autem
1781 421 1916 474 bau-
1951 424 1997 481 Α
2030 417 2137 470 lam
2162 426 2269 482 me,
2298 424 2484 468 notam
2510 410 2802 468 accusativi
2833 426 3017 475 casus,
3052 409 3379 481 praeteriisse
3403 410 3612 465 videre-

327 503 466 556 sisse
494 506 775 571 putandus
820 518 907 561 est
950 508 1287 578 Epiphanius
1324 510 1373 565 id
1408 511 1555 580 quod
1590 514 1700 578 ait,
1746 513 1918 581 Aqui-

328 594 433 649 lam
482 612 681 666 nempe
722 600 829 653 sub
870 600 1108 656 Adriano
1142 604 1473 671 imperatore
1510 606 1916 674 interpretatio—

326 702 452 741 nem
486 690 790 747 adornasse
842 709 997 747 suam
1038 714 1051 749 :
1087 697 1233 765 quod
1265 697 1429 752 etiam
1464 698 1779 752 conlirmari
1814 714 1915 768 po-

327 787 437 834 test
478 795 545 835 ex
587 779 794 837 Justini
828 787 1176 851 testimonio,
1210 789 1301 857 qui
1333 789 1409 842 ait
1452 788 1506 841 in
1543 788 1766 860 Dialogo
1797 807 1916 843 cum

330 870 611 942 Tryphone
641 890 659 927 :
701 875 858 929 Ἐπεὶ
894 875 951 930 δὲ
988 879 1147 948 ὑμεῖς
1176 878 1272 933 καὶ
1307 881 1357 934 οι
1405 880 1718 936 διδάσκαλοι
1760 881 1918 954 ὑμῶν

322 963 564 1033 τολμᾶτε
602 965 783 1034 λέγειν
807 968 941 1037 μηδὲ
982 971 1235 1041 εἰρῆσθαι
1266 975 1324 1025 ὲν
1355 975 1422 1044 τῇ
1468 973 1773 1045 προφητείᾳ
1821 973 1913 1028 τοῦ

335 1051 565 1106 Ἡσαΐου
584 1071 599 1085 ·
641 1054 787 1109 Ἰδοὺ
822 1058 861 1124 ἡ
892 1058 1184 1125 παρθένος
1206 1061 1269 1114 ἐν
1303 1062 1515 1131 γαστρὶ
1542 1061 1663 1127 ἕξει
1701 1063 1801 1116 καὶ
1824 1062 1917 1117 τέ-

325 1142 493 1207 ξεται
521 1145 678 1208 υἱὸν,
706 1146 822 1200 ἀλλ’
851 1149 996 1203 Ἰδοὺ
1023 1151 1063 1219 ἠ
1091 1152 1298 1217 γεανὶς
1320 1153 1391 1206 ἐν
1416 1155 1629 1224 γαστρὶ
1654 1155 1917 1225 λήψεται

326 1238 427 1291 καὶ
456 1237 693 1302 τέξεται
721 1240 874 1295 υἱόν.
913 1239 967 1294 Id
998 1251 1080 1295 est
1113 1262 1126 1298 :
1163 1242 1601 1315 Quandoquidem
1626 1263 1714 1301 vos
1741 1257 1792 1301 et
1819 1248 1917 1302 do-

324 1340 499 1383 ctores
545 1332 707 1385 vestri
739 1333 912 1385 dicere
943 1334 1157 1388 audetis
1186 1352 1290 1388 non
1331 1338 1533 1391 dictum
1568 1355 1679 1392 esse
1709 1340 1763 1393 in
1792 1357 1915 1410 pro-

324 1421 509 1491 phetia
542 1420 757 1477 Hesaite
783 1437 803 1475 :
837 1420 972 1477 Ecce
1006 1426 1159 1496 virgo
1191 1426 1245 1480 in
1273 1437 1426 1482 utero
1456 1428 1704 1493 habebit,
1739 1440 1789 1486 et
1819 1446 1917 1501 pa~

325 1514 435 1569 riet
462 1514 677 1581 tilium;
712 1514 834 1579 sed,
866 1514 1003 1572 Ecce
1035 1517 1441 1576 adulescentula
1484 1522 1538 1575 in
1571 1531 1726 1576 utero
1766 1524 1914 1579 acci-

325 1605 471 1674 piet,
529 1615 583 1663 et
631 1607 806 1676 pariet
846 1608 1039 1663 filium.
1098 1606 1199 1665 Ubi
1247 1611 1397 1675 illud,
1451 1613 1580 1667 ἰδοὺ
1609 1616 1647 1684 ἠ
1685 1616 1910 1682 rear-lc,

323 1707 454 1758 εις..
486 1713 555 1754 ex
586 1698 795 1768 Aquilae
826 1700 1268 1770 interpretatione
1301 1716 1573 1774 sumptum
1603 1716 1689 1762 est
1720 1727 1733 1761 :
1771 1710 1914 1764 unde

2026 519 2133 569 tur,
2168 521 2269 576 pro
2298 505 2387 559 illa
2416 506 2514 557 σὺν
2547 504 2728 573 posuit
2747 544 2762 566 ,
2792 504 2920 573 quia
2946 514 3031 563 me
3059 504 3113 556 in
3146 502 3425 558 nonnullis
3451 502 3609 569 locis,

2023 600 2120 654 σὺν
2145 600 2230 653 vel
2266 597 2405 669 μετὰ
2429 638 2444 663 ,
2479 598 2532 652 id
2563 606 2645 654 est
2667 612 2784 652 cum
2808 638 2825 664 ,
2857 596 3145 667 signiﬁcat.
3186 594 3351 665 quue
3376 610 3608 651 sexcen-

2018 693 2122 746 ties
2166 689 2404 762 repetiit,
2440 690 2588 759 quod
2633 705 2765 744 sane
2813 704 3065 759 magnam
3117 689 3171 742 in
3215 687 3336 757 ejus
3372 688 3611 742 transla-

2018 782 2164 837 tione
2208 781 2555 850 κακοφωνίαν
2599 781 2802 834 intulit.
2846 778 2953 835 Sed
2994 781 3301 835 audiendus
3333 779 3600 853 Hierony-

2018 890 2143 929 mus
2183 874 2251 929 ad
2286 872 2703 929 Pammachium
2744 871 2821 925 De
2862 884 2972 941 opt.
3015 889 3131 944 gen.
3163 872 3551 942 interpretandi
3584 888 3605 927 :

2018 965 2213 1035 Aquila
2256 974 2432 1020 autem
2482 963 2778 1035 proselytus
2826 973 2877 1017 et
2918 965 3271 1019 contentiosus
3320 966 3600 1031 interpres,

2017 1059 2107 1129 qui
2135 1074 2237 1112 non
2267 1057 2440 1111 solum
2465 1057 2642 1118 verba,
2669 1055 2760 1109 sed
2792 1055 3137 1127 etymologias
3168 1071 3371 1127 quoque
3408 1056 3596 1111 verbo-

2017 1167 2135 1204 rum
2184 1152 2474 1221 transferre
2513 1159 2735 1205 conatus
2767 1158 2843 1202 est
2864 1192 2878 1213 ,
2895 1149 3019 1219 jure
3061 1150 3342 1219 projicitur
3368 1166 3403 1203 a
3432 1149 3597 1202 nobis.

2018 1247 2150 1313 Quis
2188 1248 2327 1302 enim
2358 1262 2453 1316 pro
2483 1246 2748 1316 frumento
2789 1254 2838 1296 et
2863 1244 2979 1296 uino
3006 1253 3055 1297 et
3082 1244 3195 1299 oleo
3221 1244 3385 1313 possit
3423 1244 3503 1297 vel
3525 1243 3602 1298 le-

2016 1355 2133 1412 gere
2176 1336 2255 1392 uel
2284 1336 2597 1406 intelligere,
2648 1332 2830 1406 χεῦμα
2869 1333 3185 1405 ὀπωρισμὸν
3217 1332 3597 1403 στιλπνότητα,

2013 1427 2154 1500 quod
2199 1441 2292 1480 nos
2334 1440 2614 1495 possumus
2646 1424 2822 1476 dicere
2860 1420 3130 1476 fusionem
3152 1462 3167 1480 .
3203 1422 3602 1491 pomationem—

2014 1535 2121 1590 que
2168 1529 2225 1573 et
2271 1516 2690 1588 splendentium.
2753 1516 2860 1569 Aut
2890 1515 3016 1583 quia
3054 1512 3264 1568 llebrcei
3298 1528 3400 1565 non
3427 1513 3599 1567 solum

2016 1610 2204 1665 habent
2253 1608 2461 1680 ἄρθρα,
2503 1606 2593 1662 sed
2617 1615 2667 1661 et
2699 1605 3022 1678 πρόαρθρα,
3070 1604 3163 1657 ille
3204 1604 3522 1676 κακοζήλως
3546 1613 3598 1659 et

2014 1704 2248 1777 syllabas
2293 1704 2676 1765 interpretatur
2724 1709 2774 1753 et
2824 1698 3053 1763 litteras,
3106 1698 3338 1767 dicitque
3368 1699 3465 1752 σὺν
3504 1698 3598 1753 τὸν

324 1785 533 1842 inferas
590 1797 835 1860 tempore
885 1787 1084 1847 Justini
1132 1795 1386 1865 martyris
1435 1796 1549 1864 jam
1604 1798 1905 1869 evulgatam

2015 1796 2245 1870 οὐρανὸν
2276 1795 2371 1848 καὶ
2398 1794 2494 1846 σὺν
2527 1792 2629 1863 τὴν
2647 1791 2773 1861 γῆν,
2809 1791 2947 1861 quod
2974 1788 3160 1845 θηρία
3191 1799 3241 1843 et
3270 1787 3467 1843 Latina
3490 1790 3599 1842 lin-

322 1877 500 1935 luisse
524 1881 736 1951 Aquilae
767 1883 1063 1940 editionem
1083 1927 1098 1950 ,
1130 1896 1294 1957 atque
1315 1889 1452 1943 adeo
1481 1900 1642 1946 antea
1684 1890 1905 1957 factam,

322 1972 579 2029 videlicet
621 1974 863 2030 Adriano
902 1976 1174 2047 principe,
1212 1987 1272 2033 ut
1319 1980 1396 2034 ait
1436 1978 1807 2052 Epiphanius,
1839 2000 1905 2041 ex

317 2064 578 2134 Origene,
608 2075 667 2121 ut
695 2068 957 2136 creditur,
984 2078 1284 2126 mutuatus.

390 2159 600 2215 Caetera
629 2170 812 2218 autem
842 2178 965 2231 qua:
994 2164 1194 2234 adjecit
1229 2164 1566 2236 Epiphanius
1591 2167 1660 2223 de
1683 2166 1903 2241 Aquila,

316 2266 431 2307 non
484 2269 552 2307 cx
590 2254 781 2309 eodem
817 2253 963 2310 fonte
1005 2256 1256 2313 hausisse
1294 2258 1568 2329 putandus
1610 2270 1694 2317 est
1728 2281 1742 2315 :
1778 2279 1905 2321 nam

315 2344 472 2415 quod
513 2357 702 2401 narrat
729 2363 854 2403 eum
896 2348 967 2403 ab
991 2348 1232 2404 Adriano
1264 2354 1636 2409 restaurandae
1665 2355 1785 2410 urbi
1810 2354 1901 2412 Jo-

315 2436 727 2508 rosolymorum
760 2440 1112 2510 pra-positum
1148 2439 1340 2509 fuisse,
1361 2444 1583 2514 perinde
1602 2446 1902 2515 suspicioni

313 2526 620 2581 obnoxium
651 2527 861 2581 videtur
886 2536 1049 2597 atque
1077 2528 1130 2584 id
1157 2532 1302 2599 quod
1327 2541 1454 2587 ante
1469 2533 1700 2598 dixerat,
1721 2535 1899 2604 ipsum

313 2614 547 2671 Adriani
602 2632 850 2673 socerum
905 2616 1093 2674 fuisse.
1151 2618 1379 2692 Reliqua
1423 2623 1491 2678 de
1534 2626 1900 2695 apotelesma-

314 2708 460 2773 tice,
517 2708 631 2763 sive
663 2708 731 2763 de
750 2709 1182 2780 genethlialogiae
1215 2729 1339 2777 usu,
1385 2713 1453 2767 de
1496 2714 1797 2785 baptismo,
1831 2718 1900 2773 de

310 2797 535 2865 ejurato
568 2807 760 2869 postea
804 2798 1261 2869 Christianismo,
1295 2803 1365 2857 de
1390 2804 1627 2859 admissa
1660 2809 1898 2862 circnm-

312 2888 552 2954 cisioue,
586 2892 760 2960 deque
779 2892 975 2963 adepta
999 2894 1220 2949 demum
1257 2893 1533 2952 llebraiea:
1565 2898 1763 2970 linguae
1784 2915 1901 2969 per-

314 2982 462 3038 lecta
492 2984 720 3047 notitia,
755 2987 1019 3055 majorem
1067 3003 1200 3043 sane
1223 2989 1563 3067 postularent
1603 2993 1899 3048 auctorita-

313 3081 455 3139 tem,
481 3089 655 3145 exque
686 3074 949 3133 fabulosis
983 3076 1297 3133 Iudaeorum
1340 3081 1748 3138 narrationibus
1780 3099 1898 3137 ma-

2011 1907 2115 1961 gna
2149 1889 2362 1941 omnino
2391 1902 2493 1940 non
2522 1886 2729 1955 recipit.
2771 1883 2939 1951 Cujus
2970 1882 3047 1936 rei
3080 1884 3372 1952 exemplum
3406 1896 3471 1935 ea:
3499 1898 3596 1935 no-

2008 1990 2120 2033 stro
2148 1992 2388 2033 sermone
2438 1986 2654 2046 captare
2686 1990 2985 2039 possumus.
3029 1969 3243 2037 Quanta
3286 1972 3423 2026 enim
3452 1972 3595 2034 apud

2011 2069 2220 2127 Grmcos
2266 2069 2390 2123 bene
2416 2068 2669 2121 dicuntur
2692 2107 2705 2130 ,
2733 2082 2851 2135 qua:
2879 2066 2925 2119 si
2953 2064 3023 2119 ad
3055 2063 3267 2119 uerbum
3299 2062 3594 2133 transfera—

2008 2180 2146 2231 mus,
2173 2163 2231 2216 in
2258 2160 2455 2216 Latino
2482 2176 2585 2214 non
2608 2167 2855 2213 resonant
2878 2174 2896 2211 :
2921 2167 2970 2211 et
2999 2172 3027 2213 e
3056 2158 3282 2227 regione,
3305 2172 3422 2226 qua
3449 2158 3591 2226 apud

2007 2271 2100 2310 nos
2132 2254 2339 2325 placent
2359 2294 2375 2319 ,
2408 2252 2455 2307 si
2484 2260 2755 2309 vertantur
2799 2249 2965 2318 juxta
2993 2250 3232 2302 ordinem
3254 2290 3269 2315 ,
3300 2249 3441 2316 apud
3466 2247 3589 2301 illos

2005 2346 2377 2419 displicebant.
2418 2343 2554 2403 Illud
2583 2356 2713 2399 vero
2736 2340 2937 2413 χεῦμα,
2972 2339 3310 2413 ὀπωρισμὸν,
3343 2336 3592 2394 στιλπνό-

2003 2458 2177 2514 cura,
2226 2439 2372 2511 quod
2408 2437 2683 2493 undenam
2738 2445 3015 2504 sumptum
3045 2445 3192 2488 esset
3221 2445 3348 2487 ante
3372 2433 3591 2504 ignora-

2004 2532 2162 2587 batur
2183 2572 2199 2596 ,
2240 2546 2309 2585 ex
2354 2528 2510 2583 Deut.
2543 2544 2618 2582 vn
2638 2570 2654 2594 ,
2688 2526 2753 2581 15
2774 2566 2789 2589 ,
2819 2540 2967 2581 nunc
2986 2526 3165 2597 primo
3190 2524 3371 2596 prodit
3398 2525 3454 2579 in
3478 2524 3590 2595 Ap-

2002 2624 2232 2695 pendice
2265 2638 2330 2678 ex
2366 2622 2558 2678 codice
2582 2618 2943 2675 Coisliniano.

2070 2716 2382 2787 Aliquando
2425 2714 2591 2775 item,
2627 2713 2774 2766 nulla
2823 2712 3006 2766 habita
3052 2724 3313 2782 generum
3353 2718 3585 2775 ratione,

2002 2816 2063 2863 ut
2090 2805 2443 2863 Hebraismos
2496 2805 2861 2874 exprimeret,
2908 2802 3187 2875 singulare
3230 2818 3353 2859 cum
3388 2802 3587 2873 plurali

2000 2897 2297 2970 copulavit,
2317 2905 2375 2951 ut
2403 2894 2540 2954 Gen.
2575 2912 2607 2950 ν
2626 2938 2641 2963 ,
2666 2894 2722 2961 5,
2751 2896 2846 2949 καὶ
2870 2893 3067 2965 ἔζησεν
3101 2895 3272 2967 ’Δδὰμ
3291 2895 3587 2967 τριάκοντα

1998 2989 2139 3054 ἔτος,
2173 2988 2269 3042 καὶ
2298 2984 2589 3041 ἐννακόσια
2616 2984 2735 3049 ἔτος
2753 3025 2768 3050 ,
2799 2992 2852 3039 et
2881 2984 3013 3038 vixit
3041 2985 3213 3038 Adam
3237 2986 3459 3056 triginta
3487 3002 3585 3041 att-

1999 3093 2126 3131 uuns
2151 3086 2200 3130 et
2225 3087 2510 3147 nongentos
2534 3090 2750 3139 annum,
2782 3075 2907 3145 quia
2928 3089 3120 3144 nempe
3139 3091 3242 3130 vox
3258 3084 3377 3137 nm
3392 3077 3582 3149 singu-

313 3181 452 3221 nare
483 3142 799 3237 potuerunt.
826 3167 1109 3238 Siquidem
1139 3168 1311 3224 Judaei
1339 3170 1547 3241 Aquila:
1570 3172 1895 3241 editionem,
1924 3142 1969 3201 θ
1999 3169 2133 3225 laris
2163 3142 2395 3223 fortnan
2426 3166 2607 3231 habet,
2634 3166 2760 3221 licet
2787 3142 2877 3221 hic
2901 3166 3008 3219 vim
3033 3142 3261 3235 pluralis
3287 3142 3509 3234 habeat:
3528 3178 3587 3223 ιιι

309 3274 441 3315 eam
487 3260 737 3315 videlicet
782 3276 906 3331 qua:
958 3261 1103 3316 κατὰ
1155 3262 1443 3335 ἀκρίϐειαν
1504 3263 1644 3322 facta
1699 3266 1897 3334 literal,

311 3351 503 3419 magni
545 3349 838 3418 faciebant,
883 3360 1273 3425 auctoremque
1301 3355 1445 3411 illius
1475 3356 1729 3413 laudibus
1759 3374 1899 3429 prte-

313 3441 595 3495 dicabant.
662 3440 797 3497 llinc
850 3443 1115 3513 Origenes
1146 3446 1213 3500 ad
1243 3445 1562 3502 Africanum
1593 3469 1607 3504 :
1640 3446 1729 3514 Sic
1759 3452 1900 3505 enim

312 3530 538 3601 Aquiia,
571 3530 852 3588 chraicce
876 3534 1093 3589 lectioni
1122 3537 1349 3591 seruiens
1377 3538 1543 3591 edidit
1575 3554 1593 3591 :
1621 3556 1773 3609 quem
1797 3540 1902 3595 Ju-

313 3624 423 3676 dtri
471 3625 870 3678 accuratissime
922 3627 1157 3681 omnium
1227 3630 1446 3683 credunt
1498 3630 1899 3700 interpretatum

312 3731 429 3768 esse
443 3712 779 3785 Scripturam
802 3733 820 3771 :
845 3734 949 3787 quo
981 3720 1209 3773 maxime
1239 3720 1315 3773 uti
1346 3720 1516 3776 solent
1548 3726 1639 3793 qui
1668 3723 1900 3778 Hebrai-

311 3820 438 3860 cam
476 3808 762 3862 dialectuin
822 3811 1102 3880 ignorant,
1144 3822 1321 3878 utpote
1364 3814 1456 3883 qui
1502 3819 1737 3869 omnium
1784 3834 1900 3871 ma—

311 3902 461 3955 zime
486 3917 695 3955 sensum
728 3916 997 3977 assecutus
1028 3920 1140 3959 esse
1170 3915 1404 3975 putetur.

516 3994 585 4050 ιι.
635 3994 825 4063 Aquila
848 3995 985 4050 duas
1014 3997 1477 4067 interpretationes
1504 4002 1692 4056 edidit.

393 4081 539 4140 Duas
568 4096 748 4140 autem
778 4088 1161 4145 translationes
1186 4091 1421 4148 edidisse
1448 4092 1698 4163 Aquilam
1717 4094 1903 4166 explo-

316 4183 501 4231 ratum
528 4188 612 4229 est
640 4194 653 4229 :
685 4178 935 4245 primam,
965 4180 1297 4249 liberiorem,
1334 4182 1426 4236 ubi
1457 4184 1561 4240 etsi
1591 4185 1756 4240 verba
1785 4186 1902 4241 sin-

315 4267 446 4336 gula
480 4264 744 4322 Hebraica
772 4266 955 4325 Graece
995 4272 1301 4339 exprimere
1332 4283 1640 4345 satageret,
1676 4289 1898 4331 sensum

316 4366 504 4413 tamen
534 4367 662 4428 apte
686 4360 910 4416 reddere
941 4362 1189 4429 curabat,
1222 4379 1396 4434 neque
1429 4375 1539 4420 tam
1580 4367 1905 4438 scrupuloso

2000 3276 2163 3316 nemo
2190 3276 2298 3315 non
2328 3260 2494 3315 videt.
2527 3256 2649 3313 Pari
2674 3257 2886 3311 ratione
2908 3273 3302 3329 nonnunquam
3327 3258 3581 3331 pluralia,

1997 3368 2122 3424 qua:
2152 3352 2260 3406 vim
2291 3350 2587 3422 singularis
2615 3348 2834 3414 habent,
2864 3349 2954 3403 ille
2978 3351 3260 3421 pluraliter
3281 3352 3581 3422 expressit;

1998 3446 2082 3501 sic
2130 3442 2265 3502 Gen.
2320 3459 2395 3510 vr,
2442 3442 2497 3507 2,
2547 3425 2935 3504 utrium-#3:,
3010 3442 3062 3494 oi
3108 3441 3211 3495 υἱοὶ
3267 3441 3374 3496 τῶν
3408 3440 3581 3506 Θεῶν,

1997 3539 2127 3609 quia
2170 3536 2427 3591 nimirum
2468 3520 2649 3596 ειητήκ
2690 3534 2852 3590 habet
2910 3533 3137 3604 pluralis
3189 3530 3455 3599 formam,
3494 3535 3585 3591 illo

1999 3630 2282 3702 pluraliter
2322 3629 2411 3683 hic
2454 3628 2615 3684 vertit
2662 3646 2676 3682 :
2726 3626 2819 3681 ubi
2845 3625 3114 3698 Vulgata,
3181 3626 3425 3683 Videntes
3480 3626 3582 3697 ﬁlii

2001 3723 2100 3778 Dei
2154 3722 2300 3793 ﬁlias
2357 3721 2651 3775 hominum.
2691 3719 2773 3774 Ad
2824 3720 2938 3776 haec
2982 3719 3341 3792 etymologias
3397 3721 3582 3775 nomi—

2001 3831 2131 3871 num
2164 3815 2566 3884 verborumque
2601 3812 2675 3867 ita
2705 3821 3075 3878 consectatur,
3110 3821 3193 3876 ut,
3222 3813 3369 3867 nulla
3399 3811 3583 3868 habita

2001 3908 2163 3965 serici
2194 3907 2426 3973 ratione,
2460 3904 2709 3959 eamdem
2752 3917 2943 3959 vocem
2973 3901 3294 3958 Hebraicam
3326 3911 3385 3957 ut
3413 3902 3585 3973 pluri-

2001 4016 2153 4056 mum
2197 4000 2386 4055 eadem
2430 3997 2619 4055 Graeca
2665 3997 2974 4068 exprimat,
3024 4012 3133 4052 non
3160 3996 3407 4068 cogitans
3437 3995 3582 4050 idem

2000 4093 2252 4159 verbum,
2279 4092 2327 4148 si
2351 4091 2474 4149 aliis
2506 4089 2849 4163 diversisque
2866 4089 3129 4164 jungatur
3156 4088 3404 4153 vocibus,
3433 4087 3584 4144 aliud

2001 4182 2335 4256 signiﬁcare.

2072 4273 2164 4331 Ill.
2207 4272 2341 4329 Utro
2369 4290 2435 4331 ea:
2465 4273 2671 4329 duabus
2700 4273 2756 4327 in
2785 4272 3043 4344 Hexaplis
3080 4272 3255 4341 posita
3288 4271 3473 4341 fuerit.

2075 4364 2155 4421 Ex
2188 4366 2282 4422 illa
2308 4380 2474 4437 porro
2518 4365 2723 4436 duplici
2769 4365 2981 4435 Aquilae
3025 4365 3297 4425 versione.
3350 4362 3582 4433 quaestio

314 4448 545 4505 voculas
570 4464 762 4505 omnes
787 4452 1119 4518 sectabatur,
1154 4470 1217 4509 ac
1244 4471 1367 4511 cum
1393 4460 1590 4513 seriem
1631 4459 1894 4514 intertur-
1931 4485 1977 4543 υ
2005 4457 2204 4514 exoriri
2234 4464 2446 4529 potest;
2471 4464 2594 4511 utra
2628 4455 2876 4511 videlicet
2896 4470 2961 4542 ex
2994 4446 3208 4510 duabus
3242 4453 3298 4509 in
3325 4451 3581 4523 llexaplis

315 4538 547 4596 baturus
570 4555 693 4596 esse
720 4542 1076 4613 prospiceret,
1116 4556 1505 4613 repraesentare
1540 4549 1846 4620 negligebat
1881 4566 1897 4605 :

313 4632 465 4703 quod
497 4648 688 4687 verum
732 4644 850 4690 erat
887 4636 1198 4707 interpretis
1232 4638 1489 4694 ollicinm.
1527 4640 1767 4695 Alteram
1802 4641 1900 4697 de-

316 4725 447 4781 inde
489 4725 797 4781 versionem
846 4728 1087 4797 paravit,
1134 4746 1257 4801 quae
1302 4733 1444 4785 κατὰ
1477 4719 1763 4803 ἀκρίδειαν
1806 4749 1903 4788 vo.

313 4815 614 4881 citabatur,
650 4816 704 4873 id
729 4826 830 4884 est,
865 4821 1166 4875 secundum
1188 4832 1436 4877 exactam
1466 4825 1709 4879 vertendi
1732 4826 1902 4879 ratio-

316 4923 475 4975 nem,
520 4908 587 4963 de
623 4924 728 4978 qua
759 4907 1122 4983 Hieronymus
1148 4914 1201 4967 in
1234 4913 1561 4970 Ezechielem
1590 4932 1713 4986 pag.
1746 4916 1849 4972 7l6
1885 4936 1900 4973 :

315 5001 531 5071 Aquich
577 5001 806 5057 secunda
842 5003 1027 5066 editio,
1073 5022 1233 5075 quam
1283 5005 1497 5063 Hebrtei
1548 5007 1689 5062 κατὰ
1744 4991 1903 5084 inpl-

314 5093 473 5150 Gesav
500 5097 816 5159 nominant;
847 5097 941 5151 ubi
969 5106 1119 5153 tanta
1147 5101 1498 5156 accuratione
1521 5103 1689 5157 verba
1722 5111 1777 5158 et
1805 5117 1902 5158 vo-

312 5188 473 5247 cuias
524 5186 771 5257 singulas
819 5185 1117 5243 Hebraieas
1164 5190 1390 5246 reddere
1430 5192 1677 5257 curabat,
1730 5201 1790 5246 nt
1834 5193 1904 5248 de

310 5279 444 5351 styli
472 5279 724 5335 barbarie
756 5279 897 5333 nihil
926 5280 1207 5349 cogitaret.
1253 5280 1530 5349 Ejusmodi
1575 5298 1704 5338 vero
1733 5299 1903 5338 κακο-

313 5371 511 5445 ζηλεας
554 5373 803 5444 exempla
846 5374 1019 5429 multa
1052 5374 1295 5444 proferre
1324 5391 1647 5446 possemus;
1680 5376 1774 5432 sed
1794 5420 1810 5443 ,
1842 5386 1903 5432 ut

312 5477 513 5519 cetera
543 5474 779 5531 taceam,
833 5465 961 5533 quis
1005 5480 1112 5517 non
1161 5479 1301 5535 aegre
1330 5463 1468 5519 ferat
1495 5466 1608 5519 hanc
1635 5464 1900 5522 Hebraica

312 5556 497 5619 verba.
529 5566 693 5644 vnn
719 5566 833 5619 m1
858 5564 1069 5615 mima
1089 5567 1172 5615 nn
1195 5540 1374 5617 riu-rm
1401 5568 1522 5617 una
1540 5566 1798 5624 manu,
1822 5558 1902 5615 sic

312 5663 561 5719 expressa
590 5653 806 5715 videre,
858 5650 919 5702 ὲν
943 5648 1222 5721 κεφαλαίῳ
1249 5649 1460 5704 ἔκτισεν
1487 5653 1516 5705 ὁ
1536 5650 1669 5716 Θεὸς
1694 5654 1792 5708 σὺν
1812 5651 1903 5707 τὸν

306 5743 526 5821 superbit
554 5746 650 5806 καὶ
690 5746 802 5801 σὺν
832 5740 935 5812 τὴν
978 5739 1081 5811 γῆν
1107 5758 1119 5771 ·
1159 5743 1417 5812 nimier
1449 5743 1541 5799 ille
1571 5760 1637 5800 ne
1660 5743 1902 5815 particu-

2003 4550 2072 4606 ab
2095 4548 2328 4621 Origene
2351 4549 2528 4621 posita
2553 4547 2737 4613 fuerit,
2760 4564 2829 4602 an
2855 4535 3056 4620 prima,
3082 4562 3152 4602 an
3178 4547 3438 4611 secunda,
3459 4560 3582 4616 quae

2002 4643 2123 4697 κατ’
2170 4641 2459 4715 ἀκρίόειαν
2507 4641 2806 4696 vocabatur
2837 4662 2850 4695 :
2880 4650 2934 4697 ct
2961 4650 3143 4696 utrum
3180 4656 3393 4712 semper
3424 4655 3580 4695 eam-

2001 4736 2124 4791 dem
2174 4734 2485 4791 adhibuerit
2530 4730 2795 4805 Origenes
2843 4733 2897 4787 in
2942 4732 3203 4788 omnibus
3248 4742 3304 4786 et
3347 4731 3579 4803 singulis

2004 4824 2302 4897 Scriptura
2334 4824 2527 4893 libris;
2553 4840 2622 4878 an
2645 4824 2807 4879 modo
2840 4839 3027 4889 unam,
3059 4823 3222 4879 modo
3246 4823 3472 4877 alteram
3491 4837 3584 4894 ap-

2001 4917 2270 4990 posuerit.
2328 4914 2448 4971 Non
2483 4917 2677 4972 dubito
2704 4930 2822 4971 eam
2857 4915 2912 4969 in
2957 4913 3211 4984 llexaplis
3254 4914 3416 4969 tertio
3461 4914 3581 4968 loco

2001 5010 2275 5083 posuisse,
2316 5024 2437 5078 qum
2475 5008 2604 5079 quia
2644 5007 2812 5061 nimia
2857 5005 3209 5061 accuratione
3251 5005 3581 5061 concinnata

2002 5110 2140 5168 erat,
2167 5101 2285 5154 κατ’
2318 5098 2604 5170 ἀκρίϐειαν
2638 5097 2781 5153 facta
2809 5096 3125 5163 dicebatur;
3153 5110 3350 5166 nempe
3378 5110 3578 5151 secun-

2003 5193 2149 5246 dam.
2208 5190 2261 5246 ld
2299 5206 2428 5245 vero
2471 5190 2664 5245 suadet
2694 5187 2961 5260 particula
3008 5188 3105 5242 σὺν
3139 5200 3283 5257 saepe
3312 5186 3489 5257 posita
3521 5186 3579 5242 in

2006 5282 2075 5337 iis
2117 5296 2240 5351 quae
2286 5288 2582 5350 supersunt
2610 5278 2870 5335 editionis
2903 5277 3115 5348 Aquilae
3142 5276 3493 5349 fragmentis,
3527 5286 3582 5331 et

2005 5377 2110 5432 alia
2140 5376 2324 5431 nimia:
2356 5375 2634 5444 religionis
2661 5374 2908 5445 vestigia.
2970 5371 3050 5427 Ex
3080 5372 3272 5429 eadem
3294 5372 3465 5427 etiam
3483 5369 3580 5425 de-

2005 5478 2208 5539 cerptae
2237 5468 2385 5522 fuere
2413 5467 2675 5523 lectiones
2704 5466 2932 5536 Aquilae,
2961 5481 3084 5534 qua:
3117 5466 3173 5519 in
3201 5464 3441 5518 editione
3471 5461 3581 5517 τῶν

2005 5559 2063 5614 0’
2100 5559 2377 5630 hexaplari
2404 5575 2527 5614 cum
2572 5557 2848 5613 asteriscis
2870 5557 2939 5609 ab
2961 5554 3192 5627 Origene
3213 5554 3404 5623 posita:
3429 5562 3577 5608 sunt.

2006 5649 2209 5706 Verum
2238 5653 2364 5725 quia
2391 5652 2444 5706 in
2477 5652 2617 5706 locis
2644 5649 2875 5721 Aquila),
2900 5663 3022 5719 quae
3050 5647 3362 5717 frequenter
3389 5645 3445 5700 in
3477 5645 3580 5699 hac

2006 5743 2373 5815 Bexaplorum
2400 5742 2718 5801 collectione
2748 5751 3070 5805 occurrunt.
3121 5744 3237 5798 haec
3280 5747 3389 5793 tam
3420 5752 3578 5793 scru-
