4064 6262
530 324 606 388 as
1923 315 2445 376 PIUELIMINARIA
3753 326 3828 382 ει

532 449 729 521 pulosa
774 448 1017 503 vertendi
1068 446 1207 503 ratio
1238 462 1349 501 non
1385 446 1590 518 ubique
1616 445 1975 511 observatur,
2001 442 2132 498 hinc
2159 445 2207 503 Α
2233 456 2356 511 quae
2384 456 2414 497 a
2441 442 2701 500 Patribus
2728 452 2785 499 ut
2816 443 3149 501 Christianae
3180 443 3303 502 ﬁdei
3331 444 3692 519 repugnantia
3738 465 3827 503 re-

533 542 769 597 l'ortasse
791 539 1068 611 quispiam
1097 538 1430 610 suspicetur,
1461 553 1526 595 ea
1550 552 1673 609 qua:
1695 536 1998 608 elegantius
2027 552 2124 591 ex-

533 633 882 702 primuntur,
912 646 1013 687 nec
1042 641 1250 687 tantam
1283 630 1581 702 praeterunt
1612 629 1928 699 interpretis
1964 628 2126 711 ἀκρι-

533 726 707 790 ϐειαν,
742 740 809 781 ex
843 725 1019 795 prima
1059 726 1179 794 ejus
1206 724 1480 788 versione,
1511 740 1637 795 qua:
1661 722 1920 779 liberiore
1948 722 2121 777 inter-

533 817 781 886 pretandi
830 832 1027 889 genere
1057 818 1319 871 adornata
1366 815 1567 881 fuerat,
1609 816 1896 885 desumpta
1925 814 2121 871 fuisse.

534 906 740 965 Verum
769 910 949 980 potuit
987 908 1184 979 Aquila
1205 948 1220 969 ,
1252 909 1418 963 etiam
1456 910 1511 963 in
1543 908 1635 963 illa
1668 908 1790 961 κατ’
1831 906 2122 979 ἀκρίϐειαν

532 1004 1005 1073 interpretatione,
1030 1018 1139 1057 non
1173 1003 1594 1073 sempereadem
1618 1002 1881 1072 religione
1910 1002 1965 1056 in
1996 1015 2121 1056 ver-

530 1093 698 1149 tendo
731 1094 813 1147 uti
860 1111 876 1147 :
928 1108 1029 1149 nec
1058 1093 1340 1148 insolitum
1383 1103 1467 1149 est
1494 1094 1820 1163 interpretes
1845 1092 2123 1165 quoslibet

531 1185 697 1241 modo
743 1185 938 1242 littera:
977 1187 1218 1253 interere,
1268 1187 1433 1243 modo
1483 1186 1817 1258 elegantiore
1854 1185 2122 1256 interpre-

531 1279 683 1335 tandi
714 1294 914 1352 genere
946 1280 1263 1352 procedere.
1305 1281 1531 1336 Certum
1557 1279 1724 1351 igitur
1753 1279 1966 1347 habeo,
1993 1278 2120 1334 Ori-

531 1388 721 1441 genem
745 1373 799 1428 in
825 1372 983 1428 tertia
1019 1372 1385 1444 llexaplorum
1418 1372 1675 1428 columna
1707 1370 1923 1442 Aquila:
1950 1370 2121 1426 inter-

529 1465 890 1534 pretationem
920 1467 1070 1523 illam
1098 1467 1350 1537 posuisse
1372 1509 1387 1534 ,
1425 1481 1551 1536 qua:
1598 1467 1720 1521 κατ’
1751 1464 2041 1538 ἀκρίῦειαν
2064 1474 2122 1522 et

528 1558 769 1614 secunda
812 1559 1111 1615 vocabatur
1132 1601 1146 1623 ,
1177 1572 1233 1615 et
1278 1559 1538 1616 lectiones
1584 1558 1797 1629 Aquilae
1826 1559 1948 1614 illas
1979 1575 2120 1629 quas

530 1648 833 1716 praemissis
885 1649 1167 1706 asteriscis
1214 1651 1269 1704 in
1315 1650 1595 1720 hexaplari
1639 1650 1746 1703 τῶν
1778 1652 1836 1703 0'
1880 1650 2120 1706 editione

528 1741 734 1810 posuit,
767 1758 835 1796 ex
861 1756 927 1798 ea
958 1744 1259 1815 accepisse.

2229 534 2665 605 prehenduntur,
2708 537 2797 591 hic
2835 536 3118 607 proferre;
3152 548 3210 593 ut
3242 539 3570 609 exquiratur
3604 554 3732 594 nun:
3761 554 3828 595 re

2226 641 2355 679 vera
2386 626 2584 697 Aquila
2609 629 2679 683 de
2709 628 2981 689 industria
3011 632 3127 688 haec
3156 634 3222 687 ad
3254 631 3418 685 aliam
3453 640 3689 686 mentem
3724 632 3827 687 de-

2224 718 2469 774 terserit.
2496 719 2599 787 Qui
2625 724 2778 789 prior
2800 723 3053 790 Aquilam
3086 724 3361 793 simulque
3384 722 3823 778 Theodotionem

2224 810 2571 879 criminatur,
2599 824 2684 869 est
2726 813 2963 872 lrenaeus
3006 816 3102 871 lib.
3138 832 3224 881 tu,
3252 832 3376 886 cap.
3428 815 3521 878 24,
3551 815 3645 870 ubi
3689 814 3765 870 ait
3806 834 3822 870 :

2227 903 2353 959 Non
2393 922 2515 960 rem
2555 918 2634 961 est
2678 910 3070 978 interpretatio.
3119 925 3247 965 ecce
3292 909 3726 974 adulescentula,
3759 917 3824 961 ut

2227 994 2553 1050 Theodotion
2588 996 2848 1067 Ephesius
2871 1009 2921 1053 et
2950 1000 3147 1069 Aquila
3194 1000 3447 1057 Ponticus
3480 1009 3601 1055 sunt
3647 1000 3823 1054 inter-

2221 1089 2441 1157 pretati.
2474 1087 2617 1143 Uine
2655 1088 2899 1146 Ebiontei
2923 1106 2991 1145 ex
3030 1090 3228 1162 Ioseph
3258 1102 3445 1146 tratum
3481 1094 3657 1146 aiunt.
3687 1091 3823 1161 Agi-

2221 1189 2311 1235 tur
2351 1180 2440 1235 hic
2488 1180 2557 1235 de
2604 1180 2815 1239 Hesaia
2850 1184 2972 1239 loco
3003 1201 3105 1251 vn,
3138 1184 3207 1240 l4
3241 1204 3253 1239 :
3286 1184 3421 1241 Ecce
3450 1188 3595 1257 virgo
3641 1186 3824 1240 conri-

2218 1272 2325 1340 piet
2346 1280 2397 1327 et
2420 1272 2593 1342 pariet
2611 1272 2811 1342 filium.
2842 1275 2927 1331 An
2952 1286 3135 1332 autem
3166 1286 3227 1332 ut
3250 1279 3430 1333 locum
3465 1278 3821 1349 detorqueret

2218 1363 2443 1436 Aquila,
2472 1365 2555 1423 sic
2588 1368 2899 1423 versionem
2938 1386 3096 1425 suam
3134 1372 3573 1436 concinnaverit,
3603 1370 3816 1427 nescio.

2222 1455 2532 1514 Verisimile
2558 1468 2742 1518 tamen
2766 1473 2852 1518 est
2878 1479 3006 1519 eum
3031 1478 3062 1518 a
3095 1478 3231 1519 voce
3260 1462 3532 1535 παρθένος
3560 1464 3820 1519 consulto

2219 1549 2547 1621 declinasse,
2592 1556 2724 1625 quia
2774 1557 2875 1613 hac
2924 1556 3163 1611 maxime
3193 1556 3478 1627 prophetia
3520 1558 3819 1611 utebantur

2218 1642 2520 1700 Christiani
2546 1663 2646 1717 pm
2668 1664 2771 1703 sua
2802 1650 3003 1704 tuenda
3034 1650 3157 1705 ﬁde.
3186 1651 3305 1704 lmo
3331 1665 3431 1704 nec
3462 1664 3653 1705 vocem
3677 1648 3821 1703 ἀπύρ-

2224 1752 2455 1809 κρυφος,
2486 1741 2824 1805 abscondita,
2858 1757 3025 1812 quam
3060 1743 3187 1797 alibi
3221 1758 3322 1813 pro
3357 1740 3625 1797 llebraica
3655 1725 3820 1805 νεών

528 1852 623 1909 ιν.
655 1854 740 1909 An
769 1854 835 1910 de
862 1810 1131 1911 industria
1162 1858 1357 1928 Aquila
1393 1858 1639 1929 quendam
1675 1856 1973 1928 Scriptum
1998 1859 2118 1913 loca
2150 1810 2192 1864 Β
2219 1831 2574 1929 ῗιρτίπ⁸ξ²⁰δ³
2600 1923 2612 1929 _
2636 1810 2893 1900 adhibet;
2928 1835 3021 1929 ωε
3082 1810 3353 1929 υδῗπρθνθ
3408 1833 3621 1929 vomit?
3672 1834 3810 1902 quia

907 1929 964 1981 in
996 1928 1167 1983 alium
1195 1946 1407 1983 sensum
1435 1929 1738 1983 deterserit.

601 2016 721 2073 Una
770 2019 873 2075 fuit
922 2031 1241 2077 sanctomm
1298 2020 1521 2076 Patrum
1568 2030 1928 2092 veterumque
1980 2038 2119 2093 pene

525 2110 771 2165 onmium
816 2124 973 2166 mens
1019 2119 1075 2166 et
1117 2112 1327 2182 opinio,
1362 2111 1615 2183 Aquilam
1664 2115 1739 2169 ob
1771 2114 1975 2170 illatam
2009 2115 2117 2170 sibi

525 2200 596 2255 ab
631 2198 891 2257 Ecclesiae
924 2202 1220 2272 praefectis,
1258 2218 1426 2274 quam
1463 2220 1631 2274 supra
1660 2209 2116 2271 memoravimus,

522 2295 916 2349 contumeliam
952 2295 1102 2363 (nam
1134 2297 1281 2366 quod
1312 2296 1389 2351 illi
1425 2314 1493 2352 ex
1526 2313 1656 2353 vero
1681 2298 1966 2370 religionis
2003 2301 2119 2369 pie-

523 2382 766 2454 tatisque
799 2385 985 2440 studio
1012 2388 1371 2451 admiserant,
1419 2389 1636 2460 injurize
1666 2390 1792 2447 loco
1833 2391 2115 2462 habebat),

528 2473 805 2530 infensum
831 2485 1015 2546 postea
1038 2476 1369 2533 Christiana:
1396 2480 1647 2551 religioni
1673 2480 1873 2549 fuisse;
1905 2497 1971 2535 ac
1994 2481 2114 2536 loca

525 2559 738 2619 Veteris
767 2566 1125 2633 Tcstameuti,
1160 2584 1284 2639 qua:
1308 2566 1554 2625 futurum
1580 2572 1787 2627 Christi
1819 2573 2112 2629 adventum

526 2659 989 2726 praenuntiabant,
1040 2661 1109 2715 de
1160 2661 1431 2718 industria
1492 2663 1549 2719 in
1600 2666 1961 2721 translatione
2012 2684 2114 2723 sua

524 2749 875 2817 depravasse,
918 2760 973 2804 et
1016 2752 1072 2806 in
1116 2754 1284 2809 alium
1340 2770 1564 2810 sensum
1609 2757 1928 2814 detursisse.
1961 2757 2115 2815 Licet

525 2849 708 2892 autem
742 2856 805 2894 ea
838 2857 963 2912 qua.-
994 2843 1062 2897 de
1096 2843 1520 2901 Christianismo
1556 2847 1627 2903 ab
1671 2849 1869 2920 Aquila
1897 2851 2113 2921 ejurato

524 2930 867 3003 Epiphanius
893 2936 1118 2991 tradidit
1147 2953 1256 2992 non
1288 2940 1603 3010 suspicione
1630 2953 1844 3007 vacent,
1862 2953 1920 2998 ut
1944 2961 2111 3015 supra

522 3024 786 3092 diximus,
823 3037 1062 3084 attamen
1098 3031 1214 3084 sive
1250 3046 1280 3085 a
1318 3032 1649 3089 Christianis
1674 3036 1743 3091 ad
1770 3034 1991 3093 Iudaeos
2018 3040 2112 3094 de-

523 3115 736 3185 fecerit,
782 3120 897 3175 sive
923 3120 1145 3178 Judzeus
1172 3122 1243 3179 ab
1274 3135 1467 3181 exortu
1514 3126 1699 3195 fuerit,
1732 3130 1806 3185 ob
1850 3130 2113 3188 Christia-

522 3210 688 3265 οἱστιιὶ
738 3213 927 3268 odium
956 3216 1140 3287 aliqua
1188 3218 1486 3290 Scriptura:
1536 3223 1654 3277 loca
1679 3223 1980 3281 detersisse
2007 3243 2109 3298 pu-

518 3304 761 3362 tabatur.
801 3305 895 3363 Sic
953 3310 1225 3377 lrenmus,
1288 3312 1590 3381 Eusebius,
1638 3315 2007 3388 Epiphanius,
2054 3332 2110 3379 et

520 3399 819 3469 aliquando
848 3400 1247 3478 Hieronymus;
1282 3408 1364 3463 sic
1388 3410 1554 3466 etiam
1581 3408 1930 3481 Philastrius,
1963 3415 2109 3470 Ana-

520 3492 727 3547 stasius
758 3492 993 3562 Sinaita,
1018 3496 1223 3569 aliique
1254 3511 1566 3556 senserunt.
1602 3499 1801 3559 Verum
1834 3504 2106 3579 Hierony-

521 3598 669 3649 mus,
698 3585 794 3654 qui
826 3602 1014 3656 parem
1036 3590 1105 3645 de
1131 3591 1330 3661 Aquila
1361 3594 1690 3649 sententiam
1722 3596 1851 3651 alibi
1883 3598 2105 3663 tulerat,

522 3676 576 3729 in
600 3678 831 3745 epistola
861 3681 1099 3750 quadam
1130 3683 1198 3736 ad
1234 3682 1533 3740 Damasum
1565 3686 1663 3755 ait,
1688 3704 1815 3743 eum
1840 3704 1951 3745 non
1979 3707 2109 3745 con-

520 3770 761 3832 teutiose,
791 3781 852 3825 ut
899 3772 995 3827 alii
1038 3774 1473 3842 arbitrabantur,
1508 3780 1603 3833 sed
1651 3781 1888 3837 studiose
1932 3785 2105 3839 inter-

518 3868 795 3929 pretatum
823 3877 967 3918 esse.
1011 3863 1127 3920 Imo
1159 3864 1568 3925 Commentariis
1604 3872 1659 3925 in
1701 3870 1960 3928 Habacuc
1988 3875 2107 3930 lau-

517 3954 614 4007 dat
648 3954 824 4020 ilhnn,
854 3957 1003 4025 quod
1034 3958 1164 4024 haec,
1185 3961 1374 4027 verba,
1416 3962 1675 4033 Egressus
1709 3982 1763 4019 es
1797 3967 1852 4021 in
1880 3968 2106 4022 salutem

516 4045 702 4113 populi
744 4049 843 4112 tui,
890 4049 947 4101 in
989 4050 1217 4106 salutem
1259 4069 1381 4108 cum
1409 4053 1621 4111 Christo
1654 4068 1768 4127 tuo,
1799 4062 2105 4117 secundum

514 4136 955 4196 Christianorum
1009 4154 1249 4200 mentem
1300 4149 1681 4216 transtulerit;
1730 4165 1861 4208 cum
1912 4165 2105 4209 contra

517 4229 884 4303 Symmachus
904 4244 959 4291 et
984 4233 1313 4304 'l‘heodotio,
1341 4240 1643 4298 Christiani
1674 4244 1821 4309 licet,
1848 4245 1905 4301 in
1933 4247 2102 4302 alium

514 4340 742 4381 sensum
770 4327 1119 4385 declinarint.
1156 4329 1222 4385 Et
1260 4333 1390 4389 alibi
1423 4350 1647 4408 quoque
1673 4334 1797 4407 ejus
1828 4338 2104 4396 defensio-

516 4431 642 4470 nem
681 4420 962 4487 suscipere
1009 4421 1245 4478 videtur.
1272 4423 1457 4491 Quare
1491 4430 1795 4496 putaverim
1828 4426 2102 4504 Hierony-

2220 1918 2364 1976 lorte
2427 1922 2543 1978 haec
2599 1923 2981 1994 interpretatio
3029 1927 3265 1997 puellam
3298 1966 3312 1990 ,
3376 1941 3509 1995 qua.
3558 1927 3814 1979 virorum

2220 2016 2465 2084 aSpectui
2522 2017 2742 2072 occulta
2794 2029 3102 2086 manserat,
3152 2029 3317 2091 atque
3368 2020 3492 2075 ideo
3540 2018 3815 2091 virginem

2217 2107 2579 2177 exprimebat.

2290 2196 2562 2256 Eusebius
2608 2200 2968 2260 Casariensis
3016 2202 3317 2259 Comment.
3367 2205 3423 2259 in
3473 2204 3667 2274 psalm.
3722 2219 3815 2271 xc,

2218 2293 2272 2362 7.
2304 2292 2362 2360 9,
2399 2294 2655 2363 Aquilam
2686 2303 2744 2350 et
2769 2294 3162 2368 Symmachum
3193 2298 3395 2367 carpit,
3425 2298 3573 2367 quod
3606 2298 3817 2353 doctri-

2219 2400 2348 2441 nam
2380 2386 2449 2442 de
2478 2386 2764 2443 Altissimo
2805 2396 2862 2445 et
2892 2389 2960 2444 de
2984 2387 3240 2454 Domino,
3272 2392 3325 2445 id
3350 2400 3436 2446 cst
3463 2390 3531 2446 de
3558 2390 3727 2447 Patre
3759 2400 3818 2449 et

2219 2478 2377 2547 Filio,
2397 2492 2714 2552 suspectam
2740 2482 3029 2551 habentes,
3049 2483 3491 2557 ιουδπιῖκώτερον,
3506 2487 3623 2541 sive
3644 2487 3816 2542 modo

2217 2571 2286 2627 ad
2324 2572 2611 2628 Iudaicam
2659 2574 2989 2630 sententiam
3042 2578 3337 2630 accedente
3381 2580 3497 2631 hare
3538 2575 3814 2633 llebraita

2216 2663 2382 2718 verba
2401 2672 2584 2746 Ῥω
2614 2674 2761 2725 nm
2782 2648 2919 2749 μὴν
2948 2674 3099 2725 ἐτ-ιτ)
3122 2675 3243 2724 mm
3272 2676 3485 2727 ann-9:
3518 2668 3597 2723 sic
3624 2675 3813 2737 trans-

2216 2756 2464 2821 tulerint,
2527 2759 2723 2828 Aquila
2753 2774 2969 2829 nempe.
3002 2760 3124 2812 ’Ότι
3148 2760 3237 2827 σὺ,
3266 2760 3464 2833 Κύριε,
3498 2759 3652 2824 ἐλπίς
3678 2779 3811 2832 μου,

2218 2850 2440 2921 ὕψιστον
2473 2849 2646 2923 ἔθηκα
2674 2852 3099 2923 κατοικητήριόν
3132 2869 3229 2905 σου
3248 2869 3263 2884 ο
3289 2850 3557 2918 Quoniam
3592 2862 3669 2919 tu,
3697 2852 3815 2907 Do"

2216 2945 2377 3007 mine,
2397 2960 2513 3013 spes
2536 2961 2673 3011 mea,
2700 2944 3023 2998 altissimum
3055 2947 3208 3015 posui
3236 2945 3603 2999 habitaculum
3630 2954 3811 3009 tuum;

2218 3036 2584 3107 Symmachus
2608 3054 2761 3104 vero,
2787 3038 2862 3092 Σὺ
2883 3038 3015 3109 γὰρ,
3040 3038 3164 3105 Θεὲ,
3186 3036 3391 3106 ἀφοϐια
3421 3054 3547 3109 μου,
3569 3037 3810 3109 ὑψίστην

2215 3123 2340 3177 ἔθου
2391 3126 2493 3197 τὴν
2531 3125 2852 3198 κατοίκησιν
2902 3144 3031 3180 σου·
3079 3125 3160 3181 Tu
3205 3128 3369 3193 enim,
3413 3127 3575 3192 Deus,
3604 3128 3813 3197 ﬁducia

2213 3231 2350 3279 mea,
2393 3216 2717 3270 altissimam
2751 3218 2981 3287 posuisti
3019 3218 3403 3274 habitationem
3454 3230 3620 3273 tuam.
3659 3219 3809 3288 Quid

2209 3305 2539 3364 Christianis
2586 3310 2829 3365 olliciant
2881 3311 3196 3381 huiusmodi
3251 3313 3661 3379 translationes,
3694 3329 3808 3368 non

2210 3401 2346 3456 satis
2375 3402 2669 3472 perspicio.
2706 3404 2776 3458 At
2812 3402 3084 3459 Eusebius
3129 3406 3249 3460 vult
3275 3406 3391 3460 haec
3417 3408 3579 3461 verba
3612 3426 3625 3460 :
3659 3407 3810 3472 Quo-

2210 3496 2353 3547 niam
2389 3506 2468 3559 tu,
2506 3496 2751 3563 Domine,
2783 3514 2900 3565 spes
2927 3515 3064 3561 nica,
3097 3499 3419 3553 altissimum
3457 3503 3689 3570 posuisti
3725 3519 3805 3556 rc-

2209 3587 2418 3657 fngium
2449 3599 2623 3656 tuum,
2655 3601 2716 3646 ut
2746 3592 2801 3645 in
2847 3588 2988 3643 LXX
3022 3592 3298 3661 leguntur.
3334 3594 3414 3648 sic
3455 3586 3809 3661 intelligenda

2210 3695 2353 3745 esse,
2388 3691 2447 3734 ut
2491 3682 2645 3748 illud,
2680 3681 2926 3749 Domine,
2959 3683 3232 3754 signiticet
3276 3682 3509 3750 Filium;
3549 3692 3603 3738 et
3645 3684 3806 3753 illud,

2210 3772 2573 3840 altissimum,
2620 3792 2784 3846 quem
2837 3791 2939 3847 pro
2985 3776 3199 3849 refugio
3241 3794 3345 3833 suo
3394 3780 3548 3849 punit
3597 3777 3803 3844 Filius,

2210 3868 2479 3937 signiﬁcet
2514 3867 2730 3923 Patrem
2770 3888 2783 3923 :
2818 3888 2926 3940 qua
2971 3871 3098 3926 data
3140 3870 3587 3940 interpretatione
3626 3872 3808 3944 magis

2208 3959 2524 4015 Arianismo
2570 3958 2754 4017 lavere
2782 3962 3013 4017 .videtur
3056 3960 3350 4027 Eusebius,
3392 3963 3553 4032 cujus
3599 3977 3805 4034 scopas

2206 4061 2293 4105 est
2326 4050 2493 4106 Deum
2537 4049 2736 4108 Filium
2789 4055 2952 4127 longe
3004 4054 3275 4109 minorem
3328 4051 3440 4107 Deo
3480 4051 3644 4110 Patre
3687 4065 3806 4114 stu-

2210 4151 2385 4206 tuere,
2412 4162 2578 4215 quam
2607 4147 2804 4217 Aquila
2840 4156 2897 4203 et
2927 4145 3297 4219 Symmachus
3321 4146 3631 4204 Judaismo.

2281 4232 2646 4307 Hieronymus
2693 4237 2748 4290 in
2794 4236 3048 4291 Hesaiam
3103 4252 3226 4306 cap.
3278 4251 3427 4302 xux,
3477 4236 3533 4302 5,
3583 4237 3637 4291 in
3684 4237 3805 4293 haec

2207 4326 2374 4381 verba
2405 4334 2546 4409 ’ρκ’
2574 4310 2648 4385 κθ
2672 4308 2905 4394 Sis-mm,
2938 4326 3031 4380 ubi
3072 4326 3270 4397 Aquila
3301 4328 3483 4393 vertit,
3518 4326 3585 4382 Et
3625 4327 3803 4385 Israel

2206 4422 2257 4475 ei
2276 4420 2705 4491 congregabitur,
2737 4420 2851 4476 haec
2880 4423 3126 4475 adnotat.
3160 4420 3240 4475 De
3265 4421 3462 4492 Aquila
3487 4430 3665 4475 autem
3694 4440 3803 4476 non

515 4522 697 4573 tuum,
739 4510 795 4565 in
829 4511 953 4565 aliis
988 4514 1124 4569 locis
1156 4516 1251 4570 ubi
1282 4516 1535 4587 Aquilam
1564 4521 1727 4590 quasi
1770 4521 2103 4580 Christianis
2131 4534 2182 4592 ι)
2209 4516 2395 4580 miror,
2426 4516 2566 4584 quod
2594 4516 2749 4567 homo
2780 4514 3177 4570 eruditissimus
3216 4513 3415 4583 linguae
3442 4513 3719 4569 llebratcc
3744 4516 3802 4569 in

514 4597 795 4654 infensum
848 4618 1079 4674 carpere
1107 4607 1343 4671 videtur,
1376 4623 1447 4663 ex
1495 4611 1705 4683 vulgari
1738 4614 1972 4669 aliorum
2006 4617 2101 4686 qui

514 4703 912 4761 pnecesserant
968 4700 1239 4755 sententia
1298 4701 1543 4759 locutum
1600 4720 1756 4773 esse;
1809 4708 2106 4780 ipsumque

517 4791 722 4849 tamen,
751 4786 845 4855 qui
873 4786 998 4857 plus
1030 4804 1199 4858 quam
1235 4794 1416 4848 cancri
1440 4810 1637 4851 omnes
1663 4796 1874 4868 Aquila:
1904 4802 2111 4855 versio-

516 4890 644 4930 nem
688 4886 1041 4946 tractaverat,
1071 4883 1181 4939 alia
1223 4886 1482 4955 opinione
1529 4887 1722 4945 fuisse.
1771 4893 1986 4963 Aquila,
2021 4895 2105 4948 in-

514 4968 638 5039 quit
666 4969 718 5023 in
747 4971 978 5040 epistola
1008 4975 1075 5029 ad
1105 4974 1432 5046 Damasum,
1452 4982 1543 5051 qui
1569 4998 1673 5037 non
1696 4987 2100 5051 contentiosius,

515 5069 574 5113 ut
604 5063 823 5130 quidam
854 5075 1067 5133 putant,
1095 5069 1187 5121 sed
1218 5072 1512 5126 studiosius
1541 5075 1750 5129 uerbum
1783 5076 2103 5147 interpreta-

516 5160 607 5205 tur
628 5154 699 5207 ad
736 5155 967 5210 uerbum.
1006 5156 1074 5213 Et
1098 5158 1151 5213 in
1192 5162 1425 5231 epistola
1455 5166 1523 5220 ad
1560 5166 1871 5225 Marcellam
1922 5189 1936 5224 :
1974 5169 2104 5224 Jam

512 5245 718 5312 pridem
732 5264 851 5302 cum
868 5249 1219 5307 voluminibus
1235 5252 1582 5311 Hebre-orum
1596 5260 1882 5316 editionem
1894 5264 2106 5334 Aquila:

511 5336 751 5406 confero,
796 5355 862 5394 ne
906 5344 1040 5411 quid
1078 5355 1293 5415 propter
1334 5350 1519 5404 odium
1565 5352 1769 5409 Christi
1818 5354 2106 5429 Synagoga

511 5431 840 5494 mutaverit;
868 5442 940 5497 et,
970 5445 1028 5488 ut
1060 5439 1250 5492 amica
1282 5442 1442 5493 merui
1483 5442 1682 5512 fatear,
1725 5462 1843 5515 qua
1884 5447 1955 5501 ad
2007 5465 2106 5502 no-

510 5536 678 5574 stram
703 5523 861 5594 ﬁdem
880 5529 1177 5595 pertineant
1218 5531 1571 5587 roborandam
1592 5536 1749 5605 plura
1774 5542 1995 5609 reperio.

515 5610 578 5665 ν.
620 5613 1007 5699 Expendnutur
1052 5621 1183 5699 lo_ca_
1198 5624 1288 5677 ubi
1319 5627 1537 5694 Aquila,
1561 5632 1720 5699 quasi
1744 5633 1806 5685 ob
1838 5632 2105 5690 Christia-

587 5688 745 5740 nismi
763 5688 961 5744 sodium
994 5693 1134 5747 male
1166 5688 1588 5765 interpretatus;
1606 5688 2027 5770 reprehenditur.

586 5775 625 5828 Ε
652 5795 709 5831 re
733 5792 913 5837 autem
939 5782 1103 5841 fuerit
1120 5786 1237 5844 loca
1259 5787 1350 5845 illa
1375 5789 1850 5863 interpretationis
1865 5795 2098 5870 Aquilae,

2210 4608 2308 4661 hoc
2330 4606 2445 4659 loco
2476 4617 2569 4661 aut
2592 4606 2865 4660 simulat-it
2896 4608 3247 4677 imperitiam,
3277 4618 3369 4660 aut
3396 4605 3801 4662 Pharisaeorum

2206 4715 2450 4769 perversa
2478 4698 2913 4766 interpretatione
2942 4698 3187 4767 deceptus
3217 4706 3309 4760 stt,
3334 4700 3423 4768 qui
3456 4699 3800 4767 interpretari

2207 4791 2396 4855 uoluit,
2420 4799 2475 4844 et
2508 4789 2673 4844 Israel
2701 4789 2752 4845 ei
2780 4789 3224 4861 congregabitur,
3254 4789 3350 4843 hoc
3374 4798 3477 4853 est,
3504 4789 3611 4844 Deo
3634 4805 3651 4843 :
3676 4806 3797 4843 eum

2206 4884 2420 4938 verbum
2454 4881 2778 4937 chraicum
2809 4896 2898 4946 ιο,
2926 4881 2982 4934 in
3015 4880 3112 4935 hoc
3141 4881 3255 4934 loco
3288 4896 3391 4934 non
3412 4880 3682 4935 scribatur
3700 4896 3799 4951 per

2207 4992 2384 5032 ιιι-ει)
2414 4987 2462 5031 et
2504 4990 2632 5040 vsu,
2662 4974 2803 5043 quod
2844 4974 2891 5027 si
2931 4981 3085 5039 esset,
3113 4972 3441 5044 signiﬁcaret
3485 4974 3536 5029 ei
3564 4971 3644 5026 cel
3674 4972 3752 5028 illi
3767 4990 3796 5043 5

2207 5070 2299 5125 sed
2335 5084 2427 5139 per
2449 5082 2628 5123 mtuo
2662 5081 2857 5131 saera,
2886 5073 3025 5135 quod
3066 5065 3275 5135 proprie
3306 5073 3461 5118 sonat
3491 5078 3622 5119 non.
3667 5060 3800 5120 “ac

2206 5171 2373 5229 porro
2403 5155 2641 5210 varietas
2671 5155 3186 5224 interpretationum
3222 5168 3286 5211 ex
3318 5154 3582 5209 varietate
3604 5153 3797 5210 lectio-

2206 5267 2337 5305 num
2366 5250 2513 5305 haud
2542 5248 2706 5304 dubie
2727 5247 2971 5319 profecta
3005 5256 3090 5303 est
3116 5266 3130 5301 :
3163 5264 3289 5302 nam
3322 5247 3431 5303 alia
3458 5248 3793 5318 exemplaria

2206 5324 2299 5407 ns,
2320 5349 2376 5396 et
2404 5340 2511 5395 alia
2549 5322 2603 5399 ὑ
2638 5338 2931 5402 habebant,
2967 5338 3238 5407 hodieque
3272 5337 3326 5392 in
3354 5336 3544 5393 Bibliis
3580 5336 3796 5393 Masso-

2206 5432 2393 5487 reticis
2427 5431 2623 5501 legitur
2639 5413 2717 5489 κθ
2734 5437 2786 5483 et
2810 5428 2865 5484 in
2892 5430 3137 5500 margine
3162 5410 3349 5515 ξηρή.
3374 5426 3484 5483 Nec
3508 5428 3793 5499 quidpiam

2207 5522 2336 5578 hinc
2364 5522 2418 5575 in
2446 5522 2676 5592 gratiam
2705 5518 3021 5576 Judworum
3056 5521 3238 5592 colligi
3275 5529 3473 5590 potest,
3504 5522 3653 5592 quod
3678 5538 3793 5578 non

2207 5613 2262 5669 in
2305 5614 2430 5669 aliis
2457 5613 2757 5684 Scriptura:
2788 5614 2924 5670 locis
2951 5614 3157 5670 centies
3185 5614 3470 5670 habeatur.

2275 5705 2608 5763 Philastrius
2646 5707 2949 5762 Brixiensis
2988 5708 3062 5761 De
3094 5707 3404 5773 hwresibus,
3435 5706 3693 5776 Aquilam
3735 5706 3794 5763 in

2205 5800 2413 5858 crimen
2456 5810 2633 5869 vocat,
2663 5802 2808 5872 quod
2851 5801 3064 5871 psalmo
3092 5818 3151 5867 tt,
3182 5817 3233 5855 γ.
3271 5800 3325 5869 9.,
3368 5801 3460 5857 ubi
3493 5798 3637 5857 LXX
3669 5815 3793 5857 ver-
