4064 6262
326 321 393 375 85
1573 326 1638 382 IN
1679 326 1998 382 HEXAPLA
2041 327 2389 387 OliICENIS.
3540 340 3609 394 86

332 443 527 497 terunt,
571 436 836 490 adversus
894 438 1196 504 Dominum,
1242 451 1289 494 et
1339 441 1589 495 adversus
1640 442 1912 497 Christum
1943 452 1985 506 Α
2017 447 2216 515 passim
2261 452 2655 518 permutmlur
2694 459 2749 504 et
2777 448 3223 518 confunduntur;
3252 468 3421 522 quare
3451 471 3610 522 pror-

329 530 465 598 ejus,
493 543 607 597 Ipse
634 529 1010 596 transtulerit,
1042 532 1293 588 adversus
1337 531 1623 587 Dominum
1655 543 1705 588 et
1736 534 1924 588 aduer-

329 634 420 674 sas
465 629 681 673 unctum
711 621 851 688 ejus.
889 619 1091 676 Verum
1135 622 1332 692 Aquila
1364 640 1473 678 non
1517 624 1623 680 hoc
1651 625 1774 681 loco
1802 633 1928 680 tan-

332 722 472 776 tum,
504 712 598 765 sed
629 713 799 766 etiam
829 712 959 766 alibi
994 729 1179 768 vocem
1205 723 1393 778 nm,
1421 714 1771 788 ὴλειμμένον,
1807 717 1925 774 sive

331 814 550 856 unctum
589 805 985 874 interpretatus
1033 817 1156 874 est;
1211 808 1340 877 quia
1381 809 1641 864 nimirum
1695 810 1924 880 putabat

330 896 567 966 Χριστὸς
596 909 649 950 et
683 898 1018 970 ὴλειμμένος
1048 899 1288 968 idipsum
1321 901 1652 971 signiﬁcare.
1687 901 1793 958 Sed
1842 913 1925 959 ta-

333 1002 463 1041 men
489 1004 599 1042 non
626 989 841 1044 videtur
875 1007 904 1043 a
932 1006 1066 1046 voce
1094 992 1328 1063 Χριστὸς
1358 995 1423 1048 de
1453 994 1722 1049 industria
1749 994 1927 1050 absti—

333 1080 524 1136 nuisse
565 1101 578 1136 :
625 1097 755 1142 nam
801 1084 968 1137 modo
1010 1099 1141 1150 una,
1185 1086 1348 1138 modo
1398 1086 1502 1140 alia
1549 1101 1684 1142 voce
1732 1087 1923 1153 utitur,

329 1171 497 1225 etiam
550 1172 642 1227 ubi
690 1174 759 1230 tle
798 1173 1023 1229 Christo
1068 1175 1271 1246 agitur.
1323 1174 1414 1231 Sic
1459 1176 1607 1233 Psal.
1657 1193 1923 1245 usxmt,

330 1280 385 1316 ν.
437 1264 530 1327 52,
556 1260 619 1319 οὗ
669 1263 956 1320 autem”
989 1268 1056 1322 τὰ
1106 1266 1230 1339 ἴχνη
1275 1267 1370 1322 τοῦ
1423 1268 1661 1340 Χριστοῦ
1709 1286 1842 1323 σου·
1871 1280 1928 1327 et

333 1354 591 1410 llabacuc
619 1373 704 1421 tu,
742 1374 794 1411 v.
825 1357 914 1422 15,
943 1359 999 1411 in
1023 1359 1253 1413 salutem
1276 1376 1396 1412 cum
1426 1359 1641 1416 Christo
1665 1369 1776 1415 tuo.
1807 1360 1924 1418 Non

334 1448 698 1516 improbabile
729 1461 913 1505 tamen
939 1452 1154 1505 videtur
1177 1453 1432 1522 Aquilam
1463 1453 1517 1508 in
1544 1454 1732 1510 odium
1764 1455 1927 1511 Chri-

333 1543 630 1607 stianismi,
682 1544 1015 1616 ἠλειμμένον
1063 1544 1178 1600 fere
1226 1561 1444 1616 semper
1502 1547 1778 1616 posuisse,
1832 1548 1925 1603 ubi

329 1641 501 1692 mm:
542 1635 937 1704 reperiebatur,
977 1645 1038 1691 ut
1072 1652 1104 1693 a
1134 1653 1264 1693 voce
1306 1637 1563 1709 Χριστὸς,
1594 1637 1927 1694 Christianis

334 1726 616 1794 fuittiliari,
656 1743 764 1798 qua
817 1727 1015 1784 Filium
1065 1728 1161 1786 Dei
1204 1731 1627 1801 compellabant,
1670 1731 1927 1786 consulto

332 1818 655 1873 declinaret.

400 1912 733 1967 Anastasius
782 1927 950 1968 serm.
1008 1912 1044 1966 9
1095 1913 1152 1967 in
1201 1911 1589 1979 Hexaemeron,
1626 1915 1921 1985 impietatis

331 2002 590 2070 Aquilam
625 2014 872 2069 accusat,
909 2005 1057 2072 quod
1103 2003 1234 2058 illud
1263 2004 1399 2059 Geni.
1441 2022 1502 2068 ιιι
1548 2006 1637 2073 t8,
1664 1988 1925 2070 trram:

328 2101 473 2153 Tm.)
494 2103 604 2158 Tm
623 2093 867 2160 verterit,
893 2095 1220 2167 Ποιήσωμεν
1237 2096 1389 2168 αὐτῷ
1419 2097 1611 2168 βοηθὸν
1634 2098 1923 2152 κατέναντι

329 2186 498 2242 αὑτοῦ
525 2204 539 2216 ο
593 2189 647 2241 id
692 2198 814 2252 est,
864 2187 1155 2244 Faciamus
1196 2191 1247 2244 ei
1291 2191 1590 2261 adjutorem
1646 2209 1675 2246 e
1715 2194 1925 2262 regione

331 2280 528 2350 ipsius,
569 2281 654 2334 vel
688 2297 869 2334 coram
893 2297 975 2335 eo.
1005 2281 1146 2336 Illud
1187 2283 1392 2352 quippe
1418 2284 1709 2338 κατέναντι
1736 2284 1922 2351 αὐτοῦ,

329 2369 412 2424 sic
463 2369 694 2439 intelligi
740 2370 857 2423 vult
904 2369 1259 2436 Anastasius,
1301 2370 1576 2423 ἀντίδικον
1623 2370 1719 2424 καὶ
1760 2369 1925 2424 πολέ-

331 2480 480 2533 μιον,
531 2463 900 2516 adrersarium
948 2474 996 2516 et
1052 2463 1347 2527 inimicum,
1393 2464 1556 2534 quasi
1603 2463 1811 2518 scilicet
1853 2479 1925 2519 ex

329 2556 547 2624 Aquilae
581 2566 764 2610 mente
802 2555 948 2611 Deus
982 2556 1187 2610 homini
1219 2556 1504 2610 mulierem
1537 2555 1699 2626 quasi
1728 2556 1923 2611 adver»

331 2646 547 2702 sariam
603 2655 659 2700 et
704 2647 985 2700 inimicum
1035 2647 1263 2701 dederit.
1325 2644 1551 2712 Verum,
1602 2656 1662 2703 ut
1719 2656 1926 2702 norunt

331 2751 531 2792 omnes
559 2734 748 2791 Grece
778 2738 960 2805 periti,
995 2737 1281 2790 κατέναντι
1303 2736 1478 2790 ἀὑτοῦ
1530 2739 1619 2793 hic
1650 2737 1923 2807 signiﬁcat

331 2845 362 2883 e
395 2829 610 2896 regione
641 2829 828 2896 ipsius,
862 2829 975 2882 sive
1010 2837 1065 2880 ut
1111 2828 1193 2881 illi
1221 2839 1422 2881 astaret
1451 2844 1470 2882 :
1522 2828 1765 2898 alioquin
1816 2843 1923 2883 vos

336 2916 558 2991 βοηθὸς.
591 2919 830 2988 adjutor,
859 2934 983 2989 qua:
1021 2921 1299 2988 praecedit,
1341 2920 1616 2975 Anastasii
1655 2919 1924 2989 interpre-

337 3011 605 3066 tationem
633 3026 863 3081 prorsus
891 3010 1105 3065 refellit.
1137 3010 1272 3078 Quis
1311 3013 1457 3066 enim
1490 3022 1640 3082 putet
1668 3012 1921 3083 Aquilam

339 3102 422 3157 sic
444 3101 789 3171 interpretari
812 3102 1074 3170 voluisse,
1093 3100 1381 3158 Faciamus
1414 3104 1465 3158 ei
1492 3104 1794 3177 adjutorent
1822 3105 1923 3158 ad-

338 3196 636 3247 rersarium
657 3194 682 3245 .’

341 3302 432 3359 ιν.
469 3305 748 3378 ραενὲιιι-
776 3318 960 3378 utrum
983 3306 1346 3378 Aquitaidem
1377 3310 1446 3361 sit
1473 3310 1564 3378 qui
1596 3307 1846 3370 OukeIns,
1873 3317 1925 3362 et

413 3386 597 3449 utrum
632 3375 903 3449 Thargunt
931 3375 1116 3431 Oulteli
1161 3377 1368 3449 aliquid
1409 3375 1682 3449 αθῖηιιαιὶε
1734 3378 1925 3432 habeat

411 3462 532 3499 eunt
569 3447 1006 3516 interpretatione
1035 3447 1262 3518 Aquilw.

412 3559 693 3630 Multiplex
722 3563 956 3630 qumstio
988 3573 1238 3619 movetur
1260 3563 1328 3617 de
1350 3562 1596 3629 Onkelo;
1624 3578 1689 3616 ac
1712 3563 1780 3616 de
1807 3563 1924 3632 ipso

343 3656 529 3707 statim
583 3655 804 3708 nomine
837 3657 1121 3724 quaeritur,
1166 3671 1233 3709 an
1278 3654 1514 3709 Oukclos
1555 3655 1639 3709 vel
1683 3654 1926 3709 Onitelus

344 3745 486 3798 idem
517 3747 593 3799 sit
633 3746 780 3815 quod
825 3745 1042 3816 Aquila.
1090 3746 1234 3802 Sane
1283 3747 1523 3803 Onitelos
1557 3764 1658 3802 vos
1695 3755 1778 3803 est
1825 3745 1926 3802 lle-

344 3835 504 3893 hraeis
550 3845 840 3903 extranea,
867 3849 921 3892 et
956 3839 1255 3908 peregrinae
1288 3842 1484 3908 gentis,
1515 3856 1637 3910 quae
1669 3855 1794 3895 cum
1823 3838 1928 3895 lle-

343 3927 529 3983 braice
582 3927 748 3982 scribi
790 3937 969 3999 empta
1010 3941 1113 3993 est,
1143 3930 1383 4000 aliquam
1433 3930 1787 3984 mutationem
1823 3943 1925 3983 no—

340 4035 577 4090 vamque
609 4020 1052 4075 terminationem
1077 4023 1304 4091 accepit.
1329 4019 1385 4074 Id
1415 4021 1600 4090 negari
1630 4036 1737 4074 non
1768 4033 1929 4088 posse

342 4113 580 4168 videtur.
619 4109 779 4166 Nulla
827 4121 1009 4166 autem
1058 4129 1158 4166 vox
1195 4113 1550 4182 propiuquior
1585 4110 1663 4182 τῷ
1691 4107 1930 4164 Oukelos

338 4214 422 4260 est
443 4219 617 4275 quam
664 4203 921 4270 ‘Auukac,
943 4204 1164 4273 Aquilus
1198 4206 1279 4259 \‘el
1305 4203 1519 4275 Aquila.
1547 4202 1592 4257 Ο
1624 4203 1768 4258 enim
1798 4209 1853 4255 ct
1883 4199 1929 4254 A

2027 547 2122 592 sus
2160 536 2490 596 crediderim
2515 539 2658 595 idem
2701 556 2825 597 esse
2857 557 3055 596 nomen
3087 541 3346 611 Onkelos,
3384 546 3468 600 vel
3500 545 3612 602 An-

2025 627 2201 695 helas,
2234 639 2290 684 et
2330 629 2581 694 Ἀκύλας.
2618 629 2675 686 Id
2706 648 2836 688 vero
2861 634 3153 690 continuat
3186 634 3457 692 Thalmud
3486 636 3614 693 Hie-

2025 717 2504 790 rosolymitannm,
2534 721 2626 776 ubi
2654 723 2853 793 Aquila
2881 740 3027 796 saepe
3074 727 3176 781 hac
3218 729 3329 780 fere
3373 730 3611 783 nominis

2025 809 2205 865 forma
2261 820 2622 868 memoratur.
2674 815 2795 870 Alia
2848 816 3080 872 subinde
3137 821 3368 888 quaestio
3409 821 3608 886 oritur,

2026 917 2160 958 num
2189 903 2387 974 Aquila
2417 903 2684 976 interpres
2727 907 2817 963 ille
2843 907 3068 964 Graecus
3106 910 3248 965 idem
3279 911 3351 964 sit
3373 912 3466 981 qui
3497 908 3612 966 0n-

2024 992 2198 1060 ltelos,
2225 996 2386 1066 cujus
2418 1012 2641 1063 nomen,
2669 1008 2729 1054 ut
2756 999 3021 1066 diximus,
3057 1002 3200 1056 idem
3229 1004 3446 1058 videtur
3481 1017 3610 1058 esse

2025 1086 2173 1156 quod
2205 1088 2441 1159 Aquila;
2477 1106 2546 1144 an
2575 1105 2704 1145 vero
2730 1089 2843 1146 duo
2874 1091 3083 1164 Aquila:
3115 1093 3338 1160 fuerint,
3372 1102 3606 1165 quorum

2026 1179 2166 1234 alius
2189 1176 2468 1251 Thargum
2497 1181 2551 1237 in
2584 1179 3036 1250 Pentateuchum,
3068 1185 3210 1242 alius
3231 1187 3437 1242 scilicet
3469 1189 3516 1243 is
3538 1189 3607 1243 de

2026 1285 2136 1340 quo
2158 1285 2304 1326 nunc
2331 1272 2533 1343 agitur,
2559 1274 2868 1329 versionem
2903 1274 3148 1332 Graecam
3179 1292 3302 1347 qua:
3337 1277 3392 1332 in
3424 1275 3608 1333 Πειθ-

2026 1360 2131 1430 plis
2155 1358 2452 1429 ferebatur,
2475 1362 2666 1418 edidit.
2705 1362 2781 1419 Ex
2809 1364 3053 1422 rabbinis
3074 1368 3297 1437 quidam
3338 1365 3604 1424 Oukelum

2025 1451 2110 1507 vel
2138 1452 2393 1521 Aquilam
2421 1454 2774 1525 paraphrasis
2793 1454 3102 1512 Chaldaica:
3125 1468 3423 1526 auctorem,
3448 1460 3608 1530 longe

2025 1542 2392 1613 antiquiorem
2420 1553 2613 1614 putant
2637 1546 2832 1616 Aquila
2867 1547 2960 1603 illo
2993 1549 3090 1619 qui
3121 1549 3426 1605 versimnent
3457 1549 3606 1606 Gm-

2027 1649 2150 1689 cam
2204 1634 2431 1690 Adriani
2466 1645 2709 1708 tempore
2757 1639 2964 1707 edidit;
3012 1655 3124 1710 qua
3172 1642 3240 1696 de
3284 1657 3343 1695 re
3391 1644 3605 1700 videndi

2029 1722 2264 1783 Brianus
2293 1723 2604 1794 Waltonus,
2631 1734 2688 1783 et
2710 1725 2969 1783 Nicotaus
3010 1726 3266 1785 Serarius
3299 1728 3600 1801 Protegom.

1953 1807 1998 1862 Β
2021 1833 2145 1888 cap.
2174 1817 2263 1884 ιι,
2293 1819 2695 1889 quaestiuncula
2733 1821 2788 1876 4.
2819 1820 2926 1876 Alii
2966 1821 3218 1876 eumdem
3248 1837 3369 1878 esse
3413 1832 3607 1892 putant

2023 1907 2380 1966 Chaldaicum
2423 1911 2818 1982 paraphrasten
2856 1921 2910 1965 et
2941 1911 3192 1966 Graecum
3232 1905 3603 1984 interpretem.

2029 1998 2098 2055 ιιι
2129 2010 2188 2056 ιιι
2227 2016 2356 2057 vero
2381 2003 2473 2068 sit,
2508 2011 2720 2058 eertum
2763 2014 2849 2059 est
2869 2004 3227 2075 paraphrasin
3262 2005 3410 2058 illam
3437 2006 3607 2059 Chat-

2024 2092 2238 2148 daieam
2287 2093 2426 2148 nihil
2470 2094 2673 2151 habere
2717 2110 2842 2151 cum
2876 2097 3124 2152 versione
3165 2095 3353 2152 Graeca
3397 2097 3607 2166 Aquilae

2026 2181 2328 2237 atlinitatis.
2353 2180 2513 2251 Nam,
2538 2193 2599 2239 ut
2625 2193 2822 2240 catera
2847 2194 3081 2248 taceam,
3108 2187 3159 2238 in
3184 2185 3386 2254 quibus
3412 2200 3608 2243 umuea

2025 2272 2352 2344 interpretes
2377 2276 2751 2341 consentiunt,
2803 2290 2988 2330 vocem
3019 2283 3256 2337 nmina
3286 2275 3423 2332 Gen.
3466 2293 3506 2339 ι,
3549 2278 3603 2342 t,

2024 2363 2222 2436 Aquila
2270 2367 2454 2430 vertit,
2497 2367 2558 2419 tv
2606 2365 2910 2439 κεφαλαίῳ,
2963 2369 3018 2421 iu
3065 2367 3319 2436 capitulo.
3369 2365 3605 2424 Onkeios

2024 2465 2206 2512 autem
2481 2460 2534 2511 in
2553 2461 2847 2529 principio;
2865 2474 3097 2530 moxque
3118 2469 3240 2519 m1
3262 2469 3367 2519 inn
3386 2459 3603 2530 Aquila,

2024 2544 2250 2620 κένωμα
2294 2544 2392 2602 καὶ
2423 2544 2600 2613 stay,
2643 2550 2881 2603 inanitas
2911 2558 2962 2604 et
2993 2548 3150 2615 nihil,
3179 2547 3430 2614 Oukclos,
3470 2557 3605 2610 ure:

2023 2645 2270 2727 κηΡν-π,
2299 2639 2510 2694 deserta
2537 2649 2588 2695 et
2622 2656 2808 2695 uacua.
2843 2641 2898 2709 9.
2931 2639 2986 2695 2.
3025 2646 3238 2702 nam:
3270 2637 3520 2710 Vulgata,
3553 2650 3603 2692 et

2025 2729 2261 2802 Spiritus
2280 2732 2378 2787 Dei
2403 2733 2704 2801 ferebatur;
2731 2731 2952 2802 Aquila,
2981 2731 3396 2803 ἐπιφερόμενον,
3421 2747 3606 2800 σιφω-

2025 2823 2325 2893 [erebatur;
2376 2821 2635 2891 Oukelos,
2693 2833 2922 2888 totum,
2981 2821 3309 2894 insumebat.
3372 2821 3605 2879 Genesis

2023 2929 2145 2986 cap.
2203 2932 2265 2980 ιι,
2310 2915 2363 2971 6.
2411 2925 2510 2976 1m
2540 2914 2790 2987 Vulgata,
2822 2928 2872 2971 et
2905 2916 3047 2986 fons,
3090 2915 3307 2985 Aquila,
3352 2916 3448 2969 καὶ
3479 2915 3606 2967 ἐπι-

2024 3005 2287 3078 ὄλυσμδς,
2332 3019 2382 3063 et
2413 3008 2656 3062 scatebra
2689 3007 2774 3062 vel
2793 3008 3107 3078 scaturigo;
3143 3004 3402 3072 Onitelos,
3427 3016 3602 3071 nam,

2025 3106 2076 3152 et
2104 3099 2265 3152 nubes
2319 3101 2371 3169 ᾖ.
2400 3099 2450 3153 7.
2494 3106 2645 3162 ηπνη
2673 3100 2888 3171 Aquila,
2917 3100 3274 3166 καὶέπλασε,
3315 3111 3364 3156 et
3396 3103 3604 3169 [ortua-

1950 3163 1996 3221 θ
2026 3191 2132 3254 uit;
2171 3163 2411 3247 Onlte'los
2438 3201 2599 3258 κί’-ω,
2629 3201 2680 3246 et
2707 3163 2922 3249 creauit.
2959 3191 3096 3250 Gen.
3132 3209 3216 3257 ιιι,
3251 3163 3336 3249 I6.
3368 3163 3608 3282 ’βπή

2030 3285 2249 3356 Aquila,
2303 3287 2339 3356 ὴ
2393 3286 2660 3356 συνάφεια
2711 3303 2827 3352 σου,
2887 3288 3114 3350 societas
3163 3298 3297 3350 tua;
3343 3285 3604 3352 Onkelos,

2028 3386 2322 3462 Tantum,
2370 3378 2691 3432 desiderium
2737 3388 2903 3432 tuum.
2951 3376 3086 3434 Gen.
3131 3395 3203 3442 tv,
3257 3378 3314 3443 8,
3362 3378 3437 3432 ait
3479 3376 3603 3432 Ori-

2030 3485 2197 3540 genes
2225 3469 2476 3539 Aquilam
2504 3472 2843 3540 expressisse
2873 3470 3006 3525 illud
3039 3470 3194 3524 Caini
3218 3469 3448 3536 dictum,
3470 3469 3605 3523 διέλ-

2030 3562 2213 3632 θωμεν
2265 3564 2345 3626 εἰς
2376 3562 2441 3615 τὸ
2487 3563 2688 3628 πεδίον,
2740 3563 3074 3634 egrediantur
3118 3564 3173 3616 in
3213 3578 3476 3630 campum,
3520 3564 3604 3616 vel

2026 3655 2363 3724 egrediantur
2405 3656 2574 3724 foras,
2617 3655 2764 3725 (ιιιθὰ
2805 3663 2984 3710 tamen
3033 3670 3141 3710 non
3183 3655 3380 3726 legitur
3412 3651 3606 3709 inOn-

2026 3743 2170 3799 Itelo.
2205 3741 2270 3798 Et
2289 3744 2426 3800 Gen.
2459 3759 2580 3815 cap.
2603 3760 2678 3808 vr,
2715 3745 2770 3798 2.
2805 3729 3149 3805 συνείπῃ-νεα
3186 3744 3402 3813 Aquila,
3426 3746 3473 3797 οἱ
3498 3744 3607 3798 υἱοὶ

2029 3834 2137 3888 τῶν
2169 3834 2330 3900 θεῶν,
2371 3836 2476 3906 ﬁlii
2511 3837 2770 3903 deorum;
2801 3835 3059 3904 OnItelus,
3097 3844 3460 3901 unua-vn.
3502 3836 3607 3905 ﬁlii

2027 3925 2326 3995 principum
2354 3925 2438 3981 vel
2466 3936 2792 3996 magnatum.
2840 3925 3126 3981 lnnumera
3159 3940 3453 3998 congerere
3476 3941 3605 3995 pos-

2034 4031 2174 4080 sem,
2217 4017 2361 4073 unde
2393 4018 2659 4089 liquidum
2709 4017 2851 4074 foret
2889 4019 3025 4075 nihil
3052 4034 3175 4074 esse
3217 4017 3359 4074 inter
3397 4019 3607 4089 Aquila:

2035 4110 2344 4164 versionem
2377 4109 2622 4166 Graecam
2648 4118 2704 4166 et
2723 4111 3072 4167 Chaldaicam
3109 4111 3466 4182 paraphrasin
3491 4109 3606 4164 alli-

2036 4199 2246 4256 nitatis.
2280 4200 2387 4258 Sed
2411 4201 2547 4269 hac,
2582 4202 2640 4258 ni
2667 4201 2846 4272 (alter,
2871 4205 3007 4259 satis
3035 4211 3217 4258 erunt.

1465 4445 1852 4537 CAPUT
1921 4446 2413 4537 SEXTUM

1432 4596 1524 4658 De
1578 4592 1944 4673 Symmachi
1976 4593 2530 4672 interpretatione.

357 4832 395 4882 I.
424 4828 774 4939 multipliciter
796 4833 930 4877 errat
955 4829 1262 4903 Epiphanius.
1275 4837 1330 4877 et
1349 4843 1415 4902 pu

422 4904 556 4940 nem.
607 4889 644 4938 l.
666 4891 854 4939 Auctor
878 4892 1149 4940 Sunonscos
1175 4891 1415 4940 hntnhant

421 4951 727 5015 emendaVit,
753 4958 810 5015 ut
842 4961 897 5015 et
913 4948 1035 5002 ﬁdo.
1060 4951 1143 5001 IV.
1171 4948 1243 5000 An
1266 4948 1388 5001 duas
1409 4954 1858 5015 interpretationes
1872 4952 2087 5001 ediderit
2111 4949 2444 5011 Symmachus.
2458 4948 2528 5015 _V.

607 4889 644 4938 l.
666 4891 854 4955 Auctor
878 4885 1149 4955 Synopseos
1175 4885 1446 4955 Epiphanii
1459 4904 1680 4941 errorem
1701 4885 1936 4955 'sensisse
1961 4893 2185 4955 :videtur.
2236 4885 2348 4955 lil._
2363 4885 2632 4955 Chronicqn

1485 4830 1618 4880 antia
1635 4831 1870 4900 loquitur,
1893 4833 2016 4902 dum
2031 4834 2193 4879 narrat
2217 4827 2559 4895 Symmachum
2583 4825 2884 4938 Scriptus-am
2916 4825 3128 4894 vertisse
3164 4828 3282 4873 ante
3303 4821 3607 4896 Theodotio:

1485 4904 1680 4938 :rmrem
1721 4905 1936 4938 sensisse
1961 4893 2185 4938 :vrdetur.
2236 4889 2320 4938 Ill.
2363 4885 2632 4938 Chronth
2709 4886 3056 4938 texandrmum
3099 4896 3320 4933 errorem
3348 4882 3604 4938 Lptphann

2709 4883 3056 4938 texandrimtm
3099 4896 3320 4933 errorem
3348 4882 3604 4945 Epiphanii

2578 4950 2686 5008 Quo
2709 4949 2948 5011 vertendi
2984 4959 3175 5011 genere
3195 4946 3400 5011 usus__sit
3425 4944 3519 5011 :ac
3538 4944 3606 4993 de

418 5005 1146 5084 a_nnis_chronologi_cis_prim_az
1173 5015 1478 5084 etsecunda;
1501 5005 1754 5084 atatis,_ut
1777 5029 1804 5063 a
1837 5005 2655 5084 S_yntmacho,'repraasentabautur.
2682 5008 2767 5060 νι.
2790 5011 2907 5074 Ejus
2934 5005 3090 5058 editio
3107 5023 3135 5057 a
3162 5005 3416 5057 veteribus
3436 5010 3604 5056 admo-

421 5076 535 5124 dum
569 5075 782 5125 laudata.
805 5074 912 5124 VH.
937 5074 1197 5125 Theodoro
1216 5075 1528 5126 l-leracleotte
1562 5089 1659 5125 non
1679 5077 1747 5125 ita
1773 5078 2006 5137 probatur

366 5179 404 5233 ι.
442 5177 815 5248 Ιαιιὶριὲεἱιεν
828 5187 973 5231 errat
993 5156 1319 5246 Epiphanius
1359 5188 1408 5231 et
1435 5179 1727 5247 pugnantia
1760 5179 1932 5249 loqui-
1962 5184 2011 5246 υ
2036 5179 2418 5235 concinnasse.
2453 5175 2580 5233 Ideo
2609 5175 2700 5231 ille
2733 5174 3125 5240 narrationem,
3157 5188 3322 5244 quam
3355 5189 3419 5228 ex
3455 5184 3604 5230 vete-

434 5261 536 5337 tur,
562 5251 690 5337 ἀξίη
727 5258 912 5337 alar-rat
943 5249 1319 5317 Symmachum
1351 5249 1684 5319 Scripturam
1717 5250 1934 5303 vertisse
2033 5269 2206 5335 ribus,
2254 5275 2420 5336 atque
2459 5267 2655 5337 parum
2708 5276 2769 5322 ιη
2813 5265 3026 5321 ﬁdem,
3064 5280 3130 5320 ex
3175 5264 3310 5335 ipsis
3353 5265 3606 5335 Origenis

433 5331 549 5374 ante
592 5318 1023 5374 Tlteodotionem.

429 5453 790 5526 Epiphanius,
833 5460 1126 5521 conspecto
1175 5450 1541 5522 liexaplorum
1588 5453 1801 5518 ordine,
1839 5451 1932 5506 ubi

361 5544 724 5617 Symmachus
745 5552 872 5598 ante
901 5542 1330 5598 Theodotionem
1365 5543 1595 5613 positus,
1627 5543 1928 5598 secundum

358 5637 530 5693 locum
586 5638 644 5692 in
705 5632 916 5690 Graecis
967 5633 1300 5704 editionibus
1348 5633 1670 5702 occupabat,
1724 5634 1933 5704 putavit

357 5729 751 5803 Symmachum
800 5725 954 5796 prius
999 5722 1371 5782 Tbeodotiooe
1427 5723 1717 5781 editionem
1773 5739 1929 5780 suam

2032 5359 2252 5429 scriptis
2304 5366 2608 5429 acceperat,
2664 5357 2802 5411 mire
2852 5354 3189 5425 perturbavit
3236 5363 3292 5408 et
3331 5352 3606 5406 ἀσύστατα

2033 5451 2193 5506 dixit.
2243 5450 2333 5506 Ait
2385 5450 2552 5521 igitur
2603 5447 2791 5504 Severi
2833 5449 3171 5518 temporibus
3218 5447 3604 5518 Symmachum

2037 5537 2442 5597 Samaritanum
2493 5540 2633 5594 inter
2663 5538 2936 5609 sapientes
2970 5539 3146 5609 gentis
3190 5555 3304 5593 sua:
3334 5538 3605 5604 ﬂoruisse,

2037 5643 2199 5703 atque
2245 5633 2543 5687 ambitione
2586 5641 2640 5686 et
2687 5629 3005 5685 dominandi
3056 5630 3311 5700 cupidine
3360 5630 3606 5694 ductum,

2038 5741 2162 5782 eum
2189 5722 2333 5794 apud
2361 5723 2696 5779 contribules
2721 5723 2831 5778 voti
2862 5736 3088 5790 compos
3112 5737 3233 5777 esse
3262 5736 3370 5775 non
3400 5731 3606 5786 posset,
