4064 6262
402 338 473 398 87
1775 324 2298 383 ΡΒᾸΖΜΜΙΝᾹΒΙΑ
3608 313 3683 368 88

404 461 476 515 ad
511 459 732 515 Judxos
772 458 1093 521 descivisse,
1132 455 1476 516 pedumque
1516 448 1817 505 secundum
1850 452 1996 519 illius
2030 466 2071 521 Α
2103 452 2243 504 tione
2275 448 2536 501 narravit.
2587 443 2741 501 lianc
2775 456 3093 511 germanam
3145 451 3444 496 veramque
3480 445 3691 504 tempo-

407 551 673 622 temporis
700 568 861 606 usum
894 551 1184 620 prieputio,
1210 560 1264 605 et
1292 562 1514 620 accepta
1543 543 1732 604 (“nuo
1758 543 1997 598 circum-

407 646 642 712 cisione,
674 645 817 699 inter
850 641 1069 701 Judazos
1095 652 1552 699 connumeratum
1588 641 1777 695 fuisse.
1813 629 1997 691 .laete-

409 755 515 796 nus
540 739 725 793 omnia
773 737 1063 808 quadram.
1104 735 1163 790 in
1192 737 1295 790 hoc
1329 745 1511 790 tamen
1546 733 1728 788 din‘ert
1777 733 1845 785 ab
1886 728 2001 784 Eu~

410 832 566 888 sebio
611 841 666 885 et
724 829 1078 902 Hieronymo,
1126 832 1272 899 quod
1322 830 1376 895 hi
1421 827 1763 889 Ebionmum,
1799 824 1852 882 id
1892 833 1996 891 est,

412 919 946 979 semi-Christianum
987 927 1045 975 et
1085 916 1518 982 semi-Juda'um,
1570 916 1775 978 factum
1827 914 2000 974 fuisse

412 1013 637 1080 dicant;
667 1011 1005 1083 Epiphanius
1036 1024 1167 1068 vero
1206 1008 1279 1067 ad
1333 1006 1552 1065 Iudaeos
1590 1007 1909 1072 descivisse,
1946 1016 2003 1073 et

412 1106 556 1161 inter
610 1102 831 1161 Iudaeos
893 1104 1067 1159 fuisse
1115 1112 1574 1159 connumeratum
1632 1111 1839 1157 narret.
1894 1098 1997 1155 Sed

415 1198 639 1254 Eusebii
667 1208 721 1254 et
754 1196 1073 1269 Hieronymi
1108 1196 1438 1253 testimoniis
1470 1195 1727 1251 standum
1758 1208 1882 1249 esse
1915 1194 1999 1247 vi-

415 1291 574 1344 detur
607 1307 621 1344 :
653 1288 857 1360 quippe
897 1288 991 1359 qui
1032 1287 1236 1343 librum
1270 1284 1583 1360 Symmachi
1612 1284 1875 1362 viderint,
1907 1284 2001 1339 ubi

418 1398 484 1438 ex
515 1381 812 1453 Evangelio
845 1380 1081 1435 Matthzei
1124 1379 1503 1435 Ebionitarum
1532 1378 1726 1449 dogma
1754 1391 2005 1435 asserere

417 1474 713 1531 nitebatur.
758 1472 917 1539 Quod
964 1488 1099 1529 sane
1144 1471 1364 1526 nonnisi
1408 1471 1677 1528 Ebionita:
1709 1468 2005 1525 convenire

418 1574 613 1637 potest.
654 1566 780 1620 Mox
825 1575 1007 1620 autem
1045 1563 1385 1634 Epiphanius
1415 1562 1586 1632 probe
1620 1563 1853 1634 positam
1890 1575 1922 1614 a
1945 1575 2005 1616 se

420 1660 793 1730 chrenologiae
837 1670 1022 1715 notam
1068 1658 1286 1721 evertit,
1330 1672 1455 1710 cum
1509 1657 1635 1709 ait:
1672 1653 1802 1709 Post
1844 1654 2004 1719 hunc,

424 1751 638 1806 tantillo
680 1751 858 1823 elapso
902 1763 1153 1822 tempore.
1191 1752 1289 1804 hoc
1312 1760 1389 1805 est
1423 1750 1713 1807 Commodo
1754 1747 2004 1811 secundo,

2103 556 2227 605 rum
2258 540 2524 598 rationem
2549 537 2617 590 ab
2640 533 2946 605 Epiphanio
2972 548 3030 586 se
3061 530 3337 598 accepisse
3364 525 3692 582 testificatur

2103 633 2191 685 ille
2232 650 2243 684 :
2295 630 2439 685 unde
2486 628 2719 682 fortasse
2766 626 3011 694 suspicio
3046 623 3281 684 oriatur,
3316 617 3689 689 Epiphanium

2101 727 2172 781 ab
2229 725 2483 793 imperito
2535 721 2776 792 quodam
2828 706 3051 774 homine
3099 715 3347 770 vitiatum
3403 711 3575 767 inisse
3633 711 3689 764 in

2101 819 2513 889 exemplaribus
2535 833 2657 887 quin
2683 815 2748 870 ad
2782 828 2884 869 nos
2914 812 3273 875 devenerunt,
3302 816 3693 874 auctoremque

2102 912 2351 968 Chronici
2404 909 2762 968 Alexandrini
2809 906 2971 975 longe
3018 902 3237 957 diverso
3284 896 3581 968 exemplari
3635 901 3695 950 et

2102 1005 2323 1079 quidem
2369 1001 2743 1059 emendatiore
2793 1013 2954 1056 usum
3005 1010 3146 1049 esse.
3197 992 3304 1047 Sed
3343 991 3473 1047 huic
3506 986 3694 1058 suspi-

2104 1098 2249 1154 cioni
2282 1096 2587 1157 reclamare
2625 1094 2840 1149 videtur
2870 1089 3039 1145 editio
3076 1085 3365 1157 Epiphanii
3404 1082 3690 1146 hodierna,

2104 1192 2267 1261 cujus
2297 1190 2461 1247 verba
2501 1188 2692 1246 Latine
2730 1196 2941 1241 tantum
2985 1180 3269 1246 brevitatis
3300 1190 3468 1233 causa
3503 1171 3689 1245 proie-

2105 1284 2281 1341 rimus
2315 1301 2329 1336 :

2175 1375 2309 1430 Post
2363 1373 2618 1443 Aquilam
2670 1372 2810 1427 hunc
2858 1383 2908 1423 et
2961 1367 3109 1422 illius
3166 1362 3694 1434 interpretationem,

2108 1468 2350 1523 Adriano
2376 1466 2688 1536 imperatori
2732 1462 2965 1518 succedit

2180 1561 2478 1622 Antoninus
2500 1558 2804 1629 cognomine
2829 1552 3042 1622 Pius,et
3067 1556 3289 1623 imperat
3318 1564 3485 1602 annos
3508 1543 3702 1617 viginti.

2108 1654 2265 1708 duos.

2187 1745 2342 1805 "unc
2387 1745 2583 1814 excipit
2622 1739 2965 1807 Caracallus,
2995 1739 3083 1808 qui
3128 1745 3177 1793 et
3218 1732 3374 1799 Geta,
3402 1740 3451 1785 et
3478 1728 3695 1784 Marcus

391 1842 518 1916 frob
551 1844 829 1917 δευτέρου,
862 1846 1176 1913 imperante,
1200 1846 1291 1913 qui
1324 1854 1439 1913 post
1474 1840 1699 1895 Lucium
1734 1840 2009 1894 Aurelium
2042 1826 2085 1880 Β
2110 1837 2364 1893 Aurelius
2404 1834 2570 1889 Verus
2600 1833 2904 1894 dicebatur,
2933 1830 3091 1883 annis
3120 1837 3339 1895 septem.

422 1936 790 1999 Commodum,
818 1936 1063 1989 tredecim
1079 1938 1235 1990 annis
1261 1934 1559 2005 imperavit,
1595 1932 1882 1991 Tlteodotio
1897 1931 2011 2002 qui-

422 2029 568 2093 dam,
603 2045 787 2097 genere
816 2026 1093 2092 Ponticus,
1119 2043 1185 2081 ea:
1221 2026 1512 2080 Marcionis
1541 2024 1909 2088 Iiwresiarcho:
1933 2023 2011 2093 fa-

424 2122 617 2187 ctione,
633 2138 752 2174 cum
776 2122 965 2175 Iueresi
986 2136 1098 2176 suae
1120 2129 1466 2185 succensent,
1480 2120 1550 2173 ad
1561 2117 1781 2173 Judaos
1796 2117 2008 2188 defecit.

425 2211 547 2279 Quo
575 2215 758 2284 posito
792 2213 1027 2279 calculo,
1060 2211 1444 2283 interpretatio
1476 2211 1581 2266 sub
1613 2210 1816 2267 Severo
1842 2208 2009 2275 facta,

424 2312 583 2361 atate
612 2304 951 2375 praecesserit
984 2320 1105 2359 eam
1137 2319 1262 2375 quae
1303 2304 1408 2359 sub
1444 2301 1749 2359 Commodo
1782 2301 2011 2358 concin-

428 2405 555 2452 nata
599 2406 703 2461 est.
735 2412 857 2467 quae
901 2406 1029 2452 sunt
1075 2398 1494 2470 ἀπροσδιόνυσα.
1531 2396 1669 2452 Cum
1706 2396 2012 2467 prmsertim

428 2490 519 2543 ille
565 2488 927 2543 Commodum
978 2490 1230 2559 designet
1272 2503 1397 2544 eum
1434 2490 1532 2558 qui
1558 2488 1820 2544 tredecim
1853 2490 2013 2544 annis

429 2580 733 2647 imperavit,
757 2580 845 2634 cui
869 2589 991 2649 post
1020 2578 1361 2637 Pertinacem
1383 2590 1438 2636 et
1467 2579 1683 2636 Didium
1711 2579 2010 2645 lulianum.

428 2672 525 2740 qui
551 2672 742 2742 paucis
778 2672 1065 2727 mensibus
1097 2682 1415 2743 regnarunt,
1452 2675 1722 2728 successit
1755 2672 2009 2729 Severus.

428 2759 583 2820 Hanc
636 2778 766 2816 vero
809 2763 1179 2835 chronologiae
1228 2765 1493 2821 rationem
1543 2766 1652 2819 alio
1702 2775 2016 2819 commento

430 2870 679 2911 asserere
709 2856 901 2915 nititur
935 2868 1130 2912 auctor
1163 2858 1440 2929 Epitomes
1466 2857 1590 2913 libri
1624 2856 1681 2912 S.
1721 2858 2013 2929 Epiphanii

431 2946 509 3001 De
541 2949 820 3013 mensuris,
850 2964 1015 3018 quam
1043 2948 1184 3004 infra
1213 2951 1463 3013 edemus,
1489 2966 1614 3004 cum
1641 2949 1739 3016 ait,
1768 2948 2017 3021 Symma-

432 3040 596 3100 chum
638 3043 947 3107 versionem
983 3059 1138 3098 suam
1173 3044 1411 3100 edidisse
1438 3046 1544 3100 sub
1571 3045 1874 3104 Commodo
1912 3043 2012 3098 Se-

430 3148 588 3197 vero;
621 3132 1051 3191 Theodotionem
1081 3152 1212 3191 vero
1251 3138 1355 3193 sub
1381 3136 1687 3193 Commodo
1725 3138 1967 3194 secundo
1998 3156 2011 3191 :

430 3242 554 3296 quae
587 3241 721 3299 sane
752 3238 922 3283 ruunt
953 3238 1007 3283 et
1042 3230 1347 3285 consistere
1378 3246 1485 3285 non
1516 3238 1747 3303 possunt
1784 3248 1797 3283 :
1831 3230 2014 3285 nullus

430 3321 577 3373 enim
627 3318 961 3377 (Ibinniodus
1011 3321 1249 3379 Severus
1290 3324 1589 3396 imperator
1641 3321 1776 3389 fuit,
1829 3322 2016 3377 nullus

432 3420 553 3480 post
578 3426 702 3464 eum
737 3409 1079 3467 Commodus
1102 3415 1376 3470 secundus
1408 3414 1641 3469 exstitit.

432 3545 495 3601 ll.
526 3547 726 3602 Auctor
758 3543 1052 3616 Synopseos
1099 3546 1384 3618 Epipltanii
1411 3566 1643 3605 errorem
1682 3552 1908 3606 sensisse
1938 3552 2017 3605 ui-

1128 3621 1297 3672 detur.

506 3737 712 3791 Auctor
760 3750 892 3790 vero
934 3732 1265 3803 Synnpseos,
1309 3749 1474 3801 quam
1520 3731 1660 3787 falso
1719 3733 2015 3803 ascriptam

435 3830 741 3887 Athanasio
777 3839 1057 3898 putamus,
1081 3842 1146 3882 ex
1184 3826 1490 3896 Epiphanio
1513 3827 1735 3895 quidem
1768 3826 2019 3882 hausisse

435 3925 673 3987 videtur,
728 3930 788 3978 ut
836 3936 903 3975 ex
952 3921 1246 3975 verborum
1300 3919 1660 3975 similitudine
1712 3921 2016 3988 probatur;

436 4015 531 4070 sed
564 4015 679 4071 sive
717 4011 1007 4083 Epiphanii
1041 4026 1287 4066 errorem
1323 4012 1579 4073 senserit,
1616 4009 1731 4063 sive
1757 4010 2018 4063 emenda-

438 4106 577 4160 tiore
608 4104 719 4157 alio
765 4101 1064 4172 exemplari
1095 4102 1168 4155 sit
1218 4114 1371 4162 usus,
1403 4100 1457 4152 in
1508 4101 1652 4154 notis
1693 4108 1749 4153 et
1796 4098 2020 4153 calculis

437 4198 554 4251 suis
573 4211 603 4250 a
630 4210 755 4249 vera
777 4193 1150 4263 chronologiaa
1166 4193 1380 4246 ratione
1407 4190 1591 4245 minus
1624 4190 1827 4245 recedit
1850 4205 2017 4259 quam

438 4286 778 4357 Epiphanius
832 4285 959 4339 :ait
998 4284 1145 4337 enim
1197 4281 1589 4353 Symmachum
1642 4281 1746 4337 sub
1792 4274 2018 4344 Severo,

439 4378 874 4437 Theodotionem
920 4378 1025 4435 sub
1066 4376 1370 4433 Commodo
1416 4375 1831 4446 interpretatum
1872 4389 2020 4437 esse,

436 4475 498 4529 ὲν
528 4472 679 4545 αὐτῷ
709 4472 788 4546 τῷ
817 4472 1018 4547 χρόνῳ,
1045 4470 1225 4523 eodem
1258 4480 1519 4536 tempore;
1554 4466 1650 4536 qui
1681 4482 1813 4531 vera
1838 4463 2021 4520 dicere

438 4568 791 4638 comperitur,
822 4566 867 4619 si
894 4564 1062 4618 addas
1092 4560 1319 4614 circiter.
1355 4558 1469 4613 lmo
1499 4559 1665 4613 etiam
1691 4558 1808 4611 sine
1831 4556 2016 4611 addito

439 4670 603 4731 atque
625 4664 1057 4729 temperamento
1076 4655 1183 4711 dici
1215 4654 1354 4709 forte
1378 4660 1553 4723 potest
1588 4650 2023 4706 Theodotionem

438 4765 493 4809 et
519 4754 912 4825 Symmachum
937 4750 1128 4804 eodem
1160 4757 1406 4817 tempore
1427 4745 1700 4800 vertenda:
1727 4742 2021 4813 Scriptum

440 4861 612 4910 sacra:
642 4844 955 4909 insudasse,
988 4842 1083 4896 sed
1114 4841 1188 4895 ita
1228 4851 1288 4894 ut
1319 4837 1627 4894 Theodotio
1656 4836 1833 4906 prius,
1868 4833 2021 4905 Sym-

440 4939 669 4994 machus
702 4945 882 4992 autem
913 4935 1131 4990 modico
1160 4941 1286 5003 post
1319 4941 1564 5002 tempore
1607 4928 2018 4998 interpretatio-

440 5046 564 5085 nem
593 5045 748 5085 suam
779 5028 833 5082 in
864 5026 1039 5081 lucem
1068 5024 1373 5081 emiserint.

439 5164 529 5223 ill.
588 5164 882 5220 Chronicon
947 5162 1369 5217 Alexandrinum
1432 5176 1663 5215 errorem
1730 5157 2018 5229 Epipltanii

898 5234 1216 5297 emendavit,
1261 5242 1316 5286 ut
1353 5241 1405 5285 et
1453 5232 1592 5287 Ado.

510 5351 716 5404 Auctor
768 5364 899 5402 vero
951 5346 1200 5402 Chronisi
1266 5344 1658 5408 Alexandrini,
1727 5352 2017 5413 postquam

440 5437 833 5498 Theodotionis
862 5441 1155 5497 editionem
1181 5440 1233 5492 in
1259 5455 1461 5493 annum
1488 5436 1771 5493 Commodi
1802 5450 2015 5493 sextum

442 5537 779 5601 contulerat;
811 5546 864 5589 et
916 5543 1126 5605 postea.
1164 5534 1359 5590 ordine
1390 5534 1652 5602 temporis
1694 5533 2014 5601 procedens,

444 5630 757 5701 Symmachi
796 5629 1295 5699 interpretationem
1339 5641 1483 5685 anno
1529 5624 1713 5679 Severi
1758 5638 1903 5677 nono
1932 5622 2007 5675 fa-

440 5732 585 5776 ctam
623 5722 852 5783 dixerat,
882 5722 952 5773 sit
984 5719 1230 5774 claudit:
1267 5715 1395 5770 Ha'c
1425 5716 1754 5786 Epiphanius
1789 5711 2017 5783 Cyprius

437 5813 701 5868 dentibus
728 5813 1097 5883 interpretibus
1127 5810 1343 5881 Aquila,
1373 5808 1688 5880 Symmacho
1713 5816 1761 5860 et
1786 5805 2019 5860 Theodo-o

2185 1930 2363 1999 Hujus
2391 1940 2623 1997 tempore
2658 1923 2931 1995 imperavit
2962 1932 3010 1975 et
3042 1919 3239 1974 Lucius
3267 1913 3511 1976 Aurelius
3542 1912 3694 1969 Com-

2110 2026 2321 2089 modus,
2351 2023 2505 2078 annis
2536 2020 2751 2090 perinde
2776 2028 2990 2088 septem.

2182 2117 2448 2175 Pertinaa:
2473 2111 2744 2169 mensibus
2774 2124 2886 2181 sex.

2185 2212 2409 2269 Severus
2446 2208 2605 2265 annis
2634 2203 2943 2262 octodecim.

2187 2304 2364 2374 Hujus
2393 2318 2554 2375 porro
2585 2297 2762 2355 Severi
2807 2292 3153 2363 temporibus,
3184 2285 3533 2361 Symmachus
3578 2287 3704 2355 qui-

2113 2397 2240 2451 dam
2290 2393 2669 2451 Samaritanus
2720 2387 2947 2452 exstitit,
2979 2399 3045 2440 ea:
3097 2398 3276 2438 eorum
3328 2396 3566 2444 numero,
3612 2394 3705 2451 qui

2113 2488 2258 2557 apud
2284 2486 2405 2555 illos
2436 2484 2696 2553 sapientes
2718 2480 3000 2539 habentur,
3031 2482 3237 2542 etc.,ut
3265 2488 3431 2544 supra
3458 2469 3705 2526 narravi-

2115 2595 2261 2634 mus.
2298 2578 2599 2647 Postquam
2634 2587 2767 2629 vero
2815 2568 3132 2642 Symmachi
3182 2566 3469 2622 historiam
3506 2562 3706 2628 texuit,

2115 2672 2190 2728 ita
2217 2670 2390 2740 pergit
2415 2687 2429 2723 :

2188 2762 2318 2817 Post
2367 2761 2503 2814 hunc
2533 2775 2561 2814 e
2607 2751 2825 2825 vestigio
2854 2751 3192 2822 subsequenti
3234 2759 3485 2812 tempore,
3516 2743 3575 2799 id
3600 2753 3705 2808 est,

2113 2858 2263 2912 circa
2296 2854 2578 2922 imperium
2632 2846 2916 2905 Commodi
2957 2844 3197 2906 secundi,
3228 2842 3321 2913 qui
3349 2849 3466 2910 post
3506 2838 3707 2908 pradi-

2115 2958 2260 3003 ctum
2285 2945 2509 3005 Lucium
2540 2941 2821 2995 Aurelium
2847 2936 3198 2995 Commodum
3221 2931 3500 3002 imperavit
3528 2930 3707 2983 tredeo

2116 3042 2220 3096 cim
2268 3040 2448 3101 annis,
2483 3034 2771 3102 Ilieodotio
2818 3031 3037 3103 quidam
3085 3027 3363 3085 Ponticus,
3395 3039 3460 3078 ea:
3497 3037 3715 3077 succesn

2117 3135 2262 3188 sione
2291 3130 2581 3187 Marcionis
2606 3123 2969 3189 Itazresiarchte
2989 3118 3316 3189 Sinopensis,
3347 3124 3452 3170 etc.
3479 3123 3539 3169 ut
3564 3111 3705 3168 Tam

2119 3227 2417 3281 immanem
2446 3229 2611 3276 recta:
2638 3214 3009 3284 chronologiae
3033 3211 3403 3275 eversionem,
3432 3217 3542 3263 tam
3568 3221 3704 3277 pra:-

2117 3326 2394 3388 posteram
2452 3314 2846 3385 imperatorum
2901 3306 3279 3362 Romanorum
3334 3299 3710 3356 enumeratio-

2118 3428 2266 3477 nem,
2297 3410 2382 3465 vel
2426 3424 2459 3464 a
2508 3404 2770 3469 librariis,
2808 3401 2893 3457 vel
2918 3415 2949 3454 a
2979 3397 3273 3453 temerario
3303 3394 3563 3466 quopiam
3600 3391 3702 3446 ho-

2118 3504 2285 3567 mine,
2334 3503 2389 3555 in
2447 3508 2655 3553 textum
2710 3491 3001 3563 Epiplianii
3048 3489 3329 3545 inductam
3391 3485 3563 3541 fuisse
3608 3481 3701 3535 vix

2118 3598 2421 3652 crederem.
2462 3590 2702 3660 Verique
2741 3585 2980 3641 similius
3015 3598 3139 3638 esse
3177 3580 3434 3643 arbitror,
3471 3574 3709 3646 Epipha-

2118 3688 2295 3753 nium,
2314 3683 2687 3753 indiligentem
2715 3694 2848 3733 sane
2874 3674 3295 3743 chronologum,
3331 3668 3457 3725 cum
3491 3673 3711 3738 putaret

2121 3776 2436 3848 Symmachi
2468 3774 2788 3835 editionem,
2835 3768 2966 3839 quia
3006 3773 3133 3821 ante
3151 3761 3547 3820 Theodotionis
3586 3773 3713 3813 ver-

2120 3872 2331 3925 sionem
2374 3868 2428 3920 in
2473 3862 2731 3934 llexaplis
2766 3860 3092 3931 ponebatur,
3120 3871 3246 3912 esse
3275 3855 3380 3910 hac
3430 3850 3713 3922 antiquio-

2118 3973 2269 4025 rem,
2327 3966 2387 4015 ut
2439 3956 2565 4010 huic
2622 3951 2870 4023 opinioni
2927 3948 3201 4004 calculum
3260 3943 3711 4003 accommodaret

2118 4066 2302 4117 suum,
2322 4052 2461 4103 hanc
2481 4046 2642 4100 rebus
2664 4053 2717 4099 et
2740 4042 3073 4112 temporibus
3092 4036 3552 4110 perturbationem
3572 4044 3712 4090 attu-

2120 4145 2290 4200 lisse:
2323 4155 2447 4195 nam
2485 4139 2575 4192 ubi
2609 4145 2819 4207 postea,
2850 4150 2959 4189 non
2988 4133 3178 4189 multis
3203 4127 3544 4200 interpositis
3579 4141 3706 4180 vcr-

2122 4237 2226 4303 bis,
2258 4236 2651 4297 imperatorum
2683 4228 2879 4285 seriem
2931 4227 3147 4297 repetit,
3179 4238 3277 4280 eos
3306 4237 3408 4279 suo
3450 4234 3587 4293 pene
3614 4234 3709 4274 or-

2119 4329 2233 4385 dini
2262 4325 2523 4387 restituit,
2548 4322 2679 4392 quia
2707 4322 2855 4374 nulla
2886 4318 3029 4375 facta
3061 4315 3379 4389 Symmachi
3401 4313 3707 4378 mentione,

2122 4420 2257 4474 nihil
2272 4414 2520 4489 opinioni
2551 4429 2664 4469 suae
2687 4428 2997 4484 repugnans
3025 4409 3390 4471 offerebatur;
3417 4406 3499 4461 sic
3524 4412 3705 4459 autem

2048 4548 2095 4607 Β
2124 4512 2329 4567 habet:
2360 4508 2493 4563 Post
2519 4507 2847 4575 Antoninum
2882 4503 3044 4558 Pium
3078 4503 3316 4573 regnavit
3350 4498 3567 4553 Marcus
3592 4498 3710 4552 Au-

2125 4606 2289 4660 relius
2317 4602 2637 4662 Antoninus,
2663 4600 2826 4669 quiet
2869 4596 3049 4661 Verus,
3077 4596 3231 4649 annis
3260 4589 3632 4646 novemdecim.

2198 4695 2329 4750 Post
2362 4695 2497 4749 hunc
2524 4690 2847 4748 Commodus
2874 4690 3013 4741 alius
3044 4688 3269 4754 imperat
3289 4682 3442 4737 annis
3466 4697 3586 4746 xm,
3613 4697 3709 4735 cu-

2112 4788 2208 4859 jus
2246 4797 2475 4857 tempore
2519 4786 2767 4854 ﬂoruisse
2818 4782 3052 4836 diximus
3104 4777 3513 4837 Tlteodotionem
3542 4814 3559 4841 ,
3613 4775 3709 4846 qui

2121 4891 2370 4952 quartam
2392 4877 2875 4947 interpretationem
2905 4873 3094 4927 edidit.

2193 4956 2547 5029 Commodum
2564 4973 2703 5028 hunc
2732 4968 2925 5040 excipit
2946 4965 3294 5027 Pertinax,_et
3316 4962 3540 5032 imperat
3559 4976 3711 5015 men-

2120 5085 2201 5124 888
2227 5084 2339 5122 8613.

2198 5158 2245 5213 li
2254 5160 2338 5212 inc
2374 5156 2593 5212 Severus
2625 5171 2745 5209 cum
2773 5152 3041 5207 Antonino
3057 5148 3369 5219 ﬁlio,annis
3392 5164 3542 5203 svnt.
3568 5145 3713 5201 ,νοτ-

2123 5265 2212 5306 ιιιο
2237 5249 2425 5305 Severo
2453 5251 2685 5303 succedit
2712 5246 3028 5300 Antoninus.
3308 5245 3312 5250 ’

2192 5342 2249 5396 1η
2282 5344 2383 5396 hac
2415 5350 2688 5411 postrema
2719 5336 3036 5390 recensione
3064 5332 3426 5397 Commodum
3453 5345 3562 5385 non
3583 5329 3711 5384 loco

2122 5451 2224 5493 suo
2254 5436 2424 5489 movit
2448 5472 2462 5495 ,
2507 5432 2636 5502 quia
2674 5444 2795 5484 cum
2837 5428 2983 5481 nulla
3016 5426 3119 5480 sub
3152 5422 3357 5478 Severo
3390 5421 3707 5494 Symmachi

2122 5529 2326 5584 mentio
2359 5526 2547 5588 fieret,
2593 5519 2731 5575 nihil
2760 5526 3149 5589 praeconceptze
3183 5530 3213 5569 a
3242 5531 3300 5570 se
3331 5515 3577 5584 opinioni
3614 5530 3707 5567 re-

2122 5617 2429 5690 pugnabat;
2459 5627 2581 5683 qua:
2609 5610 2796 5680 opinio
2821 5619 2929 5662 tam
2976 5609 3082 5661 alte
3132 5606 3318 5659 animo
3349 5606 3470 5673 ejus
3522 5603 3703 5658 deﬁxa

2120 5720 2258 5777 erat,
2284 5719 2345 5766 ut
2374 5710 2501 5763 licet
2538 5714 2782 5760 veterum
2807 5713 2859 5757 et
2892 5700 3030 5757 forte
3060 5698 3311 5769 Origenis
3343 5697 3515 5767 ipsius
3548 5696 3705 5750 testi-

2122 5805 2308 5861 monio
2331 5803 2618 5869 edisceret,
2652 5794 3047 5853 Theodotionis
3082 5788 3374 5846 editionem
3412 5788 3516 5845 sub
3540 5786 3711 5844 Com-
