4064 6262
236 314 295 371 89
1440 314 1509 370 IN
1548 313 1874 371 HEXAPLA
1915 313 2261 371 ORIGENIS.
3419 314 3493 373 90

235 432 394 499 ιιιυᾶο,
434 432 759 505 Symmachi
792 434 896 490 sub
930 432 1133 488 Severo
1150 432 1441 503 prodiisse,
1476 434 1660 487 mallet
1685 432 1801 501 ipse
1831 439 1877 495 Α
1907 431 2350 504 quandoquidem
2385 446 2485 486 nec
2511 433 2576 487 de
2599 431 2801 503 duplici
2837 431 3048 504 Aquilae
3082 434 3346 502 editione,
3369 454 3491 507 qua:

231 520 467 576 Severum
512 531 641 575 ante
695 520 1067 576 Commodum
1109 521 1312 583 locare,
1347 535 1512 590 quam
1544 519 1799 574 Theodo-

230 617 376 669 tiouis
401 616 705 670 editionem
757 613 1076 685 Symmachi
1123 614 1379 668 versione
1429 614 1796 684 antiquiorem

229 708 390 763 fateri.
417 707 798 775 Quatnobrem
825 709 915 764 ubi
944 708 1111 777 paulo
1146 716 1334 776 postea
1367 706 1626 761 lectorem
1676 723 1797 761 mo-

225 809 323 864 net,
343 808 524 854 caveat
559 815 651 863 ne,
683 802 816 871 quia
846 798 989 854 LXX
1019 801 1346 870 lntcrpretcs
1391 809 1513 869 post
1543 801 1796 871 Aquilam

225 891 661 964 etSymmachum
686 894 740 948 in
762 892 1016 964 tiesaplis
1035 893 1307 956 locantur,
1329 892 1603 946 existimet
1629 892 1800 961 Aqui-

225 984 317 1035 lam
343 993 394 1036 et
421 981 824 1053 Symmachum
865 996 988 1039 esse
1028 979 1170 1036 LXX
1205 980 1600 1051 interpretibus
1655 981 1801 1035 anti-

222 1076 443 1144 quiores,
469 1076 799 1146 neutiquam
821 1086 1027 1143 monet,
1047 1091 1115 1131 ne
1139 1074 1529 1148 Symmachum
1560 1074 1795 1144 priorem

225 1165 577 1221 Tlieodotione
608 1168 732 1237 pari
778 1168 845 1222 de
878 1182 1045 1223 causa
1098 1174 1268 1237 putet.
1325 1165 1576 1221 Chronici
1635 1164 1799 1234 igitur

224 1257 555 1312 Alexandrini
597 1266 822 1323 auctor,
856 1258 912 1311 in
941 1257 1166 1311 calculis
1196 1256 1422 1326 peritior
1468 1254 1796 1324 Epiphanio,

196 1364 276 1420 les
318 1351 527 1406 duabus
583 1366 761 1420 supra
811 1349 1128 1404 memoratis
1160 1348 1554 1420 imperatorum
1605 1361 1799 1401 recen-

221 1445 467 1510 sionibus,
499 1444 574 1499 ab
614 1443 971 1516 Ephiphanio
1019 1444 1183 1499 editis
1209 1484 1223 1506 ,
1286 1458 1469 1496 veram
1512 1442 1798 1511 utriusque

222 1538 515 1606 interpretis
547 1547 799 1601 atatem,
831 1534 992 1607 quasi
1029 1536 1100 1589 ab
1149 1533 1455 1604 Epiphanio
1494 1542 1794 1593 mutuatus,

220 1629 500 1696 assignavit
530 1647 544 1681 :
584 1644 692 1683 nec
721 1629 867 1683 enim
896 1629 1150 1697 ignorare
1177 1627 1353 1696 potuit
1377 1640 1519 1690 eam,
1547 1642 1669 1695 qum
1698 1625 1799 1680 sub

220 1719 506 1776 Commodo
541 1723 774 1793 prodiit,
805 1722 1139 1785 editionem,
1174 1722 1525 1777 Vetustiorem
1576 1736 1638 1775 ea
1673 1735 1797 1775 esse

1903 526 2151 595 pluribus
2174 526 2505 581 testimoniis
2532 529 2821 589 asscritur,
2854 529 3078 582 verbum
3109 526 3259 583 iecit.
3294 526 3489 584 [liere-

1902 632 2103 686 nymus
2138 634 2267 673 vero
2299 619 2438 675 duas
2469 619 2631 672 etiam
2682 618 3072 690 Symmachum
3104 620 3358 678 emisisse
3408 630 3491 676 te-

1901 708 2169 763 stiticatur
2208 709 2502 769 Comment.
2560 710 2615 763 in
2659 708 2908 774 Nahum,
2959 725 3080 777 cap.
3121 725 3217 773 ιιι,
3268 711 3337 774 1.
3397 712 3491 769 ubi

1901 802 1977 856 ait
2010 821 2023 856 :
2055 801 2122 855 In
2162 800 2384 857 Πρω-(το
2409 800 2653 867 habetur,
2695 816 2897 856 rttsnsc
2932 817 3130 867 IALBA,
3157 805 3298 874 quod
3326 806 3489 859 inter-

1899 903 2139 962 pretatus
2169 904 2246 947 est
2276 892 2493 963 Aquila,
2526 890 2922 965 ὲξαυχενισμοῦ
2951 894 3169 967 πλήρης
3192 936 3207 959 ,
3258 896 3316 950 id
3371 909 3450 951 est
3469 937 3487 962 ,

1900 987 2338 1041 excervicatione
2361 988 2547 1057 plena;
2576 984 2923 1056 Symmachus
2954 999 3154 1053 autent,
3184 989 3489 1060 ἁποτομξας

1902 1080 2140 1153 πλήρης,
2176 1080 2316 1151 quod
2337 1095 2616 1149 possumus
2640 1080 2838 1144 dicere,
2868 1078 3190 1134 credulitate
3225 1080 3302 1134 rel
3327 1097 3487 1137 seve-

1902 1173 2064 1225 ritate
2086 1171 2266 1240 plena.
2294 1168 2361 1224 In
2378 1171 2549 1224 altera
2566 1170 2678 1239 ejus
2698 1169 2927 1223 editione
2944 1171 3135 1239 reperi,
3156 1170 3490 1239 μελοκοπίας

1903 1262 2140 1334 πλήρης,
2168 1261 2342 1327 idest,
2378 1259 2715 1317 sectionibus
2740 1260 2987 1316 carnium
3016 1300 3031 1329 ,
3088 1271 3142 1320 et
3172 1263 3362 1318 frustis
3392 1280 3489 1335 per

1902 1357 2148 1411 membra
2190 1355 2429 1412 concisis
2462 1356 2639 1425 plena.
2686 1353 2815 1410 Dote
2844 1357 3006 1410 etiam
3042 1372 3230 1427 ethue
3256 1357 3489 1414 diversae

1904 1446 2217 1520 Symmachi
2250 1448 2513 1502 lectiones
2548 1446 2852 1501 atl‘eruntur
2875 1445 3033 1501 llesai
3061 1464 3227 1514 xcvu,
3252 1449 3321 1515 2;
3348 1447 3490 1505 Osee

1902 1555 2001 1603 xu,
2032 1540 2091 1593 Η
2118 1557 2131 1605 ;
2160 1538 2301 1593 Psal.
2330 1554 2452 1606 crx,
2486 1540 2536 1592 t.
2572 1537 2640 1592 Et
2666 1538 2717 1592 in
2743 1540 3049 1609 Appendice
3084 1538 3258 1593 Exod.
3293 1556 3485 1605 χεν-ιι,

1904 1632 1989 1687 14.
2022 1631 2077 1685 in
2107 1633 2263 1687 libris
2294 1633 2423 1688 item
2460 1631 2479 1685 ι
2508 1642 2563 1687 et
2604 1630 2649 1685 ll
2677 1630 2883 1701 Regum
2919 1632 3060 1687 bime
3089 1647 3485 1704 nonnunquam

1905 1725 2217 1797 Symmachi
2248 1725 2725 1796 interpretationes
2747 1725 3071 1781 atl‘eruntur.
3108 1724 3245 1781 Vide
3270 1728 3435 1781 etiam
3466 1768 3483 1791 ,

217 1830 327 1885 quae
361 1814 461 1869 sub
496 1812 729 1869 Severo.
772 1812 890 1868 Ade
938 1814 1068 1867 item
1103 1813 1158 1867 in
1189 1812 1453 1867 Chronico
1485 1828 1671 1868 veram
1708 1812 1791 1866 in-
1826 1787 1866 1843 Β
1896 1820 2074 1881 sodes,
2098 1817 2347 1873 Ieremia:
2375 1835 2465 1883 xx,
2496 1818 2549 1882 5,
2571 1815 2759 1875 etJer.
2791 1835 2920 1885 xxx,
2955 1818 3048 1884 32,
3097 1822 3150 1874 in
3182 1833 3331 1876 iiota.
3370 1819 3480 1877 Sed

217 1914 495 1977 tcrpretum
553 1917 777 1964 atatem
843 1907 1179 1976 descripsit;
1250 1921 1378 1960 nam
1430 1906 1499 1959 de
1548 1914 1793 1975 tempore

216 1999 419 2054 Adriani
445 2000 687 2069 loquens
721 2001 799 2055 ait
834 2020 845 2054 :
888 1998 995 2053 Per
1024 2000 1160 2053 idem
1190 2008 1390 2068 tempus
1419 1995 1614 2066 Aquila
1643 1994 1788 2049 Pon.

217 2091 339 2143 licus
369 2092 655 2158 interpres,
679 2090 941 2144 secundus
975 2098 1091 2158 post
1116 2086 1264 2142 LXX
1286 2130 1301 2153 ,
1342 2089 1533 2141 oritur.
1572 2084 1637 2138 Et
1687 2085 1792 2141 sub

215 2181 515 2247 Commodo,
551 2182 881 2237 Theodotion
916 2180 1172 2253 Ephesius
1207 2182 1463 2250 interpres
1481 2181 1670 2234 tertius
1692 2195 1789 2248 ap-

215 2278 397 2341 paruit.
462 2276 612 2330 Idem
657 2277 760 2331 sub
807 2275 1011 2330 Severo
1045 2316 1061 2340 ,
1123 2273 1477 2346 Symmachus
1529 2274 1789 2343 interpres

215 2378 416 2436 quartus
445 2369 784 2438 agnoscitur.
820 2366 1255 2422 Thcodotionem
1290 2366 1453 2435 igitur
1480 2375 1606 2418 ante
1629 2363 1789 2436 Sym-

216 2456 449 2508 machum
485 2456 791 2510 editioucm
827 2456 1083 2512 emisisse
1115 2470 1295 2521 suam,
1328 2471 1394 2509 es
1428 2455 1494 2511 iis
1528 2470 1651 2528 quae
1692 2470 1787 2510 su-

216 2558 296 2613 pra
318 2547 455 2600 dicta
494 2557 659 2611 sunt;
711 2548 983 2614 liquidum
1024 2558 1129 2604 est.
1186 2547 1431 2618 ldipsum
1491 2548 1791 2604 credidisse

216 2639 408 2693 videtur
440 2639 838 2713 Hieronymus,
870 2641 964 2711 qui
996 2641 1074 2695 ait
1098 2639 1391 2695 Comment.
1412 2642 1468 2693 in
1506 2638 1786 2703 Hesaiam,

214 2742 321 2798 cap.
351 2745 479 2783 tvm
516 2774 531 2796 ,
569 2748 627 2785 v.
666 2730 700 2785 6
732 2750 746 2787 :
805 2731 914 2787 Pro
949 2740 1136 2791 catena
1178 2729 1333 2785 LXX
1369 2728 1700 2801 σύνδεσμον,
1736 2730 1791 2785 id

214 2831 281 2875 est
296 2822 837 2893 colligationem,’sive
855 2824 1131 2879 vinculum
1149 2823 1536 2877 transtulerunt
1555 2839 1574 2887 ;
1594 2822 1790 2894 Aquila

216 2914 334 2967 sicut
358 2931 515 2976 supra
546 2933 796 2971 errorem
825 2919 1203 2986 interpretatus
1233 2926 1311 2971 est
1335 2932 1355 2981 ;
1393 2914 1745 2988 Symmachus
1771 2959 1786 2985 ,

215 3001 261 3055 in
295 3000 664 3058 Theodotionis
697 3010 834 3061 scita
850 3008 1153 3072 concedens,
1177 3015 1424 3078 torquem
1447 3010 1645 3077 posuit.
1666 3007 1789 3074 Quo

218 3093 401 3152 iudicat
429 3094 829 3166 Symmachum
881 3100 935 3154 in
982 3101 1224 3156 editione
1256 3115 1352 3155 sua
1390 3109 1638 3155 secutum
1667 3116 1788 3157 esse

217 3187 704 3263 interpretationem
732 3190 1154 3257 Theodotionis,
1188 3199 1375 3260 utpote
1417 3191 1783 3261 antiquioris;

216 3284 551 3339 conﬁrmatur
575 3285 739 3338 etiam
776 3284 966 3339 lrenmi
994 3285 1137 3347 loco,
1166 3283 1258 3338 ubi
1289 3284 1465 3354 carpit
1496 3283 1586 3337 ille
1615 3284 1786 3355 Aqui-

218 3373 309 3431 lam
334 3387 384 3432 et
430 3377 866 3433 Theodotionem
919 3385 1154 3441 tantum,
1214 3378 1360 3446 quod
1396 3392 1519 3447 cap.
1555 3393 1629 3442 vn
1682 3378 1788 3433 lle-

218 3472 329 3525 saize
355 3488 545 3527 vocem
581 3454 741 3534 πιών
774 3470 1038 3524 verterint
1086 3468 1269 3533 νεανὶς
1296 3508 1311 3532 ,
1346 3468 1743 3523 adolescentula
1769 3514 1784 3539 ,

220 3576 313 3616 non
339 3563 629 3635 παρθένος,
668 3563 834 3632 virgo,
872 3572 931 3616 ut
960 3559 1101 3619 LXX
1131 3561 1474 3631 interpretes.
1514 3560 1569 3617 Si
1599 3574 1782 3618 autem

220 3652 565 3725 Symmachus
588 3659 701 3726 jam
743 3656 1038 3710 editionem
1060 3669 1215 3708 suam
1240 3654 1513 3724 publicam
1543 3654 1782 3721 fecisset,

218 3762 324 3803 cum
357 3762 406 3804 et
437 3752 554 3820 ipse
601 3747 780 3811 νεανὶς
816 3746 1189 3812 transtulerit,
1239 3762 1308 3800 an
1355 3748 1782 3816 praetermitten-

216 3838 305 3894 dus
333 3852 442 3895 erat
474 3843 548 3896 ab
578 3842 788 3893 Irenaeo
809 3838 833 3892 ?
857 3838 929 3893 At
967 3854 1092 3893 cum
1130 3854 1199 3893 ex
1246 3835 1510 3893 Chronico
1544 3839 1781 3898 Alexan-

217 3931 373 4000 drino,
403 3950 553 3989 anno
584 3932 771 3989 Severi
803 3946 951 3986 nono
980 3929 1345 4004 Symmachus
1377 3933 1781 4003 interpretatio-

219 4040 324 4080 nem
350 4042 502 4081 suam
530 4024 969 4087 concinnaverit,
1000 4040 1108 4078 non
1144 4026 1324 4094 potuit.
1370 4027 1441 4081 ab
1468 4026 1668 4083 Irenzeo
1697 4045 1783 4083 re-

218 4120 473 4188 prehendi,
503 4121 599 4190 qui
630 4135 777 4174 anno
807 4118 1026 4173 circiter
1053 4117 1297 4173 secundo
1330 4119 1576 4190 ejusdem
1610 4121 1783 4193 impe-

217 4214 397 4268 ratoris
426 4213 755 4283 martyrium
792 4225 987 4281 passus
1027 4226 1149 4266 esse
1185 4220 1430 4281 putatur.
1468 4211 1608 4269 Hinc
1652 4231 1781 4268 vero

218 4305 439 4373 corrigas
473 4306 638 4360 velim
669 4313 916 4359 nostram
947 4302 1012 4357 ad
1043 4300 1329 4372 Synapsim
1367 4304 1661 4374 Scriptum
1686 4324 1778 4361 sa-

218 4410 308 4452 cra:
326 4409 528 4465 nomn,
574 4399 665 4453 ubi
689 4408 814 4469 post
850 4396 1171 4470 Dionysium
1206 4396 1486 4453 Petavium
1515 4400 1775 4465 diximus,

1894 1908 2024 1978 quia
2053 1909 2325 1979 ejusmodi
2353 1910 2601 1978 exempla
2627 1925 2734 1965 non
2760 1909 2834 1964 ita
2858 1910 3160 1981 frequentia
3189 1922 3340 1976 sunt,
3354 1928 3489 1969 con-

1888 2000 2133 2071 jectandi
2174 2001 2331 2057 locus
2363 2011 2447 2059 est
2490 2002 2881 2074 Symmachum
2925 2019 3033 2059 non
3066 2006 3207 2061 duas
3256 2007 3487 2063 onmiuo

1892 2089 2140 2147 diversas
2163 2092 2435 2147 editiones
2450 2092 2741 2161 emisisse;
2771 2094 2869 2149 sed
2899 2110 3064 2163 quam
3082 2096 3321 2165 priore-ii
3347 2097 3486 2151 emi—

1895 2189 2042 2237 serat
2079 2182 2286 2252 aliquot
2315 2184 2369 2236 in
2393 2182 2527 2238 locis
2544 2184 2887 2247 emendasse,
2909 2184 3183 2254 verbaque
3199 2186 3307 2241 alia
3338 2186 3487 2241 ideo.

1896 2274 2062 2329 tidem
2098 2275 2449 2331 substituisse
2475 2290 2575 2345 pro
2602 2273 2745 2329 aliis.
2775 2275 3031 2346 Alioquin
3061 2278 3107 2332 si
3139 2278 3300 2345 duas,
3344 2293 3483 2351 per-

1894 2366 2021 2422 inde
2059 2376 2225 2437 atque
2285 2368 2481 2438 Aquila
2508 2409 2523 2435 ,
2573 2384 2909 2439 prorsusque
2937 2370 3122 2427 varias
3154 2373 3486 2442 interpreta-

1892 2458 2071 2514 tiones
2098 2460 2508 2527 concinnasset,
2541 2461 2674 2532 quid
2701 2477 2881 2517 causa:
2907 2472 2991 2518 est
3020 2478 3119 2519 cur
3148 2479 3274 2521 cum
3321 2464 3485 2538 longe

1896 2550 2206 2623 elegantior
2234 2562 2289 2607 et
2323 2554 2519 2610 melior
2542 2556 2814 2625 interpres
2843 2570 2872 2610 a
2898 2555 3086 2611 multis
3140 2556 3363 2613 habitus
3410 2560 3483 2616 sit

1890 2657 2056 2713 quam
2088 2644 2307 2713 Aquila,
2329 2653 2441 2701 tam
2475 2661 2660 2715 paucae
2692 2658 2874 2703 tamen
2912 2663 2977 2704 ex
3005 2649 3175 2705 altera
3205 2650 3327 2721 ejus
3366 2652 3483 2709 edi-

1895 2737 2043 2792 tione
2078 2736 2343 2793 lectiones
2372 2737 2693 2806 aﬂerantur,
2730 2741 2950 2812 quando
2997 2749 3079 2797 tot
3126 2751 3389 2815 tantaque
3410 2759 3480 2801 ex

1892 2828 2137 2885 secunda
2188 2828 2400 2908 Aquilae
2448 2831 2691 2887 editione
2741 2833 3082 2903 supersunt?
3113 2831 3243 2889 Haec
3288 2834 3480 2906 conje-

1891 2920 2092 2976 ctando
2121 2921 2298 2977 solum
2335 2922 2480 2979 dicta
2506 2925 2656 2979 sint:
2704 2941 2791 2980 res
2818 2927 2964 2987 enim
3014 2942 3125 2982 non
3178 2927 3254 2984 ita
3291 2932 3480 3003 exple-

1894 3023 2010 3069 rata
2040 3023 2163 3083 est,
2195 3024 2254 3070 ut.
2283 3024 2405 3071 tuto
2428 3020 2706 3088 possimus
2735 3020 3060 3075 sententiam
3092 3020 3254 3078 ferre.

1814 3134 1858 3195 ο
1891 3124 2121 3201 VaQuo
2146 3130 2380 3184 vertendi
2407 3147 2593 3201 genere
2626 3148 2755 3187 usus
2782 3134 2884 3187 sit:
2913 3144 2961 3187 et
2987 3134 3051 3187 de
3072 3136 3229 3189 annis
3258 3136 3478 3191 chrono-

1963 3198 2151 3269 logieis
2181 3201 2368 3278 prima:
2408 3198 2474 3255 ac
2514 3204 2762 3263 secunde
2799 3206 2977 3259 atatis
3004 3214 3061 3259 ut
3091 3222 3125 3260 a
3162 3203 3479 3278 Symmacho

1960 3271 2399 3325 numerabantur.

1958 3383 2337 3455 lntcrpretatio
2368 3383 2684 3457 Symmachi
2711 3388 3021 3445 clarissima
3080 3397 3135 3446 et
3190 3390 3479 3463 elegantis-

1888 3479 2029 3534 sima
2055 3479 2304 3538 omnium
2332 3488 2442 3534 est.
2474 3476 2584 3535 Res
2614 3479 2703 3533 ille
2734 3490 2794 3533 ut
2815 3479 3111 3549 plurimum
3150 3490 3275 3552 apte
3307 3498 3371 3538 ac
3391 3482 3478 3538 di-

1888 3567 2066 3624 lucide
2098 3568 2357 3638 exprimit
2389 3587 2402 3623 :
2440 3583 2549 3622 non
2580 3569 2742 3623 verba
2772 3568 2987 3639 singula
3025 3571 3347 3640 scrupulose
3390 3587 3478 3627 re-

1887 3661 2031 3717 ferre
2052 3664 2235 3718 studet
2261 3672 2321 3715 ut
2356 3661 2554 3731 Aquila
2580 3676 2596 3726 ;
2626 3676 2736 3715 non
2766 3659 2908 3715 LXX
2944 3662 3270 3732 Interpretes
3287 3680 3478 3734 presso

1884 3750 2118 3821 vestigio
2147 3750 2397 3822 sequitur
2428 3760 2488 3805 ut
2520 3749 2827 3805 Theodotio
2850 3769 2867 3818 ;
2894 3753 2988 3807 sed
3022 3753 3109 3809 vel
3135 3754 3203 3822 ,in
3225 3754 3477 3812 ditlicilli—

1886 3841 1992 3896 mis
2014 3841 2153 3897 locis
2186 3855 2408 3896 sensum
2439 3839 2513 3894 ita
2546 3838 2748 3910 legenti
2786 3838 3043 3905 exhibet,
3084 3850 3143 3895 ut
3171 3844 3355 3896 statim
3387 3843 3475 3897 in-

1886 3932 2177 4003 tclligatur.
2208 3930 2564 3986 llebraismos
2596 3944 2723 3984 raro
2769 3940 3033 3985 sectatur.
3087 3929 3473 4006 Summopere—

1884 4039 1991 4095 que
2019 4038 2244 4079 curasse
2279 4021 2517 4087 videtur,
2547 4036 2613 4075 ne
2659 4021 2938 4092 quidpiam
2996 4022 3050 4075 in
3082 4019 3268 4077 Graeca
3329 4025 3473 4080 serie

1884 4125 2131 4185 poneret,
2160 4116 2306 4187 quod
2335 4114 2584 4170 Graecum
2631 4114 2889 4169 lectorem
2921 4114 3183 4170 llebraice
3218 4116 3472 4185 ignarum

1881 4208 2156 4263 oﬂ‘endere
2191 4219 2414 4278 posset:
2460 4223 2525 4261 ea
2566 4217 2749 4264 tamen
2772 4209 3006 4272 cautela,
3036 4218 3096 4266 ut
3140 4207 3473 4266 Hebraicum

1879 4302 2160 4371 exemplar
2198 4304 2419 4358 unicum
2453 4305 2792 4373 sequendum
2833 4303 2937 4358 sibi
2970 4312 3317 4373 proponeret,
3368 4318 3472 4357 nec

1880 4383 2158 4464 quidpiam
2183 4410 2248 4448 ex
2281 4394 2520 4452 editione
2550 4395 2660 4450 τῶν
2695 4397 2772 4459 0⁸,
2804 4395 2892 4449 ubi
2916 4410 3041 4451 cum
3068 4393 3334 4449 Hebraico
3359 4410 3470 4450 non

220 4486 594 4560 Symmachum
621 4492 922 4547 editionem
949 4506 1109 4547 suam
1141 4493 1397 4548 emisisse
1441 4502 1569 4549 ante
1599 4493 1776 4548 Theo-
1812 4486 1855 4540 Ι)
1883 4488 2207 4556 quadrabat,
2248 4487 2301 4542 in
2356 4489 2855 4557 interpretationem
2915 4503 3071 4541 suam
3129 4487 3465 4543 refunderet.

218 4580 491 4639 detionem.

244 4669 321 4729 iV.
352 4678 434 4729 An
457 4679 591 4730 duas
625 4678 1084 4745 interpretatimies
1126 4676 1343 4731 ediderit
1368 4672 1739 4745 Symmachus.

276 4767 382 4835 Qua
411 4784 544 4822 vero
573 4777 852 4837 permotus
878 4781 1045 4821 causa
1076 4766 1143 4820 ad
1194 4764 1536 4835 Scripturam
1592 4766 1778 4823 Graece

220 4859 654 4932 interpretandam
695 4860 939 4914 animum
964 4844 1234 4928 appulerit
1258 4858 1647 4929 Symmachus,
1679 4860 1779 4914 do-

219 4965 290 5011 cet
323 4959 459 5013 idem
506 4952 842 5025 Epiphanius
876 4971 889 5005 :
933 4954 1063 5023 quia
1096 4952 1357 5006 nimirum
1416 4950 1778 5009 Samaritanis

219 5047 609 5113 iuiensus'erat,
640 5044 1050 5100 translationem
1082 5058 1282 5099 novam
1314 5058 1608 5113 aggressus
1648 5052 1735 5097 est
1758 5084 1775 5108 ,

220 5152 271 5195 ut
318 5121 783 5195 Samaritanorum
836 5138 1313 5207 interpretationes
1369 5145 1660 5191 everteret.
1716 5138 1775 5191 in

219 5226 442 5301 Epitotne
488 5220 776 5300 Epiphanii
831 5227 907 5283 De
948 5228 1266 5299 ponderibus
1304 5242 1428 5292 mox
1467 5228 1674 5283 edenda
1701 5227 1779 5283 le-

220 5324 362 5392 gitur,
386 5324 466 5388 εις
501 5320 831 5393 διαστροφὴν
860 5321 971 5374 τῶν
1001 5318 1155 5392 παρὰ
1192 5320 1561 5392 Σαμαρείταις
1597 5323 1774 5393 ἑρμη-

220 5416 415 5481 νευτῶν,
444 5418 514 5470 ad
542 5416 860 5470 eversionem
883 5414 1228 5482 interpretum
1262 5411 1729 5468 Samaritanorum
1755 5429 1775 5467 :

222 5507 359 5564 hasce
413 5523 578 5579 porro
633 5505 1119 5577 interpretationes
1173 5503 1391 5560 Grzecas
1448 5502 1656 5570 fuisse,
1709 5522 1775 5561 ex

220 5601 524 5670 coniecturis
550 5599 847 5655 admodum
871 5597 1251 5667 probabilibus
1277 5612 1442 5667 supra
1459 5599 1772 5654 statuimus.

222 5688 341 5745 Duas
366 5692 756 5765 Symmachum
781 5690 1050 5745 editiones
1086 5689 1341 5745 emisisse
1370 5699 1579 5745 certum
1622 5691 1775 5746 vide-

220 5789 321 5853 tur;
352 5797 449 5841 nee
483 5784 683 5840 mirum
732 5791 819 5839 est
861 5780 1224 5852 Epiphaniam
1286 5782 1338 5836 id
1392 5781 1721 5853 praeteriisse
1754 5824 1770 5848 ,

1880 4578 2247 4644 Quamobrem
2282 4580 2335 4633 in
2357 4580 2519 4636 annis
2551 4579 2953 4651 cbronologicis
2971 4580 3039 4634 ab
3065 4579 3274 4634 Adatuo
3294 4595 3471 4650 usque

1878 4673 1945 4727 ad
1964 4672 2357 4738 Abrahamum,
2382 4674 2546 4728 missa
2575 4671 2931 4743 Septuaginta
2953 4670 3313 4742 lntcrpretum
3332 4687 3464 4744 sup-

1879 4766 2180 4834 putatione,
2208 4763 2455 4819 llcbraici
2480 4779 2696 4833 semper
2751 4772 2932 4818 textus
2967 4780 3142 4819 annos
3186 4765 3464 4834 exprime-

1878 4856 1991 4923 bat,
2020 4866 2079 4911 ut
2108 4857 2429 4914 testiﬁcatur
2462 4854 2729 4911 Eusebius
2759 4855 3047 4911 Emisenus
3070 4857 3123 4910 in
3159 4856 3278 4911 loco
3293 4874 3463 4927 quem

1876 4965 1942 5005 ex
1972 4950 2369 5020 manuscriptis
2398 4956 2715 5019 excerptum
2744 4949 3031 5003 retulimus
3062 4949 3117 5003 in
3150 4949 3295 5005 notis
3322 4948 3461 5005 Gen.

1879 5057 1931 5105 v,
1964 5040 2017 5095 5.
2049 5040 2331 5104 Hebra’us,
2364 5041 2542 5110 inquit
2573 5040 2663 5095 ille
2684 5082 2698 5105 ,
2731 5051 2780 5094 et
2808 5038 2977 5110 Syrus
3018 5052 3069 5095 et
3111 5042 3463 5112 Symmachus

1877 5135 1933 5186 in
1969 5133 2287 5205 genealogiis
2337 5142 2546 5185 centum
2573 5149 2741 5187 annos
2786 5134 2961 5186 minus
2988 5149 3193 5202 semper
3218 5144 3419 5203 ponunt
3441 5152 3461 5200 ;

1874 5228 2098 5295 exempli
2128 5242 2292 5281 causa
2318 5227 2570 5295 scriptum
2607 5234 2683 5279 est
2718 5226 2772 5276 in
2804 5222 2956 5277 LXX
2981 5227 3120 5295 quod
3135 5226 3305 5278 Adam
3323 5242 3462 5279 anno

1877 5321 1997 5373 vita:
2025 5334 2199 5373 ccxxx
2229 5320 2464 5389 genuerit
2496 5315 2665 5381 Seth;
2704 5318 2778 5369 ibi
2826 5316 3079 5371 Ilebrwus
3107 5333 3249 5371 cxxx
3281 5318 3460 5372 habet.

1880 5412 2013 5465 Illos
2042 5420 2220 5464 autem
2242 5422 2455 5463 centum
2485 5426 2649 5464 annos
2692 5408 2908 5478 reliquis
2934 5410 3125 5462 Adami
3150 5412 3270 5463 vita:
3306 5412 3461 5465 annis

1880 5502 2143 5571 adiungit.
2169 5500 2363 5554 Mirum
2386 5509 2567 5555 autem
2598 5500 2649 5553 in
2674 5500 2994 5554 recensione
3024 5517 3210 5555 eorum
3234 5504 3326 5572 qui
3356 5501 3462 5560 He-

1880 5594 2123 5650 braicum
2158 5601 2362 5648 textum
2404 5593 2458 5647 in
2489 5607 2762 5646 annorum
2824 5594 3033 5650 calculo
3074 5602 3246 5649 secuti
3289 5606 3461 5664 sunt,

1879 5689 2185 5754 Hebraeum,
2217 5687 2417 5759 Syrum
2453 5696 2508 5743 et
2534 5686 2922 5759 Symmachum
2955 5688 3265 5745 memorari.
3291 5689 3461 5758 Aqui-

1880 5784 1985 5836 lam
2021 5796 2151 5837 vero
2189 5782 2280 5833 τὸν
2309 5777 2623 5833 δουλεύοντα
2654 5782 2720 5851 τῇ
2769 5777 3029 5851 Ἐὅραῖκῇ
3053 5775 3195 5846 λέξει.
3226 5788 3423 5849 przetcr
