4064 6262
532 286 594 345 ιι
1909 275 2436 334 ιιιιίκιιιιιικιιιιιιι
3749 250 3824 304 ω

534 405 699 472 tuitti,
727 405 821 473 qui
855 404 1063 474 utique,
1098 415 1158 460 ut
1193 402 1524 458 iiebraieum
1575 418 1791 473 semper
1837 401 2126 470 scrupulo—
2156 405 2202 461 Α
2230 408 2285 454 et
2318 395 2576 469 loquendi
2629 393 2871 446 rationes
2906 385 3201 456 deligeret,
3234 393 3357 450 qua:
3401 371 3818 474 maior-emuni-

534 498 653 554 sius
680 511 846 568 quam
875 499 1057 552 eteteri
1101 507 1325 553 secutus
1354 508 1461 562 est,
1493 497 1547 551 in
1579 510 1854 550 annorum
1900 493 2128 548 calculis

534 591 716 660 ipsunt
743 602 852 642 non
887 587 1201 644 deseruisse
1236 589 1512 658 putandus
1538 594 1640 640 est.
1685 583 1792 638 Sed
1821 583 1902 638 vel
1932 582 2128 654 Aquila

535 683 590 736 itt
623 681 946 736 recensione
974 680 1064 734 illa
1099 679 1320 735 Eusebii
1350 678 1591 732 Emiseni
1612 677 1964 732 librariorum
1997 674 2131 728 vitio

532 773 818 838 exciderit,
838 775 918 828 vel
941 774 1069 843 quia
1089 772 1373 828 llebrzeum
1399 786 1614 840 semper
1634 769 1884 839 sequitur
1906 768 2128 839 Aquila,

535 866 716 936 ipsum
745 881 854 922 non
899 865 1321 920 memorandum
1361 879 1485 919 esse
1515 864 1814 928 censuerit,
1843 863 1991 932 quod
2023 877 2128 932 pu-

534 969 677 1014 taret
714 959 853 1013 satis
881 975 1005 1013 esse
1053 958 1344 1013 llehrazum
1380 957 1678 1023 nominari,
1715 965 1774 1010 ut
1812 956 1997 1010 statim
2038 970 2131 1010 se—

533 1059 800 1122 queretur
819 1051 1075 1123 Aquilam
1098 1052 1292 1107 eodem
1337 1049 1502 1106 modo
1534 1049 1786 1113 vertisse,
1816 1058 2007 1118 utpote
2033 1047 2131 1117 qui

538 1145 749 1200 llebnei
785 1161 1002 1215 semper
1035 1144 1282 1214 vestigiis
1324 1143 1549 1199 haereat.
1595 1142 1864 1198 Praterea
1899 1156 2010 1195 non
2048 1140 2135 1194 in-

536 1239 724 1292 solens
757 1247 840 1292 est
869 1246 1082 1292 veteres
1113 1238 1260 1304 illos,
1286 1236 1453 1291 etiam
1509 1236 1603 1290 ubi
1629 1235 1740 1290 duo
1789 1235 1874 1288 vel
1908 1243 2022 1288 tres
2048 1233 2133 1285 in-

536 1338 800 1398 terpretes
833 1331 1079 1383 eamdem
1109 1330 1284 1399 ipsam
1314 1329 1602 1404 lectionem
1622 1327 1934 1398 praeferunt,
1962 1341 2131 1378 unum

538 1431 753 1475 tantum
795 1437 857 1474 ex
893 1422 999 1475 illis
1028 1435 1463 1476 commemorare
1489 1461 1502 1484 ,
1532 1429 1592 1474 ιιι
1618 1418 1923 1474 sexcenties
1958 1418 2012 1471 in
2040 1419 2134 1472 de-

535 1531 702 1568 cursu
736 1515 901 1583 hujus
928 1517 1110 1584 operis
1145 1515 1569 1570 animadvertes.
1608 1511 1765 1579 Quod
1787 1513 1854 1566 ad
1880 1509 2134 1564 Theodo-

539 1607 743 1661 tionem
798 1622 926 1661 vero
959 1617 1191 1679 spectat,
1231 1607 1530 1663 verisimite
1579 1616 1664 1660 est
1704 1607 1884 1675 ipsum
1938 1606 1992 1658 in
2036 1621 2132 1675 ge-

536 1697 822 1769 nealogiis,
865 1705 926 1752 ut
955 1709 1010 1753 et
1031 1699 1164 1754 alibi
1196 1697 1662 1769 frequentissime,
1682 1694 1823 1750 LXX
1860 1696 2131 1766 Interpre-

534 1798 652 1846 tum
686 1755 978 1849 [cetionem
1008 1799 1258 1847 secutum
1291 1755 1452 1857 esse;
1506 1804 1633 1844 nam
1649 1755 1792 1844 video
1837 1797 1961 1858 post
1988 1755 2125 1842 LXX
2165 1755 2207 1809 Β

531 1893 589 1939 et
614 1885 773 1955 quasi
808 1885 878 1940 ab
900 1886 1094 1956 Aquila
1124 1896 1178 1941 et
1202 1884 1535 1957 Symmacho
1565 1890 1906 1952 segregatus,
1936 1883 1990 1934 in
2023 1879 2132 1937 Ile-

535 1976 914 2048 saplislocum
940 1977 1211 2042 habebat;
1238 1976 1458 2047 quiailli
1487 1973 1841 2038 llebraicum,
1863 1973 1952 2027 hic
1989 1971 2132 2027 LXX

535 2067 864 2140 interpretes
902 2069 1059 2138 sequi
1111 2069 1343 2123 solebat.
1377 2067 1745 2140 Symmachus
1789 2065 1976 2134 itaque
2025 2063 2132 2119 Hc-

537 2164 740 2216 braanm
774 2160 996 2231 quidem
1028 2163 1278 2230 sequitur
1315 2172 1374 2214 ut
1407 2160 1604 2230 Aquila
1652 2173 1667 2210 :
1709 2157 1805 2212 sed
1854 2159 1930 2212 ita
1957 2165 2015 2211 ut
2045 2156 2137 2212 hic

536 2253 776 2307 litteram
807 2253 976 2306 nimia
1011 2266 1154 2321 saepe
1206 2251 1470 2322 religione
1515 2247 1824 2320 exprimere
1879 2247 2132 2313 studeat;

537 2345 628 2398 ille
659 2358 790 2398 vero
815 2344 889 2397 ita
923 2343 1206 2398 Hebraicis
1237 2344 1460 2404 haereat,
1503 2351 1562 2395 ut
1601 2340 1888 2410 elegantiae
1926 2347 1982 2394 et
2003 2353 2133 2408 per-

536 2436 846 2506 spicuitatis
877 2436 1145 2490 rationem
1177 2435 1378 2488 habere
1401 2433 1672 2489 videatur.

631 2527 719 2582 Vl.
761 2528 896 2598 Ejus
925 2527 1091 2582 editio
1118 2546 1152 2582 α
1183 2527 1439 2583 ueteribus
1471 2526 1761 2581 admodum
1791 2524 2042 2583 laudata.

617 2616 768 2673 lianc
801 2620 926 2689 styli
967 2619 1293 2690 elegantiam
1324 2629 1378 2674 et
1407 2620 1714 2674 claritatem
1750 2620 1971 2690 fpassim
2014 2621 2136 2674 lau-

540 2710 675 2764 dant
707 2708 1098 2780 Hieronymus,
1131 2709 1403 2768 Eusebius
1435 2712 1673 2780 aliique;
1701 2727 1941 2782 quorum
1988 2712 2139 2782 prior

542 2802 666 2870 ejus
703 2800 1185 2868 interpretationes
1235 2802 1549 2870 frequenter
1579 2801 1885 2855 admiratur
1913 2811 1969 2855 et
2015 2801 2137 2854 lau—

545 2891 710 2946 dibus
743 2891 986 2953 extollit,
1041 2900 1102 2944 ut
1131 2892 1427 2952 Conttncnt.
1457 2893 1511 2945 in
1561 2893 1758 2962 psalm.
1802 2907 1921 2957 XXI,
1957 2908 2012 2947 v.
2044 2891 2138 2955 3f.

545 2983 879 3053 σαφέστερον
913 2983 940 3034 ὁ
975 2983 1272 3054 Σύμμαχος
1296 3022 1311 3047 ,
1340 2986 1539 3037 clarius
1575 2983 1926 3054 Symmachus
1950 3026 1965 3051 ,
2000 2994 2060 3039 ut
2086 2994 2140 3040 et

544 3090 689 3144 saepe
716 3075 846 3127 alibi
873 3092 886 3138 ;
916 3083 968 3127 et
1002 3090 1160 3129 versu
1194 3077 1477 3144 sequenti.
1511 3077 1719 3149 σφόδρα
1749 3077 2082 3150 θαυμαστῶς
2109 3080 2139 3130 ὁ

544 3162 876 3233 Σύμμαχος,
940 3165 1228 3216 admodum
1280 3165 1600 3220 mirabiliter
1654 3166 2043 3237 Symmachus;
2083 3177 2141 3223 et

546 3256 739 3324 psaim.
796 3271 957 3321 xui,
1016 3254 1117 3318 10,
1173 3255 1347 3320 οὕτως
1393 3260 1704 3330 ἡρμήνευσε
1748 3258 2080 3331 θαυμαστῶς
2109 3263 2140 3313 ὁ

544 3344 879 3417 Σύμμαχος,
917 3347 996 3399 ita
1027 3346 1348 3413 mirabilityr
1375 3349 1753 3419 interpretatus
1786 3365 1864 3407 est
1897 3350 2144 3423 Symma-

543 3439 694 3493 chus.
731 3437 1097 3508 Hieronymus
1126 3457 1258 3494 vero
1284 3443 1351 3495 de
1381 3441 1711 3512 Symmacho
1741 3445 1972 3514 loquens
2030 3444 2143 3500 fre-

546 3543 781 3604 quenter
818 3533 986 3599 dicit,
1033 3551 1158 3588 eum
1209 3535 1454 3604 apertius
1498 3545 1552 3590 et
1594 3537 1937 3594 manifestius
1972 3539 2141 3594 inter-

548 3632 820 3694 pretatum
849 3642 992 3682 esse.
1027 3625 1091 3679 Et
1121 3627 1517 3681 Commentario
1547 3627 1601 3678 in
1633 3628 1792 3681 Amos
1829 3645 1913 3692 ut,
1945 3628 2036 3696 ll,
2063 3630 2142 3684 ait

553 3717 943 3787 Symmachum
982 3735 1088 3772 non
1123 3720 1297 3773 solere
1327 3720 1621 3774 verborum
1649 3720 2006 3793 κακοζηλίαν,
2043 3721 2140 3777 sed

549 3811 925 3880 intelligentia:
951 3812 1199 3865 ordinem
1234 3813 1413 3880 Sequi.

682 3901 792 3956 VII.
840 3902 1112 3956 Theodoro
1143 3902 1472 3959 Heracleotes
1499 3920 1603 3957 non
1631 3905 1712 3957 ita
1739 3901 2017 3974 probatur.

623 3989 828 4047 Verum
851 4035 868 4060 ,
922 4006 984 4049 ut
1025 3996 1241 4050 variant
1272 3994 1582 4064 opiniones,
1617 3991 1940 4048 Theodorus
1973 3991 2143 4047 llera—

546 4083 754 4146 cleotes
777 4129 794 4153 ,
829 4087 912 4143 vir
941 4087 1143 4159 ingenii
1173 4087 1590 4157 perspicuitate
1624 4100 1790 4154 quam
1841 4085 1962 4140 fidei
2001 4085 2143 4138 intc-

549 4184 747 4253 gritate
783 4181 1052 4246 nobilior,
1090 4180 1145 4234 in
1177 4177 1485 4249 fragmento
1532 4177 1679 4248 quod
1712 4178 1854 4232 infra
1887 4176 2139 4242 edemus,

551 4271 978 4335 animadvertit,
1004 4269 1419 4338 Symmachum,
1448 4267 1579 4321 dum
1612 4267 1797 4321 nimiae
1829 4266 2142 4336 perspicui-

550 4365 648 4420 tati
675 4365 879 4425 studet,
906 4379 939 4418 a
965 4377 1095 4417 vero
1127 4361 1376 4418 Hebraiei
1412 4376 1579 4417 sensu
1615 4375 1722 4414 non
1759 4360 2140 4428 infrequenter

2231 490 2353 544 dem
2391 465 2836 560 perspicuitatem
2874 475 3228 550 prmferrent,
3263 470 3360 526 sed
3392 469 3456 523 ad
3491 465 3823 520 llebraicum

2231 597 2341 637 non
2371 556 2443 636 ita
2478 556 2833 650 quadrarent.
2883 570 2963 625 Ad
2993 570 3109 623 hinc
3137 573 3319 620 autent
3343 601 3359 626 ,
3408 556 3824 619 simiiitudines,

2230 672 2433 742 quibus
2467 649 2713 722 abundat
2757 661 3020 716 llebraica
3055 658 3261 726 lingua,
3291 649 3658 723 Symmachus
3682 657 3827 742 stepe

2232 767 2289 820 in
2317 763 2570 818 versione
2596 773 2695 813 sua
2732 771 2840 812 non
2872 750 3178 822 expressit;
3205 746 3393 816 sicque
3418 743 3693 797 dictorum
3715 736 3824 790 vim

2229 865 2284 910 et
2305 853 2614 924 emphasim
2656 846 2958 911 enervavit,
2995 851 3056 898 ut
3087 856 3212 896 cum
3236 880 3254 906 ,
3287 836 3433 892 verbi
3461 845 3657 896 causa,
3695 826 3827 882 illud

2233 922 2431 1020 psalm.
2485 959 2667 1008 vatt,
2718 941 2812 1006 5|,
2845 944 3060 998 εντ’-,εκ
3095 942 3248 996 πη,
3295 945 3327 982 a
3360 924 3500 982 LXX
3550 922 3827 1020 interpre-

2234 1043 2380 1096 tibus
2424 1039 2505 1093 sic
2556 1049 2914 1106 expressum,
2963 1031 2998 1101 ἡ
3051 1023 3343 1094 συναγωγὴ
3409 1019 3519 1074 τῶν
3575 1014 3823 1086 ταύρων,

2232 1131 2567 1204 congregatio
2599 1139 2898 1186 taurorum.
2930 1119 3320 1192 Symmachus,
3353 1111 3558 1182 συνόδῳ
3590 1119 3821 1178 παμμι-

2231 1201 2445 1299 γεοῶν,
2477 1220 2874 1293 congregationi
2904 1211 3304 1287 pra'grandittm
3329 1249 3344 1275 ,
3388 1205 3583 1270 vertit,
3615 1211 3678 1256 ut
3705 1201 3826 1254 cla-

2233 1294 2352 1377 rius
2402 1334 2515 1373 rem
2560 1316 2892 1384 exprimeret
2926 1327 2939 1362 :
2995 1317 3050 1363 et
3091 1305 3171 1359 sic
3214 1299 3635 1359 similitudinem
3673 1294 3828 1347 illam

2235 1413 2499 1474 abstulit,
2548 1424 2670 1479 qua:
2716 1420 2844 1459 cum
2895 1400 3194 1472 quamdam
3252 1393 3537 1465 ἐνέργειαν
3587 1385 3828 1479 orationi

2237 1506 2483 1569 inderct,
2530 1475 2665 1554 nihil
2707 1480 2890 1551 tat-neu
2923 1490 3113 1574 sensui
3149 1485 3436 1541 alliciebat.
3487 1479 3615 1534 [lare
3646 1475 3831 1530 Theo.

2234 1600 2406 1653 dorus
2449 1596 2837 1656 Heracleotes,
2866 1587 2961 1658 qui
2997 1571 3143 1640 aliud
3178 1578 3467 1647 simileque
3512 1571 3830 1658 exemplum

2235 1641 2802 1756 agdn-ait:
2819 1641 2900 1748 vi:
2921 1678 2991 1732 54
3011 1717 3027 1744 ,
3060 1673 3154 1728 ubi
3188 1671 3279 1725 illa
3305 1641 3474 1722 verba
3500 1672 3662 1723 ’ΝΞ

2234 1789 2520 1868 ΠΊῬἻὩὩ
2553 1751 2712 1830 LXX
2761 1779 3021 1837 vertunt,
3072 1765 3154 1839 τῷ
3188 1760 3546 1868 ἑπιρίεῆηκότι
3590 1756 3685 1810 ἐπὶ

2233 1843 2465 1945 οὐδανὸν
2511 1869 2606 1924 τοῦ
2645 1862 2881 1939 οὐρανοῦ
2935 1860 3079 1916 κατὰ
3109 1852 3414 1916 ἀνατολὰς,
3454 1851 3546 1945 qui
3591 1843 3832 1901 ascendit

2233 1943 2392 2035 super
2435 1967 2625 2017 caztum
2669 1961 2788 2015 σιριί
2822 1957 2893 2013 ad
2939 1957 3231 2012 orientem;
3267 1943 3634 2020 Symmachus
3677 1953 3835 2002 vero,

2233 2033 2313 2132 τῷ
2364 2056 2717 2130 ὲποχουμένῳ
2765 2053 2858 2107 ἐπὶ
2909 2049 3002 2103 τὸν
3048 2045 3280 2121 οὐρανὸν
3333 2039 3430 2094 τοῦ
3475 2033 3710 2132 cupavo?)
3763 2036 3836 2089 tu

2236 2129 2494 2227 πριῖιτης,
2524 2149 2614 2218 qui
2647 2147 2858 2202 uehitur
2881 2158 3042 2213 super
3067 2138 3258 2194 eiciunt
3291 2133 3409 2188 cmfi
3431 2146 3497 2186 e17
3522 2129 3718 2200 prima.

2307 2247 2468 2314 Quod
2499 2245 2568 2299 ad
2614 2243 2854 2312 primum
2890 2243 3077 2292 autem
3110 2228 3423 2299 exemplum
3453 2224 3684 2287 attinet,
3723 2233 3837 2275 non

2236 2312 2428 2397 dubito
2479 2338 2683 2392 multos
2728 2332 2850 2386 fore
2897 2329 2993 2401 qui
3042 2318 3361 2398 Symmachi
3413 2325 3601 2388 partes
3651 2312 3839 2369 susci-

2238 2435 2390 2505 piant
2419 2449 2433 2485 :
2464 2446 2589 2485 nam
2622 2434 2766 2485 mare
2799 2437 2943 2492 saepe
2986 2417 3206 2490 ἰσχυρὸς
3248 2413 3407 2484 {ortis
3437 2411 3523 2505 γει
3563 2407 3838 2505 δυνάιξτης

2238 2499 2420 2598 potens
2450 2523 2615 2578 etiam
2645 2535 2676 2574 a
2708 2514 2850 2572 LXX
2893 2508 3289 2580 lnterpretihus
3315 2503 3580 2566 vertitur;
3625 2499 3836 2561 rarius,

2238 2593 2476 2688 Ῐταῢρος,
2514 2625 2703 2669 taurus
2735 2627 2750 2664 ς
2782 2614 2886 2665 hoc
2933 2614 3114 2662 autem
3161 2603 3282 2655 loco
3320 2597 3686 2666 Hieronymus
3719 2593 3842 2661 {or-

2241 2686 2376 2766 tiam
2412 2712 2825 2778 interpretatur,
2854 2701 3110 2770 Aquilam
3149 2695 3288 2748 forte
3322 2698 3545 2746 secutus
3572 2729 3589 2753 ,
3622 2686 3702 2742 uti
3735 2699 3835 2740 so—

2242 2805 2317 2857 let
2345 2803 2398 2856 in
2426 2777 2683 2855 Psalmis.
2716 2793 2874 2862 Quod
2907 2792 2974 2846 ad
3003 2786 3309 2844 secundum
3333 2797 3463 2836 vero
3490 2777 3835 2846 exemplum,

2243 2892 2419 2947 fateor
2454 2889 2586 2944 mihi
2618 2888 2782 2940 etiarn
2805 2926 2820 2947 ,
2851 2883 3080 2954 perinde
3113 2889 3275 2946 atque
3306 2874 3595 2928 Theodoro
3621 2912 3636 2937 ,
3666 2883 3841 2923 accu-

2242 2985 2502 3039 ratiorem
2531 2980 2703 3032 videri
2733 2977 2841 3031 τῶν
2875 2978 2952 3038 0’,
2988 2987 3154 3042 quam
3192 2965 3529 3040 Symmachi,
3556 2963 3833 3032 interpreo

2243 3076 2524 3132 tationem.
2560 3070 2765 3127 Verum
2802 3084 2912 3122 non
2947 3068 3149 3120 desunt
3179 3062 3284 3118 alia
3319 3057 3564 3126 exempla
3601 3071 3669 3110 ex
3696 3053 3831 3124 qui-

2247 3169 2352 3223 bus
2390 3175 2652 3237 arguatur
2695 3158 3124 3232 Symmachum,
3171 3154 3302 3208 dum
3357 3144 3732 3221 perspicuitati
3778 3151 3839 3200 et

2244 3257 2528 3330 elegantia:
2548 3254 2752 3319 studet,
2772 3267 2804 3306 a
2831 3266 2961 3305 vero
2989 3247 3291 3314 Scriptura:
3319 3258 3486 3312 scopo
3519 3241 3835 3294 aberrasse.

2313 3327 2573 3406 Attamen
2634 3361 2760 3400 vere
2809 3344 2915 3398 dici
2969 3348 3149 3412 potest
3203 3335 3593 3410 Symmachum
3640 3327 3838 3401 optimi

2243 3441 2553 3512 interpretis
2585 3452 2813 3493 munere
2860 3435 3108 3499 functum
3154 3445 3314 3487 esse:
3347 3427 3451 3484 etsi
3484 3425 3629 3479 enim
3650 3464 3668 3488 ,
3699 3422 3837 3475 dunt

2244 3536 2451 3592 claram
2476 3532 2786 3602 exprimere
2826 3527 3156 3582 sententiam
3186 3521 3399 3584 nititur,
3433 3534 3463 3572 a
3504 3531 3634 3571 vero
3664 3528 3835 3568 sensu

2245 3640 2642 3694 nonnunquam
2673 3622 2946 3681 deﬂectat,
2975 3617 3108 3689 quid
3144 3616 3384 3677 mirum,
3418 3615 3470 3664 in
3501 3624 3561 3664 re
3596 3605 3838 3662 maxime

2243 3728 2354 3774 tam
2386 3715 2595 3770 ardua?
2623 3712 2762 3779 Quis
2792 3711 2931 3765 adeo
2959 3711 3185 3780 lynceus
3206 3746 3222 3771 ,
3254 3705 3310 3760 in
3349 3712 3499 3758 tanta
3539 3697 3701 3754 seriei
3732 3711 3837 3766 pe-

2243 3807 2592 3881 rcgrinitate,
2640 3811 2790 3856 tanta
2822 3799 3160 3854 obscuritate
3195 3794 3530 3855 verborum,
3569 3795 3836 3859 quantam

2241 3898 2550 3956 innumeris
2598 3895 2654 3948 in
2704 3893 2841 3948 locis
2887 3888 3110 3961 praefert
3155 3886 3459 3942 llebraicus
3505 3891 3725 3943 textus,
3775 3887 3840 3934 ut

2243 3990 2430 4044 omnia
2461 4000 2679 4054 semper
2711 3991 2967 4036 accurate
2990 3987 3046 4034 ct
3071 3979 3193 4032 sine
3215 3976 3523 4046 sphalmate
3553 3970 3726 4040 possit
3752 3968 3840 4022 in-

2241 4078 2576 4151 terpretari?
2604 4077 2659 4130 Id
2691 4083 2841 4131 certe
2872 4074 3128 4128 humanae
3161 4083 3271 4123 non
3303 4083 3426 4121 esse
3459 4061 3736 4119 facultatis
3763 4059 3840 4114 vi-

2242 4174 2420 4228 detur.
2455 4173 2725 4226 Caeterum
2757 4165 3125 4238 Symmachus
3169 4160 3296 4216 ideo
3336 4159 3571 4214 fortasse
3614 4151 3840 4209 liberio-

2242 4282 2359 4321 rem
2385 4264 2885 4334 elegantioremque
2918 4253 3317 4328 interpretandi
3351 4265 3560 4308 morem
3592 4254 3839 4304 sectatus

2243 4370 2350 4425 est,
2367 4361 2496 4429 quia
2521 4356 2737 4410 videbat
2760 4353 3276 4425 Aquilam,propter
3305 4345 3532 4401 nimiam
3549 4340 3842 4414 ἀκρίϐειαν

552 4458 861 4513 aberrasse.
883 4456 1018 4511 Nam
1049 4472 1178 4511 cum
1207 4458 1414 4522 omnia,
1437 4457 1602 4511 etiam
1631 4451 1971 4519 ditiicillima,
1997 4452 2145 4505 clare
2177 4472 2221 4527 υ
2249 4461 2305 4507 et
2332 4451 2651 4521 religionem
2680 4489 2697 4516 ,
2733 4449 2855 4519 ipso
2879 4442 3151 4500 Hebraico
3185 4449 3342 4497 textu
3368 4450 3511 4510 sape
3547 4433 3843 4492 obscurio-

550 4551 776 4608 reddcre
807 4557 1080 4621 satagerct
1105 4589 1122 4614 ,
1168 4549 1492 4620 plerumque
1519 4549 1700 4605 evenit
1728 4556 1790 4604 ut
1826 4562 1922 4603 cas
1971 4561 2136 4602 voces

2249 4560 2364 4601 rem
2397 4558 2541 4599 €886.

1613 4783 2000 4876 CAPUT
2071 4776 2758 4875 SEPTIMUM.

1715 4962 1809 5024 De
1838 4956 2308 5024 Theod'otionis
2360 4953 2667 5019 editione:
2707 5019 2713 5026 _

623 5153 663 5208 Ι.
685 5151 807 5213 Quis
825 5147 979 5200 fuerit
999 5149 1296 5202 Theodotio.
1322 5149 1386 5202 ll.
1409 5151 1483 5203 De
1512 5155 1706 5202 ratione
1731 5128 2097 5219 interpretandi
2123 5170 2222 5219 qua
2256 5165 2377 5204 usus
2403 5154 2499 5197 est.
2529 5143 2618 5194 lll.
2642 5136 2851 5193 Ceteris
2874 5131 3238 5198 interpretibus
3261 5128 3507 5180 indoctior
3527 5126 3764 5178 habetur.

961 5264 1002 5320 l.
1044 5264 1177 5330 Quis
1204 5266 1364 5334 fuerit
1404 5268 1703 5324 Thcodotio.

630 5356 960 5422 'I'heodotio,
991 5358 1194 5427 Sinope
1220 5359 1273 5412 in
1303 5357 1481 5414 Ponto
1509 5362 1801 5429 oriundus,
1821 5360 2141 5418 Marcionita

554 5462 700 5515 erat,
729 5461 788 5505 ut
813 5452 888 5506 ait
923 5449 1290 5519 Epiphanius;
1322 5449 1416 5505 sed
1445 5468 1568 5507 cum
1597 5454 1790 5508 haeresi
1820 5470 1934 5510 sua:
1959 5456 2142 5525 ignota

559 5543 723 5596 nobis
767 5542 834 5595 de
867 5557 1033 5594 causa
1067 5551 1443 5609 succenset-et,
1502 5543 1570 5597 ad
1599 5542 1820 5599 Judzeos
1863 5546 2143 5616 confugit,

561 5634 1033 5701 circumcisusque
1056 5641 1158 5685 est.
1191 5632 1489 5702 Postquam
1530 5651 1648 5690 .‘cro
1679 5635 2001 5692 llebraicam
2040 5639 2145 5691 lin-

563 5749 724 5804 guam
756 5731 1087 5798 edidicisset,
1117 5733 1621 5805 interpretationem
1651 5740 1702 5788 et
1728 5731 1842 5802 ipse
1865 5746 2021 5788 suam
2050 5745 2145 5801 ag-

2224 5280 2474 5340 'gressus
2501 5271 2607 5315 est.
2643 5256 2768 5312 llaec
2795 5251 3158 5323 Epiphanius.
3189 5247 3298 5302 Alii
3331 5260 3484 5311 vero,
3514 5259 3713 5315 nempe
3739 5242 3842 5302 En-

2253 5338 2435 5416 sebius
2467 5364 2520 5409 et
2551 5350 2940 5418 Hieronymus,
2973 5344 3128 5398 aiunt
3149 5341 3459 5398 Ebiouitam
3491 5338 3698 5405 fuisse;
3725 5339 3843 5395 sive

2251 5470 2317 5509 ex
2346 5449 2547 5504 ludatis
2577 5444 2642 5498 ad
2678 5441 2960 5495 Ebionitas
2988 5434 3318 5506 confugerit,
3349 5434 3486 5498 sive,
3509 5431 3638 5502 quia
3675 5429 3841 5485 Ebio—

2251 5547 2378 5599 niue
2411 5555 2509 5610 pro
2542 5535 2747 5590 iudicis
2795 5530 3142 5585 habebantur
3187 5536 3243 5582 et
3275 5524 3837 5588 circumcidebantur,

2254 5633 2320 5688 ad
2351 5631 2568 5686 Judreos
2602 5624 2918 5692 confugisse
2963 5618 3256 5674 crediderit
3285 5615 3623 5687 Epiphanius
3643 5657 3657 5682 ,
3708 5615 3839 5683 quia

2253 5728 2321 5783 ad
2358 5722 2641 5780 Ebionitas
2685 5734 2741 5774 se
2770 5722 3068 5785 receperat.
3101 5710 3464 5781 Hieronymus
3493 5718 3712 5775 tamen,
3742 5707 3836 5775 qui
