4064 6262
301 352 371 408 93
1515 358 1585 414 ΙΝ
1627 359 1903 418 HEXAPL

2006 363 2342 422 DRIGENIS.
3523 361 3594 417 ος

302 484 427 525 eunt
462 466 590 523 alibi
618 466 936 527 Ebionitam
967 473 1225 544 appellat,
1265 473 1595 533 Prteiatione
1647 479 1703 534 in
1738 479 1889 536 Com-
1929 488 1974 545 Α
2004 482 2381 555 infrequenter
2411 492 2594 539 tamen
2643 497 2710 538 ex
2739 481 2938 553 Aquila
2959 523 2977 549 ,
3029 483 3210 536 rarius
3239 495 3306 536 ex
3339 476 3594 551 Symma-

302 572 467 618 uteat.
484 561 744 626 Danielis,
770 579 887 620 rem
911 565 964 620 in
992 564 1163 623 dubio
1181 567 1492 639 relinquere
1517 571 1751 639 videtur,
1769 587 1896 628 eum

299 653 384 708 ait
419 670 434 707 :
473 650 578 708 Sed
599 656 767 726 juxta
802 655 1214 713 Theodotiouent
1259 659 1535 718 Ecclesias
1575 663 1773 734 legere,
1806 666 1899 736 qui

301 748 485 818 utique
524 758 643 816 post
683 750 973 804 adventant
1012 750 1216 807 Christi
1260 755 1566 810 incredulus
1596 758 1735 827 fuit,
1774 758 1899 813 licet

300 855 424 893 eunt
452 841 675 911 quidam
702 842 887 896 dicunt
917 842 1250 912 Ebionitant,
1274 848 1368 916 qui
1398 847 1567 902 altero
1595 866 1780 920 genere
1804 848 1904 904 Ju-

301 931 454 984 dcus
483 940 586 986 est.
611 933 706 986 llle
735 949 867 988 vero
891 950 998 990 non
1023 937 1192 991 semel
1224 953 1255 990 a
1285 937 1513 1003 (ἱππεὶς.
1533 940 1628 1011 qui
1659 941 1713 995 in
1746 941 1901 999 Scri-

302 1032 526 1092 pturam
556 1027 952 1080 commentaria
983 1027 1302 1091 ediderunt.
1329 1030 1591 1096 θεόδοτος
1612 1072 1628 1098 ,
1662 1032 1904 1088 Theodo-

303 1124 394 1168 tus
423 1115 590 1169 etiam
622 1125 870 1178 meatur,
904 1127 964 1172 ut
995 1119 1182 1175 videas
1215 1121 1358 1191 psal.
1387 1138 1525 1178 ιιιιι
1562 1124 1618 1178 in
1653 1125 1819 1191 notis,
1848 1133 1906 1181 et

303 1207 449 1276 psal.
479 1222 615 1275 uv,
669 1209 788 1264 sive
831 1209 883 1263 id
935 1209 1149 1266 librarii
1198 1212 1397 1268 mendo
1435 1215 1737 1276 acciderit,
1787 1215 1906 1270 sive

302 1309 545 1369 utraque
595 1300 912 1356 terminatio
945 1301 1000 1355 in
1029 1302 1151 1371 ejus
1183 1304 1409 1360 nomine
1437 1305 1680 1361 admissa
1713 1304 1902 1372 fuerit,

302 1390 382 1445 ita
411 1398 474 1444 ut
501 1390 666 1445 modo
687 1389 962 1455 Θεόδοτος,
988 1393 1152 1448 modo
1173 1393 1472 1451 Θεοδοτίων
1500 1409 1811 1466 vocaretur;
1847 1407 1906 1454 ut

314 1482 638 1554 ’Λσκλήπας
691 1484 857 1540 etiam
895 1485 1222 1560 Ἀσκληπιὸς
1250 1527 1265 1552 ,
1313 1489 1596 1563 ἰσχὺρας,
1637 1492 1905 1563 ’ἰσχύριος

303 1581 368 1627 et
397 1574 682 1646 'laxapltov
707 1575 1144 1646 appellabantur.
1167 1577 1324 1635 lllum
1344 1589 1528 1636 autem
1553 1582 1903 1638 incredulum

305 1663 506 1734 fuisse,
535 1683 645 1722 non
677 1677 859 1724 autem
885 1670 1264 1728 Christianum
1291 1671 1641 1743 Ebionitam,
1671 1679 1907 1734 suadere

306 1759 532 1814 videtur
573 1761 950 1832 interpretatio
994 1763 1100 1819 loci
1133 1763 1287 1840 illius
1313 1767 1658 1825 celeberrimi
1706 1770 1763 1825 in
1794 1770 1906 1826 Da-

305 1851 487 1917 niele,
553 1868 680 1923 cap.
736 1869 822 1922 Ix,
887 1854 993 1922 26,
1058 1857 1153 1911 ubi
1219 1855 1483 1914 llebraica
1551 1862 1719 1917 verba
1776 1872 1906 1919 sunt

304 1952 478 2006 rem
501 1953 642 2004 mm
671 1954 841 2006 cum
879 1954 1053 2009 nm
1071 1958 1309 2014 ursam
1333 1958 1523 2020 mm,
1552 1955 1749 2025 Aquila
1773 1975 1906 2016 vero

306 2036 392 2090 sic
427 2037 841 2107 interpretatur,
873 2041 970 2094 καὶ
993 2040 1138 2112 μετὰ
1164 2042 1262 2108 τὰς
1291 2044 1432 2100 ἑπτὰ
1452 2046 1786 2119 ἑϐδομάδας,
1807 2051 1906 2104 καὶ

311 2129 584 2199 ἑξήκοντα
613 2130 728 2198 δύο,
755 2130 1283 2205 ὲξολοθρευθὴσεται
1315 2136 1684 2210 εἱλειμμὲνος,
1707 2155 1754 2196 et
1786 2152 1905 2211 post

304 2231 506 2290 septem
533 2223 894 2280 hebdomadas
921 2238 972 2281 et
1012 2230 1292 2298 sexaginta
1326 2230 1487 2299 duas,
1520 2237 1903 2291 exterminabi-

307 2323 398 2368 tur
424 2324 642 2370 unctus.
677 2314 1069 2388 Symmachus,
1106 2318 1365 2377 Ebionita
1403 2322 1778 2394 Christianus,
1810 2331 1906 2384 καὶ

310 2405 453 2478 μετὰ
483 2406 590 2471 τὰς
633 2407 941 2481 ἑϐδομάδας
973 2411 1117 2467 ἑπτὰ
1156 2413 1250 2468 καὶ
1289 2414 1556 2488 ἑξήκοντα
1581 2417 1713 2484 δύο,
1747 2420 1911 2475 ἐκκο-

310 2499 556 2570 πήσεται
607 2501 877 2572 Χριστός,
925 2512 977 2555 et
1027 2515 1145 2573 post
1191 2505 1548 2564 hebdomadas
1607 2521 1803 2580 septem
1854 2520 1908 2568 et

306 2594 592 2663 sexaginta
633 2595 770 2648 duas
812 2596 1154 2650 exscindetur
1184 2597 1455 2656 Christus.
1502 2603 1575 2657 At
1604 2601 1909 2660 Theodotio

309 2685 585 2756 insignem
635 2687 783 2742 illam
817 2689 887 2744 de
927 2687 1152 2745 Christo
1185 2694 1531 2763 prophetiam
1581 2695 1907 2767 interpreta-

311 2780 460 2834 tione
479 2796 582 2834 sua
611 2789 882 2849 quantum
915 2784 1092 2850 potuit
1118 2783 1495 2856 labefactavit,
1513 2796 1570 2843 et
1587 2787 1903 2846 Judaeorum

313 2887 467 2928 more
518 2873 915 2943 interpretatus
952 2883 1039 2928 est
1085 2877 1172 2932 bis
1217 2880 1439 2941 verbis,
1489 2881 1587 2936 καὶ
1637 2882 1775 2953 μετὰ
1806 2883 1907 2948 τὰς

311 2963 620 3036 ιὸὂομάδας
681 2965 785 3030 τὰς
856 2965 1128 3038 ἑξήκοντα
1192 2968 1321 3035 δύο,
1395 2970 1910 3047 ἔξολοθρευοήσεται

311 3055 552 3126 χρίσμα,
603 3066 655 3110 et
691 3067 808 3127 post
850 3058 1209 3114 hebdornadas
1251 3064 1534 3132 sexaginta
1566 3065 1704 3119 duas
1731 3077 1904 3122 exter-

2001 575 2130 643 cho,
2155 575 2487 646 desumpsit.

2073 667 2224 725 Licet
2251 677 2434 724 autem
2460 665 2764 722 Tbeodotio
2797 663 2939 719 LXX
2967 663 3330 734 interpretum
3364 661 3598 733 vestigio

2002 759 2114 815 fere
2155 776 2371 831 semper
2407 760 2628 824 ltasreat,
2669 773 2779 813 non
2832 773 3018 828 parem
3064 770 3246 811 tamen
3297 756 3498 825 ubique
3540 764 3599 809 et

2002 851 2058 907 in
2089 852 2350 907 omnibus
2377 849 2677 921 Scriptura:
2709 850 2865 905 libris
2894 847 3292 919 interpretandi
3325 848 3593 902 rationem

2003 950 2248 998 sectatus
2282 951 2369 998 est
2398 960 2416 996 :
2454 941 2669 1012 Aquila
2693 942 2840 995 enim
2884 954 2995 995 non
3027 954 3152 995 raro
3181 940 3594 1008 interpretatio.

2004 1047 2132 1088 nem
2162 1035 2422 1104 adoptat,
2457 1041 2520 1089 ut
2567 1032 2624 1087 in
2652 1033 2890 1087 decursu
2936 1030 3100 1100 hujus
3135 1029 3320 1097 Opetis
3361 1028 3595 1095 videbis,

2003 1125 2224 1196 quando
2277 1135 2503 1181 notatur
2535 1125 2629 1188 Δ..
2650 1123 2739 1188 9.,
2788 1133 2951 1193 atque
2986 1123 3149 1179 etiam
3183 1120 3276 1176 ubi
3306 1121 3398 1185 A.,
3422 1118 3592 1184 2.,0.

2006 1219 2120 1274 Etsi
2153 1219 2298 1275 enim
2326 1217 2634 1275 Thcodotio
2661 1216 3056 1291 Symmachum
3098 1225 3258 1272 aetate
3304 1217 3596 1286 praecedat,

2006 1311 2277 1382 posterior
2309 1319 2493 1367 tamen
2540 1310 2615 1365 ob
2644 1325 2872 1365 causam
2912 1309 3070 1363 initio
3113 1317 3473 1362 memoratam
3509 1305 3595 1359 lo-

2005 1411 2184 1458 catur.
2230 1401 2420 1473 Itaque
2459 1401 2554 1457 ubi
2607 1402 2698 1466 A.,
2734 1400 2820 1464 2.,
2857 1399 2946 1464 8.,
2978 1399 3352 1468 praemittitur,
3396 1397 3595 1452 intelli-

2006 1513 2104 1567 gas
2136 1504 2357 1567 oportet
2390 1493 2812 1567 Symmachum,
2847 1492 2940 1548 ubi
2968 1491 3224 1562 Aquilam
3272 1500 3326 1545 et
3352 1490 3599 1545 Theodo-

2007 1591 2211 1645 tionem
2248 1587 2591 1646 in.vertendo
2621 1586 2917 1643 convenire
2947 1585 3104 1650 vidit,
3135 1584 3359 1641 eosdem
3392 1585 3446 1640 in
3482 1585 3598 1639 cdi-

2007 1682 2158 1737 tione
2188 1697 2290 1738 sua
2317 1697 2461 1751 stepe
2488 1688 2740 1736 secutum
2772 1692 2915 1736 esse.

2114 1772 2206 1828 Ill.
2253 1770 2475 1828 Ceteris
2516 1771 2897 1839 interpretibus
2945 1768 3213 1822 indoctior
3243 1767 3490 1823 habetur.

1935 1839 1983 1895 Β
2077 1863 2198 1922 Non
2255 1865 2632 1936 infrequenter
2679 1865 2848 1920 etiam
2895 1862 3208 1918 Theodotio
3262 1860 3597 1930 peculiarem

2007 1958 2135 2023 sibi,
2161 1958 2232 2013 ab
2254 1958 2488 2028 aliisque
2512 1958 2770 2013 omnibus
2788 1956 3062 2013 diversam
3089 1952 3597 2024 interpretationem

2007 2051 2279 2107 adornat;
2307 2052 2363 2106 in
2401 2051 2577 2121 iisque
2606 2050 2742 2105 locis
2774 2051 2933 2120 longe
2963 2048 3178 2102 minore
3207 2061 3372 2116 quam
3403 2043 3599 2115 Aquila

2007 2146 2093 2200 vel
2118 2142 2508 2216 Symmachus,
2532 2141 2816 2198 llebraicar.
2843 2142 3044 2212 lingtu:
3072 2139 3266 2210 peritia
3298 2139 3603 2191 instructus

2005 2236 2453 2309 deprehenditur.
2488 2235 2624 2291 Nam
2657 2243 2851 2306 praeter
2892 2233 3001 2290 alia
3036 2233 3220 2286 minus
3248 2230 3395 2286 docti
3426 2229 3597 2284 inter-

2009 2330 2182 2401 pretis
2217 2330 2398 2401 signa,
2427 2345 2551 2400 qua:
2577 2329 2792 2384 erudito
2827 2324 3018 2381 lectori
3044 2323 3376 2395 exploranda
3405 2339 3444 2376 τι
3468 2321 3599 2375 mil-

2010 2423 2202 2485 timus,
2239 2437 2484 2492 persaepe
2515 2421 2605 2476 ille
2633 2421 2798 2476 verba
2831 2417 3121 2483 llebraica,
3154 2430 3392 2486 quorum
3431 2413 3603 2467 intur-

2007 2516 2242 2585 prctatio
2288 2528 2399 2569 non
2453 2514 2528 2569 ita
2561 2513 2796 2568 difﬁcilis
2840 2522 2980 2579 erat,
3028 2520 3090 2566 ut
3132 2508 3375 2564 vertendi
3427 2505 3603 2560 mole-

2009 2608 2170 2663 stiam
2203 2607 2523 2670 declinaret,
2558 2603 2766 2662 Graecis
2805 2605 3005 2659 litteris
3037 2601 3331 2673 expressit,
3362 2596 3600 2667 t-xetitpli

2008 2715 2176 2755 causa
2215 2698 2386 2755 Levii.
2427 2715 2524 2763 vn,
2566 2698 2654 2766 l8,
2699 2706 2820 2756 mm
2851 2681 2995 2759 51:3.
3027 2696 3143 2767 ipse
3193 2694 3353 2748 vertit
3379 2688 3602 2762 φεγγὼλ

2009 2791 2186 2858 ἔσται,
2235 2791 2342 2855 vel,
2387 2804 2446 2846 ut
2489 2790 2633 2846 alius
2675 2788 2848 2845 codex
2897 2789 3080 2853 habet,
3134 2784 3373 2856 φεγγοῦ).
3421 2782 3597 2844 ἔσται,

2007 2883 2241 2955 pbengul
2276 2884 2410 2947 erit,
2447 2882 2541 2936 ubi
2565 2883 2761 2952 Aquila
2807 2891 2861 2934 et
2887 2878 3274 2951 Symmachus,
3304 2861 3429 2938 Sun
3463 2872 3602 2928 ἀπό-

2008 2974 2205 3045 ϐλητον
2259 2974 2658 3045 abjicicndunt,
2713 2972 2900 3038 LXX,
2955 2972 3168 3042 μίασμα
3197 3011 3212 3035 ,
3272 2970 3595 3040 inquinatio,

2013 3064 2383 3139 Symmachus
2424 3065 2555 3120 alibi
2610 3063 2802 3136 ἀργὸν,
2838 3063 3051 3126 inutile,
3087 3062 3203 3129 alii,
3242 3061 3487 3131 fetidum,
3516 3059 3600 3113 vel

313 3148 613 3204 minabitur
656 3152 871 3214 unctio,
919 3153 1013 3207 ubi
1063 3152 1270 3209 Christi
1317 3164 1374 3211 et
1420 3156 1571 3213 uncti
1603 3167 1658 3213 et
1693 3158 1908 3216 Messize
1934 3205 1978 3228 ,,
2011 3166 2323 3228 corruptum
2349 3156 2434 3212 vel
2462 3155 2812 3221 abominatio,
2845 3154 3296 3222 interpretantur.
3328 3150 3394 3204 Et
3424 3148 3596 3202 Levit.

315 3240 652 3295 mentionem
701 3243 966 3310 sustulit,
998 3243 1125 3298 licet
1156 3253 1324 3307 mm
1349 3247 1497 3303 clare
1542 3249 1598 3304 in
1635 3247 1905 3307 llebraico

311 3335 679 3403 exprimatur.
714 3335 784 3389 At
814 3333 1101 3401 Ebinuitau,
1133 3339 1235 3391 etsi
1261 3335 1450 3395 Jcsum
1476 3355 1588 3394 non
1618 3342 1906 3398 crederent

311 3439 432 3478 esse
458 3422 630 3478 Deum
650 3466 667 3489 ,
714 3425 891 3494 ipsum
928 3434 1110 3480 tamen
1138 3441 1236 3496 pro
1259 3425 1483 3484 Christo
1507 3438 1673 3498 atquc
1706 3426 1903 3484 Hessia

314 3516 590 3571 habebant
616 3537 630 3572 :
658 3533 782 3587 quae
812 3534 900 3573 res
937 3519 1309 3590 suspicionem
1366 3520 1663 3576 maximam
1698 3521 1907 3577 inducit

310 3609 493 3679 ipsum
526 3625 638 3664 non
670 3597 1009 3672 Ebionitam,
1063 3611 1161 3666 sed
1195 3625 1322 3665 vere
1353 3609 1697 3667 incredulum
1726 3619 1783 3667 et
1807 3610 1905 3666 Ju-

309 3703 492 3758 dazutn
522 3700 717 3757 fuisse.

473 3793 543 3850 ll.
589 3793 665 3849 De
693 3795 900 3849 ratione
932 3796 1321 3867 interpretandi
1352 3812 1460 3868 qua
1489 3812 1619 3852 usus
1648 3806 1748 3853 est.

378 3885 694 3944 Theodotio
712 3928 731 3954 ,
758 3896 820 3942 ut
842 3887 956 3957 jam
984 3888 1342 3959 probavimus
1365 3930 1381 3954 ,
1418 3900 1544 3961 post
1573 3889 1826 3962 Aquilam
1850 3899 1907 3948 et

306 3990 438 4036 ante
491 3978 886 4052 Symmachum
937 3981 1444 4051 interpretationem
1492 3997 1690 4044 suam.
1735 3983 1905 4052 impe-

309 4083 472 4130 rante
494 4072 805 4128 Commodo
827 4114 846 4140 ,
879 4074 934 4128 in
977 4074 1156 4130 lucem
1200 4075 1389 4131 emisit
1419 4092 1434 4129 :
1463 4083 1519 4130 et
1562 4075 1620 4131 in
1658 4077 1904 4132 vertendi

315 4169 485 4224 modo
526 4183 559 4222 a
607 4165 750 4222 LXX
797 4167 1194 4239 lnterpretibus
1235 4169 1422 4226 minus
1455 4184 1623 4240 quam
1670 4170 1763 4225 alii
1808 4171 1907 4225 de-

307 4262 497 4329 lesit;
563 4261 676 4316 imo
734 4262 902 4317 etiam
956 4258 1101 4316 LXX
1144 4261 1454 4332 sepissime
1497 4272 1722 4319 secutus
1772 4273 1900 4317 est:

306 4371 434 4426 qua
460 4368 632 4410 causa
664 4352 803 4420 fuit,
833 4361 895 4408 ut
920 4367 1044 4409 eam
1073 4351 1216 4408 LXX
1245 4353 1572 4418 deﬁcerent,
1601 4355 1750 4425 quod
1795 4354 1905 4411 fre-

307 4458 546 4516 quenter
571 4447 809 4507 accidit.
843 4446 1151 4517 praesertim
1199 4446 1255 4502 in
1307 4446 1464 4502 libris
1503 4444 1706 4513 Josue,
1750 4445 1905 4504 ludi-

2010 3266 2132 3314 χιιι,
2180 3249 2249 3318 6,
2291 3256 2512 3312 nm
2554 3248 2880 3314 Theodotio,
2933 3248 3190 3319 μασφὰα,
3239 3244 3331 3299 ubi
3376 3242 3596 3313 Aquila,

2009 3341 2351 3410 ὲξανὰδοσις,
2377 3343 2608 3414 eruptio,
2640 3340 3025 3412 Symmachus.
3057 3338 3375 3410 ἐκδρασμα,
3409 3336 3599 3389 ebulli-

2011 3436 2108 3500 tio,
2137 3436 2222 3490 vel
2261 3436 2705 3504 ejectamentunt;
2743 3433 2868 3487 alibi
2901 3447 3032 3485 vero
3061 3430 3307 3500 ἔκφυμα,
3337 3428 3596 3496 pustula:

2016 3525 2268 3598 Vulgata,
2309 3527 2514 3583 scabies
2542 3542 2561 3580 :
2585 3525 2830 3598 ejusdem
2866 3525 3033 3579 etiam
3071 3532 3204 3592 puto
3241 3536 3364 3576 esse
3401 3520 3596 3573 eodem

2007 3621 2221 3691 capite,
2255 3619 2355 3691 σ’ὴο
2388 3620 2628 3689 positum
2665 3633 2764 3690 pro
2789 3627 2947 3680 mw,
2977 3615 3125 3685 quod
3153 3623 3274 3677 est,
3307 3622 3482 3666 tumor
3513 3611 3598 3664 vel

2008 3713 2256 3767 cicatrix.
2303 3711 2371 3767 Et
2395 3710 2570 3766 Levit.
2601 3725 2760 3774 svnt,
2785 3708 2880 3774 25,
2920 3691 3037 3767 ’πη
3063 3704 3370 3761 Theodotio
3407 3701 3596 3765 οὰϐελ,

2014 3803 2243 3872 ΤΙιιιιιει,
2311 3803 2508 3875 Aquila
2571 3818 2722 3867 vero,
2785 3799 3179 3873 ἀπειρημένον,
3249 3795 3597 3867 prohibitum,

2010 3898 2378 3972 Symmachus
2421 3898 2682 3970 ᾶρῤητον,
2724 3896 3034 3963 infundunt,
3087 3891 3350 3963 Vulgata,
3401 3889 3598 3944 scelus.

2007 3990 2077 4044 Et
2107 3989 2263 4047 Deut.
2302 4005 2417 4045 χιιι
2439 4029 2454 4053 .
2487 3990 2543 4057 9,
2580 3972 2755 4049 and):
2789 3987 3094 4042 Theodotio
3136 3983 3299 4040 vertit
3343 3981 3596 4052 κώλυμα,

2007 4084 2481 4152 impedimentum,
2525 4081 2658 4153 quia
2710 4082 2827 4136 haec
2872 4095 2978 4133 vox
3030 4078 3218 4134 Greca
3271 4074 3596 4131 liebraieam

2005 4192 2146 4247 pene
2180 4176 2470 4231 lectionem
2501 4173 2688 4238 refert,
2717 4171 3004 4242 magisque
3035 4170 3348 4240 respexisse
3383 4168 3599 4223 videtur

2005 4263 2314 4322 Theodotio
2351 4266 2419 4320 ad
2449 4264 2572 4321 soni
2602 4262 2916 4318 afﬁnitatem
2942 4275 3108 4330 quam
3145 4258 3215 4314 ad
3242 4256 3608 4329 signiﬁcatiw.

2005 4375 2155 4427 nem,
2181 4358 2382 4429 Aquila
2413 4371 2547 4413 vero
2575 4353 2982 4427 ἀνομοιογενὲς,
3016 4351 3070 4407 id
3095 4361 3182 4408 est
3223 4367 3406 4422 genere
3431 4351 3600 4405 dissi-

2004 4452 2165 4517 mile;
2229 4451 2324 4506 alii
2385 4450 2605 4504 ntistutu
2657 4447 2744 4503 vel
2806 4449 3089 4500 misturam
3146 4445 3595 4514 interpretantur.

307 4555 435 4597 eum
455 4581 471 4605 ,
505 4539 751 4610 Regum,
781 4540 906 4606 Job,
935 4537 1191 4595 Ieremia
1216 4547 1273 4596 et
1299 4538 1628 4604 Ezechielis,
1653 4538 1902 4598 deiectus
1935 4559 1980 4615 υ
2005 4547 2077 4602 Et
2114 4543 2325 4602 ﬂesaize
2356 4558 2507 4608 utv,
2535 4541 2590 4606 ϐ,
2620 4547 2762 4605 arm
2793 4537 3099 4595 Theodotio
3143 4538 3326 4599 vertit.
3388 4534 3594 4605 Ἐδδίμ,

307 4633 633 4699 huiusmodi
677 4647 746 4687 es
788 4630 1207 4694 Theodotione,
1241 4633 1336 4701 qui
1376 4632 1500 4706 styli
1549 4642 1606 4689 et
1637 4634 1904 4689 orationis

308 4741 508 4796 genere
534 4723 775 4779 similior
803 4721 947 4779 LXX
977 4722 1374 4795 lnterpretibus
1403 4733 1544 4790 erat,
1586 4727 1904 4796 suppleren-

310 4827 425 4884 tur,
453 4817 740 4873 asteriseis
764 4817 921 4872 initio
950 4831 1170 4888 semper
1193 4831 1225 4872 a
1253 4818 1535 4889 latereque
1562 4819 1778 4888 positis,
1799 4819 1902 4874 do-

307 4923 411 4962 nec
452 4906 734 4977 adjectitia
785 4906 879 4962 illa
920 4907 1361 4965 absolverentur.
1410 4906 1468 4964 In
1530 4907 1672 4965 libro
1718 4919 1901 4966 autem

309 4997 557 5055 Danielis
580 5037 600 5064 ,
649 4998 785 5070 qia
830 4999 888 5054 iu
939 4997 1084 5056 LXX
1134 4997 1532 5071 lnterpretibus
1573 5009 1688 5057 tota
1729 5001 1904 5058 series

311 5101 650 5165 prapostere
675 5093 853 5164 posita
899 5101 1043 5160 erat,
1073 5093 1204 5148 licet
1224 5094 1274 5148 ei
1307 5094 1576 5150 medicam
1609 5093 1904 5152 admovere

309 5200 539 5242 manum
571 5185 868 5242 tentaverit
890 5182 1180 5256 Origenes,
1212 5184 1306 5239 illa
1337 5192 1518 5240 tamen
1549 5183 1789 5240 editione
1809 5199 1899 5240 re-

307 5289 479 5341 mota,
511 5276 950 5334 Theodotionem
980 5276 1103 5349 ejus
1147 5277 1269 5334 loco
1298 5277 1582 5334 substituit
1606 5275 1848 5334 Ecclesia
1881 5295 1898 5334 :

307 5373 454 5428 unde
482 5369 692 5426 factum
714 5380 802 5426 est
828 5379 889 5424 ut
911 5368 1309 5429 Theodotionis
1333 5370 1505 5428 editio
1532 5370 1587 5425 in
1620 5371 1898 5427 Danieletn

307 5464 585 5536 hodieque
617 5462 734 5519 sola
763 5461 819 5518 in
862 5461 1127 5519 Ecclesiis
1145 5461 1354 5520 Grecis
1383 5463 1620 5533 legatur,
1648 5472 1704 5518 et
1729 5462 1900 5520 editio

303 5557 416 5614 τῶν
463 5558 522 5611 ον
551 5558 820 5629 paulatim
853 5556 1146 5613 interierit.
1175 5555 1295 5611 Alia
1322 5556 1450 5612 item
1483 5558 1700 5613 minora
1740 5557 1899 5612 addi~

306 5660 576 5717 tamenta,
603 5666 728 5722 qua
750 5651 1055 5723 praemissis
1086 5651 1368 5706 asteriseis
1413 5651 1640 5706 editioni
1676 5651 1788 5704 τῶν
1841 5654 1898 5705 0'

309 5744 545 5800 inseruit
571 5741 860 5816 Origenes,
894 5756 952 5799 ut
977 5746 1278 5815 plurimum
1309 5761 1376 5799 es
1411 5743 1898 5811 'l'heodotione,ob

309 5844 673 5896 memoratam
726 5836 856 5906 styli
902 5835 1252 5902 afﬁnitatem,
1304 5842 1586 5892 mutuatus
1631 5845 1747 5906 est;
1785 5851 1894 5891 non

2011 4638 2251 4705 Eddius,
2309 4636 2403 4692 ubi
2446 4633 2645 4704 Aquila
2711 4630 3073 4705 μαρτυριῶν,
3140 4629 3595 4695 testimoniorum,

2008 4729 2400 4804 Symmachus,
2449 4723 2720 4789 κυουσῶν,
2768 4723 3117 4795 parientium,
3152 4720 3405 4794 Vulgata,
3459 4738 3598 4774 turno

2005 4827 2253 4885 struatc,
2294 4817 2424 4884 alii,
2472 4825 2781 4871 centenum.
2838 4813 2993 4868 Dicet
3043 4812 3281 4869 fortasse
3319 4812 3594 4883 quispiam

2006 4910 2442 4967 Theodotionem
2484 4909 2583 4964 has
2608 4922 2777 4964 voces
2811 4920 3089 4977 perraras,
3118 4914 3174 4960 et
3199 4919 3338 4976 quas
3381 4904 3474 4960 alii
3509 4904 3595 4958 in-

2004 5011 2294 5072 terpretes,
2343 5016 2543 5072 nempe
2585 4997 2729 5056 LXX
2774 5007 2832 5056 et
2857 4997 3077 5068 Aquila,
3108 4996 3266 5068 quasi
3299 4995 3594 5052 divinando

2003 5094 2354 5172 trapetulisse
2417 5093 2768 5157 videbantur,
2830 5090 3089 5147 consulto
3153 5088 3596 5161 ἀνερμηνεύτους

2003 5188 2447 5258 praetermisisse,
2479 5187 2612 5259 quia
2653 5201 2845 5241 earum
2892 5183 3351 5256 signiﬁcationem
3394 5183 3595 5253 priscis

2002 5278 2114 5335 illis
2160 5278 2386 5350 perinde
2434 5287 2601 5349 atque
2651 5276 2788 5342 sibi,
2862 5276 3105 5347 ignotam
3155 5289 3280 5329 esse
3325 5273 3590 5344 putabat:

2001 5379 2218 5443 poterat
2250 5371 2397 5426 enim
2432 5386 2502 5426 ex
2536 5369 2660 5427 aliis
2699 5367 2979 5432 mutuari,
3025 5366 3075 5422 si
3117 5366 3254 5421 bene
3297 5366 3595 5423 translatas

2003 5463 2075 5520 ab
2121 5465 2204 5520 eis
2229 5464 2552 5534 putavisset.
2603 5461 2876 5518 Praeterea
2945 5460 3119 5514 multa
3173 5456 3342 5513 verba
3399 5457 3593 5524 fuisse,

2002 5570 2240 5627 quorum
2285 5555 2413 5610 licet
2458 5554 2791 5624 signiﬁcatio
2836 5568 2948 5608 non
2982 5553 3352 5621 ignoraretur,
3379 5565 3446 5604 es
3485 5564 3590 5605 usu

2003 5657 2185 5703 tamen
2211 5644 2526 5702 indecorum
2562 5646 2945 5719 ἀνερμήνευτα
2984 5640 3372 5707 remanebant,
3409 5651 3464 5696 et
3501 5641 3590 5697 lit-

2002 5739 2134 5795 teris
2179 5739 2359 5794 solum
2386 5737 2618 5804 Graecis,
2660 5747 2722 5792 ut
2750 5733 3019 5791 liebraice
3067 5732 3365 5794 sonabant,
3407 5731 3594 5802 expri-

2003 5833 2324 5901 mebantur;
2375 5829 2534 5903 cujus
2572 5830 2653 5887 rei
2678 5827 2929 5901 exempla
2962 5826 3135 5884 multa
3166 5825 3225 5883 in
3253 5823 3394 5880 LXX
3420 5821 3596 5880 luter-
