4064 6262
444 353 517 411 95
1814 334 2341 394 ΡηΑῖιιδιιΝΑιυΑ

3648 314 3723 370 96

444 445 694 540 pretlbus
731 471 1056 520 occurrunt.
1103 461 1228 517 [lare
1255 462 1495 531 objectio
1526 477 1634 516 non
1663 461 2034 517 verisimilitu-
2066 480 2109 534 Α
2140 455 2613 526 praetermisimus,
2674 450 2854 504 valere
2902 444 3207 540 possil.__iﬂ
3266 440 3498 540 1f“Q“°‘_
3530 446 3720 540 ίξ¹¹¹¹⁶δ¹¹

443 564 574 616 dine
622 568 774 615 caret
821 576 835 612 :
884 567 940 611 at
980 556 1084 611 etsi
1134 556 1433 624 aliquando
1484 555 1537 608 in
1586 554 1913 624 quihusdam
1961 569 2027 605 ex

443 652 626 708 allatis
664 650 802 705 locis
840 660 895 705 et
938 648 996 703 in
1037 646 1161 703 aliis
1204 646 1344 702 bene
1385 645 1572 701 multis
1616 660 1739 716 quae
1779 644 2030 699 consulto

2135 549 2401 619 exemplis
2429 543 2822 601 Theodotionis
2869 540 2955 595 vel
2994 534 3389 607 indiligentiam
3419 533 3503 587 vel
3544 530 3722 602 impe-

2140 640 2325 694 ritiam
2359 640 2447 693 vix
2477 650 2743 693 excusare
2772 644 3087 706 possumus.

1570 906 1951 998 CAPUT
2012 906 2629 999 OCTAVUM.

1622 1092 1714 1154 De
1768 1087 2039 1167 reliquis
2069 1080 2490 1146 editionibus.

443 1321 485 1376 ι
506 1324 703 1387 Quinta.
728 1322 901 1382 Sexta.
927 1320 1159 1387 Septima.
1174 1318 1461 1387 editiones...
1476 1318 1786 1387 qi!3“9°"".m
1825 1317 2107 1387 essent:
2147 1315 2206 1387 ξι·
2233 1313 2564 1387 ouantem!“
2586 1307 3032 1387 Perriefi'sfli'fz
3046 1308 3137 1387 .1,”
3165 1309 3241 1358 οε
3262 1310 3442 1368 Qui”
3464 1312 3715 1363 οάίιίοιιο-

1022 1382 1103 1432 ιγ.
1126 1383 1202 1430 De
1226 1384 1396 1430 Sexta.
1420 1374 1580 1429 V.'l)e
1601 1379 1838 1441 Septima.
1866 1379 1947 1429 Vl.
1973 1379 2049 1432 De
2072 1380 2293 1439 Vulgata:
2318 1376 2553 1424 editionis
2588 1374 2775 1421 Latinas
2809 1374 3107 1433 praestantia.

516 1487 555 1542 l.
586 1487 812 1555 Quinta,
837 1484 1022 1552 Sexta,
1048 1483 1285 1553 Septima
1315 1484 1572 1538 editiones
1610 1485 1954 1554 quandonam

1067 1557 1228 1625 facta?
1256 1556 1386 1611 sint.
1672 1620 1684 1634 υ

516 1670 635 1740 Quo
666 1682 909 1741 tempore.
933 1668 1156 1738 Quinta,
1185 1668 1372 1734 Sexta,
1395 1679 1450 1724 et
1476 1668 1718 1740 Septima
1756 1671 2026 1729 editiones

444 1768 665 1820 emissa:
697 1764 938 1829 fuerint;
977 1778 1045 1817 an
1080 1765 1186 1817 alia
1220 1764 1381 1817 aliam
1427 1773 1585 1819 aetate
1630 1764 1787 1834 longe
1825 1780 2026 1836 prtcce-

443 1860 559 1924 dat,
590 1872 714 1926 quae
754 1859 925 1925 prior,
968 1872 1091 1924 qua:
1145 1857 1413 1925 posterior
1453 1856 1777 1911 concinnata
1819 1856 2022 1922 fuerit,

443 1952 647 2020 quibus
691 1949 1010 2003 amtoribus
1059 1949 1318 2017 singulm;
1364 1949 1496 2013 luec,
1546 1949 1789 2018 inquam,
1844 1952 2027 2005 omnia

443 2058 599 2112 asque
631 2043 814 2111 ignota
850 2052 1010 2103 sunt,
1049 2057 1149 2097 nec
1182 2050 1357 2110 potest
1391 2041 1459 2097 iis
1483 2042 1549 2095 de
1583 2042 1746 2095 rebus
1778 2043 1857 2095 vel
1890 2057 2027 2096 con-

434 2134 698 2203 jec-tando
742 2135 1020 2203 quidpiam
1074 2133 1323 2201 proferri.
1368 2130 1709 2205 Perindeque
1746 2135 2030 2205 ignoratur

442 2237 512 2276 an
542 2223 754 2292 Aquila:
777 2265 791 2288 ,
822 2223 1214 2279 Thcodotionis
1251 2234 1304 2279 et
1331 2223 1644 2295 Symmachi
1694 2227 2027 2281 editionihus

438 2314 550 2368 illae
600 2316 684 2369 vel
743 2318 1085 2387 antiquiores
1136 2317 1280 2380 sint,
1326 2318 1411 2371 vel
1468 2326 1626 2371 uitale
1673 2318 2024 2387 posteriores.

443 2406 503 2459 Si
533 2417 714 2461 tamen
764 2406 987 2473 Quinta,
1021 2424 1145 2478 qua:
1183 2423 1328 2462 anno
1356 2407 1653 2463 Caracallze
1699 2409 1931 2478 septimo
1972 2409 2029 2463 in

440 2492 607 2549 doliis
645 2506 858 2564 reperta
883 2504 987 2559 est,
1023 2506 1078 2551 it
1113 2497 1275 2551 Sexta
1304 2514 1426 2566 quae
1468 2508 1709 2567 tempore
1735 2499 2028 2555 Alexandri

442 2583 635 2641 Severi
670 2586 726 2641 in
758 2589 921 2642 doliis
950 2590 1155 2657 pariter
1185 2590 1524 2657 deprehensa
1571 2589 1703 2656 fuit;
1741 2592 1788 2645 si
1831 2592 2027 2656 ambae,

442 2673 707 2743 inquam,
760 2677 865 2732 illa)
916 2679 969 2731 in
1018 2678 1184 2733 doliis
1239 2680 1555 2748 hujusmodi
1604 2683 1698 2735 uiu
1748 2682 2026 2747 latuerint,

451 2760 850 2823 Theodotionis
899 2784 1031 2823 sane
1081 2780 1137 2823 et
1179 2769 1492 2843 Symmachi
1550 2774 1858 2840 editiones,
1906 2789 2031 2843 quae

446 2857 613 2927 paulo
658 2868 787 2913 ante
832 2860 1050 2914 emissa:
1106 2861 1359 2925 fuerant,
1411 2873 1570 2918 aetate
1624 2867 2027 2934 praecesserint.

441 2944 590 3002 Sane
616 2950 911 3003 verisimile
940 2951 1178 3014 videtur,
1204 2954 1285 3006 vel
1310 2969 1373 3007 ex
1409 2954 1529 3024 ipso
1558 2957 1815 3009 narrandi
1844 2956 2026 3021 modo,

439 3038 712 3095 editiones
750 3041 894 3106 illas,
936 3059 1059 3111 qua:
1099 3058 1229 3099 casu
1267 3045 1323 3098 in
1363 3046 1524 3101 doliis
1565 3046 1798 3101 latentes
1836 3049 2029 3118 depre-

442 3130 631 3187 hensa
675 3142 823 3197 sunt,
857 3148 964 3187 non
1004 3137 1320 3204 nuperrime
1350 3138 1655 3194 occultatas
1703 3139 1896 3207 fuisse,
1933 3142 2028 3195 sed

441 3239 552 3280 non
582 3227 772 3293 paucis
804 3226 1031 3282 latuisse
1067 3228 1247 3283 annis.
1289 3226 1367 3281 Ex
1398 3229 1499 3285 hac
1531 3245 1696 3300 porro
1722 3230 2025 3288 editionum

441 3318 764 3373 collectione
805 3318 1251 3385 animadvertas,
1300 3320 1396 3374 illo
1438 3336 1555 3376 ειενο
1581 3324 1782 3378 multos
1833 3322 2027 3388 fuisse,

440 3409 536 3482 qui
571 3408 852 3467 Hebraicis
878 3411 1031 3465 libris
1065 3426 1235 3466 sacra:
1262 3412 1561 3478 Scriptura!
1587 3413 1775 3470 Grece
1809 3424 2025 3471 verten-

442 3504 533 3557 dis
562 3503 887 3557 insndarent
922 3520 935 3557 :
978 3516 1104 3556 nam
1142 3510 1339 3571 praeter
1370 3502 1513 3556 LXX
1554 3504 1900 3575 lnterpretes,
1931 3523 2029 3562 sex

440 3595 580 3650 alias
606 3595 875 3650 editiones
902 3606 1098 3649 nactus
1118 3595 1502 3667 estOrigenes,
1525 3598 1620 3667 qui
1645 3598 1884 3654 fortasse
1917 3614 2027 3654 non

441 3701 636 3742 omnes
660 3703 784 3757 quae
813 3695 939 3740 ante
972 3686 1309 3755 prodierant,
1338 3689 1577 3757 reperire
1616 3693 1813 3757 potuit.

735 3778 798 3832 Il.
847 3777 1203 3844 Quandonam
1254 3791 1471 3847 reperta:
1516 3782 1733 3851 fuerint.

513 3869 773 3940 Quintam
806 3871 1105 3927 editionem
1141 3884 1413 3941 repertam
1464 3873 1635 3929 fuisse
1663 3874 2025 3933 Hierichunte

444 3963 501 4017 in
539 3962 721 4025 doliis,
751 3964 811 4015 ὲν
845 3961 1043 4026 πίθοις,
1087 3961 1355 4018 referebat
1377 3962 1663 4034 Origenes,
1697 3973 1833 4021 teste
1858 3965 2028 4022 Euse-

444 4054 558 4118 bio,
582 4053 726 4108 Hist.
753 4053 882 4109 eccl.
920 4055 1014 4109 lib.
1043 4070 1119 4118 Vl,
1154 4069 1274 4125 cap.
1307 4055 1390 4119 l6,
1418 4066 1472 4110 et
1498 4057 1737 4125 quidem,
1758 4066 1815 4112 ut
1844 4070 2030 4113 narrat

445 4144 810 4216 Epiphanius,
848 4163 994 4199 anno
1015 4148 1312 4203 Cai'acallte
1337 4150 1590 4219 septimo.
1620 4148 1781 4205 Sexta
1814 4154 2021 4220 pariter

442 4239 613 4292 editio
660 4240 715 4291 in
761 4240 925 4294 doliis
972 4241 1192 4296 inventa
1245 4240 1345 4295 fuit
1385 4240 1633 4312 Nicopoli
1677 4244 1745 4297 ad
1786 4244 2027 4310 Actium,

446 4340 690 4400 tempore
712 4329 1065 4385 Alexandrini
1100 4330 1306 4388 Severi.
1344 4332 1641 4401 Septimam
1673 4334 1798 4389 item
1833 4335 2028 4390 editio-

445 4440 569 4479 nem
600 4432 822 4479 nactum
845 4420 1138 4494 Origenem
1181 4424 1236 4477 in
1270 4423 1529 4493 llexaplis
1564 4423 1814 4493 posuisse
1843 4436 2030 4479 narrat

446 4512 714 4569 Eusebius
756 4516 847 4569 lib.
872 4530 943 4576 γι,
994 4530 1115 4584 cap.
1138 4513 1204 4569 16
1226 4531 1239 4568 :
1260 4514 1357 4567 'Ev
1380 4531 1444 4583 γε
1468 4516 1573 4586 μὴν
1599 4518 1711 4579 τοῖς
1743 4515 2028 4581 Ἐξαπλοῖς

442 4608 552 4661 τῶν
573 4607 817 4677 Ψαλμῶν
844 4608 985 4677 μετᾶ
1009 4608 1106 4670 τὰς
1129 4608 1431 4679 ἐπισήμους
1463 4608 1735 4682 τέσσαρας
1763 4608 2023 4674 ἐκδόσεις,

442 4699 505 4755 οὒ
545 4699 704 4769 μόνον
740 4700 1028 4769 Πέμτιπην.
1072 4698 1211 4753 ἀλλὰ
1249 4700 1344 4752 καὶ
1370 4699 1575 4771 ’Έκτην
1622 4701 1718 4753 καὶ
1759 4698 2026 4770 Ἐϐδόμην

446 4790 715 4863 παραθεὶς
762 4790 1080 4862 ἑρμηνείαν.
1125 4790 1180 4844 ιιι
1224 4799 1310 4844 est
1349 4806 1361 4842 :
1415 4788 1608 4860 Utique
1661 4790 1716 4843 in
1765 4789 2025 4857 lfexaplis

447 4883 787 4937 Psulinorum
834 4893 951 4951 post
1001 4884 1232 4952 insignes
1283 4882 1407 4935 illas
1454 4892 1687 4950 quatuor
1732 4882 2023 4945 editiones,

444 4978 536 5033 ubi
567 4994 667 5031 non
697 4977 870 5031 solum
902 4976 1181 5042 Quintam,
1214 4976 1303 5031 sed
1332 4977 1494 5029 etiam
1526 4971 1743 5030 Sextum
1770 4985 1819 5030 et
1848 4973 2025 5044 Septi-

446 5084 589 5122 utain
640 5068 926 5122 editionem
969 5068 1236 5137 apposuit,
1276 5076 1382 5121 etc.
1435 5065 1561 5121 lliec
1602 5068 1656 5119 in
1704 5076 2027 5124 transcursu

445 5176 680 5216 narrans
726 5159 1021 5225 Eusebius,
1076 5161 1130 5214 in
1179 5158 1416 5215 Psalmis
1465 5168 1675 5214 tantum
1728 5158 2025 5229 Septimam

446 5256 745 5307 editionem
783 5253 953 5309 fuisse
983 5238 1269 5306 memorat.
1302 5251 1409 5306 Sed
1451 5253 1569 5322 ipso
1600 5262 1737 5309 teste
1769 5253 2026 5319 Eusebio,

446 5346 504 5400 in
549 5347 858 5400 minoribus
906 5347 1070 5400 etiam
1123 5346 1405 5414 prophetis
1459 5346 1793 5411 habebatur,
1848 5346 2027 5400 locum

446 5438 593 5493 enim
627 5435 884 5507 Septima:
930 5454 997 5491 ex
1031 5435 1291 5492 llabacuc
1340 5452 1461 5507 cap.
1502 5454 1537 5491 ii
1588 5438 1701 5506 ipse
1735 5438 1940 5507 profert
1974 5441 2025 5494 in

446 5528 913 5586 Demonstratione
968 5530 1303 5601 evangelica;
1357 5541 1539 5584 utrum
1596 5532 1647 5583 in
1693 5532 1816 5585 aliis
1861 5531 2028 5587 etiam

449 5624 607 5679 libris
643 5624 806 5678 fuerit
848 5625 957 5694 iam
1000 5626 1178 5692 capite
1216 5626 1393 5693 primo
1442 5622 1899 5677 Prailiminarium
1934 5638 2030 5677 ex-

448 5732 682 5791 pensum
723 5717 847 5773 fuit.
882 5717 1120 5773 Eusebio
1160 5718 1362 5774 accinit
1389 5716 1754 5790 Hieronymus
1791 5717 1862 5769 De
1891 5718 2026 5769 scri-

446 5808 687 5867 utaribus
733 5809 1147 5868 ecclesiasticis:
1178 5809 1471 5878 Prwterea,
1516 5808 1721 5880 inquit,
1770 5807 2026 5875 Quintam

2132 1492 2180 1539 et
2209 1481 2425 1537 Sextum
2465 1488 2515 1532 et
2546 1477 2840 1547 Septimam
2877 1474 3195 1537 editionem,
3246 1489 3376 1544 quas
3414 1478 3578 1532 etiam
3610 1494 3718 1533 sses

2132 1574 2198 1627 de
2241 1572 2357 1641 ejus
2405 1570 2719 1623 bibliotheca
2772 1566 3063 1631 habemus,
3116 1566 3251 1619 miro
3299 1566 3481 1620 labore
3522 1568 3718 1636 reperit

2133 1664 2444 1736 (Origenes)
2492 1672 2543 1716 et
2580 1676 2698 1715 cunt
2739 1661 2947 1715 caeteris
2994 1658 3313 1714 editionibus
3362 1661 3714 1730 comparauit.

2132 1753 2301 1825 Igitur
2343 1768 2406 1807 ex
2435 1750 2654 1806 Eusebii
2696 1760 2750 1804 et
2775 1747 3091 1819 Hieronymi
3130 1748 3483 1816 testimoniis,
3513 1750 3718 1820 quibus

2131 1862 2242 1901 non
2288 1846 2414 1901 licet
2454 1842 2749 1913 refragari,
2795 1849 3004 1897 eertum
3054 1850 3141 1896 est
3186 1836 3489 1910 Septimam
3544 1841 3715 1899 etiam

2128 1940 2423 1994 editionem
2472 1938 2525 1990 in
2566 1935 2896 2005 quibusdam
2947 1931 3246 2003 Scriptura:
3296 1933 3455 1990 libris
3492 1934 3564 1989 ab
3596 1935 3716 2005 ipso

2128 2029 2363 2100 Origene
2386 2029 2618 2101 positam
2647 2028 2837 2085 fuisse.
2864 2026 2921 2083 Id
2946 2040 3093 2084 certe
3119 2030 3374 2099 ignorare
3403 2044 3511 2084 non
3538 2030 3719 2101 potuit

2130 2124 2427 2188 Eusebius,
2469 2124 2567 2193 qui
2616 2125 2796 2192 ipsum
2828 2120 3083 2191 Origenis
3128 2121 3567 2191 autographuni,
3602 2139 3713 2179 una

2130 2233 2256 2274 eum
2275 2216 2561 2285 Pamphilo
2592 2226 2852 2287 martyre,
2887 2215 3160 2278 tractavit,
3184 2216 3426 2271 correxit
3455 2216 3718 2274 scholiis-

2132 2328 2241 2383 que
2283 2312 2598 2366 illustravit.
2644 2310 2900 2365 Attamen
2937 2308 3236 2377 Septimam
3282 2324 3557 2380 nusquam
3599 2323 3719 2365 me-

2130 2412 2311 2457 morat
2340 2401 2707 2472 Epiphanius,
2744 2401 2839 2470 qui
2888 2410 2949 2454 ut
2988 2401 3042 2454 in
3091 2399 3214 2456 aliis
3249 2400 3435 2455 minus
3471 2400 3718 2456 accurati

2128 2494 2414 2563 scriptoris
2466 2492 2765 2561 conspicua
2814 2491 2969 2560 signa
3012 2490 3182 2557 dedit,
3215 2491 3320 2546 hoc
3361 2492 3490 2547 item
3532 2493 3720 2548 indili-

2129 2592 2321 2655 genter
2352 2593 2621 2640 tractasse
2659 2582 3061 2639 existimandus
3090 2590 3197 2638 est.
3245 2582 3355 2638 Sed
3378 2623 3392 2647 ,
3423 2586 3573 2655 quod
3608 2585 3716 2641 nii-

2130 2691 2255 2730 rum
2291 2675 2561 2739 videatur,
2593 2683 2785 2729 auctor
2817 2671 3113 2743 Synapseos
3163 2676 3305 2729 inter
3337 2674 3718 2731 Athanasiaua

2131 2784 2301 2839 opera
2330 2784 2502 2835 ausae,
2547 2768 2615 2822 de
2638 2768 2880 2837 Septima
2913 2769 3153 2822 editione
3188 2768 3261 2823 ita
3300 2768 3585 2839 loquitur:
3622 2766 3720 2824 Se-

2129 2862 2299 2930 ptima
2328 2871 2377 2913 et
2409 2872 2676 2929 postrema
2708 2861 3075 2929 interpretatio
3124 2861 3299 2914 sancti
3338 2860 3564 2914 Luciani
3595 2876 3713 2913 ina-

2130 2952 2220 3021 gni
2256 2962 2446 3006 ascette
2488 2962 2539 3005 et
2570 2952 2824 3021 martyris
2856 2962 2956 3015 est,
2989 2952 3079 3019 qui
3113 2961 3163 3006 et
3196 2954 3304 3020 ipse
3335 2968 3454 3006 cum
3494 2954 3549 3007 in
3576 2968 3718 3022 prte-

2131 3042 2306 3097 dictas
2329 3043 2588 3097 editiones
2622 3060 2741 3097 cum
2770 3042 3047 3098 Hebraicis
3077 3042 3385 3109 conjunctas
3417 3045 3717 3112 incidisset,

2132 3146 2180 3188 et
2213 3134 2496 3205 diligenter
2532 3151 2651 3204 qua:
2689 3135 2768 3189 vel
2807 3135 3057 3202 deerant,
3100 3132 3177 3189 vel
3223 3134 3495 3205 superﬂua
3537 3146 3716 3199 erant.

2131 3227 2483 3295 inspexisset,
2531 3244 2596 3282 ac
2646 3228 2755 3281 suis
2799 3226 3093 3297 quibusque
3133 3225 3539 3295 Scripturarum
3579 3227 3714 3284 locis

2130 3321 2479 3384 correxiswt,
2542 3322 2833 3375 versionem
2893 3321 3029 3374 hanc
3074 3319 3397 3375 Christianis
3456 3320 3715 3390 fratribus

2128 3412 2320 3475 edidit,
2359 3428 2477 3483 qua
2509 3412 2900 3482 interpretatio,
2943 3414 3052 3468 sive
3094 3412 3262 3482 ipsius
3310 3429 3472 3466 manu
3514 3414 3718 3468 descri-

2130 3517 2252 3574 ptus
2296 3503 2453 3568 liber,
2493 3514 2611 3574 post
2646 3505 2761 3573 ejus
2810 3513 3075 3559 certamen
3122 3515 3172 3558 et
3213 3507 3532 3576 martyrium
3575 3504 3716 3575 quod

2131 3598 2225 3652 sub
2273 3595 2606 3651 Diocletiano
2653 3607 2701 3649 et
2744 3596 3080 3650 Maximiano
3136 3598 3381 3666 tyrannis
3432 3598 3715 3663 sustinuit,

2130 3699 2360 3756 repertus
2395 3700 2471 3742 est
2506 3686 2835 3742 Nicomedia:
2867 3688 2961 3741 sub
2995 3688 3351 3744 Constantino
3385 3689 3579 3760 Magno
3608 3692 3716 3745 ins-

2128 3792 2374 3852 peratore
2406 3784 2549 3851 apud
2574 3781 2825 3846 Juda’os,
2857 3783 2913 3834 in
2946 3785 3149 3850 pariete
3195 3782 3389 3836 turrito
3426 3781 3571 3837 calce
3608 3783 3720 3836 cir-

2127 3876 2386 3941 cumlito,
2445 3876 2502 3931 in
2561 3890 2665 3945 quo
2719 3873 2978 3928 custodite
3031 3874 3211 3946 gratia
3264 3874 3468 3942 positus
3516 3874 3715 3944 fuerat.

2132 3966 2224 4023 Sic
2264 3968 2352 4022 ille
2384 3966 2729 4022 decantatam
2770 3966 2917 4021 illam
2953 3965 3183 4021 Lueiani
3231 3966 3491 4038 martyris
3515 3966 3715 4021 editio-

2131 4076 2254 4116 nem
2299 4076 2426 4115 cum
2455 4059 2697 4129 Septima
2732 4059 3025 4129 ilexaplari
3069 4058 3341 4123 confudit,
3372 4074 3551 4130 exque
3580 4059 3719 4117 due-

2130 4154 2233 4210 bus
2283 4170 2448 4208 unam
2497 4154 2643 4209 fecit.
2709 4153 2867 4221 Quod
2898 4163 3269 4208 commentum
3303 4150 3522 4207 Eusebii
3553 4160 3721 4221 atque

2132 4244 2449 4316 Hieronymi
2502 4243 2835 4299 testimoniis
2885 4243 3221 4312 exploditur,
3273 4258 3507 4313 quorum
3543 4241 3717 4312 prior,

2131 4338 2380 4394 Luciano
2414 4338 2641 4411 martyri
2672 4337 2923 4406 aequalis,
2960 4337 3015 4390 in
3053 4336 3174 4406 ipso
3208 4334 3551 4406 autographo
3583 4333 3720 4391 vidit

2134 4428 2436 4499 Septimam
2487 4431 2557 4485 ab
2594 4430 2832 4500 Origene
2880 4437 3008 4484 ante
3055 4442 3235 4483 annos
3284 4427 3406 4497 plus
3446 4427 3721 4498 quinqua-

2061 4554 2104 4607 Β
2132 4524 2280 4593 ginta
2325 4524 2379 4575 in
2437 4520 2693 4590 llexaplis
2738 4523 3000 4591 positam.
3034 4520 3115 4574 Ad
3156 4521 3272 4574 haec
3301 4532 3433 4572 vero
3468 4517 3716 4573 auctoris

2132 4613 2426 4684 Synopseos
2464 4616 2704 4669 narratio
2737 4615 3015 4683 respuitur
3046 4629 3113 4667 ex
3148 4613 3281 4679 ipsis
3316 4610 3575 4681 Septimus
3605 4609 3719 4665 fra-

2128 4708 2384 4777 gmentis,
2412 4720 2555 4775 quae,
2584 4714 2642 4757 ut
2673 4704 3110 4759 testificabantur
3138 4702 3411 4758 Eusebius
3438 4712 3494 4756 et
3521 4699 3721 4756 Hiero-

2130 4811 2346 4865 nymus,
2384 4796 2438 4848 in
2481 4794 2671 4864 paucis
2701 4793 2997 4863 Scriptura:
3045 4795 3200 4849 libris
3232 4795 3423 4848 aderat
3462 4811 3477 4848 :
3522 4801 3719 4849 contra

2128 4904 2259 4944 vero
2305 4888 2533 4943 Luciani
2576 4887 2747 4941 editio
2789 4894 2958 4941 totam
2990 4884 3332 4956 Scripturani
3384 4887 3718 4957 complecte-

2129 4982 2288 5035 batur
2306 4998 2320 5045 ;
2340 4981 2585 5049 nihilque
2599 4979 2751 5033 aliud
2771 4988 2887 5033 erat
2905 4995 3068 5049 quam
3095 4979 3471 5050 interpretatio
3499 4978 3609 5034 τῶν
3634 4981 3719 5048 υ,

2131 5072 2380 5141 plurimis
2405 5072 2457 5123 in
2482 5071 2620 5126 locis
2639 5073 2707 5125 ab
2740 5072 2930 5125 eodem
2949 5086 3005 5127 sa
3014 5080 3143 5125 ncte
3157 5080 3393 5143 martyre
3405 5070 3719 5137 emendata,

2129 5180 2253 5233 qua:
2281 5163 2470 5217 multis
2498 5172 2624 5232 post
2654 5163 2982 5216 concinnata
3014 5162 3254 5231 Ilexapla
3291 5162 3455 5217 annis
3494 5160 3721 5232 prodie-

2132 5266 2239 5307 rat.
2324 5253 2463 5307 llinc
2510 5268 2642 5307 vero
2711 5253 3068 5321 corrigendus
3118 5252 3351 5307 Brianus
3400 5251 3716 5320 Waltonus,

2129 5349 2224 5417 qui
2257 5347 2324 5400 ab
2352 5358 2575 5401 auctore
2605 5343 2899 5413 Synopscos
2929 5346 3209 5414 deceptus,
3239 5345 3496 5415 opinatur
3528 5344 3717 5415 Septi-

2132 5455 2274 5493 mam
2313 5440 2562 5493 eamdem
2604 5454 2726 5495 esse
2751 5453 2916 5509 quam
2949 5435 3178 5492 Luciani
3222 5436 3483 5508 martyris
3514 5437 3720 5498 editio-

2131 5548 2279 5587 nem.
2314 5530 2629 5603 Prolegom.
2665 5548 2743 5595 ix,
2777 5548 2931 5586 num.
2958 5530 3050 5587 20.

2551 5624 2639 5680 Ill.
2691 5625 2765 5681 De
2805 5623 3005 5690 Quinta
3036 5626 3286 5681 editione.

2201 5713 2640 5775 Christianusne.
2673 5730 2743 5769 an
2772 5714 3014 5777 Judaaus,
3059 5714 3514 5773 Samaritanusve
3546 5714 3719 5774 fuerit

2131 5808 2224 5879 qui
2254 5808 2549 5865 editionem
2581 5805 2843 5875 Quintam
2874 5806 3183 5869 adornavit.
3217 5824 3320 5866 nec
3352 5823 3421 5867 ex
3465 5820 3715 5869 veterum
