4064 6262
352 376 415 433 97
1561 380 1631 434 ΙΝ
1670 381 1993 438 HEXAPLA
2032 383 2378 441 ORIGENIS.
3550 399 3622 455 93

344 493 684 563 testimonio,
712 510 815 553 nec
842 510 911 554 ex
946 499 1067 569 eius
1096 499 1540 571 Interpretatiom
1565 503 1743 573 colligi
1773 519 1934 575 posse,
1964 511 2006 565 Α
2037 502 2240 570 ριὶιιιω,
2277 518 2398 573 qua:
2428 502 2481 557 in
2510 501 2763 561 llabacuc
2791 506 3051 577 propheta
3090 523 3194 563 suo
3218 512 3410 567 ordine
3446 527 3622 583 posna

342 583 585 640 videtur:
620 587 875 656 quisquis
909 603 1041 645 vero
1066 589 1249 657 fuerit,
1283 593 1455 646 multo
1484 594 1737 649 liberiore
1767 610 1930 665 quam

344 671 1136 750 Svmmachusiuterpretandi
1185 698 1382 753 genere
1431 703 1563 741 usus
1596 694 1701 751 est,
1752 689 1823 742 ita
1875 700 1935 742 ut

340 767 743 837 paraphrasten
785 774 1115 842 quandoque
1158 775 1355 843 sapiat,
1386 784 1444 830 ut
1490 778 1673 832 videre
1705 793 1933 848 praeser-

339 857 443 914 tim
475 868 561 914 est
596 862 651 915 in
685 861 974 918 duodecim
1022 864 1299 934 prophetis
1332 868 1653 935 minoribus,
1700 871 1790 924 ubi
1827 870 1933 925 fre-

338 952 638 1019 quentiora
683 952 929 1022 ejusdem
970 953 1269 1026 fragmenta
1321 957 1611 1014 habentur.
1664 958 1755 1016 Sic
1795 959 1931 1018 Osce

338 1054 424 1101 Vl,
454 1040 510 1105 Ξ,
549 1059 739 1099 vocem
768 1051 990 1111 1332?”,
1022 1062 1185 1116 quam
1219 1051 1424 1112 cmteii,
1466 1051 1671 1105 curabit
1700 1070 1813 1117 nos,
1846 1055 1928 1110 vel

339 1133 592 1204 alligabit
622 1153 741 1197 nos.
772 1139 1216 1207 interpretantur,
1244 1143 1357 1212 ipse
1388 1145 1567 1207 vertit,
1595 1146 1769 1215 ὑγιεῖς
1797 1149 1930 1201 ἁπο-

339 1223 532 1294 δεξξει,
565 1244 724 1283 sanos
766 1231 1047 1288 exhibebit.
1096 1232 1162 1287 Et
1202 1232 1339 1291 Osee
1376 1253 1472 1302 vn,
1522 1239 1609 1304 l4,
1660 1240 1773 1295 lucc
1824 1239 1929 1294 lle-

340 1316 533 1374 braica
565 1322 729 1376 verba
767 1331 829 1381 '3
856 1328 999 1383 h‘D’
1041 1335 1255 1387 muni
1287 1335 1490 1390 unum
1536 1315 1744 1415 ἶλίΓδἉτ.
1789 1347 1926 1403 quo-

341 1421 469 1461 rum
500 1424 698 1465 sensus
728 1420 833 1476 est,
869 1429 1027 1482 super
1062 1416 1299 1469 triticum
1333 1428 1382 1471 et
1411 1420 1587 1473 viuum
1625 1422 1926 1491 congregati

338 1509 491 1560 sunt.
518 1514 842 1556 recesserunt
878 1522 912 1558 a
947 1522 1045 1570 me,
1074 1508 1190 1576 ipse
1222 1510 1405 1576 vertit,
1443 1512 1551 1565 ὑπὸ
1592 1514 1806 1584 τρυφῆς
1833 1515 1926 1567 καὶ

341 1591 665 1662 πλησμονῆς
708 1596 857 1650 σίτου
901 1600 994 1651 καὶ
1033 1598 1176 1653 οἴνου
1204 1602 1518 1673 ἀπέστησάν
1566 1623 1689 1676 μου,
1738 1607 1921 1673 idest,

339 1698 375 1736 a
404 1684 675 1753 voluptate
699 1697 749 1741 et
786 1688 1117 1745 abundantia
1148 1694 1315 1748 tritici
1339 1707 1390 1749 et
1428 1698 1535 1750 uini
1560 1699 1861 1766 defecerunt
1889 1716 1924 1752 α

340 1792 447 1831 me.
485 1776 579 1833 Sic
614 1780 704 1835 ille
749 1783 864 1836 fere
894 1799 1108 1853 semper
1142 1784 1365 1841 liberam
1397 1804 1498 1845 nec
1531 1791 1725 1845 littem
1757 1791 1920 1845 astri-

335 1876 484 1921 ctam
534 1870 1035 1942 interpretationem
1068 1875 1241 1942 ell'ert,
1272 1880 1345 1933 ita
1395 1886 1574 1935 tamen
1622 1892 1680 1935 ut
1725 1893 1754 1934 ο
1788 1896 1917 1936 vera
1951 1862 1992 1922 Β

337 1956 643 2030 Scriptura:
685 1974 865 2020 mente
895 1980 1002 2020 non
1047 1968 1308 2023 recedat:
1352 1986 1474 2040 qua:
1506 1987 1671 2026 causa
1714 1972 1816 2028 fuit
1861 1984 1920 2029 ut

335 2045 609 2121 Vulgatus
651 2054 919 2123 interpres
964 2058 1019 2110 in
1050 2058 1137 2112 his
1181 2060 1569 2129 prephetarum
1610 2062 1766 2119 libris
1808 2078 1915 2119 non

328 2139 713 2214 infrequenter
738 2147 915 2216 ipsum
951 2148 1103 2217 sequi
1127 2151 1392 2205 rideatur.

909 2236 998 2293 ιν.
1041 2239 1119 2293 De
1160 2237 1342 2296 Sexta.

407 2324 631 2381 Sextum
661 2341 793 2383 vero
824 2328 1119 2384 editionem
1150 2346 1178 2384 a
1210 2331 1520 2387 Christiano
1548 2335 1666 2390 viro
1692 2336 1915 2391 concin-

330 2429 519 2473 natam
553 2419 722 2475 fuisse
762 2422 841 2476 vel
872 2438 940 2475 ex
980 2423 1084 2476 hoc
1114 2437 1223 2477 uno
1250 2424 1372 2490 ejus
1417 2424 1719 2496 fragmento
1746 2428 1913 2497 liqui-

327 2512 465 2565 dum
506 2520 611 2571 est.
655 2512 909 2569 llabacuc
954 2529 1035 2578 ut,
1094 2517 1179 2577 15.
1232 2517 1322 2571 ubi
1373 2518 1504 2572 illud
1552 2518 1909 2576 llcbraicum:

322 2610 656 2684 1mm):
699 2590 846 2668 νυνί)
880 2612 1009 2683 Ἲῖἒῖ
1061 2591 1210 2672 νιετὸ
1234 2617 1377 2669 nam
1414 2613 1493 2664 sic
1528 2612 1912 2682 interpretatur

328 2694 470 2763 ipse,
511 2694 760 2767 Ἐξῆλθες
790 2696 885 2750 τοῦ
914 2697 1085 2751 σῶσαι
1111 2700 1203 2752 τὸν
1222 2698 1349 2754 λαόν
1378 2716 1471 2755 σου
1493 2700 1580 2757 διὰ
1614 2705 1787 2777 Ἰησοῦ
1816 2705 1909 2761 τοῦ

324 2784 570 2858 Χριστοῦ
617 2804 744 2840 σουο
794 2788 1049 2860 Egressus
1090 2808 1143 2845 es
1187 2792 1259 2845 ad
1304 2792 1615 2848 saluandam
1659 2797 1911 2867 populum

324 2886 486 2931 tum
528 2895 622 2947 per
665 2878 849 2933 Iesum
891 2880 1162 2936 Christum
1212 2894 1383 2940 tuum.
1435 2886 1606 2956 Cujus
1654 2888 1907 2945 versiculi

322 2968 516 3025 Greca
545 2986 611 3026 ex
644 2975 1032 3045 manuscriptis
1056 2986 1358 3037 emuntur:
1393 2976 1584 3035 Latina
1614 2996 1679 3036 ex
1711 2980 1907 3037 Hiero-

323 3077 514 3134 nymo,
546 3066 639 3134 qui
673 3066 824 3121 addit
870 3066 1093 3123 Sestam
1134 3069 1425 3126 editionem
1475 3073 1702 3140 prodere
1730 3076 1905 3130 mani-

2037 602 2185 660 crat,
2252 604 2311 648 ut
2354 595 2520 665 liquet
2557 610 2621 651 ex
2666 597 2785 666 ejus
2840 597 3145 669 fragmento
3204 620 3327 673 cap.
3370 622 3431 670 ιι,
3475 607 3531 669 4.
3568 617 3625 664 et

2032 698 2099 739 ex
2143 694 2270 739 nota
2297 686 2608 757 Hieronymi
2645 686 2843 743 ibilem
2878 691 2928 759 Ῡ.
2968 690 3051 746 ll.
3086 690 3181 747 llic
3231 705 3413 749 autem
3451 697 3619 753 inter-

2034 787 2157 846 pres
2182 774 2361 833 locum
2392 794 2555 848 supra
2584 780 2806 834 allatum
2844 784 2897 850 y.
2938 782 3025 847 l3,
3060 800 3220 854 quem
3254 785 3619 861 Hieronymus

2032 867 2279 934 queritur
2336 883 2365 921 a
2429 866 2756 938 Symmacho
2811 880 2866 925 et
2927 870 3300 931 Theodotioue
3357 876 3617 938 Ebionaao

2033 972 2183 1011 more
2214 973 2429 1011 versum
2461 957 2631 1014 fuisse
2661 960 2762 1015 hoc
2787 969 2966 1029 pacto,
2992 979 3229 1033 egressus
3260 986 3315 1022 cs
3346 980 3402 1021 ut
3434 972 3617 1026 salva-

2031 1060 2111 1101 res
2138 1049 2390 1117 populum
2420 1060 2587 1118 tuum,
2626 1061 2685 1105 ut
2719 1054 2952 1109 solveres
2987 1054 3260 1112 Christum
3304 1070 3485 1128 tuum,
3515 1061 3616 1120 Ju-

2029 1138 2186 1195 daico
2217 1155 2441 1209 prorsus
2467 1157 2615 1197 more
2640 1146 2926 1212 convertit,
2955 1147 3039 1202 his
3072 1148 3284 1205 verbis:
3317 1152 3616 1228 'Avs;dvq;

2028 1232 2120 1285 ἐπὶ
2154 1233 2396 1305 σωτηρίᾳ
2426 1233 2517 1287 τοῦ
2556 1232 2685 1289 λαοῦ
2717 1251 2829 1299 σου,
2875 1235 3137 1309 ῥύσασθαι
3166 1242 3293 1307 τοὺς
3324 1245 3614 1311 ἐκλεκτούς

2028 1339 2143 1376 σου·
2177 1324 2483 1391 Apparuisti
2514 1344 2671 1395 super
2707 1328 2881 1383 salute
2912 1332 3090 1399 populi
3128 1333 3225 1397 tui,
3271 1337 3340 1388 ad
3374 1338 3610 1394 liberan-

2025 1414 2152 1468 dum
2196 1418 2384 1470 electos
2432 1426 2572 1482 tuos,
2615 1418 2705 1473 ubi
2755 1434 2949 1473 nomen
2999 1421 3202 1477 Christi
3250 1425 3303 1479 in
3341 1426 3610 1484 llclu‘aico

2023 1521 2344 1576 expressum
2386 1518 2591 1589 ’τητιζηο
2627 1512 2679 1564 ἰιι
2721 1510 2921 1567 electos
2977 1516 3205 1571 vertitur
3249 1534 3260 1569 :
3300 1521 3443 1588 quod
3480 1539 3615 1579 sane

2024 1600 2109 1651 vir
2153 1596 2497 1656 Christianus
2540 1617 2647 1656 non
2706 1602 2916 1660 fecerit.
2954 1602 3032 1660 Ex
3092 1606 3196 1663 hoc
3250 1610 3376 1665 item
3434 1615 3613 1684 capite

2021 1687 2448 1758 deprehenditur
2485 1693 2631 1747 hunc
2675 1695 3024 1765 interpretem
3069 1698 3361 1756 admodum
3424 1720 3609 1778 παρα-

2023 1781 2339 1847 φραστικῶς
2373 1784 2619 1851 vertisse,
2651 1797 2707 1840 ut
2736 1787 2988 1858 quisquis
3013 1789 3196 1847 videre
3231 1796 3423 1863 possit.

2094 1871 2188 1927 llis
2229 1875 2412 1944 itaque
2445 1879 2764 1946 perspectis.
2800 1880 3088 1937 dicendum
3118 1896 3305 1949 restat,
3350 1896 3459 1943 tres
3488 1890 3611 1948 illas

2020 1961 2398 2029 superadditas
2427 1964 2715 2032 editiones,
2747 1966 2906 2040 longe
2941 1972 3183 2028 liheriori
3212 1976 3606 2048 interpretandi

2019 2062 2214 2116 genere
2236 2052 2589 2110 concinnatas
2618 2054 2807 2121 fuisse,
2842 2076 3005 2130 quam
3031 2064 3323 2121 editionem
3355 2067 3608 2141 Symma-

2017 2137 2126 2203 chi,
2158 2142 2252 2208 qui
2283 2150 2464 2197 tamen
2496 2146 2671 2213 magis
2699 2163 2863 2217 quam
2888 2152 3084 2221 Aquila
3115 2162 3171 2209 et
3198 2137 3503 2215 Theodotio
3532 2163 3603 2218 ab

2018 2227 2279 2285 llebraica
2311 2231 2493 2287 littera'
2520 2233 2775 2292 deﬂectit.

2087 2318 2202 2375 Erit
2236 2320 2373 2377 forte
2402 2325 2496 2392 qui
2539 2326 2797 2383 reclamet
2831 2329 2898 2386 iis
2949 2345 3073 2403 qua:
3122 2347 3290 2407 supra
3326 2338 3597 2406 diximus,

2015 2425 2211 2501 nempe
2253 2423 2364 2471 tres
2401 2417 2523 2472 illas
2565 2421 2944 2490 superadditas
2992 2426 3284 2495 editiones,
3314 2428 3596 2501 Quintam,

2016 2499 2235 2557 Sextam
2278 2515 2332 2559 et
2363 2504 2687 2577 Septimam,
2720 2512 2791 2567 ab
2819 2510 3056 2585 Origene
3088 2519 3294 2588 positas
3334 2520 3508 2579 fuisse
3542 2499 3597 2580 in

2012 2592 2318 2653 minoribus
2364 2601 2665 2669 prophetis,
2713 2612 2768 2658 et
2820 2605 2937 2661 haec
2981 2608 3255 2677 objiciat:
3306 2609 3366 2667 In
3411 2614 3603 2671 codice

2012 2684 2309 2744 Barberiuo
2338 2690 2564 2747 allertur
2604 2695 2759 2751 locus
2786 2698 2923 2753 Osce
2952 2716 3073 2771 cap.
3118 2718 3195 2768 xi,
3232 2720 3285 2760 ν.
3324 2706 3375 2771 l,
3401 2709 3595 2765 eodem

2011 2780 2390 2839 columnarum
2413 2788 2602 2841 ordine
2624 2802 2736 2857 quo
2760 2788 2814 2844 in
2839 2788 3096 2863 Hexaplis
3124 2804 3261 2861 erat,
3287 2797 3379 2854 ubi
3406 2808 3588 2856 tamen

2009 2886 2112 2928 nec
2158 2874 2381 2943 Quinta,
2434 2894 2538 2933 nec
2578 2879 2764 2944 Sexta,
2823 2899 2924 2939 nec
2958 2882 3199 2957 Septima
3246 2904 3590 2962 comparent,

2010 2966 2152 3021 unde
2183 2972 2336 3039 sequi
2370 2971 2582 3026 videtur
2611 2974 2732 3028 illas
2763 2976 3029 3035 editiones
3064 2981 3117 3035 iu
3154 2983 3433 3053 prophetis
3476 2987 3580 3041 mi-

2007 3057 2235 3113 noribus
2275 3076 2381 3114 non
2415 3062 2677 3119 adfuisse.
2715 3064 2994 3136 Reponam
3032 3086 3135 3143 ego
3176 3089 3241 3127 ex
3276 3078 3468 3130 eodem
3498 3094 3597 3134 co-

321 3150 627 3206 fcstissime
660 3167 1088 3211 sacramentum.
1117 3156 1217 3212 llic
1248 3168 1429 3214 autem
1459 3161 1743 3232 interpres,
1784 3181 1904 3233 pcr-

2005 3149 2126 3204 dice
2172 3150 2491 3221 Barberiuo,
2526 3158 2703 3227 palam
2739 3174 2881 3224 esse,
2920 3162 2972 3215 in
3010 3165 3318 3223 minoribus
3352 3172 3587 3239 prophe-

321 3240 453 3296 inde
491 3252 654 3312 atque
688 3248 1020 3314 precedens,
1052 3249 1370 3319 paraphrasi
1418 3253 1703 3321 gaudebat,
1741 3265 1798 3309 ut
1848 3257 1902 3311 in

319 3332 447 3388 loco
480 3334 591 3403 jam
622 3338 786 3391 allato
819 3340 1262 3407 deprehenditur,
1294 3342 1421 3396 licet
1448 3344 1583 3397 nihil
1615 3344 1687 3398 ibi
1717 3346 1901 3402 ell‘erat

322 3429 430 3481 nisi
460 3439 696 3482 mentem
732 3429 1013 3485 llebraica:
1040 3429 1353 3503 Scriptum.
1391 3433 1586 3489 Verum
1632 3438 1683 3490 in
1730 3439 1900 3494 altero

316 3516 442 3583 ejus
472 3516 593 3572 loco
618 3519 779 3586 longe
811 3521 1072 3591 majorem
1104 3525 1442 3590 exspatiandi
1478 3526 1749 3581 licentiam
1781 3530 1899 3582 ani-

317 3609 649 3664 madvertas.
712 3609 911 3666 Psalm.
975 3628 1176 3679 sxxvr,
1237 3614 1341 3679 55,
1402 3615 1623 3671 llebrma
1672 3620 1752 3673 sic
1802 3621 1899 3675 ba-

318 3699 483 3755 bent:
512 3710 642 3788 pan
665 3714 845 3763 mra:
877 3716 1107 3770 mm
1144 3716 1290 3791 γ’·ιν
1316 3719 1448 3773 tum
1488 3718 1675 3775 vnum,
1715 3711 1764 3765 id
1791 3724 1892 3777 est.

316 3792 427 3844 uidi
455 3794 675 3862 impium
708 3796 997 3862 terriﬁcum
1033 3798 1415 3867 (ti/fundentem
1446 3818 1502 3854 se
1540 3804 1678 3856 sicut
1707 3804 1892 3859 laurus

314 3881 525 3945 uiridis,
567 3884 701 3945 sive,
734 3894 793 3937 ut
827 3884 1192 3957 Hieronymus
1217 3888 1400 3954 habet,
1426 3892 1562 3944 sicut
1592 3893 1893 3962 indigenam

313 3962 586 4039 uirentem,
615 3976 706 4029 ubi
733 3975 979 4047 Vulgata,
1005 3981 1112 4033 vidi
1137 3980 1357 4048 impium
1382 3984 1827 4051 superexaltatum
1843 3994 1891 4038 et

310 4066 571 4118 eleuatum
600 4069 737 4121 sicut
777 4071 958 4125 cedrus
989 4070 1213 4138 Libani;
1244 4073 1404 4128 Sexta
1435 4090 1564 4129 vero
1597 4078 1675 4130 sic
1702 4096 1714 4131 :
1739 4077 1893 4131 Εἶδον

309 4157 483 4228 ἀσεϐῆ
528 4160 622 4212 καὶ
645 4160 838 4231 ἀναιδῆ
876 4165 1313 4236 ἀντιποιούμενον
1337 4166 1396 4220 ὲν
1425 4166 1773 4241 σκληρότητι,
1797 4172 1891 4224 καὶ

306 4246 558 4315 λέγοντα,
587 4250 716 4319 Εἰμὶ
737 4251 812 4315 ὡς
834 4252 1105 4323 αὑτοχθὼν
1127 4257 1445 4327 περιπατῶν
1472 4259 1529 4311 ἐν
1553 4260 1885 4333 δικαιοσύνῃ.

307 4336 364 4392 Id
392 4351 520 4393 est:
568 4340 685 4394 Vidi
721 4345 939 4413 impium
978 4355 1027 4397 et
1060 4346 1412 4414 impudentem
1459 4349 1563 4402 sibi
1612 4352 1887 4405 uindicau-

306 4438 413 4483 tem
459 4433 514 4484 in
565 4432 791 4497 duritia,
829 4443 879 4487 et
928 4434 1231 4493 dicentem:
1270 4434 1400 4493 Sum
1451 4442 1586 4493 sicut
1638 4442 1885 4512 indigena

2005 3241 2074 3293 tis
2101 3242 2219 3298 illas
2247 3248 2513 3303 editiones
2539 3265 2662 3304 cum
2698 3251 2821 3307 aliis
2846 3251 3108 3322 adfuisse,
3141 3260 3584 3329 quandoquidem

2003 3332 2077 3385 ibi
2106 3337 2275 3389 mu‘ta
2311 3339 2514 3406 passim
2547 3340 2661 3394 loca
2688 3356 2755 3395 ex
2789 3343 2961 3397 tribus
3000 3345 3109 3400 illis
3146 3351 3435 3414 postremis
3466 3353 3584 3408 edi-

2001 3423 2245 3481 tionibus
2280 3430 2581 3485 alleruntur
2622 3450 2635 3485 :
2688 3449 2813 3488 cum
2858 3447 3038 3491 autem
3095 3439 3353 3500 librarius
3386 3443 3440 3498 in
3489 3446 3591 3504 illo

2000 3513 2366 3587 Hexaplorum
2414 3525 2712 3591 specimiue
2765 3538 3003 3594 quatuor
3049 3531 3227 3585 solum
3283 3534 3577 3605 editiones,

1999 3624 2191 3678 nempe
2220 3611 2450 3682 Aquilio,
2478 3614 2812 3687 Symmachi,
2839 3620 2951 3672 τῶν
2976 3622 3052 3685 0',
3080 3631 3134 3677 et
3160 3622 3574 3697 Theodotiouis,

1996 3703 2199 3770 posuit,
2236 3704 2287 3759 id
2337 3708 2603 3763 arbitratu
2644 3726 2744 3765 suo
2796 3710 2955 3780 fecit;
2988 3716 3102 3769 sive
3148 3718 3275 3785 quia
3327 3728 3435 3775 tres
3471 3720 3576 3777 ilhc

1995 3803 2285 3862 postrema:
2334 3798 2603 3856 editiones
2641 3816 2765 3855 cum
2821 3805 3097 3872 prioribus
3145 3809 3579 3881 concordabant,

1993 3887 2110 3941 sive
2134 3887 2237 3942 alia
2276 3889 2344 3944 de
2383 3907 2569 3946 causa.
2606 3890 2763 3948 Certe
2804 3895 2855 3948 in
2892 3898 3188 3965 specimine
3231 3901 3325 3957 illo
3363 3902 3577 3959 colum-

1992 3994 2117 4031 nam
2146 3978 2486 4048 chraicam,
2518 3980 2798 4039 Hebraicis
2832 3986 3027 4042 litteris
3052 3989 3410 4060 descriptam,
3437 4010 3577 4064 pm-

1992 4067 2225 4120 termisit
2256 4068 2365 4129 ille.
2416 4072 2517 4126 etsi
2564 4073 2856 4130 verisimile
2891 4077 2961 4132 sit
3000 4092 3123 4133 eam
3170 4080 3226 4135 in
3273 4085 3569 4155 exemplari

1989 4171 2093 4211 suo
2117 4159 2358 4215 adfuisse
2391 4178 2515 4217 cum
2558 4164 2701 4219 aliis.

2099 4248 2184 4304 Vl.
2217 4250 2293 4304 lle
2329 4252 2568 4323 Vulgata:
2592 4256 2838 4310 editionis
2878 4256 3087 4315 Latina
3116 4268 3448 4331 prtcstantia.

2054 4338 2173 4395 Jam
2205 4343 2296 4396 ubi
2328 4345 2396 4399 de
2425 4356 2665 4400 veterum
2703 4350 3039 4407 editionibns
3069 4357 3322 4426 singulis,
3352 4376 3474 4428 quae
3505 4363 3563 4418 in

1986 4436 2240 4510 Hx'xaplis
2264 4441 2441 4495 locum
2476 4445 2765 4507 habebant.
2799 4446 3181 4518 disseruimus,
3212 4464 3381 4508 restat
3407 4466 3465 4511 ut
3494 4459 3566 4513 de

305 4522 589 4576 ambulans
629 4527 683 4577 in
726 4524 978 4591 iustitia:
1031 4543 1155 4598 qua:
1206 4545 1338 4583 sane
1376 4532 1730 4600 paraphrasiu
1774 4549 1880 4587 non
1914 4543 1959 4598 ι)
1990 4531 2214 4603 Vulgata
2260 4533 2450 4589 Latina
2505 4544 2691 4592 nostra
2738 4553 2910 4607 pauca
2956 4541 3225 4609 dicamus,
3282 4562 3445 4616 quam
3493 4547 3561 4605 D.

305 4614 470 4669 modo
502 4618 741 4687 sapiunt,
774 4619 866 4673 sed
895 4619 1058 4675 etiam
1090 4636 1350 4689 superare
1390 4623 1663 4677 videntur.

866 4707 931 4766 ν.
963 4715 1036 4766 De
1069 4709 1327 4781 Septima.

377 4793 618 4868 Septima
650 4800 820 4855 editio
848 4800 1220 4858 Cbristianine
1265 4819 1334 4857 an
1366 4801 1536 4861 Judaei
1573 4805 1882 4877 interpretis

301 4889 377 4945 sit
414 4905 482 4945 ex
530 4906 642 4943 uno
688 4887 956 4946 llabacuci
989 4893 1206 4948 cantico
1250 4896 1537 4965 dijudieari
1587 4907 1794 4967 potest;
1832 4900 1879 4956 si

302 4990 485 5033 tamen
518 4979 776 5050 Septima,-
807 4982 877 5037 sit
907 4984 1279 5054 interpretatio
1312 4989 1508 5044 cantici
1549 4992 1736 5056 totius,
1778 4992 1880 5045 ibi-

298 5073 427 5125 dem
471 5073 698 5127 editioni
747 5074 852 5126 τῶν
908 5078 961 5129 0'
1009 5076 1321 5145 subjuncta,
1373 5078 1519 5148 quod
1567 5096 1697 5136 sane
1757 5084 1878 5151 plus

298 5178 467 5230 quam
511 5164 807 5218 verisimile
850 5166 1106 5222 arbitror.
1155 5166 1210 5221 ln
1259 5178 1385 5223 nota
1430 5172 1627 5241 quippe
1672 5174 1875 5229 codicis

300 5255 605 5317 Barbcrini,
662 5257 752 5310 ubi
797 5273 860 5312 ea
913 5259 1121 5329 integra
1177 5261 1526 5327 describitur,
1582 5265 1875 5320 adnotatur

295 5362 421 5398 eam
468 5348 772 5401 versionem
824 5364 921 5403 nec
964 5349 1191 5419 Aquila),
1236 5368 1337 5407 nec
1385 5353 1720 5425 Symmachi,
1772 5368 1873 5412 nec

294 5436 694 5492 Theodotiouis
716 5454 860 5505 esse,
885 5441 1410 5513 disquirendumque
1437 5462 1565 5500 num
1602 5448 1668 5501 ad
1701 5447 1872 5513 Quin-

294 5540 408 5584 tam
437 5532 519 5584 vel
560 5532 627 5583 ad
662 5532 881 5584 Sextam
926 5534 1218 5588 editionem
1256 5538 1538 5605 pertineat.
1578 5538 1713 5592 Cum
1745 5555 1873 5609 ergo

291 5622 516 5677 aliunde
547 5623 734 5686 etiam.
756 5639 946 5693 nempe
971 5641 1034 5679 ex
1065 5624 1381 5695 fragmentis
1406 5644 1527 5698 qua:
1556 5642 1870 5700 supersunt.

288 5723 503 5768 certum
545 5714 991 5785 exploratumque
1026 5718 1116 5778 sit,
1160 5719 1360 5775 nullius
1395 5734 1585 5775 eorum
1615 5737 1735 5777 esse
1776 5724 1868 5790 qui

286 5820 463 5875 supra
502 5817 897 5873 memorantur,
940 5810 1188 5879 sequitur
1231 5810 1375 5866 haud
1414 5813 1577 5869 dubie
1608 5830 1728 5870 esse
1772 5815 1867 5869 Se-

1986 4622 2348 4695 llieronymus
2380 4628 2571 4681 harum
2600 4632 2845 4684 omnium
2873 4630 3172 4687 editionum
3202 4637 3562 4705 adminiculo,

1983 4732 2200 4772 summo
2248 4719 2431 4773 labore.
2481 4729 2537 4775 et
2598 4723 2945 4779 accuratione
2999 4728 3368 4784 concinnavit.
3440 4729 3559 4788 Etsi

1979 4824 2144 4877 porro
2173 4826 2299 4865 cum
2334 4812 2800 4881 interpretaretur,
2842 4815 3082 4887 Hexapla
3129 4822 3244 4891 ipsa
3284 4836 3394 4891 pra!
3440 4838 3559 4881 ma-

1979 4900 2141 4956 nibus
2170 4903 2441 4967 habuerit,
2475 4921 2583 4959 non
2625 4906 2713 4960 ille
2744 4908 2968 4962 fortuito
3002 4910 3262 4967 lectiones
3292 4915 3557 4986 interpre-

1978 4996 2321 5066 tationesque
2358 5000 2632 5067 quaslibet
2660 5002 3101 5070 amplexabatur;
3143 5008 3236 5059 sed
3284 5021 3409 5061 cum
3451 5009 3552 5063 de-

1975 5084 2114 5138 lectu
2143 5096 2197 5139 et
2218 5089 2447 5142 consilio
2478 5090 2915 5146 doctissimorum
2946 5109 3010 5146 ex
3048 5091 3287 5149 llebrzeis
3315 5112 3406 5151 cas
3428 5113 3551 5166 quas

1976 5176 2225 5232 meliores
2247 5188 2299 5233 et
2322 5181 2387 5233 ad
2418 5197 2597 5234 veram
2628 5180 2875 5237 Hebraici
2907 5185 3233 5253 exemplaris
3256 5187 3545 5241 lectionem

1973 5270 2491 5327 accommodatiores
2512 5283 2688 5336 erant,
2708 5272 2898 5327 Latine
2918 5276 3221 5343 exprimere
3248 5278 3548 5347 satagebat.

1970 5361 2218 5430 Aquilam
2244 5372 2298 5417 et
2322 5364 2730 5435 Symmachum,
2764 5366 3117 5435 interpretum
3150 5371 3393 5423 omnium
3420 5386 3547 5437 pree-

1972 5453 2362 5518 stantissimos,
2393 5456 2602 5511 caeteris
2627 5455 2899 5511 anteferre
2929 5459 3172 5524 solebat;
3210 5460 3263 5512 in
3310 5460 3545 5513 Psalmis

1971 5552 2152 5597 autem
2194 5553 2248 5598 et
2294 5547 2568 5615 prophetis
2615 5548 2915 5617 majOribus
2962 5548 3299 5619 frequentius
3343 5551 3542 5619 Aquila

1967 5650 2132 5704 quam
2165 5634 2494 5706 Symmacho
2537 5654 2669 5695 usus
2688 5655 2809 5694 esse
2839 5642 3297 5710 deprehenditur;
3332 5642 3385 5695 in
3415 5657 3537 5707 pro-

1968 5728 2145 5796 phetis
2172 5743 2301 5781 vero
2334 5730 2637 5783 minoribus
2668 5747 2775 5785 non
2810 5747 2934 5786 raro
2981 5734 3239 5798 Quintam
3288 5733 3536 5785 adhibuit

1967 5818 2279 5873 editionem.
2317 5819 2622 5888 Aliquando
2659 5821 2846 5887 etiam,
2903 5823 3088 5878 missis
3126 5821 3337 5877 carceris
3366 5821 3534 5873 inter-
