4064 6262
501 340 604 396 103

1835 323 2359 383 PRAELIMINARIA

3655 319 3759 375 UH

494 463 805 524 Canticum,
836 459 1092 527 Quintam
1130 458 1307 513 solum
1333 455 1627 510 editionem
1665 461 1959 516 memorat,
1989 459 2074 505 at-
2107 453 2147 508 Α
2175 457 2226 501 et
2254 447 2508 517 Origenes
2562 446 2627 499 de
2662 440 3036 499 Theodotionis
3075 454 3229 509 opere
3272 440 3329 493 in
3370 439 3601 526 editione
3635 436 3758 491 Vul-

492 571 602 626 que
637 555 712 609 ita
745 554 1027 624 loquitur:
1090 550 1344 622 Origenes
1399 565 1519 602 cum
1569 550 1623 601 in
1665 547 1868 602 steteris
1894 545 2074 598 'libris

493 662 673 700 omnes
703 646 907 703 vicerit.
943 644 996 697 in
1029 642 1258 697 Cantica
1304 642 1633 693 canticomm
1681 639 1789 707 ipse
1838 653 1890 690 se
1930 637 2071 688 vicit.

498 738 642 794 Nam
673 737 851 793 decem
903 735 1258 792 voluminibus
1294 733 1559 802 explicitis
1581 773 1594 795 ,
1650 747 1767 800 quae
1793 727 1862 780 ad
1889 728 2076 797 viginti

496 847 656 901 Isque
692 845 931 884 versuum
1001 827 1174 879 millia
1233 841 1359 894 pene
1407 823 1708 893 perveniunt
1755 837 1772 882 ;
1843 821 2075 888 priurum

495 919 643 977 [XX
683 923 1038 988 lnterpretes,
1091 917 1278 970 deinde
1332 914 1580 986 Aquilam
1617 911 2074 982 et-Symntachum

485 1024 542 1068 et
569 1012 610 1067 Τ
611 1013 991 1071 leeodotionem,
1013 1020 1060 1064 et
1083 1010 1152 1061 ad
1176 1020 1466 1062 extremum
1490 1003 1742 1070 Quintam
1769 1005 2072 1064 editionem,

494 1121 654 1177 quant
709 1107 763 1158 in
814 1105 968 1158 Actio
995 1103 1173 1156 littore
1205 1100 1465 1154 invenisse
1517 1115 1572 1152 se
1605 1099 1815 1157 scribit.
1864 1107 1967 1150 etc.
1998 1093 2074 1148 De

497 1199 660 1255 Sexta
683 1214 810 1252 vero
841 1198 1104 1259 editione,
1157 1210 1280 1264 qua:
1303 1203 1482 1248 tamen
1539 1192 1591 1245 in
1620 1188 1863 1244 Canticis
1899 1186 2076 1241 ﬂexa-

494 1293 600 1364 plis
630 1302 768 1356 erat,
803 1305 870 1346 ne
903 1288 1131 1344 verbum
1164 1288 1384 1358 quidem
1415 1285 1812 1355 Hieronymus;
1870 1283 1986 1337 sive
2009 1281 2076 1334 il-

493 1383 604 1438 lam
628 1382 920 1437 editionem
945 1379 1242 1448 neglexerit
1277 1379 1539 1448 Origenes
1566 1376 1620 1428 in
1651 1371 2073 1427 Commentariis

494 1475 629 1537 suis.
659 1475 773 1530 sive
823 1474 972 1528 illam
1021 1471 1387 1542 Hieronymus
1432 1466 1842 1541 prmter'miserit
1877 1482 1891 1517 :
1926 1464 2074 1533 quod

492 1567 849 1624 verisimilius
870 1575 985 1632 est;
1011 1581 1137 1619 nam
1170 1575 1230 1618 ut
1270 1564 1383 1633 jam
1419 1577 1564 1631 saepe
1596 1561 1857 1622 vidimus,
1895 1573 1959 1612 ex
2000 1557 2076 1612 si-

493 1662 663 1718 lentio
693 1659 1032 1730 huiusmodi,
1059 1657 1194 1711 nihil
1225 1663 1405 1726 potest
1444 1652 1716 1708 concludi.
1752 1651 1811 1705 ln
1836 1649 2073 1703 Canticis

492 1770 624 1811 vero
657 1765 851 1824 prater
877 1751 1196 1814 Drusianas,
1231 1749 1366 1802 alias
1391 1750 1525 1802 bene
1546 1747 1746 1801 multas
1772 1744 2070 1813 adjecimus

493 1852 736 1899 veterum
767 1843 1117 1911 interpretqu
1149 1839 1432 1892 lectiones.

564 1935 625 1990 In
651 1934 845 1990 llesaia
904 1943 1097 2003 pneter
1157 1930 1462 2000 Hexaplare
1508 1943 1669 1999 opus,
1716 1943 1826 1982 non
1885 1940 2072 1994 paucas

495 2024 620 2098 Syri
655 2025 918 2081 lectiones
968 2021 1423 2078 observabantur.
1459 2018 1534 2072 Ibi
1572 2031 1703 2072 vero
1750 2016 2073 2084 interpreta-

494 2117 677 2173 tiones
727 2115 960 2185 Aquilae,
1017 2110 1333 2185 Symmachi
1364 2119 1420 2166 et
1464 2107 1856 2164 Theodotionis
1914 2106 2074 2176 longe

494 2213 768 2266 auctiores
797 2209 995 2264 damus
1022 2222 1190 2276 quam
1222 2205 1365 2275 apud
1395 2202 1652 2258 Drusium
1677 2201 1998 2255 habeantur.

565 2299 883 2356 aneremia
928 2308 1125 2368 praeter
1154 2298 1300 2350 illam
1356 2310 1452 2351 sex
1507 2294 1887 2348 columnarum
1944 2304 2075 2359 ope-

492 2403 638 2457 ram,
679 2391 850 2446 multa
876 2406 943 2445 ex
996 2389 1371 2443 Thcodotione
1424 2400 1549 2440 cum
1591 2383 1873 2439 aster-iscis
1916 2382 2075 2436 resti-

493 2484 603 2539 tuit
632 2481 918 2554 Origenes,
953 2496 1075 2551 qua:
1103 2477 1247 2533 LXX
1289 2479 1622 2546 lntcrpretes
1648 2475 1902 2528 consulto
1941 2488 2074 2542 pra:-

494 2575 870 2640 termiseraut,
911 2587 971 2628 ut
1027 2576 1105 2627 ait
1152 2572 1456 2640 sapissirnc
1518 2567 1885 2640 Hieronymus
1916 2564 2074 2620 Com-

493 2665 756 2722 tucutario
785 2667 841 2719 in
877 2663 1189 2719 Jeremiam.
1224 2662 1298 2716 lbi
1324 2661 1491 2715 multa
1524 2675 1650 2715 cum
1675 2658 1952 2713 asteriscis
1978 2655 2076 2711 ad-

493 2756 608 2811 dita
658 2763 808 2819 sunt,
856 2754 1145 2821 multasque
1183 2751 1636 2822 transpositioncs
1689 2757 1866 2814 erant,
1913 2757 1972 2802 ut
2000 2748 2078 2802 ait

494 2845 758 2916 Origenes
781 2845 942 2914 epist.
1008 2846 1075 2898 ad
1133 2843 1448 2898 Africanum
1486 2860 1500 2897 :
1557 2840 1735 2893 Πολλὰ
1774 2838 2077 2894 δὲτοιαῦται

496 2938 592 2992 καὶ
622 2939 680 2992 ἐν
707 2935 785 3008 τῷ
829 2935 1068 3009 Ἱερεμίᾳ
1116 2937 1521 3006 κατενοήσαμεν
1542 2973 1556 2997 ,
1594 2935 1649 2985 ὲν
1681 2925 1725 3000 ᾧ
1753 2933 1848 2986 καὶ
1881 2929 2077 3000 πολλὴν

497 3027 785 3100 μετάθεσιν
810 3030 904 3081 καὶ
929 3026 1227 3097 ἐναλλαγὴν
1247 3025 1344 3097 τῆς
1377 3024 1575 3090 λέξεως
1601 3022 1707 3076 τῶν
1742 3038 2078 3093 προφητευο-

2177 553 2304 614 gata
2339 541 2623 597 asterisras
2670 538 2868 607 posuit,
2916 535 3108 587 docens
3141 533 3372 602 defuisse
3412 547 3530 602 qua:
3570 529 3760 584 addita

2175 645 2409 699 sunt;et
2434 648 2619 686 rursus
2657 631 2912 701 quosdam
2967 643 3147 682 versus
3200 625 3361 678 obelis
3421 622 3756 692 pra'notavit,

2176 728 2448 797 superﬂua
2473 740 2688 795 quisque
2714 724 3016 791 designans.
3070 720 3304 788 Cumque
3335 733 3510 770 omnes
3555 716 3758 770 Christi

2178 819 2455 880 Ecclesia},
2484 827 2590 870 tam
2622 815 2928 870 Cmoorunt
2979 830 3137 883 quam
3191 811 3528 872 Latinorum,
3586 806 3754 878 Syro-

2178 927 2398 982 rumque
2422 922 2468 964 et
2495 909 2894 979 Afgyptiorum,
2927 906 3061 958 hanc
3093 903 3189 956 sub
3216 903 3488 957 asteriscis
3519 910 3569 956 et
3591 900 3754 954 obelis

2176 1003 2456 1058 editionem
2490 1004 2685 1070 legant,
2748 999 3023 1068 ignoscant
3074 997 3239 1050 invidi
3282 994 3456 1050 labori
3502 1010 3636 1058 meo,
3664 994 3756 1062 qui

2175 1096 2316 1151 volui
2347 1093 2526 1148 haberi
2583 1103 2789 1146 nostros
2815 1091 2954 1160 quod
2985 1089 3160 1144 δι’ωεὶ
3184 1091 3237 1143 in
3267 1088 3475 1160 Aquila
3501 1099 3549 1141 et
3585 1085 3754 1140 Theo-

2174 1189 2405 1243 dotionis
2432 1204 2494 1240 ac
2524 1186 2828 1256 Symmachi
2858 1182 3177 1237 editionibus
3201 1182 3466 1235 lectitant.
3495 1177 3563 1233 Et
3590 1181 3638 1233 si
3670 1179 3755 1233 illi

2175 1283 2230 1336 in
2263 1281 2424 1335 tantis
2455 1280 2658 1333 divitiis
2688 1278 3048 1330 doctrinarum
3073 1291 3177 1329 non
3207 1283 3545 1328 contemnunt
3575 1273 3755 1327 studia

2174 1374 2445 1427 hominum
2465 1371 2800 1431 Juda‘orum,
2833 1385 2929 1421 cur
2951 1367 3150 1421 Latina
3182 1377 3470 1436 paupertas
3495 1365 3753 1436 despiciat

2176 1467 2433 1520 hominem
2458 1462 2862 1519 Christianum?
2882 1460 3046 1529 Cujus
3076 1461 3123 1515 si
3145 1476 3273 1530 opus
3297 1459 3597 1529 displiceat,
3619 1469 3756 1514 certe

2173 1559 2416 1612 voluntas
2458 1557 2759 1627 recipienda
2815 1563 2912 1608 est.
2946 1552 3059 1608 Hoc
3089 1561 3271 1607 autem
3332 1551 3456 1605 loco
3488 1548 3757 1622 Hierony-

2175 1667 2300 1706 mus
2349 1650 2524 1720 pritna
2579 1647 2756 1703 fronte
2812 1647 2915 1702 sibi
2978 1645 3082 1716 ipsi
3136 1659 3443 1712 repugnare
3515 1642 3750 1695 videtur.

2175 1741 2468 1811 Postquam
2495 1742 2640 1795 enim
2672 1739 2905 1801 dixerat,
2940 1735 3218 1790 Dauielem
3255 1752 3363 1789 non
3391 1734 3552 1805 juxta
3576 1732 3753 1801 LXX,

2177 1834 2448 1902 sedjuxta
2504 1830 2932 1886 Theodotionem
2984 1826 3261 1883 Ecclesias
3309 1826 3509 1896 legere,
3569 1827 3753 1880 statim

2176 1925 2399 1995 subjicit
2419 1938 2610 1979 omnes
2662 1921 2870 1976 Christi
2919 1919 3217 1985 Ecelesias,
3269 1927 3380 1973 tam
3432 1917 3753 1974 Grtecorum

2173 2032 2340 2087 quam
2403 2015 2745 2078 Latinorum,
2804 2013 3180 2084 Syrorumque
3225 2021 3280 2065 et
3333 2007 3753 2081 Egyptiorum,

2174 2109 2470 2165 editionem
2517 2105 2805 2178 Vulgatam
2864 2106 3062 2176 legere,
3123 2104 3332 2159 scilicet
3362 2103 3470 2156 τῶν
3501 2107 3580 2168 0',
3632 2117 3757 2172 quas

2176 2201 2245 2256 ab
2273 2201 2504 2268 Origene
2521 2215 2588 2254 ex
2612 2199 2853 2253 editione
2883 2195 3278 2252 Theodotionis
3310 2205 3469 2250 aucta
3495 2204 3549 2250 et
3567 2209 3758 2250 emen-

2175 2296 2302 2349 data
2329 2291 2507 2349 fuerat
2537 2308 2661 2348 cum
2712 2290 2989 2346 asteriscis
3037 2300 3092 2345 et
3124 2289 3316 2344 obelis.
3348 2287 3405 2342 In
3455 2303 3522 2342 eo
3571 2298 3753 2343 autem

2175 2386 2281 2440 sita
2313 2393 2399 2440 est
2417 2383 2728 2444 diﬂicultas,
2783 2381 2928 2450 quod
2963 2395 3088 2434 cum
3151 2379 3228 2433 ait
3276 2378 3759 2447 Ecelesiaslegere

2177 2475 2569 2532 Theodotiouis
2598 2475 2915 2535 editionem,
2955 2481 3011 2526 et
3062 2481 3254 2540 postea
3305 2471 3523 2525 easdem
3575 2470 3758 2541 legere

2176 2570 2468 2625 editionem
2497 2567 2606 2621 τῶν
2663 2568 2722 2620 0’
2776 2565 3148 2634 hexaplarem,
3199 2563 3442 2618 indicare
3500 2563 3755 2619 videatur

2175 2675 2467 2732 utramque
2493 2660 2787 2716 editionem
2816 2662 2869 2712 in
2911 2659 3144 2727 publicis
3180 2656 3436 2712 Ecclesia:
3471 2658 3762 2712 conventi-

2175 2754 2281 2810 bus
2311 2754 2415 2822 legi
2449 2752 2596 2822 quod
2627 2752 2818 2820 utique
2842 2751 2931 2804 vix
2962 2751 3112 2805 credi
3148 2751 3360 2819 possit:
3407 2765 3586 2820 neque
3607 2751 3755 2806 enim

2175 2847 2472 2901 verisimile
2502 2854 2585 2900 est
2607 2845 2746 2900 duas
2767 2843 3013 2913 ejusdem
3067 2844 3346 2913 propheta:
3374 2844 3648 2898 editiones
3672 2844 3758 2897 in—

2175 2937 2598 2993 discriminatim
2655 2936 2709 2989 in
2762 2934 3021 2990 omnibus
3070 2933 3330 2990 Ecclesiis
3363 2935 3529 2989 lectas
3563 2933 3755 2990 fuisse.

2175 3028 2398 3085 Certum
2424 3027 2643 3096 quidem
2681 3037 2766 3081 est
2797 3023 3097 3081 Ecelesiam
3147 3024 3392 3080 Grzecam
3419 3023 3756 3080 Theodotio-

497 3118 678 3191 μένων
708 3118 960 3190 εὕρομεν.
991 3118 1044 3172 Id
1073 3128 1158 3173 est
1197 3137 1211 3172 :
1249 3115 1465 3172 Similia
1513 3116 1680 3168 multa
1728 3113 2068 3184 deprehendi-
2098 3145 2140 3202 ρ
2180 3121 2264 3175 nis
2285 3120 2581 3175 editionem
2613 3119 2786 3173 solam
2820 3117 3040 3189 legisse,
3069 3125 3126 3171 ut
3161 3117 3238 3171 ait
3275 3125 3462 3187 postea
3487 3115 3757 3188 llierony-

495 3227 614 3265 mus
639 3227 845 3281 quoque
869 3212 923 3264 in
963 3209 1216 3274 Ieremia,
1253 3211 1308 3262 in
1331 3225 1434 3278 quo
1467 3208 1761 3278 frequentes
1789 3205 2074 3274 transposi-

497 3306 666 3358 tiones
691 3312 741 3355 et
765 3303 1179 3373 permutationes
1222 3301 1596 3356 vaticiniorum
1623 3298 1934 3352 invenimus.
1965 3295 2074 3349 llo-

494 3413 618 3452 rum
649 3397 895 3452 omnium
947 3394 1282 3465 peramplam
1333 3392 1706 3447 collectionem
1738 3403 1840 3459 ope
1877 3405 2073 3441 mann-

495 3490 825 3559 scriptorum
865 3485 1096 3541 fecimus
1129 3506 1142 3538 :
1167 3484 1400 3539 Drusins
1426 3485 1760 3552 paucissima
1789 3481 1965 3536 aﬂ'ert.

567 3575 1160 3632 ln'l'hrenisJeremize
1212 3576 1382 3630 solius
1418 3575 1732 3644 Symmachi
1781 3574 2074 3627 editionem

496 3686 624 3726 eum
657 3669 798 3725 LXX
829 3671 1007 3740 posuit
1041 3666 1323 3738 Origenes,
1353 3679 1412 3721 ut
1440 3669 1554 3737 ipse
1599 3669 1653 3721 in
1684 3668 1922 3737 quadam
1947 3671 2075 3719 nota

495 3765 844 3820 testiﬁcatur.
891 3763 1002 3817 Cur
1053 3771 1232 3815 autem
1294 3761 1382 3815 hic
1413 3777 1520 3816 non
1575 3762 1792 3816 solitam
1851 3773 2074 3829 operam

500 3856 831 3928 prec-stiterit,
864 3856 955 3910 sed
988 3857 1238 3926 Aquilam
1266 3865 1320 3910 et
1345 3851 1774 3909 Theodotionem
1805 3852 2074 3917 omiserit,

495 3951 856 4020 coniectando
881 3951 1058 4004 solum
1086 3950 1265 4004 dicere
1300 3963 1593 4019 possumus
1623 3965 1634 3998 :
1666 3949 1792 4017 quia
1817 3947 2076 4000 nimirum

496 4038 715 4092 videbat
767 4037 906 4093 LXX
960 4039 1284 4107 Iuterpreles
1324 4053 1432 4090 non
1493 4036 1723 4090 delicere
1778 4052 1880 4105 pro
1927 4051 2078 4089 more

499 4143 625 4197 suo,
676 4133 789 4186 sed.
826 4146 950 4185 cum
1005 4130 1196 4199 Aquila
1240 4139 1295 4183 et
1344 4128 1716 4183 Theodotione
1763 4127 2074 4192 convenire,

498 4223 798 4276 asteriscos
828 4222 1145 4277 rarissimas
1175 4223 1381 4292 posuit,
1437 4221 1549 4274 imo
1583 4236 1760 4289 neque
1809 4221 2077 4276 editiones

501 4314 626 4369 illas
651 4314 717 4368 ad
753 4329 985 4383 quarum
1029 4313 1187 4367 ﬁdem
1235 4328 1358 4381 quae
1409 4312 1733 4366 deliciebant
1783 4328 1906 4367 eum
1933 4325 2077 4369 aste-

502 4406 664 4460 rlscis
685 4406 992 4476 supplebat,
1018 4421 1139 4476 qua:
1167 4403 1541 4459 redundabant
1585 4404 1743 4458 obelo
1775 4414 1961 4460 notare
1982 4421 2070 4460 so-

2177 3227 2302 3266 mus
2332 3210 2723 3264 Commentario
2749 3211 2804 3262 in
2835 3207 3133 3269 Dauielem,
3176 3223 3297 3275 cup.
3341 3223 3414 3269 tv,
3448 3225 3502 3261 v.
3539 3209 3612 3262 5:
3647 3206 3760 3261 Ea:-

2177 3304 2338 3373 ceptis
2372 3301 2526 3356 LXX
2583 3300 3016 3365 translatoribus,
3061 3303 3148 3370 qui
3200 3300 3310 3355 lucc
3357 3301 3536 3353 omnia
3585 3301 3760 3356 nescio

2177 3413 2283 3467 qua
2314 3397 2520 3448 ratione
2545 3395 2938 3463 prreterierunt,
2985 3403 3089 3447 tres
3120 3392 3329 3462 reliqui,
3371 3393 3637 3461 collegam
3674 3393 3760 3446 in-

2180 3489 2451 3556 terpretati
2479 3496 2619 3540 sunt.
2658 3484 2814 3539 Unde
2850 3486 3060 3553 judicio
3103 3486 3479 3553 magistrorum
3507 3483 3759 3539 Ecclesia!

2178 3580 2343 3633 editio
2373 3595 2553 3631 eorum
2584 3579 2637 3630 in
2664 3578 2758 3629 hoc
2785 3576 3044 3629 volumine
3072 3576 3350 3645 repudiata
3381 3585 3481 3638 est,
3510 3586 3560 3630 et
3592 3575 3759 3631 Theo-

2177 3670 2410 3724 dotionis
2469 3668 2622 3739 vulgo
2675 3667 2897 3738 legitur,
2934 3684 3050 3736 qua:
3081 3677 3130 3721 et
3174 3666 3416 3730 Hebrteo,
3465 3677 3514 3721 et
3552 3669 3757 3724 ueteris

2181 3762 2595 3817 translatoribus
2624 3759 2890 3825 congruit.
2929 3757 3029 3812 SS.
3091 3773 3310 3828 quoque
3343 3757 3532 3813 Patres
3558 3757 3754 3826 Graeci,

2177 3854 2623 3922 Chrysostornos,
2659 3848 3036 3903 Thcodoretus
3081 3858 3134 3903 et
3160 3849 3272 3916 alii,
3303 3850 3474 3904 solam
3507 3840 3759 3906 Theodo-

2179 3945 2344 3999 tiouis
2368 3944 2663 3998 editionem
2699 3957 2915 4010 semper
2945 3940 3178 3996 amarunt
3205 3957 3223 3995 :
3272 3941 3417 3996 unde
3449 3945 3653 3999 accidit
3699 3952 3759 3999 ut

2178 4035 2323 4089 LXX
2369 4035 2726 4104 interpretum
2779 4034 2945 4088 editio
2997 4033 3259 4098 Danielis,
3309 4047 3418 4091 tam
3470 4036 3624 4108 κοινὴ
3665 4038 3758 4092 illa

2179 4143 2343 4194 quam
2395 4127 2708 4196 hexapiaris
2764 4128 2832 4181 ab
2877 4126 3107 4198 Origene
3162 4128 3469 4196 emendata,
3530 4146 3758 4199 prorsus

2179 4221 2445 4284 interiret,
2469 4220 2714 4289 exceptis
2738 4219 3067 4288 quibusdam
3103 4220 3318 4277 laciniis
3353 4237 3476 4291 quae
3512 4221 3651 4276 infra
3703 4225 3755 4276 in

2182 4311 2504 4365 collectione
2533 4319 2718 4365 nostra
2747 4311 3125 4365 observantur.
3158 4311 3296 4367 Cum
3325 4313 3404 4365 ait
3433 4313 3598 4382 igitur
3633 4312 3759 4369 Ilie-

2181 4419 2444 4474 ronymus
2474 4403 2766 4458 editionem
2807 4404 3153 4474 hexaplarem
3186 4405 3239 4457 in
3269 4405 3525 4459 omnibus
3572 4405 3759 4461 Eccle-

503 4500 667 4565 lebat,
695 4515 726 4554 e
755 4501 974 4570 regione
1029 4499 1245 4553 locavit.
1303 4497 1404 4552 Hic
1452 4507 1634 4552 autem
1680 4498 1839 4568 longe
1892 4501 2077 4567 plures
2108 4501 2152 4556 D
2181 4496 2280 4550 siis
2306 4496 2470 4548 etiam
2524 4494 2838 4550 Graecorum
2897 4495 3023 4565 legi,
3061 4495 3330 4564 intelligas
3383 4505 3596 4564 oportet
3635 4512 3757 4550 eam

503 4591 1102 4663 Symmacbilcctiones
1156 4591 1389 4656 damus,
1445 4605 1609 4660 quam
1656 4587 1886 4644 Drusius
1936 4599 2080 4643 attu-

501 4685 663 4738 lerat.

574 4773 631 4828 ln
663 4772 944 4828 Ezechiele
972 4787 1070 4842 pro
1095 4787 1244 4827 more
1300 4771 1541 4840 ilexapla
1577 4773 1924 4826 concinnavit
1954 4770 2078 4827 Ori-

500 4880 691 4935 genes,
739 4877 805 4918 ac
863 4874 1122 4935 praeterea
1178 4863 1603 4933 quamplurima,
1627 4879 1748 4931 quae
1779 4864 1833 4917 in
1875 4867 1986 4927 τοῖς
2025 4867 2079 4918 0'

503 4955 852 5020 dellciebant,
888 4970 954 5009 ex
999 4952 1394 5019 'l'heodotione,
1443 4956 1739 5024 praemissis
1778 4960 2078 5026 asteriscis,

509 5045 768 5099 restituit.
810 5044 1016 5098 llorum
1052 5059 1217 5115 porro
1246 5056 1325 5098 tot
1346 5056 1603 5116 tantaque
1651 5062 1716 5100 ex
1749 5063 1881 5101 mss.
1917 5050 2080 5104 colle-

505 5138 707 5207 gimus,
737 5146 796 5190 ut
835 5137 901 5192 iis
931 5148 1264 5207 comparata,
1289 5153 1352 5193 ea
1382 5155 1504 5208 qua:
1542 5138 1769 5192 Drusius
1793 5139 1961 5194 edidit
1993 5144 2080 5195 ni—

505 5230 579 5285 hil
612 5245 747 5301 pene
769 5244 890 5283 esse
923 5230 1228 5282 videantur.

575 5321 716 5385 Ouid
741 5320 793 5372 in
830 5320 1050 5372 Danicle
1100 5318 1353 5388 przcstitit
1404 5317 1669 5388 Origenes
1699 5319 1858 5376 docet
1889 5320 2078 5377 lliero—

506 5426 704 5482 nytnus
721 5407 1043 5462 Pra-lationc
1072 5408 1122 5460 in
1155 5407 1428 5460 Danivlcm
1457 5425 1468 5460 :
1501 5406 1768 5461 Lectorem
1802 5409 2078 5472 admoneo,

507 5503 705 5572 inquit,
739 5500 1014 5554 Dauielem
1069 5516 1171 5552 non
1203 5501 1364 5568 juxta
1391 5499 1540 5554 LXX
1595 5498 1938 5568 Interpretes,
1989 5503 2080 5555 sed

509 5593 659 5646 iuxta
691 5591 1099 5647 Theodotionem
1132 5589 1400 5644 Ecdesias
1425 5591 1614 5662 legere,
1643 5594 1733 5661 qui
1765 5596 1941 5663 utique
1966 5603 2082 5662 post

505 5688 784 5739 adventura
818 5685 1017 5740 Christi
1043 5683 1344 5738 incredulus
1376 5685 1475 5752 fuit
1504 5699 1520 5734 :
1569 5687 1689 5738 licet
1723 5703 1836 5739 eum
1864 5689 2081 5756 quidam

507 5779 687 5831 dicunt
715 5777 1038 5847 Ebionttam,
1070 5780 1159 5849 qui
1191 5778 1359 5831 altera
1395 5794 1575 5847 genere
1600 5776 1823 5834 Judteus
1858 5793 1953 5834 est.
1978 5779 2079 5834 Sed

2182 4601 2293 4656 pra:
2325 4587 2580 4642 manibus
2603 4589 2850 4641 omnium
2883 4587 3125 4642 habitam
3183 4598 3238 4642 et
3278 4587 3528 4657 privatim
3561 4588 3754 4642 lectam

2181 4680 2374 4743 fuisse,
2412 4694 2523 4733 non
2589 4691 2768 4735 autem
2823 4680 2878 4734 in
2934 4680 3167 4749 publicis
3219 4681 3602 4744 conventibus,
3664 4682 3756 4736 ubi

2181 4771 2579 4827 Theodotionis
2630 4776 2798 4829 editio
2844 4775 3309 4843 utrachebatur,
3358 4773 3550 4827 saltem
3611 4773 3756 4842 apud

2181 4863 2420 4920 Gnaeos.
2447 4864 2520 4918 De
2549 4865 2852 4921 dim-rentia
2875 4883 3035 4937 porro
3063 4865 3454 4921 Hebraicorum
3481 4865 3756 4932 exempla-

2183 4957 2322 5010 rium
2359 4957 2428 5012 ab
2451 4957 2689 5011 editione
2716 4957 2825 5011 τῶν
2854 4958 2910 5011 0⁸
2937 4968 2990 5012 et
3010 4947 3419 5019 Theodotiouis,
3447 4956 3563 5012 haec
3596 4958 3763 5013 habet

2180 5046 2439 5118 Origenes
2465 5050 2622 5117 epist.
2653 5050 2718 5103 ad
2744 5050 3082 5104 Africanum.

2255 5141 2393 5194 Ἴσοι
2427 5142 2600 5194 τοίνυν
2624 5142 2759 5213 πρὸς
2781 5142 2912 5196 ταῦ-

2181 5248 2268 5293 τα,
2303 5233 2354 5283 τί
2392 5230 2497 5302 χρὴ
2531 5227 2676 5302 ἡμᾶς
2739 5234 2914 5304 πράτ-

2180 5340 2293 5376 τειν
2326 5324 2385 5375 οὐ
2428 5325 2554 5396 περὶ
2608 5324 2714 5376 τῶν
2775 5325 2915 5377 κατὰ

2183 5412 2471 5464 Σωσὰνναν
2523 5412 2703 5481 μόνον,
2729 5414 2786 5464 ὲν
2815 5413 2915 5481 μὲν

2181 5502 2262 5572 τῷ
2293 5503 2416 5557 καθ’
2468 5505 2737 5572 ’Έλληνας
2801 5505 2916 5558 Ἐλ-

2183 5595 2247 5666 λη
2253 5594 2385 5665 νικῷ
2408 5597 2720 5665 φερομένων
2742 5599 2799 5648 ἐν
2820 5597 2917 5649 πάυ

2187 5705 2255 5759 σῃ
2294 5688 2588 5760 Ἐκκλησίᾳ
2647 5689 2882 5759 Χριστοῦ
2899 5730 2914 5754 ,

2187 5781 2403 5854 παρὰᾶ
2422 5781 2691 5852 Ἐὖραίοις
2714 5782 2790 5855 μὴ
2814 5799 2920 5837 κει-

3093 5139 3247 5195 Scias
3272 5141 3455 5210 itaque
3499 5140 3565 5194 ad
3618 5141 3756 5205 hac,

3020 5233 3148 5302 quid
3173 5231 3329 5286 nobis
3361 5232 3634 5300 agendum
3685 5233 3757 5287 sit

3021 5342 3130 5380 non
3161 5326 3335 5380 solum
3374 5326 3426 5378 in
3451 5326 3518 5379 iis
3547 5341 3669 5395 qua:
3691 5327 3758 5379 de

3023 5417 3296 5482 Susanna,
3322 5418 3372 5469 in
3391 5416 3580 5471 Graeco
3611 5416 3755 5472 Grae-

3021 5525 3208 5565 corurn
3232 5508 3526 5578 exemplari
3555 5525 3649 5577 per
3671 5520 3755 5563 to-

3026 5612 3136 5656 tam
3191 5599 3396 5654 Christi
3456 5598 3759 5656 Eeclesiam

3021 5692 3494 5755 circumierentur,
3533 5705 3656 5759 qua
3677 5700 3759 5745 ta-

3025 5799 3148 5840 men
3173 5784 3312 5856 apud
3348 5781 3605 5840 Hebraeos
3651 5797 3758 5838 non
