4064 6262
293 349 382 405 los

287 464 469 541 μένων·
504 467 627 521 οὐδὲ
680 472 817 539 περὶ
877 467 1012 529 τῶν,

286 564 355 625 ὡς
396 561 651 629 ἔφασκες,
690 560 871 615 ἄλλων
919 561 1016 615 δύο

285 650 611 723 περικοπών,
652 650 764 705 τῶν
794 652 890 706 ἐπὶ
922 654 1013 706 τέ-

283 754 353 797 let
381 742 471 796 τοῦ
509 741 718 812 βιϐλίου
763 745 893 815 περί
951 762 1011 799 τε

282 835 380 887 τῶν
434 834 582 889 κατὰ
630 836 725 888 τὸν
778 835 887 906 Βὴλ
918 837 1011 890 καὶ

281 922 360 977 τὸν
377 924 647 996 δράκοντα
665 927 1013 998 ἀναγεγραμρ

280 1015 472 1085 μένων,
501 1017 613 1070 οὐδ’
649 1018 833 1072 αὐτῶν
858 1021 917 1072 ὲν
932 1037 1009 1089 τῳ

278 1107 467 1180 Δανιὴλ
542 1109 655 1163 τῶν
738 1111 1009 1182 Ἑϐραίων

282 1201 689 1273 γεγραμμένων·
732 1201 870 1256 ἀλλὰ
915 1204 1009 1257 καὶ

275 1298 396 1369 περὶ
459 1298 643 1353 ἄλλων
681 1301 916 1371 μυρίων,
972 1302 1007 1355 ἃ

274 1389 411 1442 κατὰ
482 1390 587 1461 τὴν
679 1391 1010 1461 μετριότητα.

273 1478 419 1552 ἡμῶν
503 1481 625 1544 τοῖς
698 1480 1010 1553 Ἑϐραϊκοῖς

271 1578 668 1646 συγκρίνει-ντες
746 1579 1011 1649 ἀντιγρά-

270 1686 383 1740 φοις
438 1670 511 1723 τὰ
546 1670 819 1742 ἡμέτερα,
878 1673 1009 1725 πολ-

268 1760 426 1832 λαχοῦ
470 1760 740 1834 εὕρομεν.
785 1764 874 1817 Ἐν
906 1764 1008 1835 μὲν

270 1858 365 1931 γὰρ
400 1858 555 1929 αὐτῷ
568 1858 648 1931 τῷ
662 1860 860 1932 Δανιὴλ
879 1862 1008 1933 περὶ

267 1951 357 2021 τῆς
390 1951 630 2023 καμίνου
657 1953 757 2023 τῆς
777 1954 1006 2024 καιομέ-

268 2060 352 2114 at};
381 2042 443 2095 τὸ
472 2043 883 2114 πεπεδημένοι
917 2046 1007 2099 εὖ-

262 2157 441 2211 ρθμεν·
485 2144 553 2197 ἐν
575 2143 633 2197 δὲ
666 2148 779 2208 τοῖς
810 2145 1006 2217 ἡμετέ-

265 2249 374 2303 ροις
409 2236 777 2306 ἀντιγράφοις
810 2255 1004 2307 περισ-

261 2332 480 2386 σεύοντα
510 2333 669 2405 παρὰ
697 2335 767 2387 τὰ
800 2336 859 2386 ὲν
884 2340 1002 2400 τοῖς

267 2424 579 2498 Ἕσραῖκοῖς
592 2428 697 2499 ἔπη
708 2429 809 2483 οὐκ
823 2430 1000 2500 ὀλίγα·

258 2512 329 2574 ὧν
367 2523 517 2594 ἀρχὴ
563 2524 709 2577 κατὰ
752 2524 852 2595 μέν
882 2542 1004 2579 τινα

256 2610 359 2665 τῶν
424 2614 754 2685 φερομένων
791 2616 850 2668 ὲν
884 2618 1003 2678 ταῖς

269 2705 626 2779 Ἐκκλησεαις
681 2705 753 2781 ἦν
800 2709 996 2774 οὕτως’

258 2802 664 2871 Προσηύεατο
706 2804 999 2871 Ἀνανίας,

257 2897 349 2951 καὶ
389 2894 694 2964 Ἀζαρίας,
752 2894 855 2951 καὶ
900 2898 1001 2951 Mt-

256 2988 437 3057 σαὴλ,
456 2988 563 3043 καὶ
585 2989 875 3057 ὕμνησαν
889 2988 998 3042 τὸν

256 3080 492 3148 Κύριον,
552 3079 665 3144 ἕως
721 3080 840 3134 τοῦ’
889 3082 1001 3134 Εὐ-

254 3176 481 3245 λοτσῖτε
496 3174 732 3243 πάντες
750 3178 805 3228 οι
827 3177 999 3231 σεϐό-

250 3280 416 3335 μενοι
447 3266 682 3333 Κύριον
709 3264 818 3319 τὸν
848 3266 998 3320 Θεὸν

252 3355 367 3409 τῶν
394 3355 575 3412 θεῶν·
606 3355 850 3427 ὑμνεῖτε
894 3358 994 3411 καὶ

251 3447 739 3519 ἐξομολογεῖσθε,
789 3448 879 3502 ὅτι
909 3452 997 3516 εἰς

252 3538 352 3593 τὸν
372 3540 566 3595 αιῶνα
601 3541 671 3594 τὸ
698 3540 872 3606 ἕλεος
898 3543 999 3596 αὐο

248 3638 372 3703 tau",
400 3638 503 3691 καὶ
543 3640 637 3703 εις
667 3638 775 3693 τὸν
806 3637 995 3692 αιῶνα

247 3727 361 3784 τῶν
401 3729 663 3784 αἰώνων.
718 3730 829 3785 Καὶ
873 3730 995 3801 ert-5:

246 3841 378 3881 mo
439 3829 515 3881 ἐν
600 3826 682 3892 τῷ
732 3827 995 3883 ἀκοῦσαι

250 3917 354 3971 τὸν
405 3917 689 3982 ,ϐασιλέα
740 3919 995 3986 ὑμνούν-

246 4029 359 4068 των
384 4015 620 4078 αὐτῶν,
661 4015 760 4069 καὶ
815 4014 989 4071 ἐθεώ-

241 4126 327 4179 ρει
350 4110 582 4177 αὐτοὺς
604 4109 844 4179 ζῶντας.
877 4112 993 4167 Κα-

243 4204 309 4257 τὰ
346 4204 403 4257 δὲ
450 4205 645 4273 ἕτεραι⁸
678 4204 791 4259 Καὶ
830 4220 993 4275 περι-

241 4294 510 4350 επάτουν
551 4296 628 4350 ἐν
663 4296 835 4367 μέσῳ
874 4297 988 4369 τῆς

242 4387 469 4457 φλογὸς
496 4387 841 4458 ὑμνοῦντες
881 4389 991 4443 τὸν

242 4480 407 4545 Θεὸν,
438 4480 547 4536 καὶ
589 4479 989 4550 εὐλογοῦντες

1322 424 1329 434 1
1490 352 1559 407 IN
1601 351 1931 408 IIEXAPLA
1963 353 2313 414 ORIGENIS.

1118 478 1377 524 exstant:
1426 487 1526 526 nec
1579 473 1756 528 solum
1794 474 1862 528 de
1892 475 1937 529 Δ
1963 475 2277 545 σεϐόμενοι
2324 477 2433 531 τὸν
2480 481 2702 548 Κύριον

1118 561 1240 616 aliis
1261 561 1477 620 duabus
1496 565 1855 631 sectionibus,

1116 663 1177 706 ut
1228 652 1390 719 dicis,
1445 672 1568 727 qua:
1643 658 1697 712 in
1750 658 1859 714 line

1114 742 1239 799 libri
1310 756 1440 801 sunt
1534 749 1820 821 descripta:
1839 792 1855 816 ,

1115 849 1313 906 nempe
1334 838 1400 893 dc
1420 837 1549 894 Belo
1571 850 1624 897 et
1645 842 1713 897 dc
1737 842 1858 899 dra-

1114 948 1296 990 cone:
1348 953 1473 1007 quae
1522 940 1729 1008 pariter
1799 942 1854 996 in

1113 1025 1383 1085 Hebraico
1415 1029 1654 1088 Danielis
1696 1040 1851 1090 textu

1112 1133 1223 1172 non
1286 1121 1504 1189 scripta:
1548 1131 1711 1189 sunt;
1757 1125 1853 1180 sed

1111 1221 1167 1267 et
1228 1212 1296 1267 de
1367 1214 1489 1268 aliis
1549 1216 1854 1273 innumeris

1109 1322 1235 1377 qua:
1296 1323 1397 1377 pro
1465 1309 1689 1365 modulo
1746 1327 1850 1366 no-

1112 1411 1229 1458 stro
1248 1445 1263 1470 ,
1288 1405 1417 1460 dum
1441 1406 1854 1474 exemplaribus

1112 1490 1358 1549 llebrmis
1401 1508 1852 1562 compararemus

1111 1601 1320 1651 nostra,
1377 1590 1627 1659 pluribus
1680 1592 1738 1645 in
1768 1592 1851 1646 lo-

1108 1689 1190 1745 cis
1232 1690 1560 1746 invenimus.
1608 1689 1744 1745 Nam
1792 1692 1847 1747 in

1110 1780 1235 1850 ipso
1266 1783 1507 1847 Daniele,
1541 1782 1635 1837 ubi
1661 1783 1729 1839 de
1752 1799 1847 1839 ca-

1109 1875 1261 1929 mino
1279 1875 1521 1939 ardentc,
1539 1874 1693 1939 illud,
1711 1892 1851 1930 com-

1105 1971 1323 2041 pedibus
1369 1972 1565 2035 cincti,
1640 1972 1851 2028 inveni-

1107 2078 1281 2129 mus;
1351 2068 1446 2119 sed
1515 2065 1571 2117 in
1644 2065 1851 2119 nostris

1106 2154 1513 2223 exemplaribus
1552 2194 1570 2218 ,
1653 2164 1850 2225 praeter

1104 2260 1169 2299 ea
1188 2260 1311 2315 quae
1327 2245 1380 2299 in
1396 2243 1681 2302 Hebraicis
1697 2254 1845 2311 sunt,

1108 2338 1388 2393 abundant
1465 2354 1655 2394 versus
1734 2354 1847 2394 non

1107 2431 1289 2500 pauci,
1318 2426 1557 2501 quorum
1589 2431 1806 2485 initium
1828 2470 1844 2496 ,

1107 2523 1408 2577 secundum
1432 2522 1706 2592 quaedam,
1724 2539 1848 2593 quae

1106 2615 1161 2668 in
1200 2613 1461 2669 Ecclesiis
1484 2624 1635 2679 sunt,
1658 2630 1847 2671 exem-

1104 2706 1300 2777 plaria,
1319 2706 1398 2762 sic
1423 2705 1658 2765 habebat
1686 2703 1849 2761 :Pre-

1102 2812 1255 2854 catus
1308 2809 1386 2856 es:
1456 2801 1735 2867 Auaniat,
1794 2810 1848 2858 et

1102 2894 1354 2960 Azarias,
1412 2904 1461 2948 et
1520 2892 1736 2959 Misael,
1794 2905 1847 2949 et

1101 2984 1454 3041 laudauerunt
1518 2983 1806 3040 Dominum
1826 3029 1843 3053 ,

1101 3096 1279 3151 usque
1305 3080 1371 3135 ad
1404 3080 1574 3136 illud:
1619 3080 1847 3135 Benedi-

1966 568 2069 617 τὸν
2128 566 2277 622 Θεὸν
2335 567 2453 624 τῶν
2526 571 2696 627 θεῶν.

1974 662 2229 730 Ὑμνεῖτε
2270 666 2370 719 καὶ
2419 666 2701 737 ἐξομολο-

1960 750 2183 820 γεῖσθε,
2228 754 2319 809 ὅτι
2350 760 2438 823 εἰς
2466 758 2699 827 πάντας

1960 846 2099 912 τοὺς
2124 846 2348 915 αἰῶνας
2404 850 2474 904 τὸ
2523 851 2698 921 ἕλεος

1960 937 2167 991 αὐτοῦ.
2235 940 2485 1010 Συνῆπτο
2533 942 2590 995 δὲ
2639 947 2697 995 ὲν

1958 1036 2074 1096 τοῖς
2116 1035 2425 1107 Ἑϐραϊκοῖς
2472 1038 2553 1092 ἰδ’
2584 1042 2697 1095 Καὶ

1959 1124 2015 1176 οι
2065 1122 2285 1192 ἆνδίες
2354 1124 2574 1182 ἐκεῖνοι
2640 1133 2698 1185 ol

1961 1214 2120 1281 τρεῖς
2162 1216 2414 1288 Σεδρὰχ,
2468 1221 2693 1291 Μισὰχ,

1970 1306 2303 1377 Ἆϐδενεγὼ,
2334 1311 2564 1365 ἔπεσον
2607 1316 2696 1382 εἰς

1952 1397 2148 1465 μέσον
2204 1400 2314 1454 τοῦ
2365 1402 2556 1472 πυρὸς
2599 1418 2697 1460 ποθ

1954 1493 2298 1565 πεδημένοιο
2360 1500 2422 1553 τό
2470 1518 2562 1553 τε·
2629 1501 2694 1556 '0

1947 1586 2250 1656 ,ϐασιλεὺς
2287 1595 2321 1645 ό
2350 1594 2694 1664 Ναϐυχοδο-

1952 1682 2140 1751 νόσορ
2201 1684 2529 1755 ἐθαύμασε,
2590 1691 2691 1745 καὶ

1951 1773 2179 1843 ἀνέστη
2205 1777 2275 1830 ἐν
2307 1779 2570 1850 σπουδῇ,
2594 1782 2693 1837 καὶ

1954 1863 2246 1936 ἀπεκρίθη
2277 1867 2380 1922 καὶ
2398 1865 2532 1924 εἷπε
2563 1871 2693 1942 τοῖς

1947 1959 2313 2029 μεγιστᾶσιν
2334 1965 2552 2021 αὐτοῦ.
2586 1966 2692 2021 Οὖ-

1951 2070 2030 2105 τω
2092 2054 2203 2126 γὰρ
2272 2057 2507 2121 Ἀκύλας
2566 2060 2690 2113 δου-

1950 2141 2124 2198 λεύων
2161 2148 2228 2218 τῇ
2281 2146 2545 2221 Ἐϐραῖκῇ
2605 2149 2693 2203 λέ-

1951 2234 2034 2302 ξει
2100 2237 2401 2295 ἐκδέδωκεν
2466 2240 2641 2296 εἰπὼν
2671 2281 2686 2305 ,

1951 2327 2361 2401 φιλοτιμότερον
2393 2349 2690 2386 πεπιστευ-

1953 2423 2114 2495 μένος
2168 2425 2321 2498 παρὰ
2403 2428 2690 2495 Ἰουδαίους

1948 2516 2355 2588 ήρμηνευκέναι
2392 2519 2490 2591 τὴν
2541 2521 2687 2595 Γρα-

1950 2605 2077 2678 φὴν,
2100 2600 2145 2675 ᾧ
2175 2608 2409 2678 μάλιστα
2433 2608 2688 2667 εἰώθασιν

1946 2700 1998 2751 οἱ
2055 2698 2380 2769 ἀγνοοῦντες
2433 2703 2537 2776 τὴν
2596 2705 2685 2757 'E-

1947 2795 2157 2867 σραίων
2214 2797 2496 2853 διάλεκτον
2548 2801 2688 2874 χρῆ-

1950 2893 2101 2959 σθαι,
2129 2894 2207 2958 ὠς
2235 2895 2457 2951 πάντων
2484 2897 2687 2968 μᾶλλον

1948 2990 2409 3065 ἑπιτετευγμένῳ.
2468 2993 2550 3047 Τὰ
2627 2995 2687 3052 δὲ

1948 3083 2079 3155 παρ’
2140 3084 2274 3154 ἡμῖν
2348 3084 2683 3157 ἀντίγραφα,

1100 3173 1202 3227 cite
1253 3188 1431 3227 omnes
1484 3173 1709 3227 colentes
1734 3171 1843 3228 Βο-
1869 3182 1913 3239 c
1946 3166 2023 3227 ὧν
2051 3174 2145 3229 καὶ
2170 3176 2268 3239 τὰς
2293 3175 2470 3241 λέξεις
2503 3177 2685 3242 ἑξεοέ-

1099 3268 1303 3321 minum
1363 3267 1529 3322 Deum
1577 3266 1837 3320 deorum:

1099 3359 1317 3415 laudate
1366 3368 1418 3413 et
1493 3357 1837 3425 conﬁtemini,

1097 3452 1345 3523 quoniam
1369 3452 1426 3505 in
1448 3450 1704 3505 sarculum
1736 3449 1839 3502 mi-

1096 3541 1387 3595 sericordia
1407 3540 1544 3610 ejus,
1567 3552 1618 3595 et
1644 3540 1702 3593 in
1734 3552 1839 3592 ιω·-

1098 3637 1275 3693 culum
1301 3635 1641 3692 testularum.
1674 3630 1744 3687 Et
1762 3632 1839 3702 fa-

1097 3740 1241 3784 ctum
1273 3738 1349 3783 est
1375 3741 1495 3782 cum
1511 3724 1720 3780 audiret
1744 3738 1837 3779 rex

1095 3822 1219 3876 illos
1285 3819 1601 3883 laudantes,
1660 3826 1714 3871 et
1761 3816 1834 3870 ui-

1094 3914 1237 3968 deret
1268 3927 1357 3965 eos
1384 3911 1631 3967 viventes.
1661 3908 1732 3963 At
1757 3922 1837 3965 se-

1093 4006 1336 4065 cundum
1393 4005 1500 4060 alia
1558 4003 1836 4073 exempla-

1093 4100 1218 4156 ria:
1257 4098 1326 4152 Et
1380 4097 1733 4152 ambulabant
1774 4096 1833 4148 in

1094 4193 1266 4247 medio
1281 4192 1535 4261 ﬂammae,
1548 4188 1830 4243 laudantes

1095 4284 1264 4339 Deum
1274 4293 1340 4350 ,el
1359 4280 1714 4337 benedicentes
1730 4278 1833 4333 Do-

1090 4383 1316 4445 minum,
1350 4394 1529 4449 usque
1564 4378 1632 4433 ad
1657 4374 1788 4432 illud
1812 4392 1828 4429 :

1084 4473 1390 4530 Benedicite
1433 4486 1612 4525 omnes
1662 4468 1830 4521 colen-

1948 3284 2079 3340 μην*
2143 3269 2206 3321 τὺ
2262 3269 2363 3339 μὲν
2416 3265 2485 3342 ἦν
2542 3271 2684 3325 κατὰ

1940 3378 2069 3426 τους
2091 3359 2233 3414 owe
2253 3361 2311 3415 δὲ
2335 3361 2521 3432 ἕτερον
2543 3363 2685 3417 κατὰ

1941 3451 2253 3505 Θεοδοτίονα
2274 3469 2286 3481 ·
2344 3453 2439 3505 καὶ
2488 3451 2680 3525 ὥσπερ

1940 3544 2075 3613 παρ’
2109 3543 2442 3615 ἀμφοτέροις
2500 3541 2680 3596 ἔκειτο

1937 3634 2001 3688 τὺ
2053 3633 2183 3706 περὶ
2210 3633 2310 3706 τὴν
2359 3634 2675 3700 Σωσάνναν,

1937 3731 2017 3795 ὡς
2045 3733 2111 3786 σὺ
2136 3733 2264 3804 φῂς,
2310 3732 2560 3803 πλάσμα,
2584 3733 2678 3788 καὶ

3450 374 3552 430 106

2811 483 2965 547 mini,
3002 488 3251 553 quoniam
3289 488 3343 540 in
3368 492 3549 544 omnia

2808 578 3005 631 sa'cula
3020 580 3384 636 misericordia
3410 583 3545 653 ejus.

2807 667 3246 727 Connectebatur
3268 686 3451 730 autem
3489 677 3544 732 in

2807 757 3051 818 Hebraeis
3117 761 3257 820 hoc:
3318 765 3389 821 Et
3439 776 3544 823 tres

2806 844 2890 904 illi
2938 855 3060 920 viri,
3122 853 3377 926 Sedrach,
3439 859 3549 916 Hi-

2804 948 2952 1015 sach,
3003 950 3281 1024 Abdenego
3301 997 3317 1019 ,
3344 958 3545 1011 cecide-

2806 1052 2928 1095 runt
2988 1045 3042 1099 in
3108 1048 3342 1101 medium
3404 1052 3544 1120 ignis

2804 1136 3001 1204 vincti;
3052 1151 3107 1199 ει
3155 1142 3261 1200 hoc
3328 1147 3541 1205 etiam:

2804 1249 2898 1288 rex
2925 1234 3416 1297 Nabuchodonosor
3439 1246 3543 1299 mi-

2803 1337 2954 1386 ratus
3059 1343 3175 1399 est,
3243 1346 3295 1390 et
3367 1354 3539 1394 surre-

2799 1424 2881 1476 xit
2940 1425 3292 1498 festinanter,
3336 1441 3387 1487 et
3457 1450 3543 1489 re-

2799 1518 3014 1585 spondit
3034 1558 3050 1583 ,
3113 1521 3355 1592 dixitque
3424 1543 3513 1580 ma
3534 1557 3541 1561 -

2798 1606 3045 1675 gnatibus
3088 1610 3222 1668 suis.
3270 1612 3363 1668 Sic
3389 1616 3536 1671 enim

2796 1698 3011 1767 Aquila,
3026 1697 3304 1761 llebraicze
3316 1689 3537 1764 lectioni

2798 1790 3063 1856 serviens,
3105 1793 3308 1863 edidit;
3368 1815 3535 1870 quem

2794 1883 2968 1940 Judzei
3019 1885 3362 1959 Scripturam
3411 1903 3530 1949 stu-

2792 1979 3005 2038 diosius
3112 1984 3530 2057 interpretatum

2790 2092 2913 2133 esse
2933 2080 3199 2138 credunt:
3251 2099 3364 2155 quo
3424 2102 3511 2141 ma

2793 2168 2939 2223 xime
2992 2171 3070 2225 uti
3111 2170 3291 2231 solent
3340 2174 3379 2230 ii
3434 2159 3531 2248 qui

2792 2256 3119 2317 llebraicam
3233 2264 3528 2324 dialeetum

2792 2349 3070 2422 ignorant,
3093 2364 3278 2428 utpote
3299 2358 3393 2430 qui
3420 2375 3534 2415 mn-

2792 2442 2941 2499 xime
2993 2447 3241 2502 omnium
3300 2466 3524 2507 sensum

2789 2545 3077 2594 assecutus
3095 2539 3187 2597 sit.
3216 2538 3414 2598 Nostra
3438 2558 3533 2598 an

2790 2634 2899 2682 tem
2971 2630 3323 2702 exemplaria,
3390 2650 3530 2705 quo-

2790 2728 2913 2770 rum
2963 2715 3127 2771 etiam
3158 2733 3320 2773 voces
3357 2735 3522 2790 expo-

2789 2807 2876 2863 sui
2900 2847 2918 2874 ,
3000 2808 3151 2865 aliud
3220 2812 3527 2870 secundum

2791 2898 3149 2972 Septuaginta
3198 2902 3531 2977 Interpretes

2788 3002 2943 3061 erat,
3008 2994 3158 3051 aliud
3220 3000 3523 3054 secundum

2793 3084 3224 3143 Theodotionem
3254 3106 3270 3144 :
3292 3098 3346 3146 et
3384 3084 3530 3147 δίοιιι

2790 3180 2934 3250 apud
2968 3189 3263 3252 utrumque
3284 3182 3527 3253 positum

2791 3273 3165 3343 reperiebatur
3230 3273 3363 3330 illud
3415 3273 3526 3331 Su-

2792 3377 2998 3430 sanna,
3054 3363 3204 3434 quod
3274 3364 3412 3420 dicis
3462 3365 3529 3420 ti-

2791 3462 3071 3526 gmcntum
3089 3495 3106 3519 ,
3158 3454 3235 3511 ita
3305 3466 3527 3525 queque

2785 3547 2912 3615 ista,
2940 3546 3214 3614 versibus,
3276 3556 3338 3605 ut
3386 3563 3525 3605 con-

2779 3637 2996 3708 jectura
3046 3637 3154 3695 dici
3183 3647 3381 3708 potest,
3416 3640 3523 3695 du-

2784 3732 2959 3789 centis
2977 3740 3033 3788 et
3054 3731 3310 3801 amplius.

1937 3824 1996 3877 αἱ
2026 3823 2333 3879 τελευταῖαι
2380 3828 2439 3879 ὲν
2498 3825 2578 3896 τῷ
2605 3823 2804 3898 Δανιὴλ
2871 3825 3170 3898 περικοπαὶ
3191 3863 3207 3889 ,
3257 3821 3403 3879 οὕτω
3429 3823 3526 3878 καὶ

1936 3917 2113 3971 ταῦτα
2142 3918 2202 3971 ὲν
2235 3917 2445 3983 ἔπεσιν,
2479 3918 2557 3982 ὡς
2584 3932 2876 3991 ποχασμῳ
2924 3918 3130 3983 εἰπεῖν,
3189 3917 3527 3987 τυγχάνοντα

1937 4006 2233 4073 διακοσίοις
2304 4010 2398 4064 καὶ
2442 4009 2600 4080 πρὸς.

2009 4189 2067 4245 In
2091 4189 2379 4246 duodecim
2413 4189 2720 4260 prophetis,
2753 4202 2865 4244 non
2899 4185 3065 4243 modo
3099 4200 3195 4242 sex
3234 4186 3523 4242 columna-

1933 4296 2060 4335 rum
2096 4295 2237 4351 opus
2259 4279 2555 4335 adornavit
2584 4276 2871 4350 Origenes,
2905 4278 3001 4334 sed
3044 4277 3211 4333 etiam
3240 4284 3353 4333 tres
3386 4276 3527 4333 alias

1933 4370 2227 4434 editiones,
2259 4370 2545 4438 Quintam,
2575 4369 2824 4435 Senam,
2855 4368 3156 4439 Septimum
3212 4368 3434 4438 adjecit,
3463 4378 3524 4425 ut

1932 4477 2003 4518 ex
2032 4478 2226 4520 eorum
2263 4461 2587 4535 fragmentis
2612 4462 2847 4533 sparsim
2896 4461 3089 4531 positis
3118 4460 3389 4532 liquidum
3415 4468 3522 4514 est.

1086 4581 1160 4626 tet
1188 4567 1481 4623 Dominum
1515 4564 1684 4617 Deum
1703 4560 1829 4615 deo-
1861 4561 1907 4618 D
1933 4552 2015 4610 Ex
2050 4554 2139 4610 bis
2195 4568 2365 4625 porro
2431 4554 2692 4610 omnibus
2744 4552 3101 4621 editionibus,
3153 4555 3342 4613 omnia
3384 4569 3528 4625 pene

240 4576 343 4625 τὸν
368 4572 639 4640 Κύριον,
696 4570 803 4634 ἓως
864 4571 981 4625 τοῦ·

236 4667 559 4739 Εὐλοτεῖτε
631 4665 855 4736 πάντες
926 4670 983 4723 οἱ
1082 4657 1466 4727 rum,laudatt
1514 4665 1564 4709 et
1601 4653 1821 4722 conﬁte-

1932 4663 2073 4718 nova
2108 4645 2467 4722 proferimus,

1372 4903 1756 4996 CAPUT
1828 4891 2431 4989 DECIMUM.

1005 5074 1098 5136 De
1150 5068 1327 5135 notis
1371 5065 1451 5130 ad
1501 5058 1790 5139 Hexapla
1834 5074 1935 5120 vel
1976 5050 2274 5132 Tetrapla
2303 5046 2768 5131 spectantibus.

236 5317 277 5372 Ι.
308 5316 541 5373 nam
559 5316 796 5382 cognitis.
819 5313 883 5367 ll.
907 5315 985 5368 De
1006 5314 1139 5364 notis
1156 5311 1435 5382 incognitis.
1464 5305 1549 5382 illi.
1577 5296 2604 5382 Errabant-LeontaPrjfgwuklgnzﬂgﬁlﬁn
2630 5298 2798 5345 00W“
2842 5305 2879 5343 οι
2941 5303 2982 5344 l"
3004 5289 3285 5353 signiﬁcare
3319 5292 3425 5339 tm
3449 5289 3527 5339 ἰδ’·

1164 5359 1438 5437 ιθινρῖοιεδ,
1466 5368 1715 5429 Aquilam,
1742 5359 2089 5427 Symmachum
2112 5367 2168 5411 et
2186 5359 2601 5410 Tbeodotionem.

731 5489 776 5544 ι.
811 5487 887 5543 De
921 5487 1060 5541 uotis
1106 5484 1350 5555 cognitis.

306 5587 367 5643 In
400 5580 807 5650 manuscriptis
847 5578 1130 5634 codicibus
1163 5570 1497 5646 pervetustis
1528 5569 1624 5639 qui
1657 5567 1835 5622 llcxa—

245 5677 450 5748 piorum
486 5675 761 5731 lectiones
784 5670 1105 5741 pmferunt,
1150 5675 1293 5723 noue
1351 5662 1602 5734 quaedam
1636 5675 1833 5715 occur-

248 5780 386 5835 rtnl,
421 5771 493 5824 ab
524 5768 625 5828 iis,
665 5773 726 5818 ut
755 5764 986 5829 videtur,
1014 5760 1355 5830 cxcogitatm,
1380 5754 1475 5825 qui
1500 5754 1622 5807 illas
1652 5750 1816 5806 lectio

248 5877 339 5917 nes
371 5857 979 5931 interpretationesque
1010 5862 1256 5907 veterum
1292 5851 1346 5905 in
1385 5845 1726 5917 marginibus
1747 5841 1836 5895 Bi-

563 5956 845 6016 Pt'rnOL.
892 5953 1008 6015 Gn.
1056 5952 1196 6014 XV.

1939 5471 2178 5527 bliorum
2204 5466 2629 5532 exscribebant;
2686 5463 2851 5534 idque
2878 5459 3185 5531 compendii
3232 5473 3422 5523 causa,
3454 5472 3520 5512 nc

1937 5564 2158 5619 easdem
2197 5576 2361 5617 voces
2391 5560 2634 5627 integras
2663 5556 2864 5627 sapius
2890 5564 3135 5625 repetere
3169 5558 3519 5623 cogerentur.

1938 5656 2141 5713 Earum
2168 5669 2332 5723 porro
2375 5660 2632 5707 notarum
2690 5645 3193 5719 interpretationem
3247 5654 3520 5709 nusquam

1942 5748 2248 5818 reperimus
2314 5743 2671 5814 descriptam,
2730 5744 2824 5796 sed
2876 5739 3135 5793 diuturna
3200 5732 3523 5790 tractatione

1939 5837 2439 5908 cxercitationeque
2464 5849 2599 5905 pene
2624 5832 2870 5890 omnium
2914 5828 3331 5900 explicationem
3367 5836 3514 5875 asse-

3244 5927 3282 5978 ιι
