4064 6262
500 355 599 408 107

1861 339 2016 396 PFUE
2028 338 2384 395 LIMINARIA

3683 340 3775 397 108

496 473 611 529 cuti
650 486 876 527 sumus:
919 469 1126 539 aliquot
1159 476 1341 523 tamen
1397 473 1692 535 supersunt
1728 479 1865 535 quas
1908 464 2081 519 inter-
2109 471 2151 525 Α
2186 472 2244 518 ut
2284 462 2490 517 dietum
2533 471 2617 517 est
2653 461 2828 531 capite
2870 459 2925 526 5,
2961 461 3127 515 editio
3172 459 3488 530 hexaplaris
3541 458 3648 512 τῶν
3702 460 3777 527 0‘,

500 565 707 636 pretari
742 561 947 618 frustra
978 561 1325 615 tentavimus.
1372 556 1413 610 E
1467 573 1526 612 re
1571 568 1754 611 autem
1784 553 1899 611 fore
1927 564 2085 625 puta-

502 656 682 710 vimus
750 669 847 709 eas
900 666 1091 707 omnes
1126 652 1214 705 hic
1262 649 1545 720 proferre:
1580 649 1759 719 primo
1798 648 1991 718 positis
2019 650 2086 702 iis

500 759 737 815 quorum
790 756 993 799 sensus
1019 741 1072 794 in
1106 739 1356 794 notitiam
1420 738 1589 802 venit,
1644 746 1921 806 postremo
1959 735 2084 789 aliis

499 854 623 910 quae
655 838 919 890 hactenus
948 836 1144 904 ignota:
1175 832 1334 886 nobis
1366 839 1514 886 sunt.

583 923 1141 993 Ἐξαπλᾶ,Ἠε,ταρια.
1184 921 1310 977 Haec
1343 937 1447 976 vox
1483 924 1565 977 sic
1594 922 1715 975 sine
1761 919 2087 989 compendio

499 1034 715 1088 semper
764 1017 1066 1073 scribitur:
1125 1016 1422 1085 aliquando
1477 1023 1659 1068 tamen
1722 1012 1948 1077 Ἐξαπλ.
1991 1026 2089 1081 per

497 1121 694 1164 omnes
736 1121 921 1172 casus,
976 1105 1105 1175 qui,
1160 1115 1222 1159 ut
1274 1105 1615 1173 plurimum,
1689 1118 1783 1172 per
1838 1101 2087 1172 praemis-

501 1215 624 1256 sum
735 1198 1027 1253 articulum
1106 1196 1464 1263 indicantur,
1520 1196 1587 1250 τὰ
1678 1195 1897 1260 Ἕξαπλ.
1976 1197 2087 1260 τοῖς

513 1292 737 1358 ⁹Εξαπ)..

575 1388 673 1439 Δπ.
704 1383 1019 1455 Τετραπλᾶ,
1067 1380 1338 1451 Tetrapla,
1384 1381 1489 1437 hac
1543 1396 1784 1452 persaepe
1830 1390 1960 1436 nota
1995 1396 2091 1448 per

501 1489 694 1528 omnes
723 1488 885 1528 casus
911 1470 1315 1543 signiﬁcantur.
1336 1469 1599 1541 Exempla
1627 1487 1735 1525 non
1770 1485 1943 1541 pauca
1967 1471 2092 1525 vide

501 1566 557 1619 in
594 1567 736 1620 libro
768 1564 893 1619 Job.
921 1564 1232 1633 Aliquando
1258 1563 1425 1619 etiam
1454 1564 1631 1619 solam
1658 1564 1896 1618 litteram
1921 1566 1961 1616 Δ
2010 1564 2087 1619 si-

501 1658 763 1729 gniﬁcare
787 1666 919 1728 puto
948 1655 1271 1730 Terpanldi'
1326 1656 1421 1711 sed
1469 1672 1557 1710 res
1591 1670 1700 1710 non
1745 1670 1925 1725 usque
1953 1656 2093 1712 adeo

501 1752 780 1821 explorata
814 1757 916 1805 est.
948 1747 1082 1804 Vide
1117 1764 1243 1819 qua:
1275 1765 1339 1804 ca
1390 1748 1459 1804 de
1512 1763 1573 1803 re
1610 1747 1856 1803 diximus
1888 1743 2087 1800 Ezech.

506 1860 617 1907 xvr,
650 1860 703 1898 v.
728 1843 762 1897 4
789 1850 843 1896 et
865 1841 957 1902 '50,
992 1842 1047 1895 in
1075 1841 1243 1895 notis.

574 1942 636 1989 Ο.
668 1938 731 1990 Ui
771 1934 1197 2005 Ἐὁδομήκοντα,
1224 1930 1576 2003 Septuaginta
1611 1929 1961 2000 Interpretes.

574 2032 640 2084 Α.
686 2025 936 2090 ’Λκύλας,
982 2025 1201 2095 Aquila.

572 2116 634 2171 C.
672 2113 1409 2185 Xdpuaxoq,'Symmachus.

572 2211 634 2263 Θ.
668 2207 979 2271 Θεοδοτίων,
1012 2205 1374 2262 Theodoiion.

573 2303 636 2356 E.
668 2298 903 2370 Πέμπτη
936 2298 1168 2363 ἔκδοσις,
1194 2296 1397 2364 Quinta
1428 2297 1615 2352 editio.

576 2395 668 2460 ς’.
695 2393 870 2463 Ἔκτη
904 2390 1137 2455 ἔκδυσις,
1164 2388 1331 2445 Sexta
1365 2390 1554 2446 editio.

574 2488 634 2539 Ζ.
679 2484 916 2554 Ἑϐδόμη
950 2484 1182 2547 ἐκδοσις,
1215 2482 1461 2553 Septima
1490 2482 1681 2537 editio.

573 2576 617 2647 ,ὲ
656 2587 709 2633 et
732 2579 824 2632 Δο.
866 2576 1079 2643 Λοιποί,
1114 2576 1328 2646 Reliqui
1380 2578 1723 2645 interpretes.
1761 2573 2091 2630 Ubi'adver-

506 2670 729 2724 tendum
758 2678 841 2722 est
877 2668 1020 2723 hanc
1050 2676 1235 2723 notam
1261 2668 1461 2738 apponi
1494 2666 1790 2735 aliquando
1817 2682 1944 2721 cum
1974 2680 2093 2719 om—

513 2776 612 2816 nes
639 2761 731 2815 alii
774 2760 1098 2828 interpretes
1125 2759 1179 2814 in
1205 2760 1460 2814 versione
1491 2775 1591 2815 sua
1626 2758 1986 2825 conveniunt,
2037 2764 2093 2810 et

507 2869 539 2907 ι
564 2851 717 2926 LXX,
737 2851 998 2906 diﬁ'erunt
1022 2870 1037 2905 :
1067 2850 1429 2920 similiterque
1457 2859 1580 2920 post
1606 2849 1823 2905 allatam
1858 2849 2088 2912 Aquila),

509 2944 826 3017 Symmachi
857 2945 940 2998 vel
975 2940 1372 2997 Theodotionis
1432 2941 1767 3007 lectionem;
1816 2941 1863 2995 si
1895 2941 2091 3010 reliqui

510 3040 838 3107 interpretes
885 3035 1006 3104 pari
1060 3037 1225 3091 modo
1277 3049 1403 3089 cum
1462 3031 1604 3087 LXX
1644 3033 2089 3102 interpretentur,

504 3130 639 3185 tunc
664 3132 957 3201 apponitur
978 3139 1105 3182 nota
1130 3125 1183 3195 ,ὲ
1211 3144 1225 3193 ;
1266 3142 1365 3181 nec
1400 3143 1527 3182 raro
1550 3126 1734 3190 etiam,
1784 3142 1910 3181 cum
1950 3142 2093 3181 unus

506 3224 735 3278 omnino
761 3222 941 3278 differt
969 3223 1040 3276 ab
1067 3221 1211 3284 aliis,
1246 3220 1426 3275 caeteri
1460 3229 1641 3275 autem
1682 3236 1905 3290 parvam
1933 3220 2091 3274 exhi-

505 3316 639 3371 bent
663 3330 859 3371 vocum
883 3314 1330 3384 discrepantiam,
1363 3321 1495 3368 tunc
1541 3314 1685 3367 enim
1730 3312 1971 3383 neglecta
2003 3311 2092 3365 illa

506 3408 655 3463 tenui
686 3409 983 3464 lectionum
1032 3407 1326 3470 varietate,
1390 3405 1557 3460 unius
1607 3404 1770 3460 lectio
1826 3402 2091 3467 affertur,

507 3499 845 3570 praecedente
881 3510 1010 3554 nota
1056 3506 1108 3570 ε,
1145 3497 1229 3552 vel
1258 3496 1337 3562 λο,
1373 3497 1520 3567 quod
1552 3512 1662 3550 non
1696 3496 1862 3551 semel
1885 3494 2095 3565 experti

506 3606 744 3647 sumus:
783 3604 1179 3659 nonnunquam
1243 3588 1411 3642 etiam
1475 3586 1699 3658 quando
1744 3586 1857 3641 duo
1908 3586 2093 3640 solum

506 3684 891 3749 consentiunt;
913 3684 997 3737 vel
1027 3681 1191 3737 etiam
1216 3696 1343 3736 cum
1367 3689 1531 3735 tenue
1554 3679 1695 3734 inter
1724 3679 1874 3749 ipsos
1905 3678 2093 3733 discri-

509 3791 633 3831 men
675 3774 987 3840 intervenit,
1050 3789 1158 3830 una
1209 3789 1311 3844 pro
1365 3774 1581 3828 duobus
1634 3772 1796 3827 lectio
1846 3773 2091 3841 ponitur,

507 3886 633 3924 cum
662 3878 789 3923 nota
816 3868 881 3921 Oi
903 3866 1101 3920 λοιποί.
1151 3863 1423 3920 Interdum
1456 3866 1583 3919 item
1602 3867 1651 3917 ot
1682 3865 1859 3918 λοιποί
1896 3864 2095 3919 dicitur

508 3959 734 4030 quando
764 3974 911 4014 unus
946 3966 1158 4012 tantum
1200 3958 1472 4027 interpres
1503 3957 1727 4012 allatam
1782 3958 2092 4012 versionem

510 4053 697 4115 habet,
720 4061 779 4106 ut
798 4050 1062 4106 exemplis
1085 4065 1229 4120 saepe
1261 4050 1616 4120 probavimus
1639 4051 1692 4105 in
1725 4049 1890 4120 hujus
1911 4050 2093 4120 Operis

508 4146 765 4200 decursu.

581 4240 644 4291 Oi
673 4238 747 4298 1",
772 4234 909 4291 Tres
932 4235 1276 4305 interpretes,
1314 4234 1522 4291 setlicet
1566 4236 1785 4305 Aquila.
1843 4234 2094 4308 Symma-

510 4328 649 4384 chus
668 4338 723 4383 et
748 4327 1072 4383 Theodotio.
1112 4326 1415 4382 Rarissime
1435 4329 1623 4395 etiam,
1665 4329 1756 4383 ubi
1792 4330 1875 4383 vel
1898 4328 2095 4398 Aquila

512 4425 598 4479 vel
627 4438 771 4478 unus
803 4439 870 4478 ex
901 4422 1100 4489 tribus,
1124 4420 1633 4491 interpretationem
1679 4420 1838 4476 habet
1869 4435 1902 4476 a
1951 4419 2093 4475 LXX

2190 557 2349 625 longe
2374 556 2587 610 diversa
2618 555 2826 609 eratab
2859 553 2948 608 illa
2981 554 3175 624 Κοινῇ,
3211 553 3284 608 ita
3312 561 3370 608 ut
3399 553 3564 608 etiam
3592 554 3643 606 in
3672 568 3777 606 ma-

2186 647 2489 715 nuscriptis
2530 645 2639 699 τῶν
2671 646 2751 710 0',
2784 645 3082 699 editionem
3118 644 3507 709 referentibus,
3543 644 3596 697 in
3642 660 3777 697 mar-

2188 739 2314 807 gine
2343 739 2392 790 οἱ
2416 739 2494 803 0',
2523 738 2680 806 quasi
2718 737 2992 792 diversam
3021 737 3249 791 omnino
3280 736 3776 806 interpretationem

2188 829 2457 884 habentes
2488 845 2517 881 a
2553 828 2733 883 fronte
2764 828 2928 882 variae
2962 829 3215 883 lectionis
3246 842 3389 898 sazpe
3418 838 3775 897 apponantur,

2189 936 2587 989 nonnunquam
2620 920 2744 983 soli,
2785 922 2877 975 sed
2910 920 3254 990 frequentius
3287 935 3412 974 cum
3463 920 3584 973 aliis
3617 920 3777 973 inter-

2188 1012 2433 1083 pretibus
2496 1013 2575 1067 sic
2607 1029 2619 1063 :
2655 1016 2731 1077 0',
2771 1012 2835 1075 Θ,
2874 1014 2957 1067 vel
2994 1013 3054 1078 Σ,
3097 1015 3173 1078 0',
3240 1012 3301 1073 Θ,
3363 1011 3447 1064 vel
3503 1013 3566 1077 A,
3611 1010 3673 1078 Σ,
3704 1010 3778 1074 0',

2188 1106 2250 1169 Θ,
2285 1106 2377 1159 ubi
2410 1105 2595 1159 littera
2652 1107 2708 1157 0’
2737 1106 3034 1159 editionem
3069 1104 3416 1173 hexaplarem
3451 1102 3559 1156 τῶν
3589 1106 3646 1156 0'
3704 1103 3778 1158 si-

2188 1196 2429 1268 gnificat.
2474 1198 2537 1250 Oi
2585 1199 2637 1249 A'
2675 1206 2854 1250 autem
2902 1212 3010 1252 non
3059 1196 3369 1264 signiﬁcare
3418 1194 3693 1265 Tetrapla,
3725 1204 3781 1250 ut

2189 1290 2501 1359 suspicatur
2531 1289 2763 1344 Brianus
2794 1289 3083 1343 Waltunus
3114 1289 3167 1341 in
3201 1288 3535 1357 Appendice,
3569 1303 3624 1357 p.
3658 1287 3776 1349 123,

2191 1381 2309 1451 ipse
2344 1380 2611 1435 articulus
2633 1381 2847 1450 probat.
2883 1376 3173 1448 Nunquam
3205 1380 3351 1433 enim
3380 1378 3585 1432 dicitur
3614 1380 3677 1431 Οἱ
3700 1395 3781 1431 τεο

2191 1471 2440 1541 τραπλοῖ,
2469 1473 2531 1523 Oi
2563 1470 2807 1536 ἑξαπλοῖ,
2841 1470 2934 1525 sed
2962 1472 3029 1523 τὰ
3058 1470 3370 1541 Τετραπλᾶ,
3414 1468 3484 1523 τὰ
3517 1466 3778 1535 Ἑξαπλᾶ.

2192 1564 2364 1633 Igitur
2398 1561 2861 1633 quemadmodum
2878 1563 2925 1613 oi
2954 1562 3027 1623 Ρ,
3046 1563 3095 1614 oi
3122 1563 3301 1633 Τρεῖς,
3332 1561 3382 1615 id
3404 1573 3514 1626 est,
3545 1560 3670 1617 Tres
3700 1563 3783 1616 in-

2194 1664 2465 1726 terpretes,
2484 1656 2564 1709 sic
2587 1664 2737 1719 nota,
2766 1656 2814 1707 oi
2844 1656 2919 1717 A',
2946 1656 2994 1707 οἱ
3016 1654 3309 1725 Τὲτταρες,
3336 1653 3581 1720 Quatuor
3619 1659 3781 1709 inter—

2193 1758 2364 1818 pretes
2408 1748 2703 1819 significat,
2751 1756 2807 1802 et
2834 1748 3077 1817 quidem,
3118 1757 3179 1802 ut
3202 1755 3411 1804 certum
3452 1747 3690 1814 videtur,
3720 1761 3786 1804 eo

2122 1822 2169 1882 Β
2197 1856 2309 1912 quo
2336 1855 2503 1910 supra
2526 1839 2768 1893 diximus
2798 1839 2981 1893 modo.

2266 1934 2333 1988 Π.
2370 1932 2496 1987 Haec
2517 1931 2694 1986 littera
2724 1930 2994 2002 signiﬁcat
3021 1930 3243 1994 πάντες,
3270 1931 3321 1984 id
3350 1940 3457 1996 est,
3490 1945 3683 1986 omnes
3706 1931 3789 1985 in-

2193 2034 2459 2095 terpretes
2493 2039 2639 2094 :qua
2683 2024 2749 2077 de
2778 2038 2837 2077 re
2874 2023 3021 2077 nulla
3072 2023 3184 2092 jam
3249 2033 3433 2093 potest
3480 2038 3602 2079 esse
3642 2022 3784 2078 ditii-

2194 2120 2406 2183 cultas;
2466 2115 2735 2186 siquidem
2800 2114 2892 2169 ubi
2936 2115 3106 2169 codex
3150 2114 3467 2183 Basiliensis
3498 2115 3544 2168 Π
3600 2115 3783 2179 habet,

2194 2210 2568 2266 Coislinianus
2596 2209 2802 2277 passim
2835 2209 3037 2271 πάντες
3061 2223 3319 2276 expresse
3346 2207 3525 2261 refert.
3550 2206 3788 2263 Joannes

2194 2302 2487 2358 Curterius
2518 2300 2845 2355 I’raefatione
2871 2301 2923 2355 in
2951 2298 3277 2369 Procopium
3312 2309 3465 2368 putat
3494 2300 3782 2369 legendum

2196 2396 2501 2466 Πάμφιλος,
2545 2394 2881 2463 Pamphilus,
2934 2408 3129 2462 nempe
3159 2404 3366 2463 martyr
3401 2392 3489 2447 ille
3534 2394 3626 2462 qui
3658 2408 3783 2448 cum

2194 2487 2434 2545 Eusebio
2486 2487 2743 2557 ilexaplis
2772 2486 3130 2542 emendandis
3164 2496 3216 2539 et
3250 2486 3590 2541 illustrandis
3619 2501 3788 2542 vaca—

2195 2582 2294 2635 vit.
2345 2580 2412 2634 Et
2459 2580 2678 2649 quidem
2735 2594 2932 2648 negare
2982 2591 3090 2631 non
3146 2578 3326 2632 ausim
3376 2577 3518 2633 hanc
3547 2577 3786 2633 litteram

2193 2673 2480 2744 Pamphilo
2513 2671 2803 2726 indicando
2831 2685 3219 2738 nonnunquam
3261 2669 3531 2739 deputari,
3560 2678 3619 2725 ut
3669 2670 3783 2743 Ὠρ.

2198 2767 2475 2835 Origenem
2522 2750 2961 2835 signiﬁcatjsed
3014 2760 3223 2815 nullum
3274 2761 3454 2816 adhuc
3491 2776 3555 2817 ea
3598 2761 3666 2816 de
3727 2778 3789 2815 rn

2195 2860 2545 2932 perspicuum
2594 2855 2903 2925 exemplum
2943 2854 3184 2910 occurrit
3226 2852 3384 2918 mihi,
3425 2854 3785 2924 quamobrem

2196 2968 2286 3007 res
2320 2951 2374 3005 in
2398 2950 2569 3048 dubi?
2591 2958 2862 3049 versatur.

2264 3050 2410 3120 Πχω
2432 3046 2573 3119 γεὶῇ
2610 3046 2707 3101 bid;
2757 3064 2839 3112 oo,
2872 3046 3070 3116 saepius
3127 3061 3255 3101 vero
3296 3047 3492 3116 legitur
3526 3064 3634 3099 παν
3686 3062 3788 3117 pro

2194 3143 2266 3196 Π.
2298 3139 2391 3195 lla:
2422 3150 2566 3194 nota:
2620 3154 2859 3208 persaepe
2911 3148 3212 3192 occurrunt
3264 3139 3317 3192 iu
3372 3139 3464 3192 lib.
3490 3136 3671 3193 Judie.
3717 3139 3788 3193 ad

2201 3247 2375 3301 marg.
2427 3232 2548 3284 eod.
2590 3228 2784 3294 Basil.,
2818 3239 2871 3282 et
2912 3229 3206 3298 aliquando
3260 3228 3343 3281 sic
3380 3226 3564 3300 διωρο.
3598 3245 3676 3282 ου.
3714 3227 3783 3283 Π.

2198 3339 2298 3392 χω,
2332 3335 2455 3390 qua:
2493 3320 2766 3374 interdum
2800 3319 3137 3387 conjunctim
3164 3317 3354 3388 posita:
3383 3327 3531 3382 sunt,
3562 3335 3671 3373 non
3702 3319 3790 3372 in-

2197 3414 2511 3482 frequenter
2536 3413 2699 3466 etiam
2726 3420 3069 3481 separantur.
3105 3410 3305 3464 Earum
3330 3425 3496 3481 porro
3520 3410 3789 3482 interpre-

2196 3507 2458 3561 tationem
2489 3505 2849 3576 conjectando
2880 3504 3132 3559 dedimus
3161 3504 3216 3558 in
3242 3514 3367 3558 nota
3391 3504 3455 3558 ad
3478 3502 3604 3558 Jud.
3626 3521 3665 3569 r,
3694 3504 3785 3566 14,

2200 3602 2273 3655 ita
2302 3608 2357 3652 ut
2386 3579 2521 3670 διῶρ
2548 3597 2815 3669 signiﬁcet
2844 3596 3151 3668 διώρθωσα,
3182 3597 3477 3659 curandam",
3526 3612 3637 3667 quo
3685 3612 3789 3667 pa-

2198 3706 2288 3746 cto
2317 3691 2515 3761 legitur
2560 3692 2614 3744 in
2647 3690 2891 3761 margine
2932 3690 3137 3745 codicis
3164 3688 3281 3743 RR.
3317 3687 3420 3743 PP.
3448 3687 3789 3745 Jesuitarum

2196 3777 2393 3833 Ezech.
2440 3795 2559 3848 cap.
2592 3796 2713 3844 xcv,
2768 3797 2817 3843 v,
2866 3780 2955 3845 12,
3014 3780 3086 3833 ita
3118 3786 3177 3833 ut
3216 3780 3361 3833 nulla
3394 3780 3541 3835 circa
3597 3790 3789 3834 notam

2198 3872 2341 3926 hanc
2377 3867 2665 3925 difﬁcultas
2699 3886 2988 3941 superesse
3012 3869 3277 3933 videatur,
3301 3886 3361 3922 ου
3396 3870 3663 3938 signiﬁcet
3693 3868 3791 3923 οὕ-

2197 3979 2324 4026 τως,
2362 3963 2461 4015 sic.
2505 3959 2602 4015 Ubi
2640 3968 2794 4017 notes
2827 3960 3024 4031 διωρθ.
3063 3974 3458 4029 nonnunquam
3494 3961 3619 4030 poni
3663 3960 3792 4017 sino

2196 4054 2491 4125 subjuncto
2527 4072 2586 4107 ου
2607 4073 2621 4083 ε
2658 4069 3004 4124 perspeetum
3033 4068 3164 4108 vero
3198 4053 3331 4107 mihi
3358 4052 3569 4107 videtur
3592 4051 3787 4125 διωρθ.

2197 4167 2281 4203 ου.
2334 4147 2651 4219 signiﬁcare
2704 4146 2992 4219 διώρθωσα.
3038 4144 3233 4211 οὕτως,
3280 4146 3548 4198 emendavi
3586 4146 3685 4212 sic,
3734 4156 3789 4201 et

2198 4258 2320 4311 cap.
2355 4257 2432 4306 ιι,
2459 4243 2514 4309 ὶ.
2564 4242 2653 4306 54,
2684 4239 2869 4311 διωρθ,
2893 4240 3172 4311 ἀγαπητὴ,
3199 4239 3487 4302 emendavi,
3508 4239 3787 4310 ἀγαπητὴ,

2196 4334 2414 4399 dilecta,
2457 4332 2584 4403 quia
2621 4332 2772 4401 prius
2808 4332 3087 4402 legebatur
3122 4331 3436 4400 μονογενής,
3488 4332 3785 4401 unigenita.

2198 4422 2336 4477 Nota
2371 4438 2501 4477 vero
2536 4423 2581 4475 Π
2607 4422 2875 4493 signiﬁcat
2908 4421 3049 4474 haud
3073 4420 3235 4474 dubie
3266 4420 3483 4486 πάντες,
3502 4436 3677 4473 omnes
3703 4421 3791 4475 itt-

511 4519 812 4581 diversam,
844 4525 899 4581 et
945 4512 1088 4569 LXX
1116 4529 1242 4568 cum
1294 4513 1419 4569 aliis
1462 4514 1681 4569 duobus
1733 4514 2089 4580 conveniunt,
2126 4529 2171 4584 ι)
2201 4524 2474 4586 terpretes,
2517 4524 2576 4569 ut
2617 4530 2683 4568 ex
2717 4514 3045 4583 supradictis
3101 4512 3368 4580 liquidum
3418 4522 3502 4566 est
3540 4529 3552 4565 :
3586 4526 3687 4582 χω,
3731 4512 3790 4566 id

512 4620 650 4666 tunc
700 4613 751 4663 ot
805 4608 858 4661 1"
919 4606 1229 4679 signiﬁcare
1273 4612 1505 4676 possunt
1533 4601 1676 4659 LXX
1709 4617 1765 4660 et
1792 4606 1932 4660 duos
1956 4605 2095 4661 alios

514 4701 761 4758 eamdem
779 4700 1069 4755 lectionem
1086 4698 1381 4763 habentes;
1400 4698 1544 4768 quod
1565 4709 1898 4767 postremum
1910 4707 2096 4754 tamen

513 4795 858 4865 exploratum
880 4792 1063 4847 adhuc
1090 4806 1199 4845 non
1233 4799 1337 4845 est.
1365 4787 1597 4843 Brianus
1624 4788 1917 4845 Waltonus
1941 4797 2098 4861 putat

516 4896 701 4941 notam
760 4886 810 4938 oi
852 4885 905 4937 Ρ
937 4883 1076 4939 alios
1131 4893 1245 4938 tres
1302 4884 1627 4952 interpretes
1676 4883 1941 4945 indicare,
1985 4897 2095 4937 non

520 4973 794 5043 Aquilam,
835 4969 1070 5043 Symm.,
1118 4978 1173 5027 et
1229 4967 1524 5035 Theodot.,
1564 4973 1658 5028 sed
1707 4988 1775 5027 ne
1826 4973 2098 5043 probabili

519 5067 736 5139 quidem
773 5067 988 5120 ratione
1014 5066 1233 5133 ductus,
1258 5076 1319 5121 ut
1351 5067 1489 5123 infra
1518 5069 1857 5137 probabitur.

588 5158 651 5209 Οἱ
683 5158 757 5219 Δ’,
792 5155 1037 5222 Quatuor
1074 5157 1419 5228 interpretes.
1469 5158 1594 5214 iirec
1646 5170 1770 5213 nota
1813 5160 2100 5217 aliquoties

520 5249 758 5303 occurrit
797 5249 850 5303 in
892 5245 1112 5311 Hesaia,
1152 5257 1211 5302 ut
1246 5264 1365 5318 cap.
1417 5239 1495 5313 ﬁ,
1539 5252 1590 5321 ᾗ.
1632 5252 1717 5315 14,
1762 5251 1855 5305 ubi
1888 5252 1956 5305 ad
1986 5252 2102 5307 haec

520 5341 786 5395 Hebraiea
815 5340 997 5403 verba,
1017 5349 1191 5399 tvm-1
1215 5351 1332 5407 te“,
1365 5341 1561 5410 legitur
1594 5343 1735 5412 apud
1770 5342 2099 5409 Curterium,

520 5433 583 5485 υἱ
615 5433 686 5495 A',
718 5427 878 5493 αὑτός
904 5432 1137 5502 κεφαλή,
1161 5430 1252 5486 ubi
1285 5433 1337 5485 in
1364 5429 1503 5484 LXX
1534 5432 1790 5487 editionis
1821 5430 2101 5499 Romanae,

521 5523 656 5592 αὕτη
685 5523 717 5591 ἡ
749 5521 910 5593 ἀρχή.
960 5520 1061 5575 llic
1097 5531 1277 5576 autem
1321 5524 1384 5577 υἱ
1418 5524 1471 5574 Δ¹
1506 5537 1613 5576 nou
1643 5522 1833 5576 dubito
1865 5523 1996 5592 quin
2029 5524 2105 5576 si-

518 5617 777 5688 gniﬁcent
806 5626 1041 5683 quatuor
1057 5614 1276 5670 Gnaeos
1300 5616 1622 5686 interpretes
1640 5618 1734 5687 qui
1756 5618 1808 5670 in
1846 5616 2105 5687 Hexaplis

517 5717 885 5775 erantnempe
910 5708 996 5771 A.,
1017 5707 1098 5771 Σ.,
1123 5708 1199 5769 0⁸,
1229 5707 1289 5759 Θ.
1321 5707 1500 5761 Altera
1533 5722 1658 5762 vero
1684 5710 1864 5767 lectio.
1900 5709 2038 5780 αὕτη
2068 5712 2102 5780 ἠ

520 5798 659 5866 ἀρχῇ
722 5805 834 5853 erat
861 5795 960 5863 τῆς
997 5796 1219 5867 Κοινῆς,
1247 5812 1341 5852 seu
1367 5794 1606 5867 Vulgata
1638 5798 1912 5854 editionis.
1944 5798 2105 5869 Nam,

2194 4619 2298 4678 est,
2328 4618 2389 4664 ut
2428 4624 2652 4679 prorsus
2695 4607 2969 4671 existimo,
3017 4605 3207 4677 χωρίς,
3249 4606 3557 4672 separatim.
3613 4604 3692 4660 Ita
3727 4615 3795 4661 ut

2198 4702 2280 4757 ha:
2325 4712 2466 4756 nota:
2492 4687 2624 4769 διῶρ
2655 4716 2739 4765 oo,
2766 4700 2834 4751 Il.
2861 4718 2960 4770 χω,
2986 4699 3099 4754 sive
3120 4698 3476 4767 eonjunctim,
3501 4699 3615 4754 sive
3634 4714 3796 4768 sepa-

2199 4793 2359 4848 ratim
2392 4793 2605 4862 posiae,
2641 4790 2948 4860 signiﬁcent
2995 4789 3266 4843 emendavi
3298 4788 3395 4855 sic,
3429 4803 3605 4843 omnes
3628 4804 3793 4859 sepa-

2198 4886 2381 4950 ratim,
2411 4886 2463 4939 id
2494 4893 2598 4949 est,
2628 4899 2820 4938 omnes
2852 4886 3175 4952 interpretes
3217 4882 3511 4952 separatim
3555 4884 3792 4951 spectati

2201 4979 2281 5034 sic
2304 4978 2524 5032 habent.
2550 4976 2671 5030 Dixi
2708 4977 2759 5027 in
2788 4983 2915 5029 nota
2938 4972 3062 5030 Jud.
3100 4990 3221 5045 cap.
3248 4990 3286 5040 ι,
3320 4976 3372 5046 ᾖ.
3398 4974 3487 5040 14,
3519 4973 3793 5030 editiones

2205 5071 2495 5140 separatim
2531 5069 2616 5123 vel
2665 5069 2896 5125 seorsim
2933 5067 3162 5138 positas,
3202 5083 3308 5121 non
3338 5082 3435 5124 eas
3480 5067 3794 5137 signiﬁcare

2202 5178 2324 5231 quae
2358 5164 2411 5216 in
2445 5160 2700 5231 Hexaplis
2744 5162 2934 5230 positae
2956 5170 3133 5226 erant,
3176 5160 3267 5214 ubi
3301 5160 3513 5229 aliquot
3549 5159 3793 5216 fortasSe

2205 5254 2542 5308 mutationes
2580 5252 2806 5307 invecta:
2842 5252 3078 5317 fuerant,
3116 5252 3210 5306 sed
3239 5267 3335 5307 eas
3365 5267 3486 5322 qua
3520 5254 3794 5321 separatis

2204 5345 2259 5398 in
2294 5345 2450 5398 libris
2477 5343 2765 5413 descripta:
2788 5355 2975 5407 erant;
3006 5358 3195 5397 verum
3227 5357 3286 5396 re
3317 5342 3629 5412 diligentius
3655 5358 3794 5399 exa-

2206 5438 2432 5498 minata,
2464 5435 2817 5490 verisimilius
2856 5451 2977 5490 csse
3005 5444 3137 5505 puto
3166 5450 3260 5488 eas
3285 5435 3433 5503 ipsas
3451 5449 3575 5503 qua:
3595 5433 3647 5486 in
3683 5430 3795 5487 He-

2209 5530 2386 5599 xaplis
2418 5528 2705 5598 descripta:
2730 5538 2887 5581 erant
2922 5528 3008 5582 hic
3036 5528 3283 5582 indicari.
3313 5526 3413 5581 Vix
3438 5530 3582 5580 enim
3601 5528 3795 5581 crede-

2206 5635 2319 5673 rem
2351 5618 2605 5673 librarios
2637 5627 2690 5672 ct
2711 5617 3035 5671 seholiaslas
3061 5619 3154 5694 qui
3189 5617 3489 5682 notas,illas
3517 5617 3791 5686 margina-

2207 5710 2285 5764 les
2323 5711 2663 5771 iuvexerunt,
2714 5718 2909 5779 praeter
2960 5709 3220 5780 liexapla,
3273 5712 3341 5764 ad
3377 5725 3597 5764 manum
3623 5708 3787 5764 etiam

2210 5803 2467 5859 habuisse
2503 5802 2769 5860 editiones
2806 5812 3089 5873 separatas
3123 5802 3518 5873 distinctasque
3558 5799 3787 5872 Aquila,
