4064 6262
292 330 385 385 109

1532 347 1596 401 IN
1637 346 1964 403 HEXAPLA
2004 346 2348 407 ORIGENIS.

3460 371 3563 430 HO

289 452 593 524 Symmachi
660 470 719 513 et
768 457 1179 520 Theodotionis.
1238 465 1437 523 Vocem
1508 480 1690 525 autem
1767 491 1845 542 χω

1977 469 2171 539 Aquila
2230 472 2312 526 vel
2368 472 2753 545 Symmachus,
2806 481 2886 534 vel
2918 480 3220 541 Theodotio
3264 503 3389 542 cum
3417 490 3560 549 LXX

286 546 382 618 ρις,
409 552 733 620 separatim,
761 554 887 610 ideo
910 559 1229 626 apposuisse
1254 562 1504 617 videntur
1529 574 1586 619 ut
1606 567 1875 623 editiones
1980 576 2289 620 consonant
2318 577 2371 621 et
2416 568 2701 625 lectionem
2729 572 2931 629 habent
2957 578 3201 633 eamdem
3237 597 3358 649 qua:
3391 584 3443 637 in
3480 594 3561 641 te-

284 640 395 696 illas
426 643 795 714 interpretum
829 650 1228 722 distinguerent
1258 672 1289 710 a
1323 658 1649 716 lectionibus
1677 677 1870 717 eorum

280 747 395 803 qua!
426 733 478 789 in
503 735 759 795 editione
805 742 917 797 τῶν
944 748 999 795 0'
1032 746 1309 816 hexaplari
1340 765 1463 804 cum
1494 754 1771 811 asteriscis
1795 755 1872 810 in-

1979 663 2076 708 xtu
2108 656 2215 709 τῶν
2248 658 2306 710 0'
2338 660 2553 729 legitur,
2588 662 2642 715 in
2674 666 2918 733 margine
2948 668 3206 722 scribitur
3238 672 3303 723 Α.
3338 673 3400 725 τὸ
3429 673 3558 739 ἔσω.

1979 747 2038 800 Σ.
2076 749 2136 799 τὸ
2185 747 2313 813 ἔσω,
2350 751 2403 804 id
2434 762 2541 818 est,
2571 754 2766 823 Aquila
2797 757 2879 809 vel
2923 756 3284 828 Symmachus
3325 764 3560 835 idipsnnt

280 832 427 878 serta:
452 822 702 893 fueram,
728 847 850 900 qua:
878 833 1137 890 lectiones
1159 852 1265 891 non
1294 839 1404 907 jam
1440 846 1871 911 “pm-minusca
1978 836 2204 905 habent,
2254 843 2402 910 quod
2451 843 2598 899 intus
2626 846 2739 899 sive
2770 847 2823 900 in
2854 858 2999 903 textu
3041 851 3253 920 legitur.
3294 852 3565 913 Peculiari

277 912 610 983 conjunctim
679 935 807 974 cum
862 922 952 976 illa
1019 925 1161 980 LXX
1220 927 1580 999 ιιηονρνθιωη
1633 936 1873 994 editione
1977 941 2158 983 autem
2187 932 2349 987 modo
2373 943 2595 989 notatur
2631 936 2807 1006 lReg.
2845 956 2970 1005 xxv,
2998 912 3210 1007 51,vubi
3244 944 3470 1003 Coislin.
3507 912 3562 1003 in

277 1007 667 1075 spectabantur
695 1030 708 1065 :
737 1012 868 1067 illud
894 1031 1022 1071 vero
1050 1017 1163 1087 jam
1198 1023 1354 1089 quasi
1379 1038 1479 1092 pro
1505 1037 1656 1080 certo
1688 1036 1744 1081 et
1771 1045 1869 1083 cx-

276 1096 482 1167 plorato
526 1100 734 1158 habeo.
794 1103 864 1159 Ut
916 1109 982 1163 ad
1038 1112 1380 1179 supradictas
1441 1116 1599 1173 nota's
1648 1113 1867 1175 redeam

274 1186 390 1244 Jud.
419 1206 457 1253 t,
488 1206 545 1245 v.
571 1192 671 1260 21,
706 1195 799 1250 ubi
826 1198 881 1251 in
918 1193 1067 1255 textu
1097 1203 1290 1270 legitur
1313 1206 1779 1282 ὲκληρονόμησαν,
1813 1215 1867 1267 in

274 1285 513 1365 margine
561 1288 781 1371 codicis
816 1288 1133 1350 Basiliensis
1164 1295 1360 1366 legitur
1392 1298 1614 1371 ὲξῇραν,
1654 1313 1707 1358 et
1740 1321 1867 1361 mox

274 1376 525 1444 adjicitur
548 1364 692 1448 πᾶν,
720 1381 773 1436 id
797 1393 902 1447 est,
927 1401 1101 1441 omnes
1124 1390 1199 1443 sic
1221 1364 1432 1453 habent,
1458 1364 1658 1466 ἓξῇρᾷν
1678 1398 1869 1454 videli-

271 1478 370 1534 cet,
392 1479 445 1524 et
474 1471 560 1527 sic
594 1488 748 1543 saepe
786 1475 895 1531 πᾶν
928 1480 1105 1534 solum
1128 1484 1368 1552 ponitur.
1402 1485 1468 1540 Et
1489 1503 1541 1543 v.
1566 1488 1658 1551 27,
1693 1492 1783 1546 ubi
1809 1494 1865 1549 in

271 1566 413 1613 textu
442 1558 777 1621 Basiliensis
818 1566 1016 1639 legitur
1045 1570 1226 1643 ἐξῇρε,
1286 1575 1341 1629 in
1380 1592 1553 1648 marg.
1608 1580 1861 1649 habetur,

268 1650 700 1726 ἐκληρονόμησε,
717 1673 842 1714 cum
863 1662 1151 1731 subjuncta
1175 1676 1325 1734 nota,
1344 1685 1503 1725 παντ.
1524 1689 1621 1741 χω.
1641 1673 1864 1741 πάντες

268 1746 458 1812 χωρίς,
483 1763 599 1817 qua
630 1750 973 1820 signiﬁcatur
997 1770 1190 1812 omnes
1221 1758 1543 1830 interpretes
1569 1770 1860 1834 separatim

266 1834 318 1889 in
343 1837 624 1895 coiumnis
662 1844 784 1899 suis
829 1856 1121 1916 spectatos,
1165 1851 1601 1927 ἐκληρονόμησεν
1641 1859 1862 1929 habere,

263 1937 317 1984 et
352 1930 431 1986 sic
475 1932 783 1991 identidem
814 1940 1007 1995 eadem
1040 1953 1163 1997 nota
1195 1962 1353 2000 παντ.
1390 1966 1491 2019 χω.
1526 1952 1766 2019 ponitur.
1798 1954 1865 2013 Et

264 2034 381 2091 cap.
426 2038 493 2087 ll,
535 2042 591 2078 ν.
621 2029 680 2094 9,
734 2028 789 2083 in
829 2038 978 2085 textu
1011 2033 1255 2103 ejusdem
1302 2038 1510 2094 codicis
1552 2041 1769 2113 legitur,
1807 2048 1865 2099 ὲν

264 2114 646 2191 Θαμναθαρές,
673 2122 764 2175 ubi
789 2123 855 2177 ad
887 2126 1187 2197 marginem
1213 2127 1443 2184 habetur
1487 2132 1649 2189 πάντ.
1679 2152 1763 2189 ου.
1793 2137 1865 2191 ἐν

264 2208 666 2279 θαμναθαρές,
711 2229 834 2283 qua:
864 2225 1009 2271 certe
1034 2219 1168 2273 nihil
1204 2220 1351 2274 aliud
1391 2222 1701 2293 signiﬁcare
1734 2244 1864 2297 pos-

264 2310 587 2370 suntquam
621 2318 816 2360 omnes
853 2308 933 2362 sic
965 2308 1165 2365 habere
1207 2315 1265 2365 ἐν
1295 2316 1676 2390 Θαμναθαρές.
1715 2320 1863 2376 Lon-

265 2406 325 2458 ge
344 2391 687 2450 difﬁciliores
723 2398 992 2467 explicato
1027 2411 1156 2457 sunt
1181 2406 1300 2459 aliae
1324 2417 1465 2461 nota
1497 2411 1621 2464 eod.
1650 2427 1769 2484 cap.
1805 2429 1857 2480 v,

268 2483 348 2549 15,
372 2484 464 2539 ubi
492 2488 562 2541 ad
593 2487 752 2552 illud,
781 2490 861 2561 τῷ
885 2491 1054 2557 Βαάλ,
1076 2495 1273 2565 legitur
1298 2499 1401 2553 hac
1424 2498 1620 2557 forma.

868 2584 929 2638 0'.
965 2584 1076 2657 τῷ.·
1092 2588 1138 2641 ὁ.
1172 2592 1261 2661 τῇ.

867 2678 918 2732 ό.
954 2698 1057 2750 χω.
1086 2680 1139 2735 θ.
1168 2700 1250 2736 ου.

330 2762 434 2819 Ubi
468 2767 625 2837 prior
664 2779 791 2827 nota
837 2773 981 2828 haud
1015 2776 1177 2831 dubie
1211 2778 1483 2848 signiﬁcat
1524 2782 1857 2841 Tbeodotio-

264 2870 380 2911 netu
403 2858 610 2931 legere,
634 2863 713 2934 τῷ
739 2866 907 2935 Βαάλ,
932 2866 1074 2922 LXX
1108 2886 1239 2926 vero
1265 2876 1331 2945 τῇ
1366 2874 1531 2930 Βαάλ.
1556 2876 1694 2932 Nota
1724 2895 1855 2934 vero

263 2960 494 3017 sequens
527 2969 657 3023 quae
679 2956 759 3011 sic
785 2962 1081 3027 exponitur
1110 2966 1173 3015 0.
1205 2967 1394 3037 χωρίς.
1424 2967 1469 3019 θ’
1500 2968 1692 3033 οὕτως,
1721 2974 1854 3040 quid

262 3040 359 3094 sibi
388 3043 523 3098 velit
553 3060 661 3100 non
684 3050 819 3104 satis
850 3051 1114 3125 intelligo.
1149 3053 1275 3110 Haec
1307 3072 1437 3112 vero
1480 3070 1609 3115 nota
1647 3064 1851 3133 passim

1976 1026 2127 1073 textu
2160 1021 2270 1077 τῶν
2297 1025 2374 1090 0',
2402 1010 2705 1099 βδέλυγμός
2735 1030 2809 1085 ita
2841 1033 3057 1101 punctis
3089 1045 3336 1091 notatum
3365 1040 3561 1105 habet;

1972 1106 2027 1161 in
2050 1113 2295 1183 margine
2316 1131 2441 1171 vero
2461 1119 2526 1173 Δ.
2558 1119 2621 1175 Θ.
2645 1120 2709 1173 τὸ
2731 1121 2859 1187 ἔσω,
2893 1123 2943 1176 id
2970 1133 3077 1196 est,
3104 1127 3299 1196 Aquila
3319 1140 3373 1182 et
3392 1128 3563 1184 Theo-

1972 1200 2123 1257 dotio
2156 1206 2359 1263 habent
2389 1226 2451 1265 ea
2498 1228 2621 1281 quae
2644 1212 2810 1278 intus,
2848 1214 2962 1269 sive
3001 1217 3055 1269 in
3092 1229 3236 1271 textu
3265 1230 3413 1285 sunt,
3448 1237 3559 1277 non

1972 1303 2155 1350 notata
2179 1302 2417 1367 punctis,
2446 1319 2640 1374 nempe
2669 1306 2896 1377 λυγμὸς.
2932 1306 2998 1362 Ει
3026 1325 3154 1365 vere
3186 1311 3277 1365 alii
3297 1328 3431 1368 mss.
3462 1314 3560 1370 ha-

1970 1384 2200 1469 bent‘A.
2232 1390 2296 1446 ελ
2330 1393 2558 1466 λυγμὸς,
2596 1398 2881 1469 singultus.

1989 1510 1993 1514 ’
2188 1505 2399 1564 Hcsaiae
2428 1528 2539 1578 xiv,
2564 1512 2693 1577 v.6,
2723 1522 2779 1568 et
2812 1513 2940 1568 alibi
2962 1530 3103 1587 saepe
3138 1518 3408 1589 signiﬁcat
3431 1517 3556 1576 Ori-

1966 1617 2151 1669 genes,
2202 1612 2261 1656 ut
2321 1604 2561 1660 diximus
2631 1607 3051 1680 Palteographite
3106 1612 3305 1668 erca:
3330 1631 3383 1685 p.
3424 1616 3556 1674 29.5.

1965 1692 2206 1752 Joannes
2233 1695 2521 1753 Curterius
2545 1699 2695 1754 illam
2721 1702 2914 1772 siglam
2942 1708 3213 1775 expressit
3263 1723 3361 1778 per
3407 1710 3555 1767 litte-

1966 1801 2084 1841 ram
2126 1790 2188 1854 Φ,
2222 1791 2368 1859 quod
2402 1802 2586 1846 notam
2613 1793 2818 1849 codicis
2846 1793 3223 1859 Marcbaliani,
3261 1816 3406 1855 nunc
3434 1800 3552 1861 RR.

1970 1876 2075 1933 PP.
2100 1879 2455 1949 Jesuitarum,
2485 1898 2594 1938 non
2622 1885 2965 1958 intelligeret.
2984 1888 3123 1944 Nam
3155 1890 3228 1947 ibi
3255 1893 3335 1949 sic
3363 1906 3553 1952 notata

1968 1968 2279 2042 depingitur
2309 1982 2508 2027 uteam
2546 1974 2635 2030 hic
2659 1979 3055 2046 expressimus.

2033 2046 2101 2117 ἐξἷῦ
2125 2064 2516 2137 ἀνεπίγραφος.
2554 2066 2708 2124 Hanc
2740 2080 2925 2126 notam
2977 2077 3356 2144 apponendam
3389 2079 3554 2135 duri-

1965 2140 2111 2221 mus,
2139 2158 2266 2227 quia
2294 2158 2563 2228 Nobilius,
2590 2177 2656 2217 ac
2688 2174 2810 2234 post
2831 2180 2956 2221 eum
3000 2140 3231 2226 Uiusius
3263 2175 3549 2231 existima-

1964 2254 2113 2314 runt,
2159 2248 2248 2303 hic
2276 2251 2577 2325 ἀνέσπερον
2604 2254 2918 2326 signiﬁcari,
2953 2275 3183 2332 esseque
3220 2281 3419 2322 nomen
3453 2286 3553 2324 cn-

1959 2337 2179 2407 jusdam
2203 2343 2516 2415 interpretis
2546 2348 2631 2401 vel
2652 2348 2984 2417 scholiastaa,
3008 2368 3172 2423 quem
3208 2356 3549 2427 Anesperum

1962 2444 2181 2490 vocant.
2213 2434 2497 2507 Signiﬁcat
2523 2448 2704 2494 autem
2738 2442 3067 2511 Anonymi“,
3099 2446 3180 2501 vel
3220 2447 3286 2503 ad
3314 2450 3548 2506 litteram

1958 2526 2387 2597 Anepigraphus,
2446 2528 2561 2584 sive
2606 2530 2718 2584 sine
2763 2534 2996 2588 auctoris
3054 2538 3353 2609 epigtaphe.
3411 2539 3549 2597 Vide

1958 2614 2123 2672 Num.
2149 2632 2269 2687 cap.
2308 2634 2459 2685 xxix,
2488 2619 2543 2689 ᾗ.
2571 2618 2658 2673 16.
2691 2620 2762 2675 Ut
2788 2633 2969 2676 autem
2998 2625 3143 2680 scias
3173 2637 3433 2696 quantam
3456 2646 3547 2684 er-

1958 2724 2147 2764 rorum
2184 2710 2377 2765 silvam
2426 2714 2543 2766 haec
2574 2721 2699 2766 nota
2735 2713 2815 2768 sic
2846 2716 3021 2784 posita
3053 2721 3339 2788 pepererit,
3372 2736 3547 2792 pauca

1957 2802 2265 2857 exscribam
2297 2819 2362 2857 ex
2399 2804 2754 2859 adnotatione
2774 2805 3009 2875 quadam
3041 2818 3229 2864 nostra
3269 2811 3322 2865 in
3354 2816 3545 2870 codice

1957 2892 2561 2960 Coisliniano,numero
2587 2896 2637 2950 5.
2671 2894 2872 2951 Eodem
2892 2897 2945 2951 in
2972 2900 3178 2967 codice,
3208 2904 3301 2972 qui
3331 2913 3415 2958 est
3440 2904 3549 2960 Ca-

1957 2993 2081 3039 tena
2133 2989 2185 3039 in
2219 2986 2540 3051 Levitieum,
2586 2985 2875 3053 Numeros,
2918 2993 3549 3063 etc.,imperituslibra-

1959 3078 2076 3131 rius
2098 3080 2191 3147 qui
2219 3080 2467 3134 codicem
2499 3081 2740 3150 scripsit,
2775 3083 2920 3135 illam
2968 3092 3153 3137 notam
3209 3086 3264 3139 in
3298 3089 3542 3155 antigrn-

261 3137 522 3202 repetitur
554 3157 566 3191 :
598 3137 738 3194 forte
763 3142 1038 3210 signiﬁcat
1069 3145 1420 3218 Septuaginta
1458 3156 1767 3220 separatim,
1802 3166 1851 3208 et

262 3222 515 3247 TL--J-.°
580 3246 583 3247 ν
760 3234 771 3245 .
837 3235 891 3247 ..-
1060 3238 1125 3247 ..ν
1534 3243 1545 3247 -
1616 3246 1621 3247 ,

1960 3169 2067 3237 pho
2094 3186 2194 3223 suo
2220 3170 2428 3237 videns,
2460 3172 2760 3241 saepissime
2792 3174 2919 3245 legit
2953 3174 3215 3240 ‘Aveaiou,
3248 3176 3545 3247 aliquando

262 3222 673 3284 Theodotionem
726 3234 992 3290 similiter.
1044 3238 1229 3293 Altera
1255 3250 1380 3294 nota
1419 3243 1717 3312 saepissime
1752 3264 1848 3301 oc—

257 3318 447 3384 currit,
489 3336 688 3393 nempe
729 3328 792 3380 0.
829 3325 880 3379 θ.
914 3346 1015 3397 χω.
1049 3329 1102 3382 id
1137 3339 1221 3385 est
1264 3328 1404 3384 LXX
1448 3342 1501 3388 et
1547 3334 1850 3391 TheodOtio

260 3413 553 3479 separatim
578 3416 658 3468 sic
678 3414 899 3472 habent.
927 3416 991 3471 Et
1009 3435 1127 3489 cap.
1166 3437 1240 3482 ιν,
1266 3438 1316 3474 v.
1346 3421 1399 3486 5,
1425 3423 1516 3479 ubi
1537 3426 1731 3497 legitur
1750 3446 1780 3479 τ

257 3498 477 3574 Beier},
501 3506 559 3559 in
593 3508 837 3578 margine
863 3512 1125 3580 scriptum
1158 3522 1278 3569 est:

898 3603 997 3672 τῆς
1033 3603 1061 3655 ό
1093 3604 1121 3656 ό
1152 3622 1212 3657 ου

927 3695 1031 3748 60'
1062 3714 1142 3767 χω

321 3778 569 3838 Primam
602 3799 732 3839 vero
776 3794 963 3840 notam
995 3790 1075 3843 sic
1104 3789 1221 3859 lego
1256 3792 1318 3845 0.
1353 3792 1413 3843 0.
1450 3792 1645 3857 οὕτως,
1680 3794 1731 3849 id
1762 3805 1845 3849 est

258 3880 487 3941 utraque
546 3875 713 3929 editio
757 3876 869 3929 τῶν
898 3879 975 3941 0',
1012 3894 1206 3948 nempe
1232 3882 1400 3953 Κοινή
1450 3893 1505 3936 et
1537 3884 1845 3954 hexaplaris

259 3960 555 3986 -;-ι.-ι.---.
609 3966 704 3986 .Jt‘-
761 3968 917 3986 an-.-
955 3983 1071 3986 μηνί
1176 3980 1187 3986 -
1255 3972 1292 3986 Α
1351 3971 1376 3986 Δ
1560 3973 1573 3986 ι
1667 3975 1676 3983 -
1760 3976 1808 3986 .,.

2381 3875 2387 3883 .
2438 3875 2478 3888 .,
2705 3875 3020 3890 κταρ--.-
3075 3875 3164 3884 -.-
3220 3875 3321 3900 ηδ.

1956 3909 2189 3979 margine
2218 3912 2419 3966 codicis
2473 3912 2792 3970 Coisliniani
2849 3916 3020 3972 Levit.
3078 3933 3220 3986 xxv,
3289 3919 3322 3973 6

1946 4004 2247 4072 respiciunt
2272 4020 2459 4059 vocem
2476 4018 2612 4067 mw
2628 4048 2642 4071 ,
2668 4008 2720 4061 in
2740 4006 2883 4062 LXX
2910 4025 3228 4079 expressam
3250 4012 3528 4079 Σάϐϐατα,

259 3960 333 4016 sic
357 3963 578 4027 habent,
606 3966 725 4036 τῆς.
748 3968 930 4023 Altera
954 3983 1082 4023 vero
1101 3980 1225 4024 nota
1253 3972 1313 4023 Ο.
1350 3971 1399 4024 0.
1435 3973 1599 4044 χωρίς
1633 3975 1843 4044 signiti—

1969 3261 2260 3331 Ἀνὲμπου,
2322 3263 2451 3317 item
2508 3264 2857 3337 Ἀναπέμπη,
2904 3265 3032 3319 alibi
3075 3265 3335 3330 Ἀνοσῐου,
3369 3272 3537 3323 semel

1965 3353 2307 3417 ‘AOavaoiou,
2336 3356 2631 3425 aliquando
2652 3358 2813 3411 etiam
2839 3370 2981 3413 recte
3014 3358 3412 3431 ἀνεπιγράφου,
3450 3378 3538 3417 se-

1784 3430 1849 3499 ῆς
1953 3443 2057 3496 mel
2082 3443 2210 3497 item
2246 3444 2521 3498 Συνεσίου.
2558 3444 2681 3501 Haec
2702 3462 2865 3517 porro
2899 3459 3025 3503 nota
3056 3460 3241 3504 nostra
3272 3452 3545 3507 asseritur

1950 3551 2014 3590 ex
2045 3537 2334 3591 collatione
2369 3539 2595 3595 alterius
2624 3540 2845 3596 Catenae
2874 3543 3121 3612 ejusdem
3168 3545 3533 3616 bibliotheca“,

1949 3630 2042 3683 ubi
2066 3631 2130 3684 ad
2154 3633 2366 3702 singula
2397 3648 2561 3703 supra
2584 3647 2882 3691 memorata
2899 3638 3119 3693 nomina
3149 3639 3341 3709 legitur
3364 3642 3534 3696 ἀνεπ-

1951 3725 2001 3779 id
2028 3734 2129 3789 est,
2155 3729 2551 3800 ἀνεπιγράφου.

2018 3820 2156 3871 ΔΥΝ
2191 3820 2478 3888 διὰλειῲις,
2529 3824 2666 3878 ΔΥΝ
2699 3825 3021 3890 ἀνάπαυσις.
3073 3825 3164 3884 Sic
3218 3829 3417 3900 legitur
3471 3832 3526 3884 in

3347 3964 3362 3987 .
3408 3937 3533 3993 quae

256 4064 360 4117 cat,
418 4057 473 4109 ni
528 4055 709 4123 fallor,
762 4057 904 4112 LXX
950 4063 1267 4130 separatim,
1315 4063 1366 4117 id
1401 4075 1485 4118 est
1519 4066 1741 4137 Κοινήν,
1788 4075 1842 4122 et

257 4147 681 4173 ..-.___,-..,_-__
713 4154 764 4173 ε,
1118 4171 1128 4173 _
1161 4171 1175 4173 _
1256 4172 1297 4173 η
1448 4158 1481 4173 ..
1576 4160 1610 4173 .-
1793 4162 1804 4173 .

2272 4055 2601 4167 Vite-pth;
2628 4055 2961 4169 deprehendi
2980 4055 3075 4157 ran
3134 4103 3421 4173 legendum
3456 4055 3529 4157 Si;

257 4147 684 4205 Theodotionem
713 4154 768 4206 in
794 4169 893 4208 sua
930 4155 1207 4219 columna,
1248 4158 1542 4226 separatim
1576 4160 1726 4224 item,

258 4239 470 4296 habere.
505 4244 817 4313 Aliquando
857 4246 938 4301 sic
963 4248 1289 4303 ordinantur
1322 4249 1639 4319 huiusmodi
1672 4262 1836 4319 notas,

252 4420 567 4481 Basiliensis
599 4426 793 4498 legitur
814 4432 914 4493 εἰς,
947 4430 1001 4484 in
1041 4435 1289 4505 margine
1315 4449 1443 4489 vero
1480 4435 1573 4490 ἐπε
1614 4446 1667 4490 et
1686 4447 1837 4508 post-

251 4530 311 4572 ea
341 4518 750 4589 subjunguntur
783 4532 924 4577 nota!
948 4523 1053 4579 hoc
1076 4526 1222 4579 situ:

851 4613 918 4670 θ’.
949 4634 1045 4686 χω.
1082 4619 1144 4671 0.
1178 4636 1241 4671 ου

847 4708 895 4760 6.
925 4708 990 4763 θ’.
1017 4709 1127 4763 ἀπὸ

931 4801 976 4853 θ’
1002 4818 1088 4855 ου.

320 4887 383 4944 Ut
400 4901 583 4945 autem
608 4892 991 4961 concludetur,
1018 4895 1134 4951 haec
1154 4913 1266 4953 uno
1291 4902 1459 4956 verbo
1475 4902 1673 4964 dicam,
1703 4908 1832 4955 nota

249 4967 340 5039 διδ
360 4984 503 5040 haud
534 4984 701 5040 dubie
733 4985 1044 5056 signiﬁcare
1063 4987 1296 5057 videtur,
1321 4991 1628 5066 διώρθωσα,
1657 5007 1833 5046 corre-

250 5082 325 5146 xi,
348 5079 643 5145 emendavi,
668 5086 727 5132 ut
751 5082 1006 5150 exemplo
1029 5086 1441 5154 comprobatur,
1467 5104 1534 5141 ου
1554 5088 1742 5153 οὕτως
1765 5085 1834 5138 si-

252 5170 300 5223 bi
329 5171 464 5225 velle
488 5171 583 5226 vix
611 5180 695 5228 est
714 5172 860 5243 quod
889 5173 1172 5229 dubitetur
1196 5191 1262 5230 ex
1295 5178 1651 5247 supradictis;
1683 5168 1792 5236 mi»
1812 5222 1829 5245 ,

253 5262 302 5317 id
322 5274 425 5333 est,
453 5266 780 5332 certissime,
810 5263 1054 5333 πάντες,
1078 5275 1141 5321 ιιι
1170 5269 1434 5337 exemplis
1456 5268 1831 5340 frequentibus

1760 4162 1842 4217 δίε
1943 4187 2105 4250 am,
2146 4189 2229 4243 vel
2255 4162 2540 4253 ATN,-sed
2584 4162 2907 4247 ιιοηἰιυι›ίιο
2938 4196 3071 4265 quin
3119 4162 3406 4266 legendum
3456 4199 3528 4252 sit

1940 4277 2101 4342 ΔΥΝ.
2141 4288 2195 4333 et
2224 4280 2557 4351 signiﬁcetur
2582 4282 2827 4339 δύναται.
2869 4282 2944 4337 Ita
2980 4295 3039 4337 ut
3061 4284 3179 4340 haec
3216 4298 3362 4349 nota,
3403 4301 3526 4356 qua:

255 4330 539 4441 :tG'Jdipo
574 4349 800 4404 prorsus
821 4348 1034 4405 egeant,
1063 4351 1122 4393 ut
1144 4355 1264 4410 cap.
1297 4356 1373 4407 Iv,
1400 4357 1452 4395 ν.
1490 4342 1577 4441 12,
1597 4344 1651 4397 in
1688 4352 1837 4400 textu
1940 4330 2162 4441 rapi-cii

2198 4388 2386 4428 vocem
2410 4384 2563 4440 ωω,
2589 4377 2671 4431 sic
2706 4378 2945 4447 legatur,
2970 4378 3214 4442 δύναται,
3233 4380 3522 4449 διὰλειψις,

1938 4463 2183 4527 δύναται.
2218 4468 2546 4533 ἀνάπαυσις,
2574 4469 2625 4524 id
2653 4479 2758 4534 est,
2782 4487 2882 4524 vox
2914 4471 3191 4526 Σάὁόατον
3227 4474 3363 4528 ualet
3407 4474 3527 4528 sivo

1864 4537 1911 4593 Β
1937 4558 2227 4629 signiﬁcat,
2267 4562 2524 4623 cessatio,
2547 4572 2596 4615 et
2629 4564 2895 4633 signiﬁcat
2944 4564 3179 4633 requies.

2399 4650 2460 4706 ll.
2490 4652 2566 4707 De
2596 4656 2733 4709 notis
2764 4657 3067 4725 incognitis.

2006 4741 2048 4820 β,
2103 4720 2203 4823 τῇ
2263 4742 2318 4803 ii.
2360 4745 2486 4801 Haec
2537 4754 2663 4800 nota
2723 4720 2992 4817 reperitur
3042 4747 3146 4801 Job
3192 4762 3312 4815 cap.
3382 4762 3516 4810 xvn,

1937 4844 1991 4913 ᾗ.
2023 4845 2079 4905 3.
2119 4845 2174 4899 in
2213 4842 2401 4899 codice
2437 4838 2778 4907 Colbertino,
2817 4854 2970 4894 num.
3000 4840 3160 4905 i952,
3196 4840 3286 4894 ubi
3323 4840 3387 4895 ad
3412 4840 3520 4896 hos

1938 4946 2175 5010 quatuor
2206 4933 2528 5000 versiculos,

2076 5031 2173 5112 1i;
2201 5024 2626 5112 ἔστινῃοῦτοςμῇ
2650 5030 2793 5112 χξιρι
2824 5047 2927 5112 μου
2950 5027 3278 5112 σρνξεθήτω)

2077 5102 2198 5183 τοτε.
2226 5101 2455 5183 κςρδίαγ
2486 5100 2933 5183 αρτῷῂοέκρυψςν
2975 5100 3084 5183 aut:
3108 5100 3440 5171 φρονήσεως.

2075 5173 2178 5226 Διὰ
2202 5170 2359 5225 τοῦτο
2383 5173 2446 5226 οὐ
2478 5172 2553 5243 μὴ
2585 5170 2808 5243 ῥψὼσῂς
2837 5170 3058 5243 αὐτούς.

2075 5244 2156 5314 Τῇ
2185 5243 2362 5314 μερίδι
2393 5240 2715 5310 summ.
2743 5240 2939 5306 ἱακίας
2966 5256 2979 5270 ·

1930 5355 2049 5411 hac
2076 5355 2407 5409 adnotantur
2438 5356 2508 5424 χ
2539 5356 2606 5408 ἐκ
2648 5353 2702 5410 θ.
2736 5355 2785 5408 οἱ
2816 5354 2892 5417 δ’.
2938 5353 2993 5409 id
3027 5361 3147 5419 est,
3196 5354 3253 5407 Ιιὶ
3290 5362 3519 5422 quarm

1930 5447 2135 5515 στίχοι
2172 5461 2262 5498 seu
2297 5444 2543 5499 versiculi
2573 5459 2637 5499 ea:
2667 5443 3062 5509 Theodotiane;
3094 5444 3293 5499 deinde
3325 5444 3521 5515 adjici-

1929 5549 2019 5594 tur
2051 5536 2090 5611 β.
2125 5517 2210 5608 Γῆ
2246 5535 2363 5607 δῖε(
2396 5552 2448 5591 c.
2470 5540 2538 5605 ῖς(
2565 5538 2631 5604 χ
2656 5535 2782 5591 Haec
2811 5546 2991 5590 autem
3017 5535 3328 5607 signiﬁcare
3361 5550 3519 5603 pror-

1929 5648 2026 5686 sus
2066 5632 2319 5686 videntur
2343 5630 2503 5701 μόνος
2530 5630 2666 5702 πρὸς
2689 5628 2904 5698 πρῶτον
2924 5668 2939 5693 ,
2964 5627 3109 5681 solus
3145 5628 3215 5683 ad
3261 5629 3513 5694 primum,

1932 5724 1985 5779 id
2017 5733 2123 5788 est,
2162 5725 2397 5793 primum
2454 5722 2785 5777 versiculum
2832 5736 2898 5776 ex
2962 5719 3337 5775 Theodotione
3390 5719 3509 5771 solo

1929 5816 2279 5888 desumptum
2338 5828 2493 5881 esse;
2547 5812 2743 5870 deinde
2802 5810 3104 5869 secundum
3180 5811 3403 5869 tertium
3456 5825 3509 5864 et

252 5359 526 5427 arguitur;
555 5375 639 5429 χω
663 5372 773 5413 non
808 5358 1022 5414 videtur
1047 5360 1194 5416 aliud
1221 5376 1384 5431 quam
1411 5377 1592 5430 χωρις
1617 5364 1829 5434 signiﬁ-

251 5464 367 5505 care
394 5464 574 5519 posse.
602 5448 809 5504 Harum
844 5465 974 5504 vero
999 5461 1256 5506 notarum
1280 5467 1419 5506 usus
1450 5466 1641 5508 omnes
1664 5454 1829 5523 expli-

251 5554 387 5607 care,
418 5540 596 5596 donec
616 5540 748 5610 quid
777 5541 978 5596 clarius
1011 5552 1273 5614 emergat,
1311 5542 1565 5598 humanae
1599 5558 1707 5599 non
1742 5547 1828 5599 vi-

251 5629 397 5685 detur
421 5648 545 5687 esse
576 5630 879 5688 facultatis.

313 5720 386 5776 Τδ
408 5722 537 5776 ἔσω.
570 5721 748 5790 Hujus
777 5731 921 5778 nota:
951 5740 1085 5779 usus
1118 5725 1448 5795 conspicuus
1476 5733 1563 5781 est
1590 5725 1643 5779 in
1674 5725 1824 5780 codi-

254 5827 306 5868 ce
331 5811 665 5871 Coisliniano
692 5816 922 5889 egregiae
959 5828 1102 5873 nuta
1139 5833 1172 5872 x
1210 5817 1416 5887 saeculi,
1474 5818 1563 5874 ubi
1607 5818 1826 5890 quando
