4064 6262
277 309 384 369 ’13

1567 321 1634 377 ΙΝ
1673 324 1717 378 11
1726 323 2000 382 EXAPLA
2039 325 2385 385 ORIGENIS.

3462 346 3561 399 εει

350 431 605 505 Ejusoem
626 438 1047 509 perspicuitatis
1072 453 1155 498 est
1179 444 1334 500 locus
1360 446 1449 501 ille
1471 448 1535 503 Ill
1569 450 1701 521 lteg.
1729 467 1864 515 xm,
1898 458 1943 513 Α
1972 461 2138 508 vecta:
2165 452 2404 523 fuerant,
2438 457 2586 528 quod
2616 460 2990 518 certissimum
3020 472 3126 527 est,
3180 464 3233 519 id
3272 480 3402 520 vero
3434 470 3559 537 qui-

270 526 331 591 ϐ,
360 526 455 580 ubi
484 528 653 584 codex
691 529 901 603 Regius
935 534 1097 590 habet
1127 555 1138 589 :
1177 538 1266 601 A.,
1300 541 1384 602 2.,
1417 541 1508 604 8.,
1550 542 1737 611 ἄρτον
1773 545 1872 598 καὶ

268 617 459 687 κρέας
482 619 547 674 τὸ
575 625 746 690 πρωϊ,
769 635 824 682 et
855 625 1228 686 Coislinianus
1256 632 1393 687 alter
1420 634 1590 690 codex
1624 639 1872 695 eamdem

269 708 567 767 lectionem
613 712 806 782 δῦθι-ι,
842 722 1126 790 prmmissa
1172 732 1300 779 nota
1358 726 1409 777 οἱ
1444 726 1517 780 1".
1554 727 1694 793 Quid
1742 746 1873 802 ergo

265 811 405 857 sunt
432 804 485 890 oi
520 804 571 857 1"
599 806 751 861 aliud
795 824 960 878 quam
991 812 1081 877 A.,
1115 814 1199 877 Σ.,
1228 814 1305 869 8?
1339 815 1401 871 Et
1434 816 1503 871 ιγ
1552 816 1685 890 Reg.
1728 837 1869 887 xx",

262 891 365 959 ’θ’
397 880 595 957 επίπυι
614 898 665 949 oi
697 898 773 966 1",
801 901 873 955 ὲν
899 904 1131 974 εἰρήνῃ,
1163 908 1294 976 quid
1331 910 1480 964 aliud
1519 880 1730 969 vertitre
1772 880 1871 984 po;

264 993 504 1042 tuerunt
534 991 624 1055 A.,
657 992 741 1055 Σ.,
777 990 870 1059 Θ.,
908 1011 1075 1066 quam
1094 999 1393 1071 ἐνειρήνῃ
1414 1004 1439 1057 ?
1464 1002 1660 1061 Moneo
1686 1016 1869 1064 tamen

260 1078 438 1134 aliam
477 1082 554 1136 ibi
599 1080 919 1155 Symmachi
959 1089 1249 1147 lectionem
1291 1093 1513 1160 efferri,
1545 1114 1775 1169 nempe,
1810 1104 1869 1155 ὲν

272 1169 646 1248 Ἰερουσαλὴμ
669 1221 683 1243 ,
718 1180 813 1234 sed
862 1180 995 1237 illud
1023 1184 1159 1239 nihil
1204 1188 1408 1257 negotii
1461 1188 1707 1259 facessit,
1739 1209 1866 1250 nam

261 1279 417 1335 saepe
450 1266 576 1322 dua:
607 1266 927 1340 Symmachi
961 1275 1225 1334 lectiones
1248 1280 1637 1351 proferuntur,
1674 1297 1736 1345 ut
1769 1307 1866 1346 su-

259 1371 364 1425 pra
396 1358 664 1427 diximus,
686 1378 754 1417 ex
788 1365 1004 1423 duabus
1035 1384 1229 1440 nempe
1257 1372 1375 1440 cjus
1409 1374 1747 1435 editionibus
1771 1381 1868 1437 de-

258 1460 527 1517 sumptae.

331 1538 549 1601 Psalm.
604 1562 771 1613 xux,
825 1551 886 1612 1.
946 1551 1235 1612 Eusebius.
1268 1566 1321 1612 et
1365 1565 1726 1635 manuscripti
1766 1566 1866 1622 ha-

255 1633 397 1691 bent
432 1654 445 1689 :
483 1639 549 1692 A.
572 1681 587 1701 ,
622 1642 681 1697 2.
704 1682 718 1705 ,
766 1643 857 1707 8.,
907 1647 1153 1715 ἰσχυρὸς
1190 1654 1225 1705 ό
1283 1656 1449 1721 Θεός,
1487 1633 1865 1717 Thcodoretus

256 1742 418 1794 vero,
462 1732 529 1783 οξ
567 1731 640 1797 1",
678 1736 932 1806 ισχιιοός
981 1743 1014 1794 ὀ
1060 1743 1239 1811 Θεός,
1266 1744 1379 1815 jam
1411 1762 1543 1816 ergo
1596 1764 1625 1803 a
1673 1752 1862 1808 multis

1977 544 2211 600 busnam
2253 547 2399 615 aliis,
2429 564 2596 619 quam
2633 554 2880 624 Aquilae,
2926 552 3256 627 Symmacho
3289 565 3345 615 et
3389 556 3563 616 Thm-

1974 637 2184 694 dotioni
2234 640 2533 698 convenire
2577 648 2831 715 possint?
2874 656 2931 702 et
2978 649 3257 719 quomodo
3288 655 3560 723 quadrare

1977 730 2158 786 valeat
2203 733 2271 788 ad
2305 734 2575 790 editiones
2602 735 2845 803 Eusebii,
2889 738 3120 797 Luciani
3169 753 3225 798 et
3280 742 3558 817 Hesychii,

1973 840 2096 893 qua:
2126 826 2314 880 multis
2343 836 2467 898 post
2517 826 2808 899 Origenem
2863 833 3024 888 annis
3057 834 3237 904 primo
3284 839 3555 906 prodiere.

1970 911 2108 969 Nota
2135 915 2186 967 οἱ
2214 915 2287 983 1",
2306 919 2571 974 asterisco
2597 921 2905 988 prazniisso,
2926 920 3158 976 habetur
3176 922 3344 976 etiam
3356 920 3556 979 Ezecli.

1972 1021 2051 1072 It,
2080 1006 2168 1071 15,
2196 1008 2286 1062 ubi
2315 1010 2531 1065 nonnisi
2564 1011 2630 1065 ad
2659 1010 2750 1076 A.,
2775 1012 2859 1075 2.,
2901 1010 2991 1073 Θ..
3037 1013 3313 1082 pertinere
3354 1025 3555 1084 potest,

1972 1104 2033 1150 ut
2056 1095 2226 1165 liquet
2258 1106 2375 1154 tum
2395 1112 2461 1153 ex
2495 1100 2786 1164 asterisco,
2827 1109 2945 1156 tum
2983 1116 3050 1156 ex
3090 1102 3334 1158 vertendi
3382 1118 3555 1160 more.

1970 1184 2040 1239 Et
2064 1182 2240 1243 Ezech
2294 1203 2386 1253 as,
2417 1188 2509 1253 44,
2539 1197 2663 1252 tam
2686 1200 2819 1253 Diu,
2843 1190 2965 1247 cod.
2994 1190 3282 1257 Marchal.,
3312 1197 3381 1263 κ
3408 1195 3557 1258 011",

1966 1274 2131 1345 λέγει
2159 1278 2402 1347 Κύριος
2432 1290 2487 1336 et
2515 1296 2663 1344 xuv,
2691 1282 2745 1345 4,
2776 1289 2921 1348 mat,
2956 1284 3026 1350 Χ
3048 1284 3100 1336 oi
3131 1284 3185 1336 1"
3212 1284 3441 1357 Καρίου,
3477 1288 3557 1340 si-

1966 1368 2229 1439 miliaque
2260 1372 2427 1426 multa
2452 1372 2693 1443 adjicere
2721 1388 3030 1444 possemus.
3069 1377 3264 1432 Verum
3292 1378 3406 1434 haec
3434 1381 3557 1448 plus

1965 1475 2131 1530 quam
2160 1464 2299 1519 satis
2342 1476 2528 1519 erunt.

2038 1549 2135 1606 liis
2163 1558 2467 1624 perspectis
2502 1572 2665 1612 nemo
2709 1572 2818 1613 non
2851 1567 3019 1622 meat,
3050 1558 3309 1616 lirianum
3342 1561 3555 1619 Walte-

1964 1658 2122 1709 num,
2161 1646 2225 1699 in
2250 1658 2739 1718 quantumcunque
2769 1664 2829 1705 se
2849 1650 3165 1723 ἀμηχανίαν
3198 1667 3266 1706 ex
3305 1655 3555 1723 praemis.

1966 1736 2044 1791 sis
2072 1734 2499 1795 difﬁcultatibus
2528 1739 2826 1798 deductum
2849 1751 3087 1813 putaret,
3121 1760 3231 1798 non
3258 1746 3391 1800 satis
3417 1761 3554 1800 con-

255 1830 416 1877 retro
443 1826 669 1883 saeculis
691 1828 933 1886 obtinuit
967 1849 1100 1890 usus
1131 1810 1188 1890 ut
1219 1810 1309 1905 AZ,
1334 1839 1421 1903 2.,
1545 1840 1850 1899 dicerentur

1965 1827 2112 1882 sulto
2147 1827 2534 1894 tecisse,,cum
2588 1840 2649 1885 ut
2684 1832 2752 1888 iis
2784 1810 2866 1889 se
2892 1834 3217 1903 expediret,
3264 1835 3556 1893 aitinnavit

248 1916 303 1967 et
342 1915 400 1967 Γ
424 1917 509 1971 vel
532 1918 582 1971 ot
607 1923 775 1992 τρεῖς.
813 1921 1236 1985 Evidentissime
1256 1941 1440 1987 autem
1466 1935 1681 2003 psalmo
1708 1952 1858 2003 xcm,

254 2006 351 2061 ubi
380 2006 525 2062 LXX
552 2011 768 2068 titulum
793 2015 995 2073 habent
1030 2020 1295 2092 εΨαλμὸς
1331 2025 1409 2096 τῷ
1457 2028 1654 2090 Δαυῖδ,
1686 2031 1860 2086 codex

249 2111 409 2150 unus
436 2098 622 2165 habet,
657 2104 1059 2178 ’Δνεπεγραφος
1088 2113 1242 2184 παρὰ
1288 2116 1400 2180 τοῖς
1426 2116 1481 2169 1"
1521 2119 1616 2173 καὶ
1661 2122 1718 2175 E'
1764 2123 1861 2176 καὶ

250 2189 351 2257 ς’.
383 2190 442 2244 1d
492 2202 578 2248 est
610 2196 859 2264 psalmus
883 2212 1034 2258 caret
1067 2205 1427 2276 inscriptione
1458 2214 1603 2281 apud
1642 2222 1751 2269 tres
1776 2219 1857 2271 in-

248 2288 553 2374 terpretes.
583 2295 635 2340 et
665 2291 810 2356 apud
840 2288 1098 2356 Quintam
1125 2307 1177 2351 et
1211 2294 1457 2355 Sextam.
1492 2302 1576 2356 An
1606 2306 1731 2374 quis
1761 2321 1857 2363 ne-

246 2373 471 2442 gaverit
499 2375 590 2430 hic
620 2381 732 2443 τοῖς
758 2380 813 2432 1"
844 2382 1156 2452 signiﬁcare
1207 2389 1461 2461 Aquilam
1498 2403 1554 2449 et
1605 2373 1857 2466 Symma-

244 2462 425 2519 chum
457 2475 513 2521 et
538 2465 1013 2551 ’l‘tieodotionem?
1046 2476 1248 2534 Eadem
1279 2496 1413 2537 vero
1440 2485 1559 2555 ipsa
1597 2462 1729 2544 nota
1769 2505 1856 2547 re-

242 2555 473 2625 yeritus-
496 2558 567 2614 ad
600 2560 821 2617 initium
857 2566 1053 2635 psalmi
1088 2585 1211 2626 xcv.

329 2642 551 2703 llesaia:
605 2665 737 2709 vero
778 2670 901 2726 cap.
960 2673 999 2723 ι,
1054 2660 1087 2729 Ῡ
1133 2662 1188 2730 4,
1242 2665 1411 2721 codex
1449 2667 1854 2730 Marchalianus

247 2736 423 2794 habet
459 2756 473 2790 :
512 2742 580 2794 Ui
614 2743 689 2809 1",
729 2752 1261 2821 πονηρευομένων,
1316 2758 1445 2813 licet
1490 2769 1673 2817 notam
1712 2766 1761 2816 οξ
1798 2766 1852 2818 1"

242 2827 548 2926 (Eurterius
578 2851 687 2891 non
724 2843 1101 2911 exscripserit.
1158 2846 1234 2902 ibi
1269 2864 1399 2906 vero
1430 2850 1797 2926 Hieronymus
1832 2875 1847 2912 :

243 2916 478 2987 Ceteri,
510 2938 786 2996 sequentes
815 2930 1124 3001 Hebreum,
1154 2954 1357 2995 ιιειιεηι
1376 2916 1712 3012 interpretati
1726 2958 1850 3001 sunt

250 3030 276 3063 s
322 3016 713 3083 pessimorum.
748 3042 765 3074 ι
799 3024 1037 3088 Quinam
1064 3028 1141 3082 illi
1170 3035 1373 3097 caueri,
1402 3034 1509 3089 nisi
1536 3036 1625 3100 Λ.,
1651 3037 1733 3100 Σ.,
1758 3038 1847 3103 8.,

247 3108 350 3217 qui
377 3120 434 3210 et
463 3109 513 3162 oi
542 3109 635 3217 1‘"?
664 3112 731 3217 Fu
761 3114 944 3217 ilesai.
978 3134 1057 3186 v1,
1089 3119 1145 3187 6,
1173 3121 1297 3178 cod.
1339 3122 1602 3181 Marehal.
1627 3170 1643 3194 ,
1675 3127 1742 3183 Ol
1770 3130 1845 3195 1",
1873 3158 1919 3217 ε

247 3200 326 3251 ἐν
348 3197 429 3291 ξῇ
459 3202 605 3271 χειρὶ
635 3206 856 3261 αὑτοῦ·
884 3206 1250 3282 Hieronymus
1274 3230 1421 3282 vero,
1454 3218 1668 3287 Aquila,
1694 3216 1847 3291 Sym.

246 3308 302 3346 et
342 3290 654 3367 Theodotio,
690 3316 707 3350 ι
748 3300 803 3353 in
853 3317 1017 3356 manu
1060 3305 1224 3373 ejus;
1262 3309 1446 3379 inquid
1480 3290 1848 3370 clarius?

247 3387 401 3454 quod
436 3388 572 3442 nihil
620 3390 896 3461 relinquat
929 3394 1082 3450 dubii
1124 3397 1241 3468 ipse
1264 3398 1551 3458 Curterius
1592 3419 1658 3460 ex
1712 3423 1843 3464 mss.

248 3475 470 3531 llesaiae
496 3495 614 3542 vm,
658 3479 748 3543 Si,
779 3483 872 3535 Διὸ
897 3484 961 3553 δὴ
992 3487 1085 3539 καὶ
1116 3489 1168 3540 οἱ
1204 3493 1403 3561 τρεῖς,
1451 3493 1710 3562 Ἀκύλας,
1755 3499 1849 3553 καὶ

246 3568 463 3639 Suppl...
491 3570 586 3623 καὶ
601 3572 895 3628 Θεοδοτῖων
913 3576 1089 3643 οὕτως
1112 3582 1490 3654 ἡρμήνευσαν·
1521 3587 1571 3642 id
1588 3600 1692 3652 est,
1716 3608 1849 3660 qua—

243 3671 464 3731 propter
499 3676 604 3717 tres
639 3665 949 3733 interpretes
983 3671 1200 3740 Aquila,
1222 3672 1571 3745 Symmachus
1596 3692 1647 3734 et
1681 3680 1848 3737 Theo-

245 3753 420 3817 datio,
442 3755 520 3807 sic
544 3757 962 3813 transtulerunt.
1017 3760 1075 3816 Si
1116 3763 1230 3818 hate
1270 3768 1601 3825 advertisset
1646 3769 1839 3829 Walto

247 3860 380 3907 nus,
409 3861 693 3915 nunquam
726 3861 983 3919 negasset
1011 3854 1061 3906 oi
1092 3854 1145 3907 1"
1181 3857 1297 3912 sive
1329 3860 1380 3912 oi
1418 3864 1567 3933 τρεῖς
1597 3878 1722 3921 esse
1753 3867 1844 3930 Δ..

245 3943 333 4005 Σ.,
368 3942 433 3996 Θ.
477 3942 658 4014 Eque
683 3947 1035 4018 perspicuum
1078 3962 1163 4009 est
1189 3953 1322 4009 illud
1373 3954 1587 4015 llesaite
1638 3976 1715 4026 xi,
1753 3964 1841 4027 15,

247 4037 340 4089 ubi
368 4034 644 4092 Eusebius
679 4040 756 4094 ait
790 4058 803 4093 :
835 4041 899 4094 Οἱ
919 4045 1069 4113 τρεῖς
1112 4048 1420 4117 συμφώνως
1458 4050 1631 4116 οὕτως
1662 4055 1847 4126 ἡρμή-

242 4145 464 4191 νευσαν,
524 4129 622 4183 καὶ
660 4132 1085 4203 ἀναθεματίσει
1134 4135 1357 4207 Κύριος
1406 4141 1525 4209 τὴν
1551 4144 1845 4214 γλῶσσαν

241 4219 569 4287 θαλάσσης
595 4225 924 4292 Αἰγύπτου.
962 4228 1041 4281 1bi
1073 4244 1204 4286 vero
1234 4228 1605 4305 Hieronymus
1633 4254 1646 4289 :
1686 4235 1843 4292 Βαίου

238 4312 375 4365 (abit
410 4314 577 4381 igitur
597 4315 703 4369 sine
728 4316 1031 4387 interﬁciet,
1053 4320 1151 4375 hoc
1178 4332 1279 4386 est,
1320 4318 1745 4397 ἀναθεματίσειζ
1781 4340 1841 4384 ut

243 4401 539 4459 Theodotio
570 4448 584 4471 ,
652 4407 851 4477 Aquila
891 4422 942 4466 et
1008 4408 1357 4483 Symmachus
1427 4421 1836 4492 transtulerunt,

1959 1921 2011 1972 οἱ
2032 1919 2083 1970 1"
2113 1934 2220 1975 non
2249 1922 2564 1991 signiﬁcare
2608 1924 2864 1993 Aquilam
2888 1968 2905 1994 ,
2934 1925 3085 1998 Sym.
3126 1938 3181 1981 ct
3222 1925 3557 1984 Theodotiu-

1963 2027 2087 2067 nem
2122 2030 2134 2065 ς
2164 2029 2287 2068 nam
2315 2016 2536 2086 quidvis
2562 2018 2746 2088 potius
2763 2018 2946 2076 dicere
2974 2021 3219 2090 oportuit
3240 2036 3406 2092 quam
3436 2037 3555 2078 rein

1961 2105 2335 2161 certissimam
2366 2122 2594 2180 negare.

2030 2195 2151 2253 lam
2197 2198 2267 2254 ad
2319 2198 2507 2256 Briani
2564 2200 2811 2258 Waltoni
2860 2214 3183 2274 argumenta
3239 2210 3548 2266 veniamus.

1958 2288 2144 2347 Hesai.
2172 2307 2229 2359 x,
2257 2291 2350 2357 29,
2401 2293 2472 2348 ad
2521 2310 2694 2349 vocent
2724 2296 2915 2366 ἀγγαί,
2950 2298 3148 2369 inquit,
3182 2302 3473 2368 separatim
3499 2308 3552 2354 et

1958 2384 2210 2439 distincte
2233 2386 2578 2441 adducuntur
2608 2390 2830 2459 (Aquila
2852 2430 2868 2457 ,
2910 2389 3116 2461 Symm.
3144 2401 3195 2446 et
3236 2390 3548 2461 Theodotio}

1956 2478 2064 2532 imo
2090 2489 2139 2533 et
2162 2479 2515 2535 diuersimode
2540 2481 2966 2552 interpretantes.
3001 2482 3067 2538 8.
3103 2502 3225 2539 vero
3273 2485 3550 2557 signanter

1954 2586 2015 2626 ea
2044 2569 2148 2624 loci
2182 2570 2471 2644 κατάδυμα
2508 2575 2727 2628 uertisse
2779 2574 3012 2642 dicitur,
3040 2576 3219 2649 (quod
3257 2578 3554 2651 κατάλυμα.

1954 2664 2231 2735 legendum
2263 2665 2503 2737 potius,)
2539 2667 2626 2719 cui
2654 2681 2775 2721 mox
2804 2669 3092 2736 apponitur
3110 2668 3262 2741 ὅμως
3290 2672 3339 2723 ot
3368 2669 3441 2723 1".
3476 2672 3549 2723 At

1955 2773 2075 2812 vero
2100 2759 2152 2810 si
2166 2758 2298 2812 dicti
2331 2760 2487 2813 modo
2519 2759 2831 2829 interpretes
2866 2762 3031 2815 iidem
3055 2770 3227 2815 essent
3265 2762 3356 2831 qui
3388 2764 3441 2815 oi
3468 2761 3544 2826 1",

1954 2858 2092 2903 certe
2110 2851 2251 2919 quod
2278 2848 2619 2922 subjungitur
2650 2854 2799 2923 ὅμως
2821 2854 2873 2906 οἱ
2899 2852 2973 2919 1",
3018 2870 3124 2907 non
3160 2854 3335 2908 minus
3378 2870 3547 2924 nuga-

1952 2938 2085 2992 citer
2107 2947 2158 2993 et
2188 2939 2361 3008 inepte
2389 2940 2698 3006 adderetur,
2730 2956 2891 3012 quam
2923 2944 2969 2996 si
2997 2942 3116 3013 quis
3154 2942 3380 3003 diceret,
3419 2941 3543 2997 Clo~

1954 3030 2063 3095 tho,
2100 3029 2363 3085 Lachesin
2385 3042 2433 3085 et
2465 3032 2725 3104 Atropon,
2756 3035 3030 3089 immittere
3050 3036 3270 3089 stantini
3296 3037 3419 3090 vita
3442 3035 3544 3088 htt-

1952 3139 2146 3189 manw,
2179 3124 2309 3193 quin
2344 3127 2509 3179 etiam
2548 3134 2599 3180 et
2623 3137 2727 3181 tres
2756 3127 2961 3182 Parcas
3004 3129 3101 3183 hoc
3126 3130 3306 3197 ipsum.
3326 3128 3539 3198 facere;

1955 3214 2171 3283 fuerunt
2201 3231 2324 3286 ergo
2355 3218 2453 3271 alii
2472 3228 2523 3271 et
2544 3218 2665 3285 alii,
2691 3234 2793 3274 non
2821 3220 2997 3273 minus
3024 3238 3056 3273 a
3082 3222 3195 3284 τοῖς
3228 3220 3278 3273 1"
3311 3236 3472 3290 quam
3509 3238 3542 3272 a

1952 3322 2007 3359 se
2023 3307 2245 3360 invicem
2268 3307 2486 3363 diuersi.

2018 3395 2093 3453 Ut
2145 3400 2484 3470 propositam
2532 3400 2915 3459 difﬁcultatem
2969 3402 3188 3460 facilius
3245 3403 3538 3474 intelligas,

1951 3490 2210 3546 observes
2240 3501 2476 3560 oportet,
2503 3492 2593 3549 hic
2617 3494 2674 3547 in
2709 3502 2858 3549 textu
2885 3493 3094 3549 codicis
3127 3491 3480 3548 Marchaliani
3506 3508 3540 3549 α

1951 3582 2206 3641 Curterio
2235 3586 2367 3641 editi
2398 3586 2525 3659 legi,
2555 3586 2665 3640 Καὶ
2695 3587 2818 3657 ἥξει
2850 3588 2930 3653 εἰς
2989 3587 3204 3656 Ἀγγαί.
3245 3585 3414 3647 Φόϐος
3444 3585 3542 3655 λή-

1948 3675 2110 3745 ψεται
2158 3678 2340 3750 Ῥαμὰ
2378 3678 2535 3733 πόλιν
2577 3680 2782 3734 Σαούλε
2822 3679 3079 3749 φεύξεται
3112 3679 3380 3750 θυγάτηρ,
3429 3686 3540 3732 etc.

1949 3766 2006 3821 In
2043 3770 2289 3842 margine
2317 3785 2444 3825 vero
2475 3773 2543 3825 ad
2577 3786 2769 3827 vocem
2814 3773 3029 3841 Ἀγγαί,
3073 3773 3173 3827 has
3209 3780 3369 3825 notas
3404 3784 3541 3823 con-

1947 3872 2245 3934 sequenter
2273 3862 2401 3935 legi.

2161 3960 2226 4010 Δ.
2256 3955 2726 4013 ΔΥΛΙΣΤΗΡΙΟΝ

2160 4048 2219 4103 2.
2250 4046 2608 4101 ΑΥΛΙΣΜΟΣ

2156 4142 2219 4196 Θ.
2257 4142 2647 4198 ΚΔΤΑΛΥΜΔ
2682 4142 2870 4196 υΜΩΣ

2158 4238 2224 4289 01
2251 4236 2311 4288 Γ.

2158 4329 2226 4395 Χ
2256 4325 2705 4382 ΧΡΕΜΕΤΙΣΟΝ
2730 4326 2817 4379 ΦΩ

2157 4420 2308 4474 ΝΗΝ
2338 4419 2470 4473 ΣΟΥ

242 4515 264 4548 s
297 4497 543 4566 linguam
598 4500 765 4554 maris
803 4499 1049 4573 Afyypti.
1082 4524 1100 4556 ι
1156 4505 1223 4561 Ει
1281 4506 1492 4566 liesaim
1545 4528 1674 4578 LIV,
1708 4554 1713 4558 .
1743 4514 1833 4581 16,

2013 4507 2113 4565 Hic
2162 4510 2208 4566 si
2241 4511 2391 4583 ὅμως
2411 4512 2464 4565 οἰ
2488 4511 2541 4564 1"
2564 4544 2584 4582 χ
2606 4526 2723 4582 .ege
2761 4510 2963 4582 ὁμοίως
3002 4512 3053 4564 ot
3097 4510 3186 4581 1")
3218 4512 3531 4568 necessario

235 4599 404 4652 m,
448 4591 577 4643 cod.
608 4591 873 4648 Marchal.
918 4596 982 4650 Οἱ
1034 4598 1123 4662 1",
1151 4600 1225 4655 ἐν
1251 4602 1431 4670 πυρίο
1483 4604 1709 4673 quinam
1756 4607 1835 4662 illi

236 4692 351 4735 tres
387 4682 494 4738 nisi
531 4681 621 4746 A.,
652 4685 737 4749 2.,
765 4685 875 4741 8.?
905 4703 1030 4743 nam
1066 4693 1347 4760 quomodo
1373 4695 1464 4763 A.,
1485 4696 1571 4762 2.,
1597 4697 1836 4764 8.,tmn

240 4783 453 4829 vertere
481 4778 781 4845 potuerint,
807 4780 911 4835 nisi
936 4782 999 4835 ὲν
1030 4784 1201 4856 πυρίῖ
1225 4782 1373 4841 Idem
1406 4787 1563 4843 dicas
1584 4803 1705 4859 cap.
1744 4807 1831 4858 LV,

246 4863 293 4928 Ι,
337 4864 429 4918 ubi
459 4873 528 4951 ἶν’
556 4869 605 4919 οξ
658 4868 711 4920 1"
750 4866 914 4925 οἶνον.
957 4870 1025 4966 βε
1052 4873 1183 4929 ibid.
1212 4891 1266 4930 v.
1304 4878 1358 4943 5,
1387 4886 1488 4966 In,
1520 4881 1569 4933 oi
1598 4881 1651 4933 1"
1678 4882 1827 4939 ἰδού·

237 4966 291 5010 et
312 4972 438 5027 cap.
468 4946 589 5025 ἰνι,
625 4960 728 5027 t0,
758 4970 875 5026 πυτ
918 4946 1010 5027 τὸ,
1047 4968 1098 5019 οἱ
1139 4968 1221 5033 1",
1263 4946 1725 5040 obx‘érrwar
1778 4986 1835 5031 et

234 5065 394 5115 mu,
423 5051 479 5114 4,
514 5060 577 5135 τη
600 5055 647 5105 ot
679 5053 753 5117 1",
786 5054 936 5110 ἰδού.
995 5057 1231 5125 Quinam
1266 5064 1355 5118 alii
1394 5065 1607 5133 possint
1647 5068 1702 5123 in
1745 5069 1833 5127 his

230 5142 499 5212 exemplis
530 5144 760 5217 intelligi
798 5148 849 5201 oi
883 5148 936 5203 1"
974 5152 1078 5208 nisi
1102 5154 1324 5224 Aquila,
1371 5156 1739 5229 Symmachus
1777 5174 1833 5221 et

229 5232 539 5291 Theodotio
562 5236 585 5289 ’ἓ

304 5324 551 5396 ldipsum
588 5339 771 5385 autem
792 5331 997 5389 dixeris
1024 5334 1219 5393 Ezech.
1248 5356 1325 5407 ιν,
1360 5342 1446 5408 15,
1472 5354 1615 5405 κω
1638 5332 1827 5415 tau-:5.

226 5418 325 5471 ubi
348 5419 517 5474 codex
546 5419 832 5489 Marchal.,
856 5428 924 5495 χ(
952 5428 1001 5481 οἱ
1030 5429 1103 5495 1",
1137 5432 1244 5487 τὸν
1257 5433 1443 5503 ἄρτον
1466 5437 1666 5491 αὐτῶν
1684 5441 1831 5497 ἀκά-

227 5516 488 5578 θαρτονο
525 5514 617 5569 ubi
656 5518 961 5572 notandum
993 5531 1080 5577 est
1110 5524 1201 5580 hic
1235 5535 1292 5580 et
1322 5527 1377 5582 in
1422 5528 1607 5585 allatis
1642 5547 1831 5589 exem-

226 5604 334 5672 plis
354 5619 499 5673 smpe
519 5616 709 5668 notam
733 5608 784 5659 οἱ
810 5609 862 5661 1"
880 5614 1225 5681 prmmissum
1254 5619 1577 5675 asteriscum
1602 5622 1825 5689 habere,

226 5695 353 5764 quia
390 5696 654 5752 lectiones
703 5701 868 5755 trium
916 5703 1276 5776 interpretum
1311 5727 1436 5766 cum
1473 5715 1741 5771 asterisco
1771 5717 1825 5771 in

224 5787 524 5842 editionem
558 5789 666 5842 τῶν
701 5786 759 5846 0⁸
789 5790 1147 5863 bexaplarem
1185 5798 1256 5852 ab
1308 5800 1428 5870 ipso
1464 5799 1697 5871 Origene
1738 5803 1824 5858 iu-

1939 4603 2308 4675 conjungatur
2328 4620 2455 4660 cum
2479 4606 2569 4671 A.,
2599 4604 2685 4671 2.,
2706 4603 2800 4670 8.,
2829 4604 3378 4674 interpretationibus
3392 4620 3530 4677 pra!-

1940 4696 2171 4765 positis,
2214 4696 2288 4751 ita
2338 4706 2398 4750 ut
2433 4705 2557 4766 post
2589 4697 2773 4752 datam
2817 4695 3164 4768 singulorum
3216 4698 3530 4765 lectionem,

1937 4804 2061 4861 qua!
2100 4788 2325 4859 respicit
2346 4803 2539 4846 vocem
2575 4788 2901 4848 llebraicam
2928 4788 3079 4862 ῃειω,
3110 4792 3240 4847 huic
3263 4790 3529 4862 adiunga-

1937 4889 2026 4935 tur
2051 4881 2253 4951 ὁμοίως
2279 4882 2331 4936 oi
2356 4882 2431 4951 1",
2465 4891 2610 4939 recte
2632 4882 2799 4938 haeret
2824 4880 3138 4946 Waltonus,
3171 4898 3296 4937 cum
3330 4884 3528 4939 dicitur

1938 4984 2051 5030 tres
2078 4974 2333 5030 similiter
2368 4975 2622 5039 vertisse,
2659 4984 2951 5047 postquam
2983 4976 3215 5031 diversa:
3248 4976 3413 5034 trium
3450 4978 3529 5031 le-

1936 5066 2151 5123 ctiones
2180 5068 2358 5124 allata
2393 5079 2545 5124 sunt.
2581 5066 2784 5123 Verum
2829 5069 3005 5124 facilis
3048 5071 3153 5125 erit
3190 5069 3527 5126 diﬁicultatis

1934 5159 2159 5227 solutio,
2190 5160 2237 5217 si
2264 5160 2520 5217 dicamus
2548 5162 2750 5232 ὁμοίως
2773 5163 2823 5215 οἱ
2856 5161 2907 5214 1"
2932 5162 3203 5234 respicere
3227 5164 3524 5234 quamdam

1932 5266 2002 5307 ex
2038 5251 2398 5322 sequentibus
2431 5253 2785 5316 vocibus,vel
2815 5252 3103 5319 clausulis,
3140 5262 3196 5310 ct
3233 5254 3374 5313 male
3398 5269 3528 5310 con-

1927 5343 2276 5416 jungihanc
2320 5355 2507 5401 notam
2540 5361 2667 5400 cum
2711 5347 3039 5415 praecedenti
3064 5386 3081 5411 .
3114 5347 3263 5420 quod
3300 5361 3501 5403 sexccn

1933 5435 2037 5492 ties
2062 5435 2281 5492 accidit.
2310 5437 2500 5508 Itaque
2521 5439 2740 5509 opinor,
2770 5439 2975 5509 ὁμοίως
3011 5439 3063 5493 oi
3092 5440 3147 5496 1"
3175 5440 3522 5513 eonjungen-

1931 5527 2063 5584 dum
2084 5543 2209 5585 esse
2229 5545 2357 5585 cum
2382 5532 2629 5606 sequenti
2648 5531 2884 5606 lectione
2906 5532 3191 5603 marginaii
3223 5535 3294 5603 κ
3315 5530 3521 5606 xpetu-

1931 5637 2083 5675 τωον
2112 5624 2297 5695 φωνήν
2318 5638 2435 5683 σου,
2462 5605 2596 5708 151p
2625 5604 2757 5682 ’ἤτω
2786 5640 2798 5675 :
2833 5638 2959 5678 nam
2984 5624 3063 5679 sic
3094 5624 3194 5678 has
3214 5638 3375 5681 voces
3404 5639 3522 5681 ver—

1934 5722 2047 5767 tere
2080 5713 2257 5768 solent
2296 5713 2361 5767 A.
2383 5756 2398 5779 ,
2424 5714 2484 5767 2.
2508 5753 2523 5776 ,
2550 5714 2616 5766 8.
2667 5717 2859 5782 Itaque
2902 5730 3099 5769 sensus
3140 5714 3246 5767 erit
3269 5715 3521 5767 similiter

1932 5813 2037 5858 tres
2061 5805 2388 5875 interpretes,
2422 5821 2617 5876 nempe
2640 5808 2730 5872 A.,
2757 5806 2840 5875 Σ.,
2868 5806 2956 5873 8.,
2982 5804 3305 5877 χρεμέτισον
3332 5806 3519 5875 φωνήν
