4064 6262
428 322 530 374 H5

1798 315 2322 373 ΡΠᾹΖῌΜΙΝΑΒΙΑ

428 450 543 487 σου.
592 431 715 490 Haec
762 436 987 491 omnino
1033 436 1351 492 verisimilia
1394 449 1543 492 sunt.
1589 436 1647 493 Si
1680 447 1861 492 tamen
1902 438 2010 492 alio
2041 444 2085 499 Α
2114 447 2487 493 commentum
2513 440 2578 493 de
2613 436 2789 493 tribus
2822 437 3159 493 editionibus
3191 437 3306 509 jam
3352 437 3700 493 essulllatum

429 527 593 582 modo
621 536 673 582 te
699 529 956 598 expedire
990 531 1157 595 velis,
1188 544 1322 585 cave
1357 529 1510 584 dicas
1546 545 1788 600 unquam
1810 572 1826 592 ,
1873 532 1923 584 oi
1956 532 2011 584 1"

427 633 534 673 non
565 620 873 690 signiﬁcare
904 622 994 689 A.,
1022 623 1107 685 Σ..
1131 623 1221 689 8.,
1259 622 1313 677 id
1343 622 1545 693 quippe
1575 637 1683 676 non
1728 622 1855 677 licet
1886 632 2010 693 post

427 717 507 762 tot
528 708 689 765 allata
721 712 1057 766 testimonia.
1081 710 1353 767 Caeterum
1383 712 1534 784 ὅμως
1571 713 1714 768 male
1754 728 1787 767 a
1823 711 2012 767 Curte—

427 802 511 855 rio
540 802 740 858 lectum
770 803 941 858 fuisse
965 820 1064 875 pro
1099 805 1323 875 ὁμοῑως,
1350 820 1495 875 saepe
1517 804 1885 861 ostendimus.
1913 805 2012 861 llic

426 896 587 948 etiam
614 896 755 949 male
780 898 1090 967 κατάδυμα,
1119 913 1217 969 pro
1251 898 1543 969 καταλυμα
1568 899 1767 969 legitur
1786 941 1801 965 ,
1833 909 1894 954 ut
1920 900 2012 957 ob-

425 995 606 1042 servat
639 984 950 1044 Waltonus.

496 1079 748 1135 Alterum
800 1078 1042 1137 Waltoni
1095 1091 1477 1153 argumentum
1529 1082 1838 1154 bujusmodi
1878 1092 2010 1140 est:

426 1167 563 1223 Dein
590 1185 709 1241 cap.
740 1188 869 1235 ml,
904 1175 962 1242 ᾖ.
996 1172 1051 1239 9,
1090 1174 1161 1226 ad
1192 1189 1365 1227 vocem
1392 1174 1671 1228 ἀνατεῖλαι
1692 1191 1812 1228 cum
1844 1204 1905 1230 -τ-
1934 1174 2011 1228 sic

424 1280 478 1318 se
514 1263 670 1317 habet
698 1266 880 1335 margo
898 1283 917 1319 :
941 1267 1002 1318 Οἱ
1035 1265 1110 1333 1",
1134 1266 1507 1337 ἀναγγεῖλαι,
1540 1268 1604 1321 Θ.
1628 1266 2010 1336 βλαστῆσαι,

424 1356 489 1408 Δ.
519 1353 904 1424 ἀναφυῆναι;
937 1373 1109 1412 nonne
1142 1358 1253 1412 hwc
1296 1368 1447 1412 tanta
1501 1369 1712 1428 tamque
1756 1358 2014 1411 distincta

424 1446 894 1515 intepretationum
911 1451 1142 1504 uariems
1171 1451 1479 1504 uarietatem
1502 1451 1680 1519 arguit
1706 1453 2014 1506 auctorum?

498 1534 624 1592 Haec
651 1539 698 1594 si
730 1540 1043 1596 accuratius
1073 1543 1447 1597 examinasset
1476 1538 1790 1606 Waltonus,
1834 1542 2012 1596 mani-

425 1628 563 1685 festa
585 1631 667 1686 vel
696 1632 907 1686 librarii
938 1633 1024 1687 vel
1047 1632 1285 1689 Curterii
1325 1634 1522 1690 menda
1554 1633 1666 1689 duo
1706 1633 2012 1703 deprehen-

426 1723 621 1779 disset.
652 1724 896 1779 Primum
927 1735 1035 1792 est,
1070 1724 1219 1797 quod
1243 1728 1294 1781 oi.
1333 1727 1386 1780 I"
1423 1728 1639 1797 legatur
1672 1741 1772 1796 pro
1805 1728 1884 1794 θ’,
1917 1726 2007 1790 0.,

2114 540 2221 585 est.

2184 622 2340 689 Quod
2374 623 2442 677 ad
2483 632 2666 677 notam
2691 638 2823 677 vero
2865 626 3084 689 attinet,
3121 624 3247 679 dico
3292 625 3365 677 ita
3412 623 3704 693 legendum

2112 727 2258 775 esse,
2300 713 2534 785 Ὁμοίως
2560 715 2608 765 οἱ
2630 713 2703 778 1",
2737 715 2786 767 οἱ
2812 714 2889 777 0’,
2922 715 2956 784 ἢ
2984 712 3187 783 ὁμοίως
3232 715 3346 777 τοῖς
3387 716 3490 778 A'.,
3522 713 3611 770 Θ..
3642 722 3704 765 ut

2112 807 2318 876 passim
2370 807 2635 876 probatur
2682 807 2738 860 in
2791 807 2940 861 notis
3001 808 3069 862 ad
3112 806 3418 863 llesaiam:
3472 822 3595 860 nam
3645 806 3704 860 in

2113 896 2488 953 Marchaliano
2522 897 2734 962 codice,
2776 898 2866 952 ubi
2899 898 3050 968 ὅμως
3080 898 3312 967 legitur,
3348 905 3473 966 post
3500 895 3572 951 Μ.
3614 911 3707 951 su-

2114 1006 2211 1060 pra
2251 990 2511 1045 scribitur
2538 990 2739 1044 lineola
2771 1005 2894 1059 qum
2912 988 3184 1059 signiﬁcat
3214 1005 3264 1041 Ol.
3299 1006 3312 1042 :
3342 986 3703 1057 quamobrem

2114 1085 2399 1153 legendum
2429 1083 2663 1153 ὁμοίως·
2699 1082 2792 1136 ubi
2820 1080 3107 1136 Curterius
3156 1078 3287 1149 legit
3327 1095 3387 1130 τε
3406 1120 3422 1144 ,
3454 1078 3498 1131 Τ
3524 1077 3704 1133 solum

2116 1174 2368 1239 habetur,
2426 1189 2593 1242 supra
2626 1173 2807 1241 posita
2843 1188 3079 1227 recurva
3139 1170 3306 1235 linea,
3366 1186 3491 1240 quae
3536 1168 3708 1225 efﬁcit

2114 1266 2407 1319 articulum
2439 1270 2574 1330 τοῖς,
2600 1275 2661 1320 ιιι
2703 1265 2838 1334 ipsis
2874 1265 3051 1320 oculis
3095 1263 3327 1331 inspexi.
3366 1260 3482 1317 Hac
3527 1262 3704 1331 posita

2111 1357 2347 1411 lectione
2374 1357 2499 1412 dico
2533 1357 2767 1427 primam
2798 1364 2986 1411 notam
3022 1354 3256 1425 Ὁμοίως
3271 1354 3321 1408 oi
3344 1355 3395 1407 I"
3430 1355 3511 1410 vel
3538 1355 3710 1424 perti—

2114 1465 2243 1504 nere
2273 1451 2341 1504 ad
2387 1451 2625 1521 aliquam
2648 1465 2840 1506 vocem
2868 1450 3024 1519 prius
3055 1449 3291 1517 positam
3313 1488 3328 1513 ,
3369 1448 3454 1503 vel
3496 1447 3710 1518 signiﬁ-

2114 1557 2239 1597 care
2270 1554 2381 1597 tres
2410 1542 2732 1611 interpretes
2788 1544 2837 1594 εἰ
2885 1541 2982 1594 καί
3021 1538 3241 1605 habere,
3295 1541 3371 1595 ita
3416 1548 3598 1596 tamen
3644 1549 3709 1596 ut

2111 1636 2163 1689 οἱ
2192 1634 2246 1690 0'
2279 1633 2313 1706 ἢ
2343 1635 2545 1707 ὁμοίως
2565 1638 2679 1699 τοῖς
2718 1635 2806 1699 Δ.,
2839 1633 2903 1688 Θ.
2939 1633 2992 1689 id
3024 1642 3131 1701 est,
3163 1629 3307 1688 LXX
3336 1642 3389 1688 et
3415 1631 3611 1705 Aquila
3648 1641 3707 1689 et

2116 1725 2421 1783 Theodotio
2451 1727 2486 1799 ἡ
2526 1743 2626 1799 pro
2653 1730 2702 1781 et
2726 1728 2984 1783 habeant.
3024 1724 3092 1782 Ut
3140 1736 3200 1783 ut
3233 1742 3362 1782 vero
3399 1726 3495 1789 sit,
3543 1740 3703 1782 erro-

426 1813 484 1868 id
521 1824 603 1869 est
643 1814 787 1869 LXX
815 1825 869 1871 et
892 1816 1277 1887 Symmachus,
1308 1832 1431 1887 quae
1454 1816 1684 1874 mutatio
1727 1816 1923 1872 facilis.
1951 1812 2010 1870 Id
2041 1799 2083 1855 Β
2113 1836 2231 1875 rem
2258 1820 2467 1876 librarii
2495 1823 2581 1875 his
2608 1823 2663 1876 in
2696 1821 2917 1877 casibus
2954 1822 3138 1891 potius
3167 1821 3498 1891 suspiceris,
3534 1834 3702 1890 quam

426 1920 561 1961 vero
592 1906 755 1961 docet
802 1909 995 1963 eadem
1026 1908 1353 1963 Curteriana
1398 1908 1591 1977 editio,
1633 1909 1728 1964 ubi
1772 1908 1841 1963 ad
1894 1909 2009 1964 haec

423 1991 592 2046 verba
622 1993 817 2062 legitur
844 1996 900 2049 in
931 1995 1328 2051 Commentario
1360 1996 1634 2067 Procopii,
1658 2001 1691 2053 ὁ
1713 1997 2009 2070 Σύμμαχος

424 2080 601 2153 εἶπεν,
631 2087 739 2157 πρὸ
756 2088 850 2141 τοῦ
878 2089 1223 2158 ἀναγγεῖλαι,
1244 2098 1351 2145 etc.
1401 2088 1715 2146 Secundum
1750 2090 2010 2145 mendum

425 2186 533 2243 est,
562 2178 709 2248 quod
744 2179 1035 2250 utrobique
1069 2180 1281 2250 legatur
1317 2181 1636 2250 ἀναγγεῖλαι
1669 2197 1770 2252 pro
1794 2181 2012 2236 ἀνατεί-

424 2265 535 2333 λαι,
577 2285 858 2338 nunquam
889 2273 1038 2326 enim
1070 2287 1261 2327 vocem
1288 2283 1533 2334 mnam
1564 2275 1819 2331 vertisset
1850 2273 2012 2347 Sym-

425 2365 657 2418 machus
682 2364 1020 2432 ἀναγγεῖλαι.
1071 2364 1261 2436 Itaque
1283 2376 1468 2421 notam
1499 2368 1580 2424 sic
1623 2369 1774 2440 legas
1815 2373 1894 2436 0',
1922 2370 2007 2435 Σ.,

423 2455 767 2519 ἀνατεῖλαι,
796 2457 857 2511 Θ.
912 2456 1267 2527 βλαστῆσαι
1292 2501 1309 2523 .
1356 2460 1421 2514 Α.
1457 2460 1827 2531 ἀναφυῆναι.
1872 2458 2011 2515 Nam

426 2545 570 2600 LXX
608 2557 667 2602 ut
696 2546 1063 2619 Symmachus
1078 2552 1357 2605 ἀνατεῖλαι
1387 2552 1645 2623 primitus
1673 2554 1944 2608 habuere.

497 2640 743 2697 Tertium
766 2654 1151 2715 argumentum
1178 2645 1383 2717 profert
1401 2645 1691 2703 Waltonus
1718 2664 1732 2699 :
1755 2646 2008 2718 Denique,

429 2736 533 2798 ait,
563 2752 682 2805 cap.
715 2754 865 2802 LXVI,
906 2755 953 2792 υ.
982 2738 1039 2803 8,
1090 2739 1161 2792 ad
1200 2756 1348 2794 uoces
1376 2741 1423 2793 εἰ
1454 2741 1548 2793 καί
1594 2740 1689 2795 sub
1726 2756 1789 2797 -t-
1825 2758 2010 2810 margo

424 2829 504 2880 sic
529 2828 704 2891 habet,
737 2831 928 2901 Ὅμως
948 2833 999 2886 oi
1022 2835 1101 2897 0',
1132 2833 1189 2903 ἢ,
1217 2833 1367 2903 ὅμως
1397 2847 1458 2886 τε
1484 2833 1573 2897 Α..
1602 2832 1691 2893 Θ..
1724 2833 1862 2887 unde
1884 2849 2013 2887 con.

424 2928 536 2970 stat
565 2920 816 2988 Aquilam
846 2921 1033 2974 saltem
1057 2932 1107 2976 et
1142 2919 1548 2977 Theodotionem
1584 2939 1689 2977 non
1714 2925 1888 2976 minus
1922 2925 2010 2976 di-

425 3025 602 3063 uersos
625 3027 737 3064 esse
770 3029 803 3065 a
828 3016 943 3075 τοῖς
970 3013 1023 3067 Ρ
1046 3030 1206 3084 quam
1235 3018 1282 3069 οἱ
1315 3017 1369 3070 0'
1400 3025 1543 3071 sunt.
1576 3014 1760 3086 (Forte
1774 3033 1865 3085 per
1894 3014 2010 3068 oif'

2112 1926 2228 1967 rem
2265 1913 2388 1968 luce
2437 1913 2726 1968 clariorem
2781 1928 2966 1983 neges,
3019 1912 3272 1967 videlicet
3321 1913 3448 1976 τοὺς
3496 1911 3706 1968 f’esse

2110 2003 2391 2073 Aquilam,
2416 2002 2810 2075 Symmachum
2842 2012 2898 2059 et
2934 2000 3390 2059 Theodotionem.

2181 2094 2343 2150 Certe
2364 2095 2624 2151 librarios
2654 2095 2709 2150 in
2734 2095 3053 2166 bujusmodi
3079 2096 3225 2151 notis
3248 2110 3356 2150 non
3390 2094 3707 2166 infrequen-

2113 2194 2193 2239 ter
2212 2201 2400 2242 errare
2418 2188 2907 2257 deprehendimus,
2932 2187 3237 2243 utCoislin.
3266 2187 3503 2243 eximius
3530 2187 3707 2245 codex

2111 2275 2178 2331 Ill
2211 2278 2343 2349 Reg.
2379 2295 2472 2346 xv,
2508 2279 2577 2333 l2
2607 2299 2620 2334 :
2649 2284 2727 2343 θ’,
2755 2280 2831 2346 Γν,
2859 2279 2961 2345 τὰς
2984 2279 3209 2343 τελετὰς
3235 2320 3251 2343 ,
3290 2279 3493 2351 ὁμθῐως
3535 2281 3585 2333 cl
3625 2278 3705 2344 Γ,

2113 2372 2206 2425 ubi
2230 2372 2320 2427 illa
2356 2374 2607 2443 repetitio
2637 2373 2732 2427 τοῦ
2761 2374 2811 2428 Γ¹
2838 2374 2972 2428 vitio
3002 2374 3227 2429 inducta
3264 2373 3406 2437 fuit;
3447 2383 3504 2428 et
3545 2368 3706 2427 Vati-

2112 2480 2285 2520 canus
2318 2468 2515 2536 psalm.
2552 2483 2665 2533 xvr,
2700 2467 2755 2532 2,
2785 2469 2839 2521 in
2871 2468 2987 2521 haec
3015 2467 3181 2521 verba
3218 2468 3267 2520 οἱ
3302 2464 3570 2537 ὀφθαλμοί
3608 2480 3706 2519 σου

2112 2558 2194 2613 sic
2214 2569 2365 2612 notat
2392 2576 2406 2611 :
2446 2565 2541 2625 A.,
2572 2560 2659 2622 Σ.,
2679 2558 2769 2623 Θ..
2796 2559 2997 2630 ὁμοίως
3046 2560 3099 2613 oi
3124 2559 3178 2613 1"
3200 2600 3214 2625 ,
3250 2572 3567 2629 quanquam
3614 2556 3707 2612 hic

2113 2659 2261 2705 recte
2282 2650 2542 2720 explicari
2579 2652 2776 2722 possit,
2810 2651 3024 2721 Aquila,
3056 2648 3407 2722 Symmachus
3448 2659 3497 2702 et
3531 2644 3707 2702 Theo-

2112 2742 2281 2804 dotio,
2322 2751 2424 2797 tres
2458 2743 2707 2796 similiter
2722 2743 2938 2808 habent,
2968 2742 3117 2812 quod
3143 2741 3219 2797 ita
3236 2739 3446 2796 Gallice
3466 2737 3705 2810 exprimi

2112 2834 2311 2897 valeat,
2349 2834 2581 2905 Aquila,
2609 2831 2932 2904 Symmaque
2977 2844 3029 2887 et
3065 2830 3392 2887 Theodotion
3443 2838 3535 2883 ant
3582 2838 3703 2883 tous

2116 2925 2247 2977 troia
2271 2923 2335 2977 de
2366 2925 2549 2999 méme.
2578 2922 2702 2980 Haec
2720 2923 2972 2993 pluribus
2999 2922 3257 2992 persequi
3285 2934 3512 2977 necesse
3540 2920 3707 2975 duxi-

2114 3033 2261 3077 mus.
2287 3033 2357 3071 ne
2386 3016 2747 3073 eruditissimi
2781 3016 2922 3071 etde
2954 3013 3231 3085 republica
3263 3011 3527 3067 litteraria
3564 3009 3705 3065 bene

430 3113 537 3155 tres
559 3105 837 3171 editiones,
868 3104 1112 3176 Origenis
1140 3110 1221 3163 vel
1242 3107 1480 3175 Eusebii,
1507 3106 1735 3162 Luci‘ani
1763 3118 1813 3161 et
1842 3107 2012 3178 Hesy-
2038 3139 2079 3197 ε
2116 3109 2298 3162 meriti
2330 3108 2433 3163 viri
2463 3114 2668 3163 conatu
2692 3122 2721 3161 a
2753 3121 2883 3163 vera
2917 3104 3189 3161 sententia
3218 3104 3440 3173 quidam
3468 3099 3706 3157 abduce-

422 3194 534 3247 ιιιὁὲ
562 3195 926 3271 denotcutur.)
950 3195 1226 3256 Hactenus
1246 3198 1555 3255 Waltonus.
1577 3197 1858 3257 Posterius
1878 3214 2015 3256 vero
2053 3194 2064 3197 ⁷
2115 3210 2322 3256 rentur.

2031 3359 2102 3375 ᾳ

1423 3484 1804 3577 CAPUT
1879 3483 2649 3580 UNDECIMUM.

424 3802 468 3857 ε.
490 3803 829 3865 Hexaplorum
850 3801 1129 3865 apogrspba
1148 3813 1395 3865 perpauca
1418 3798 1544 3852 facta
1567 3809 1703 3865 sunt,

1742 3817 1916 3864 quare.
1950 3802 2013 3853 II.
2040 3802 2202 3855 Varia:
2223 3802 2578 3864 Hexaplorum‘
2599 3799 2846 3864 lectiones
2872 3799 2925 3864 in
2958 3796 3262 3864 marginibus
3286 3796 3560 3864 Bibliorum
3597 3808 3704 3851 θοι..

525 3860 682 3915 lecta}.
709 3864 792 3915 ΠΙ.
818 3860 1111 3924 Οιῐὶιιξωὶξι
1132 3860 1457 3927 scriptoribus
1477 3860 1833 3915 ecclesiasticis
1855 3866 2353 3930 Hexaplorumlibris
2374 3860 2481 3912 sint
2506 3860 2597 3913 usi.
2626 3860 2709 3910 IV.
2736 3861 3052 3921 Quandonam
3074 3860 3293 3921 Hexapla
3317 3860 3579 3922 perierint.

426 4007 470 4062 Ι.
501 4005 861 4075 Hexaplorum
885 4005 1192 4075 apographa
1206 4021 1470 4076 perpauca
1490 4006 1636 4076 facta
1655 4017 1800 4072 sunt,
1822 4023 2007 4078 quare.

497 4099 727 4166 Quantae
763 4095 928 4152 fuerit
972 4086 1173 4167 operm
1208 4095 1446 4168 ﬂesapla
1495 4095 1749 4170 Origeuis
1796 4101 2007 4169 integra

425 4190 756 4255 describere,
779 4199 833 4245 et
866 4206 954 4244 res
992 4190 1111 4260 ipsa
1142 4205 1237 4258 per
1265 4205 1325 4245 se
1346 4191 1548 4245 clamat
1580 4230 1594 4253 ,
1647 4198 1704 4245 et
1743 4189 2008 4263 Hierony-

425 4300 552 4339 mus
573 4285 913 4346 testilicatur,
937 4283 1031 4352 qui
1058 4284 1135 4336 ait
1164 4280 1492 4337 Praefatione
1515 4284 1568 4337 in
1594 4282 1791 4338 librum
1816 4282 2004 4351 Josue,

425 4375 666 4446 Hexapla
705 4384 927 4447 sumptu
956 4384 1012 4430 et
1050 4373 1237 4430 labore
1262 4375 1503 4430 maximo
1554 4376 1817 4445 indigere.
1862 4374 2008 4431 Sane

2116 4020 2282 4075 quam
2318 4004 2601 4059 minimam
2630 4016 2763 4057 sane
2793 4008 2972 4055 textus
3010 3996 3203 4051 Biblici
3233 4007 3441 4065 partem
3466 3996 3698 4066 singulis

2117 4097 2172 4150 in
2206 4095 2419 4165 paginis
2451 4092 2639 4147 haberi
2670 4105 2894 4147 necesse
2938 4089 3079 4143 fuit:
3116 4087 3318 4157 quibus
3370 4089 3654 4158 perpensis
3679 4126 3695 4150 ,

2116 4188 2206 4241 vix
2245 4185 2641 4256 quinquaginta
2697 4182 2890 4251 ampla:
2946 4178 3105 4233 molis
3137 4179 3508 4234 voluminibus
3540 4194 3695 4234 com-

2114 4278 2376 4347 prehendi
2409 4274 2645 4344 Hexapla
2670 4272 2856 4326 omnia
2887 4269 3134 4342 potuisse
3167 4270 3493 4340 putaverim.
3527 4268 3687 4324 Cum-

2114 4386 2221 4443 que
2252 4371 2368 4439 ipse
2406 4367 2689 4438 Origenes,
2722 4366 2814 4435 qui
2861 4364 3073 4435 primus
3107 4362 3475 4433 Hexaplorum
3521 4377 3694 4431 opus,

423 4468 608 4537 quivis
640 4467 914 4536 conjicere
942 4469 1085 4524 valet
1116 4469 1307 4539 quanti
1355 4468 1563 4523 laboris
1611 4466 1778 4524 fuerit
1802 4468 2006 4528 Graecis
2040 4470 2085 4527 D
2116 4472 2395 4533 sumptum
2422 4460 2823 4530 suppeditante,
2858 4465 2918 4511 ut
2952 4465 3199 4526 putatur,
3224 4456 3540 4520 Ambrosio,
3561 4471 3697 4511 con—

424 4558 801 4630 calligraphis,
826 4556 999 4613 Biblia
1033 4572 1193 4615 sacra
1234 4559 1473 4628 primum
1507 4557 1775 4616 Hebraica
1801 4560 2007 4632 lingua,

424 4666 589 4721 quam
625 4660 687 4706 ut
716 4653 1011 4722 plurimum
1035 4655 1382 4725 ignorabant,
1400 4655 1721 4727 depingere;
1745 4650 2010 4712 Hebraica

422 4744 623 4800 deinde
648 4745 854 4802 Graecis
882 4747 1081 4803 litteris
1107 4763 1137 4802 ο
1163 4750 1387 4821 regione
1407 4750 1783 4820 perscribere;
1819 4758 2011 4821 postea

424 4851 556 4891 vero
589 4844 828 4905 quatuor
868 4848 930 4893 ut
968 4840 1281 4906 minimum,
1321 4840 1618 4911 aliquando
1670 4856 1766 4896 ses
1804 4842 1888 4896 vel
1922 4856 2011 4897 se—

424 4936 571 4996 ptem
600 4927 953 4997 interpretum
976 4929 1263 4994 editiones,
1290 4944 1402 4985 uno
1427 4940 1748 5003 conspectu,
1769 4940 1824 4984 et
1850 4944 1881 4985 e
1918 4946 2007 4986 re-

422 5022 590 5094 gione
614 5034 835 5090 ponere,
867 5036 931 5077 ea
963 5022 1172 5077 scilicet
1199 5024 1572 5087 accuratione,
1603 5033 1657 5079 et
1693 5039 1799 5078 una
1843 5023 2006 5077 aliam

425 5128 537 5167 non
566 5113 872 5167 excederet.
910 5110 966 5166 ω
1005 5128 1141 5169 sane
1179 5122 1443 5183 prastare
1467 5114 1627 5184 pauci
1659 5129 1725 5169 es
1756 5113 2009 5184 calligra-

422 5204 548 5273 pbis
575 5211 847 5273 poterant.
889 5203 970 5257 Ad
1000 5204 1137 5268 lia-c,
1164 5222 1288 5260 cum
1321 5206 1414 5260 illo
1439 5221 1576 5271 aevo,
1602 5207 1658 5261 in
1699 5206 1853 5261 libris
1900 5208 2009 5261 sal-

423 5310 536 5353 !em
562 5295 897 5365 huiusmodi,
924 5298 1139 5353 nonnisi
1168 5298 1404 5353 uncialis
1443 5298 1730 5353 character
1765 5314 2003 5366 usurpa-

422 5395 599 5451 retur,
632 5389 727 5457 qui
761 5388 921 5458 longe
945 5390 1124 5458 majus
1151 5391 1388 5458 spatium
1424 5390 1748 5458 occupabat,
1773 5404 1838 5444 ac
1867 5404 2007 5460 prae-

423 5492 508 5533 ter
542 5479 664 5534 illas
694 5477 947 5535 Hebraici
982 5492 1163 5535 textus
1194 5482 1666 5551 interpretumque
1691 5480 2003 5545 columnas,

425 5572 595 5624 multa
633 5569 687 5623 in
719 5571 1059 5640 marginibus
1093 5569 1356 5642 Origenes
1391 5572 1741 5642 apposuerit,
1796 5573 2005 5627 monita

420 5661 654 5723 scilicet,
692 5661 975 5715 nominum
1033 5662 1381 5732 propriorum
1434 5662 1781 5717 aliorumaue
1835 5662 2004 5716 inter-

426 5749 779 5815 pretationes,
809 5766 931 5824 qua:
959 5753 1101 5810 latos
1129 5754 1405 5825 margines
1437 5752 1858 5821 desiderabant;
1886 5767 2004 5822 per-

2113 4552 2378 4615 cinnavit,
2404 4551 2508 4606 etsi
2542 4548 2943 4621 tachygraphos
2981 4555 3188 4617 septem
3221 4555 3275 4600 et
3305 4546 3531 4600 totidem
3583 4547 3696 4602 cal-

2110 4647 2389 4717 ligraplios
2445 4644 2511 4697 ad
2575 4658 2797 4697 manum
2837 4656 3051 4710 semper
3099 4640 3355 4705 haberet,
3388 4640 3457 4694 iis
3508 4650 3692 4695 tamen

2113 4736 2445 4793 adornaudis
2475 4735 2678 4790 multos
2715 4732 3127 4803 consumpserit
3168 4746 3341 4786 annos
3361 4773 3378 4796 ,
3410 4730 3693 4801 probabile

2112 4845 2244 4885 sane
2266 4839 2350 4885 est
2374 4840 2676 4898 perpaucos
2705 4834 2827 4896 post
2850 4822 3134 4895 Origenem
3157 4822 3350 4887 fuisse,
3375 4824 3470 4894 qui
3500 4822 3693 4893 hujus-

2110 4922 2258 4977 modi
2289 4922 2599 4986 commoda,
2625 4936 2732 4975 una
2756 4934 2880 4973 cum
2917 4917 3254 4987 adipiscendi
3281 4914 3554 4971 desiderio
3575 4954 3591 4979 ,
3637 4926 3694 4971 et

2109 5016 2373 5085 pecunias
2401 5022 2454 5068 et
2481 5012 2846 5083 calligraphos
2880 5019 2940 5066 et'
2956 5010 3312 5064 membranas
3328 5023 3427 5079 pro
3439 5018 3566 5064 voto
3589 5008 3691 5064 lia-

2109 5106 2349 5163 buerint.

2181 5199 2245 5253 ll.
2288 5199 2463 5252 Varie
2503 5196 2869 5264 Hexaplorum
2915 5194 3160 5250 lectiones
3193 5196 3249 5247 in
3287 5194 3619 5256 marqinibus

2603 5268 2900 5323 Bibliorum
2932 5266 3181 5321 collecta.

2180 5383 2319 5441 Hinc
2344 5394 2524 5439 autem
2548 5381 2727 5437 evenit
2748 5380 3066 5450 utplerique
3092 5395 3121 5433 a
3149 5387 3258 5434 tam
3285 5377 3456 5432 ardua
3479 5390 3538 5430 re
3564 5391 3691 5432 sus-

2108 5476 2358 5547 cipienda
2425 5475 2691 5539 deterriti,
2753 5489 2862 5542 quo
2910 5472 3215 5527 minoribus
3248 5471 3509 5541 impensis
3566 5483 3691 5539 quae

2107 5570 2377 5640 pra-cipua
2409 5568 2462 5621 in
2500 5566 2717 5636 Exaplis
2738 5573 2894 5619 erant
2919 5567 3387 5625 nanciscerentur,
3424 5564 3689 5618 lectiones

2106 5660 2336 5731 Aquilae,
2372 5657 2707 5729 Symmachi,
2741 5655 3155 5721 Theodotionis,
3192 5664 3355 5723 atque
3384 5653 3538 5711 alias.
3565 5668 3689 5717 quia!

2112 5753 2332 5822 majoris
2366 5765 2486 5807 esse
2522 5749 2783 5805 momenti
2817 5747 3135 5803 videbantur
3159 5784 3177 5811 ,
3235 5745 3288 5799 in
3324 5745 3683 5810 marginibus,
