4064 6262
333 323 439 381 H7

1617 335 1684 389 IN
1726 334 2052 390 llEXAPl.A
2095 334 2443 393 ORIGENS.

3520 345 3622 404 “3

330 453 721 520 exemplarium
753 456 863 508 τῶν
896 461 951 510 0'
972 457 1208 512 exscribi
1230 469 1506 513 curarent.
1532 457 1597 511 Et
1620 460 1748 530 quia
1768 459 1825 512 in
1846 458 1940 513 de-
1967 463 2011 519 Α
2043 458 2136 527 qui
2166 456 2421 527 llexaplis
2443 466 2568 512 sunt
2595 458 2702 521 usi.
2740 458 2785 512 si
2812 458 3060 529 quaadam
3095 459 3185 516 hic
3212 460 3401 531 paucis
3450 464 3608 534 prore

334 540 500 608 lectu,
542 544 865 611 Opinionnni
899 549 1219 618 plerumque
1248 550 1482 603 divortia
1531 552 1646 604 lieri
1700 550 1877 605 solent
1909 591 1924 616 ,

331 634 460 687 dum
494 633 636 689 alius
674 637 825 691 aliud
855 640 1232 694 adnotandum
1286 651 1457 709 putat,
1485 641 1609 695 inde
1639 641 1837 695 accidit
1868 650 1927 696 ut

326 726 386 780 in
413 728 585 781 variis
616 728 916 784 Bibliorum
952 734 1235 787 codicibus
1274 734 1534 788 lectiones
1564 733 1923 804 interpretum

327 818 500 872 varia:
522 820 812 891 descriptae
835 823 981 889 sint;
1016 826 1089 877 ita
1139 835 1191 878 et
1241 826 1400 893 pauci
1434 828 1776 894 reperiantur
1807 844 1925 882 ma-

328 912 599 980 nuscripti
626 916 722 983 qui
751 917 971 971 easdem
998 927 1388 985 repraesentant
1422 937 1434 973 :
1497 920 1624 974 inde
1652 935 1783 974 vero
1836 920 1923 975 fa-

328 1011 480 1056 ctum
514 1015 599 1058 est
625 1016 685 1059 ut
717 1005 877 1077 longe
898 1010 1079 1077 plures
1100 1020 1340 1066 veterum
1372 1012 1631 1067 lectiones
1666 1014 1835 1070 variis
1868 1016 1922 1070 in

322 1090 487 1148 libris
545 1110 667 1150 sese
706 1098 1027 1153 obtulerint.
1082 1098 1229 1155 Inter
1284 1102 1387 1158 hos
1435 1114 1619 1159 autem
1660 1106 1919 1176 codices,

324 1184 493 1256 longe
540 1202 772 1245 cteteros
814 1203 1079 1261 superant
1111 1192 1434 1250 Coisliuiani
1484 1198 1594 1253 duo
1627 1217 1639 1253 :
1680 1215 1920 1270 quorum

323 1292 474 1331 unus
502 1280 703 1334 unciali
758 1283 972 1351 quadro
1036 1285 1356 1342 charactere
1416 1289 1725 1361 descriptus
1763 1304 1921 1349 sexto

319 1368 553 1424 circiter
584 1372 664 1425 vel
693 1378 928 1441 septimo
960 1378 1162 1430 Stcculo
1183 1421 1196 1441 ,
1244 1381 1624 1450 complectitur
1660 1382 1920 1441 Octateu-

322 1460 495 1515 chum
528 1473 582 1515 et
624 1465 794 1519 libros
828 1465 1034 1537 Regum
1067 1509 1083 1531 ,
1145 1484 1270 1524 cum
1326 1474 1655 1543 quibusdam
1691 1478 1820 1535 hinc
1864 1488 1920 1534 et

320 1552 454 1609 inde
488 1555 749 1620 hiatibus,
804 1562 897 1628 qui
933 1570 1240 1631 temporum
1300 1566 1500 1635 injuria
1544 1571 1866 1627 acciderunt
1901 1590 1916 1639 ;

321 1646 468 1701 alter
498 1662 629 1702 vero
660 1650 859 1705 decimi
892 1655 1100 1719 saeculi,
1129 1656 1298 1711 libros
1329 1657 1537 1728 Regum
1568 1702 1584 1725 ,
1636 1660 1916 1733 Paralipo-

321 1754 550 1805 menon,
581 1740 834 1807 Esdram,
869 1743 1177 1815 Estherem,
1217 1747 1427 1815 Judith,
1463 1761 1519 1807 et
1551 1752 1914 1823 Machabaaos,

2034 562 2242 610 ramus,
2272 565 2377 602 non
2408 549 2680 619 ingratum
2715 550 2903 604 lectori
2932 550 3055 604 erit.

2103 637 2412 696 Panrmws
2444 650 2671 713 martyr,
2726 641 2850 696 ideo
2879 643 3028 712 prior
3068 652 3389 699 numeratur
3413 684 3430 709 ,
3489 645 3617 715 quia

2032 744 2325 803 antequam
2360 734 2504 790 ullus
2527 734 2857 805 scriptorum
2908 736 3004 805 qui
3041 747 3337 805 supersunt
3364 735 3624 807 Hexaplis

2032 835 2300 892 uteretur,
2338 826 2556 882 codices
2586 826 2952 898 llexaplomm
2986 842 3110 882 cum
3162 828 3397 884 Eusebio
3428 845 3619 884 emen-

2030 917 2194 973 dasse
2249 917 2421 972 fertur
2449 919 2505 971 in
2541 928 2669 972 nota
2704 919 2913 974 codicis
2947 917 3060 975 RR.
3097 919 3202 976 PP.
3235 918 3569 975 Jesuitarum
3602 959 3619 985 ,

2030 1011 2294 1081 exscripti
2330 1012 2397 1066 ad
2426 1011 2583 1066 fidem
2612 1010 2996 1082 ilexaplorum,
3022 1028 3145 1082 quae
3161 1027 3325 1082 penes
3340 1012 3621 1083 Apollinu-

2029 1102 2173 1156 rium
2193 1103 2633 1158 cmnobiareham
2662 1105 3102 1171 asservabantur,
3122 1116 3180 1159 ut
3209 1104 3264 1157 in
3284 1104 3470 1159 eadem
3492 1114 3618 1162 nota

2029 1192 2250 1248 dicitur.

2100 1285 2368 1342 Eussstus
2380 1285 2671 1359 Pamphili,
2697 1296 2892 1359 praeter
2905 1304 3027 1345 cam
3039 1289 3276 1363 llexapla
3291 1288 3617 1347 emendandi

2027 1393 2274 1451 operam,
2326 1395 2492 1450 quam
2521 1396 2644 1435 cum
2680 1381 2963 1452 Pamphilo
2989 1386 3255 1453 suscepit.
3286 1386 3494 1440 scholia
3522 1384 3617 1438 in-

2026 1487 2193 1543 super
2216 1472 2437 1543 adjecit,
2479 1484 2536 1528 ut
2568 1474 2624 1528 in
2650 1474 2840 1530 eadem
2876 1486 3002 1529 nota
3035 1475 3225 1530 fertur.
3259 1477 3341 1530 Ad
3382 1478 3497 1531 haec
3517 1492 3616 1530 an-

2027 1570 2136 1618 tem
2157 1562 2476 1619 innumeras
2506 1578 2645 1634 pene
2668 1574 2910 1619 veterum
2935 1564 3291 1635 interpretum
3317 1565 3381 1620 A.
3417 1566 3477 1620 S.
3507 1564 3613 1621 'l'h.

2016 1650 2295 1709 lectiones
2334 1655 2557 1717 attulit.
2612 1654 3021 1710 Commentariis
3078 1658 3133 1709 in
3187 1655 3437 1711 Psalmos
3477 1659 3617 1712 etin

2028 1741 2309 1810 Hesaiam,
2339 1745 2393 1801 in
2420 1746 2561 1801 libro
2596 1749 2672 1801 De
2708 1747 2838 1802 locis
2878 1747 3178 1809 Hebraicis.
3234 1750 3288 1803 in
3329 1748 3618 1819 Praepara-

320 1846 453 1884 cum
492 1848 692 1903 magna
720 1833 773 1887 in
801 1835 969 1893 libros
988 1836 1197 1908 Regum
1224 1841 1741 1911 interpretationum
1773 1862 1921 1901 mar-
1953 1828 1996 1883 Β
2028 1841 2165 1892 tione
2191 1846 2247 1893 et
2275 1837 2745 1895 Demonstratione
2778 1840 3100 1912 evangelica,
3132 1852 3187 1896 et
3207 1842 3263 1896 in
3294 1842 3613 1913 fragmentis

320 1922 587 1991 gmalium
638 1926 793 1995 copia
821 1944 835 1979 :
868 1928 961 1981 sed
991 1928 1081 1983 hic
1106 1971 1123 1997 ,
1174 1940 1233 1985 ut
1280 1941 1334 1987 et
1368 1934 1461 1989 alii
1500 1951 1696 1993 omnes
1725 1954 1921 1993 manu-

319 2011 538 2079 scripti,
571 2013 624 2066 in
670 2014 824 2071 libris
875 2014 1342 2088 Paralipomentim
1372 2040 1585 2094 pauca;
1620 2028 1675 2081 in
1710 2031 1922 2087 caeteris

317 2102 460 2156 nihil
484 2104 667 2161 habet.
694 2105 789 2162 His
812 2111 1020 2167 accedit
1053 2111 1258 2185 Regius
1282 2117 1481 2172 decimi
1526 2120 1669 2174 tertii
1703 2122 1923 2177 circiter

316 2199 535 2263 saeculi,
567 2202 662 2271 qui
697 2204 897 2259 multas
924 2206 978 2259 in
1007 2206 1168 2263 libris
1204 2208 1414 2279 Regum
1470 2212 1736 2270 lectiones
1765 2225 1917 2271 veto-

317 2306 446 2345 rum
481 2291 663 2347 aﬂ'ert.
714 2296 915 2363 Magno
950 2300 1079 2352 item
1124 2302 1248 2357 usui
1295 2301 1401 2358 fuit
1444 2308 1618 2361 codex
1659 2306 1776 2363 RR.
1809 2308 1918 2366 PP.

318 2380 513 2435 Sancti
543 2381 725 2437 Basilii
750 2383 960 2453 Romae,
986 2387 1185 2444 decimi
1218 2406 1369 2459 saec,
1397 2410 1560 2464 quem
1583 2394 1918 2456 Basilianum

314 2486 609 2537 vocamus.
640 2476 741 2531 hac
776 2482 1114 2548 supellectile
1169 2488 1454 2556 marginali
1496 2499 1767 2559 onustus,
1822 2497 1916 2564 qui

317 2562 755 2635 Heptateuchum
785 2573 1051 2637 eontinet,
1092 2577 1185 2630 sed
1216 2587 1326 2632 tota
1365 2594 1500 2647 pene
1526 2578 1726 2638 Genesi
1759 2562 1918 2639 truno

314 2670 477 2713 catus
505 2671 607 2715 est.
636 2659 745 2716 Nec
786 2668 1285 2731 przetermittendus
1325 2669 1529 2741 Regius
1580 2673 1719 2729 alter
1757 2692 1910 2732 num.

315 2748 483 2816 {87],
516 2752 713 2807 decimi
750 2757 961 2821 saeculi.
984 2774 1054 2813 ex
1074 2760 1232 2829 cujus
1254 2764 1595 2835 marginibus
1622 2768 1792 2823 multa
1819 2785 1917 2825 ex-

312 2848 646 2916 cerpsimus.
684 2850 832 2905 Inter
869 2855 1356 2923 praestantissimos
1386 2864 1790 2930 computandas
1819 2882 1915 2920 co-

312 2937 422 2992 dex
457 2937 861 3009 Prophetarum
920 2946 1264 3003 bibliothecae
1292 2947 1410 3007 RR.
1444 2949 1552 3005 PP.
1576 2951 1910 3012 Jesuitarum

314 3028 528 3099 collegii
585 3028 849 3087 Ludovici
884 3032 1065 3105 Magni
1090 3076 1105 3100 ,
1142 3038 1288 3093 unde
1320 3041 1492 3096 multa
1523 3044 1579 3098 in
1610 3043 1911 3103 Jeremiam

313 3128 371 3173 (ι
400 3119 744 3177 Ezechielem
798 3127 1028 3180 mutuati
1068 3144 1302 3185 sumus:
1355 3148 1481 3187 nam
1517 3134 1746 3192 Hcsaias
1794 3140 1908 3208 jam

311 3214 492 3268 alitus
520 3229 549 3267 a
584 3213 794 3269 Joanne
828 3216 1083 3273 Curterio
1114 3219 1313 3287 fuerat,
1354 3234 1410 3278 et
1457 3226 1510 3279 iu
1540 3230 1753 3285 ceteris
1786 3247 1911 3300 pro-

308 3307 489 3377 phetis
520 3307 633 3362 fere
663 3312 796 3363 nihil
846 3312 1228 3382 marginalium
1264 3317 1772 3387 interpretationum
1809 3324 1911 3378 ha-

314 3396 495 3451 betur.
532 3397 736 3454 Pfii‘llel‘
768 3412 1010 3457 veterum
1042 3404 1405 3475 interpretum
1455 3410 1719 3468 lectiones
1746 3454 1761 3478 ,
1822 3417 1911 3470 hic

308 3491 561 3547 asterisci
597 3503 651 3547 ct
700 3496 839 3550 obeli
876 3498 1081 3566 passim
1116 3537 1129 3563 ,
1184 3516 1580 3573 nonnunquam
1612 3506 1667 3559 in
1715 3516 1862 3562 textu
1892 3549 1907 3573 ,

308 3585 513 3650 upius
543 3585 597 3637 in
642 3588 985 3656 marginibus
1020 3590 1377 3647 adnotantur.
1435 3592 1512 3650 Ex
1568 3596 1674 3652 hoc
1722 3599 1911 3655 codice

307 3674 469 3744 plura
503 3692 800 3745 excerpere
820 3688 1159 3749 poteramus,
1191 3685 1297 3740 nisi
1324 3686 1657 3758 prmcipitem
1689 3691 1741 3745 ei
1773 3707 1910 3761 ope-

306 3780 427 3820 ram
457 3768 593 3823 dare
625 3772 801 3825 coacti
832 3786 1084 3830 essemus
1115 3792 1129 3830 :
1177 3792 1301 3831 nam
1328 3779 1394 3832 ad
1426 3789 1665 3850 quatuor
1694 3792 1908 3838 tantum

307 3856 448 3921 dies,
486 3864 715 3929 rogante
742 3860 1037 3919 Maecenate
1069 3878 1261 3923 nostro
1297 3884 1407 3926 em.
1439 3873 1588 3926 card.
1607 3872 1907 3941 d'Estrées,

304 3946 425 4016 ejus
459 3949 619 4003 nobis
656 3954 814 4021 copia
847 3952 992 4009 facta
1017 3964 1121 4013 est.
1158 3955 1555 4017 Memorandus
1582 3962 1707 4016 item
1733 3964 1905 4022 codex

303 4034 665 4097 Colbertinus
696 4045 750 4098 in
780 4043 978 4100 Johum
999 4090 1014 4113 ,
1070 4064 1263 4104 recens
1304 4050 1551 4120 quidem,
1592 4056 1687 4109 sed
1715 4071 1783 4110 ex
1816 4074 1908 4111 ve-

306 4134 435 4199 teri,
464 4144 528 4188 ct
562 4135 827 4204 creditur,
857 4138 1187 4209 descriptus,
1218 4143 1362 4195 unde
1388 4143 1557 4199 multa
1584 4146 1651 4201 ad
1686 4147 1906 4203 institu-

306 4232 422 4278 tum
453 4235 704 4281 nostrum
738 4231 1039 4298 spectantia
1072 4234 1309 4286 mutuati
1335 4234 1685 4291 sumus.Non
1722 4248 1906 4295 taceri-

305 4316 407 4371 dus
434 4317 569 4372 item
616 4318 951 4376 Barberinus
975 4323 1029 4377 in
1072 4322 1393 4394 Prophetas,
1424 4328 1583 4398 cujus
1616 4331 1795 4386 varias
1827 4332 1905 4385 le-

304 4412 524 4465 ctiones
559 4411 613 4464 in
651 4412 965 4483 Appendice
999 4415 1427 4486 Polyglottorum
1467 4420 1636 4476 edidit
1670 4420 1904 4479 Brianus

2024 1930 2561 1987 Commentariorum
2592 1932 2650 1987 in
2684 1931 2821 1987 alias
2868 1930 3167 2003 Scriptura:
3196 1946 3400 2004 partes.
3430 1932 3615 2001 Quare

2023 2036 2225 2093 magno
2258 2022 2416 2078 nobis
2440 2022 2495 2077 in
2528 2022 2613 2078 his
2638 2023 2866 2079 edendis
2895 2024 3143 2081 subsidio
3164 2024 3286 2081 fuit.

2092 2136 2460 2204 ATHANASIUS,
2494 2135 2754 2208 Hexaplis
2779 2154 2893 2196 non
2949 2140 3025 2195 ita
3078 2140 3400 2210 frequenter
3431 2158 3566 2199 usus
3594 2184 3611 2211 ,

2020 2226 2182 2285 binas
2199 2238 2386 2285 tamen
2412 2229 2626 2300 Aquila:
2649 2231 2918 2287 lectiones
2947 2232 3313 2303 suppeditavit
3338 2252 3354 2299 ς
3379 2235 3610 2290 alteram

2020 2316 2077 2372 in
2098 2306 2240 2375 libro
2262 2319 2353 2374 cui
2386 2320 2580 2376 titulus
2610 2339 2627 2376 :
2662 2319 2860 2378 Omnia
2879 2322 3010 2376 mihi
3045 2323 3248 2377 tradita
3276 2331 3399 2377 sunt
3424 2340 3460 2379 α
3498 2321 3614 2379 Pa-

2022 2420 2135 2477 tre;
2165 2412 2393 2468 alteram
2419 2412 2476 2468 in
2506 2412 2917 2469 Commentariis
2946 2414 3002 2469 in
3035 2413 3309 2472 Psatmos.

2090 2505 2443 2572 CKALCIDIUS,
2469 2507 2565 2577 qui
2587 2522 2656 2561 an
2684 2505 3056 2575 Christianus,
3076 2524 3147 2564 an
3175 2509 3394 2580 gentilis
3423 2509 3613 2576 fuerit,

2018 2594 2293 2651 incertum
2318 2606 2429 2662 est,
2454 2598 2650 2652 eodem
2674 2597 2895 2653 circiter
2926 2607 3191 2669 tempore.
3237 2597 3613 2671 Hexaplorum

2019 2686 2202 2743 locum
2236 2687 2438 2751 attulit,
2472 2696 2533 2742 ut
2563 2687 2750 2744 videas
2785 2690 2840 2743 in
2874 2689 3149 2760 principio
3192 2688 3444 2747 Genesis.
3504 2691 3613 2748 Alii

2017 2794 2146 2835 eum
2175 2788 2336 2836 aetate
2361 2780 2523 2850 longe
2561 2782 2928 2850 posteriorem
2982 2797 3106 2836 esse
3155 2792 3377 2852 putant;
3429 2784 3523 2839 sed
3556 2786 3611 2839 id

2016 2872 2324 2941 disquirere
2345 2889 2458 2930 non
2489 2884 2576 2929 est
2607 2875 2894 2945 praesentis
2920 2874 3176 2929 instituti.

2085 2965 2360 3022 Asrsatus
2389 2966 2661 3036 sephista,
2691 2968 2785 3036 qui
2810 2967 3003 3021 eodem
3020 2981 3157 3037 pene
3188 2975 3431 3034 tempore
3460 2964 3613 3021 Cont-

2015 3059 2277 3113 mentaria
2300 3060 2356 3112 in
2374 3057 2622 3113 Psatmos
2654 3058 2961 3119 adornavit.
2983 3074 3052 3112 an
3073 3055 3333 3127 Hexaplis
3358 3055 3431 3112 sit
3452 3073 3610 3121 usus.

1939 3182 1983 3241 ο
2018 3164 2210 3225 necne,
2249 3148 2494 3205 nondum
2525 3151 2598 3203 ita
2636 3159 2982 3217 perspectum
3018 3156 3121 3201 est.

2090 3237 2332 3294 DIDYIUS
2347 3254 2548 3301 czecus,
2576 3237 3001 3301 Alexandrinus,
3022 3234 3392 3307 Hexaplorum
3421 3236 3612 3293 lectio—

2020 3347 2118 3387 nes
2142 3334 2195 3385 iu
2231 3332 2664 3388 Commentariis
2698 3331 2813 3386 suis
2845 3330 3045 3395 attulit,
3079 3333 3175 3384 sed
3229 3344 3341 3383 non
3377 3328 3452 3386 ita
3490 3329 3606 3386 fre-

2019 3432 2417 3567 qu’ilitftinoaus
2443 3509 2787 3577 Rcracleota.
2810 3510 3071 3577 Arianus,
3125 3511 3367 3583 chapla
3399 3514 3606 3584 passim

2018 3603 2296 3668 adhibuit,
2331 3619 2507 3672 eaque
2535 3606 2696 3659 docte
2728 3604 3007 3673 tractavit,
3044 3616 3104 3661 ut
3152 3607 3343 3663 multis
3372 3608 3427 3661 in
3469 3608 3607 3661 locis

2018 3693 2209 3751 videre
2237 3706 2342 3751 est.
2376 3693 2512 3766 Ejus
2538 3697 3078 3753 Commentariorum
3131 3698 3436 3772 fragmenta
3470 3699 3609 3754 bene

2017 3787 2193 3842 multa
2223 3797 2443 3845 exstant
2477 3790 2531 3844 in
2564 3789 2789 3845 Catenis
2812 3790 2999 3847 variis.

2079 3879 2341 3938 EUSEBIUS
2388 3880 2693 3939 Emesenus
2747 3882 2804 3938 in
2862 3880 3309 3949 Commentariis,
3367 3899 3604 3954 quorum

2015 3968 2320 4043 fragmenta
2348 3973 2565 4028 Catena:
2597 3974 2878 4041 exhibent,
2910 3972 3170 4047 Hexaplis
3197 3986 3281 4033 est
3322 3992 3478 4040 usus.
3511 3977 3605 4034 sed

2015 4079 2075 4118 ra
2086 4080 2165 4127 ro.
2200 4075 2260 4118 ut
2296 4064 2534 4121 videtur.

2084 4154 2347 4212 HILARIIIS
2378 4159 2546 4212 semel
2571 4156 2809 4227 Hexapla
2856 4174 3153 4230 usurpasse
3181 4158 3607 4229 deprehenditu'

2014 4248 2408 4305 Commentario
2427 4252 2480 4305 in
2514 4250 2786 4307 Psatmos.

2088 4340 2354 4397 Eussnius
2389 4339 2753 4398 Vercellensis
2794 4341 3218 4397 Commentarios
3277 4341 3493 4397 Eusebii
3547 4344 3603 4398 in

2011 4430 2260 4488 Psatmos
2290 4429 2484 4487 Latine
2515 4433 2816 4500 transtulit,
2868 4433 3197 4490 lectionibus
3236 4432 3602 4503 Hexaplorum

310 4497 630 4557 Waltonus.
654 4503 727 4557 De
752 4506 876 4560 aliis
899 4509 1291 4579 manuscriptis
1320 4511 1549 4567 minoris
1567 4514 1747 4582 pretii,
1766 4532 1902 4584 quo-
1937 4545 1982 4600 ι)
2011 4538 2318 4595 respersos.

303 4608 428 4649 num
461 4612 719 4664 magnam
750 4600 962 4668 copiam
986 4605 1130 4657 nat-ti
1164 4620 1380 4668 sumus,
1416 4605 1469 4659 in
1505 4604 1683 4661 fronte
1716 4609 1904 4678 singu-

307 4686 488 4743 lorum
524 4688 790 4743 librorum
821 4701 1004 4745 actum
1046 4702 1148 4749 est.
1180 4693 1274 4750 lla:
1316 4696 1477 4751 nobis
1515 4696 1902 4769 Hexaplarium

309 4779 831 4849 interpretationum
860 4786 1102 4854 reliquiae
1136 4795 1435 4856 supersunt
1481 4789 1537 4843 in
1588 4794 1902 4848 manuscri~

310 4873 442 4941 ptis.
477 4871 616 4926 Nam
649 4871 889 4943 chapla
922 4876 1061 4946 ipsa,
1095 4887 1156 4932 ut
1184 4880 1253 4933 ab
1286 4878 1521 4951 Origene
1574 4883 1901 4939 concinnata

307 4960 553 5029 fuerant,
588 4964 662 5017 ita
703 4963 951 5020 funditus
1006 4969 1288 5036 perierunt
1316 5011 1332 5034 ,
1369 4980 1428 5023 ut
1483 4987 1551 5025 tte
1580 4974 1903 5042 particulam

309 5055 529 5125 quidem
551 5072 741 5111 eorum
780 5058 873 5112 ulli
907 5060 1118 5129 uspiam
1144 5063 1463 5132 conspicere
1484 5064 1719 5121 licuerit.

311 5168 398 5225 lll.
425 5170 659 5237 Quinam
689 5190 753 5226 ea:
767 5175 1123 5253 scriptoribus
1143 5179 1518 5253 ecclesiasticis
1542 5180 1905 5253 "emptorem

388 5300 394 5311 Ι
894 5245 1047 5299 libris
1078 5249 1183 5301 sint
1215 5252 1317 5303 usi.

380 5330 587 5389 Praeter
613 5335 829 5391 codices
866 5341 1273 5409 manuscriptos
1297 5384 1313 5410 ,
1357 5345 1503 5400 unde
1550 5357 1792 5404 veterum
1827 5350 1905 5403 in-

310 5429 762 5497 terpretationum
808 5444 935 5498 pars
968 5448 1166 5502 magna
1201 5435 1403 5503 prodit,
1442 5439 1684 5508 amplam
1741 5440 1904 5496 nobis

310 5530 545 5590 segetem
582 5522 904 5578 obtulerunt
952 5525 1282 5596 scriptorum
1320 5540 1562 5586 veterum
1608 5534 1905 5589 Commen-

312 5615 456 5678 tarii,
494 5614 588 5683 qui
616 5632 716 5685 pro
756 5617 952 5673 littera:
988 5633 1153 5674 sensu
1201 5624 1549 5693 assequendo
1579 5628 1903 5698 plerumque

305 5706 536 5773 Aquilia,
580 5705 921 5779 Symmachi,
954 5709 1348 5768 Theodotionis
1367 5717 1712 5788 aliorumque
1738 5719 1907 5775 inter-

310 5812 517 5857 oretum
551 5803 823 5862 lectiones
870 5819 1226 5877 usurparunt.
1263 5810 1337 5866 De
1370 5813 1604 5884 singulis
1629 5831 1799 5886 porro
1834 5818 1904 5874 iis

2083 4613 2361 4671 Dtooonus
2381 4615 2694 4683 Tarsensis,
2722 4615 2775 4669 in
2836 4630 2992 4671 sacra
3028 4613 3311 4687 Scriptura
3357 4616 3603 4686 apprime

2009 4717 2286 4775 versatus,
2314 4708 2683 4780 llexaplorum
2703 4709 2955 4765 notitiam
2980 4709 3198 4778 plenam
3228 4709 3485 4769 habuisse
3511 4709 3597 4763 vi-

2007 4799 2187 4865 detur.
2224 4809 2283 4854 ut
2314 4816 2379 4855 ex
2401 4800 2520 4871 ejus
2550 4800 2874 4872 fragmentis
2894 4817 3017 4873 qua:
3057 4804 3112 4856 in
3141 4802 3366 4857 Catenis
3411 4816 3605 4871 super-

2010 4902 2162 4959 sunt,
2188 4894 2635 4964 deprehenditur.

2083 4984 2409 5042 EPIPRAMUS
2442 4986 2632 5058 Cypri.
2657 4986 2919 5041 lectiones
2963 4996 3209 5040 veterum
3241 4986 3600 5056 interpretum

2008 5093 2117 5134 non
2153 5081 2322 5134 semel
2353 5080 2557 5144 attulit,
2585 5090 2638 5133 et
2683 5077 2977 5137 Historiam
3013 5078 3377 5149 Hexaplorum
3404 5080 3603 5149 partim

2008 5188 2075 5227 es
2106 5170 2362 5243 Origene,
2394 5182 2454 5227 ut
2488 5172 2724 5235 videtur,
2772 5180 3076 5236 mutuatus,
3129 5171 3249 5228 fuse
3287 5173 3596 5243 descripsit.

2079 5262 2329 5320 BASILIUS
2350 5262 2707 5322 Cesariensis
2752 5266 3075 5336 hexaplares
3126 5266 3601 5335 interpretationes

2010 5369 2204 5423 parum
2240 5356 2510 5410 tractavit.

2078 5448 2389 5503 Gneooatus
2416 5450 2542 5502 item
2581 5446 2879 5519 Nyssenus,
2922 5450 3042 5519 cjus
3092 5446 3280 5514 frater,
3344 5445 3601 5517 llexaplis

2009 5558 2137 5595 raro
2167 5558 2302 5596 usus
2334 5551 2437 5595 est.

2081 5636 2477 5689 AeoLumntus
2503 5633 2847 5690 Laodiccnus
2902 5637 2955 5689 in
2993 5630 3419 5687 Commentariis
3485 5631 3601 5685 suis

2010 5724 2375 5796 llexaplorum
2409 5727 2669 5781 lectiones
2705 5726 3028 5796 parcissime
3060 5723 3260 5777 attulit.

2082 5821 2396 5875 Aunnosms
2451 5819 2872 5875 Mediolanensis
2922 5818 3196 5873 modicum
3235 5816 3601 5885 llcxaploram
