  <div class='ocr_page' id='page_1' title='image "/cluster/home/n/w/nwhite01/storage/ocr_20150623/15/mdp.39015078384354/065.png"; bbox 0 0 4064 6262; ppageno 0'>
   <div class='ocr_carea' id='block_1_1' title="bbox 511 304 615 361">
    <p class='ocr_par' dir='ltr' id='par_1_1' title="bbox 511 304 615 361">
     <span class='ocr_line' id='line_1_1' title="bbox 511 304 615 361; baseline 0.019 -2"><span class='ocrx_word' id='word_1_1' title='bbox 511 304 615 361; x_wconf 81' lang='lat' dir='ltr'><strong>H9</strong></span> 
     </span>
    </p>
   </div>
   <div class='ocr_carea' id='block_1_2' title="bbox 1874 304 2394 363">
    <p class='ocr_par' dir='ltr' id='par_1_2' title="bbox 1874 304 2394 363">
     <span class='ocr_line' id='line_1_2' title="bbox 1874 304 2394 363; baseline 0.004 -2"><span class='ocrx_word' id='word_1_2' title='bbox 1874 304 2394 363; x_wconf 71' lang='grc' dir='ltr'>ΡῐιΑειιΜιΝΑῐιιΑ</span> 
     </span>
    </p>
   </div>
   <div class='ocr_carea' id='block_1_3' title="bbox 3675 309 3773 365">
    <p class='ocr_par' dir='ltr' id='par_1_3' title="bbox 3675 309 3773 365">
     <span class='ocr_line' id='line_1_3' title="bbox 3675 309 3773 365; baseline 0.02 -1"><span class='ocrx_word' id='word_1_3' title='bbox 3675 309 3773 365; x_wconf 72' lang='lat' dir='ltr'><strong>l20</strong></span> 
     </span>
    </p>
   </div>
   <div class='ocr_carea' id='block_1_4' title="bbox 503 422 3781 496">
    <p class='ocr_par' dir='ltr' id='par_1_4' title="bbox 503 422 3781 496">
     <span class='ocr_line' id='line_1_4' title="bbox 503 422 3781 496; baseline 0.001 -18"><span class='ocrx_word' id='word_1_4' title='bbox 503 437 668 480; x_wconf 86' lang='lat' dir='ltr'><strong>usum</strong></span> <span class='ocrx_word' id='word_1_5' title='bbox 694 422 951 479; x_wconf 74' lang='lat' dir='ltr'><strong>habuisse</strong></span> <span class='ocrx_word' id='word_1_6' title='bbox 996 423 1443 493; x_wconf 77' lang='lat' dir='ltr'><strong>deprehenditur,</strong></span> <span class='ocrx_word' id='word_1_7' title='bbox 1503 424 1866 496; x_wconf 76' lang='lat' dir='ltr'><strong>similiterque</strong></span> <span class='ocrx_word' id='word_1_8' title='bbox 1913 426 2095 481; x_wconf 81' lang='lat' dir='ltr'><strong>Aucu-</strong></span> <span class='ocrx_word' id='word_1_9' title='bbox 2125 428 2175 487; x_wconf 77' lang='grc' dir='ltr'><strong>Α</strong></span> <span class='ocrx_word' id='word_1_10' title='bbox 2268 423 2575 481; x_wconf 77' lang='lat' dir='ltr'><strong>Pnocoeics</strong></span> <span class='ocrx_word' id='word_1_11' title='bbox 2597 427 2824 483; x_wconf 74' lang='lat' dir='ltr'><strong>Gazzeus</strong></span> <span class='ocrx_word' id='word_1_12' title='bbox 2854 429 2908 481; x_wconf 81' lang='lat' dir='ltr'><strong>in</strong></span> <span class='ocrx_word' id='word_1_13' title='bbox 2943 426 3424 490; x_wconf 68' lang='lat' dir='ltr'><strong>Octaleuclaam,in</strong></span> <span class='ocrx_word' id='word_1_14' title='bbox 3458 425 3621 478; x_wconf 76' lang='lat' dir='ltr'><strong>libros</strong></span> <span class='ocrx_word' id='word_1_15' title='bbox 3671 423 3781 481; x_wconf 77' lang='lat' dir='ltr'><strong>Be—</strong></span> 
     </span>
    </p>
   </div>
   <div class='ocr_carea' id='block_1_5' title="bbox 503 516 1170 573">
    <p class='ocr_par' dir='ltr' id='par_1_5' title="bbox 503 516 1170 573">
     <span class='ocr_line' id='line_1_5' title="bbox 503 516 1170 573; baseline -0.003 0"><span class='ocrx_word' id='word_1_16' title='bbox 503 530 695 573; x_wconf 75' lang='lat' dir='ltr'><strong>srnws</strong></span> <span class='ocrx_word' id='word_1_17' title='bbox 715 526 769 571; x_wconf 87' lang='lat' dir='ltr'><strong>et</strong></span> <span class='ocrx_word' id='word_1_18' title='bbox 786 516 1170 572; x_wconf 72' lang='lat' dir='ltr'><strong>PHILASTRIUS.</strong></span> 
     </span>
    </p>
   </div>
   <div class='ocr_carea' id='block_1_6' title="bbox 577 607 2095 683">
    <p class='ocr_par' dir='ltr' id='par_1_6' title="bbox 577 607 2095 683">
     <span class='ocr_line' id='line_1_6' title="bbox 577 607 2095 683; baseline 0.003 -21"><span class='ocrx_word' id='word_1_19' title='bbox 577 607 834 673; x_wconf 75' lang='lat' dir='ltr'><strong>Rurtnus,</strong></span> <span class='ocrx_word' id='word_1_20' title='bbox 870 609 964 680; x_wconf 87' lang='lat' dir='ltr'><strong>qui</strong></span> <span class='ocrx_word' id='word_1_21' title='bbox 1017 623 1269 681; x_wconf 80' lang='lat' dir='ltr'><strong>magnam</strong></span> <span class='ocrx_word' id='word_1_22' title='bbox 1313 608 1564 682; x_wconf 80' lang='lat' dir='ltr'><strong>Origenis</strong></span> <span class='ocrx_word' id='word_1_23' title='bbox 1610 626 1836 682; x_wconf 90' lang='lat' dir='ltr'><strong>operum</strong></span> <span class='ocrx_word' id='word_1_24' title='bbox 1884 621 2095 683; x_wconf 88' lang='lat' dir='ltr'><strong>partem</strong></span> 
     </span>
    </p>
   </div>
   <div class='ocr_carea' id='block_1_7' title="bbox 504 699 2095 775">
    <p class='ocr_par' dir='ltr' id='par_1_7' title="bbox 504 699 2095 775">
     <span class='ocr_line' id='line_1_7' title="bbox 504 699 2095 775; baseline 0.001 -18"><span class='ocrx_word' id='word_1_25' title='bbox 504 699 698 757; x_wconf 83' lang='lat' dir='ltr'><strong>Latine</strong></span> <span class='ocrx_word' id='word_1_26' title='bbox 730 703 1119 773; x_wconf 86' lang='lat' dir='ltr'><strong>interpretatus</strong></span> <span class='ocrx_word' id='word_1_27' title='bbox 1142 711 1246 768; x_wconf 91' lang='lat' dir='ltr'><strong>cst,</strong></span> <span class='ocrx_word' id='word_1_28' title='bbox 1277 701 1642 775; x_wconf 88' lang='lat' dir='ltr'><strong>llexaplorum</strong></span> <span class='ocrx_word' id='word_1_29' title='bbox 1697 704 1947 760; x_wconf 82' lang='lat' dir='ltr'><strong>notitiam</strong></span> <span class='ocrx_word' id='word_1_30' title='bbox 1979 704 2095 774; x_wconf 57' lang='lat' dir='ltr'><strong>ple.</strong></span> 
     </span>
    </p>
   </div>
   <div class='ocr_carea' id='block_1_8' title="bbox 503 794 2091 867">
    <p class='ocr_par' dir='ltr' id='par_1_8' title="bbox 503 794 2091 867">
     <span class='ocr_line' id='line_1_8' title="bbox 503 794 2091 867; baseline 0.003 -19"><span class='ocrx_word' id='word_1_31' title='bbox 503 810 633 848; x_wconf 88' lang='lat' dir='ltr'><strong>nam</strong></span> <span class='ocrx_word' id='word_1_32' title='bbox 669 794 928 851; x_wconf 80' lang='lat' dir='ltr'><strong>habuisse</strong></span> <span class='ocrx_word' id='word_1_33' title='bbox 953 796 1161 850; x_wconf 78' lang='lat' dir='ltr'><strong>videtur</strong></span> <span class='ocrx_word' id='word_1_34' title='bbox 1193 810 1209 847; x_wconf 89' lang='lat'><strong>:</strong></span> <span class='ocrx_word' id='word_1_35' title='bbox 1239 796 1440 867; x_wconf 87' lang='lat' dir='ltr'><strong>quibus</strong></span> <span class='ocrx_word' id='word_1_36' title='bbox 1469 806 1650 851; x_wconf 89' lang='lat' dir='ltr'><strong>tamen</strong></span> <span class='ocrx_word' id='word_1_37' title='bbox 1682 812 1811 852; x_wconf 88' lang='lat' dir='ltr'><strong>raro</strong></span> <span class='ocrx_word' id='word_1_38' title='bbox 1828 806 1913 851; x_wconf 90' lang='lat' dir='ltr'><strong>est</strong></span> <span class='ocrx_word' id='word_1_39' title='bbox 1935 812 2091 864; x_wconf 90' lang='lat' dir='ltr'><strong>usus,</strong></span> 
     </span>
    </p>
   </div>
   <div class='ocr_carea' id='block_1_9' title="bbox 503 884 2089 959">
    <p class='ocr_par' dir='ltr' id='par_1_9' title="bbox 503 884 2089 959">
     <span class='ocr_line' id='line_1_9' title="bbox 503 884 2089 959; baseline 0.003 -21"><span class='ocrx_word' id='word_1_40' title='bbox 503 894 565 938; x_wconf 97' lang='grc' dir='ltr'><strong>ιιι</strong></span> <span class='ocrx_word' id='word_1_41' title='bbox 594 901 661 940; x_wconf 89' lang='lat' dir='ltr'><strong>ex</strong></span> <span class='ocrx_word' id='word_1_42' title='bbox 704 884 849 957; x_wconf 82' lang='lat' dir='ltr'><strong>ejus,</strong></span> <span class='ocrx_word' id='word_1_43' title='bbox 894 902 1017 956; x_wconf 74' lang='lat' dir='ltr'><strong>qua:</strong></span> <span class='ocrx_word' id='word_1_44' title='bbox 1048 897 1365 957; x_wconf 87' lang='lat' dir='ltr'><strong>supersunt,</strong></span> <span class='ocrx_word' id='word_1_45' title='bbox 1396 887 1615 959; x_wconf 88' lang='lat' dir='ltr'><strong>scriptis</strong></span> <span class='ocrx_word' id='word_1_46' title='bbox 1644 887 2089 958; x_wconf 86' lang='lat' dir='ltr'><strong>deprehenditur.</strong></span> 
     </span>
    </p>
   </div>
   <div class='ocr_carea' id='block_1_10' title="bbox 578 972 2093 1035">
    <p class='ocr_par' dir='ltr' id='par_1_10' title="bbox 578 972 2093 1035">
     <span class='ocr_line' id='line_1_10' title="bbox 578 972 2093 1035; baseline 0.005 -7"><span class='ocrx_word' id='word_1_47' title='bbox 578 972 811 1033; x_wconf 71' lang='lat' dir='ltr'><strong>Ioannes</strong></span> <span class='ocrx_word' id='word_1_48' title='bbox 848 976 1275 1035; x_wconf 76' lang='lat' dir='ltr'><strong>Cunrsosrouus</strong></span> <span class='ocrx_word' id='word_1_49' title='bbox 1331 980 1592 1035; x_wconf 84' lang='lat' dir='ltr'><strong>lectiones</strong></span> <span class='ocrx_word' id='word_1_50' title='bbox 1628 989 1873 1034; x_wconf 80' lang='lat' dir='ltr'><strong>veterum</strong></span> <span class='ocrx_word' id='word_1_51' title='bbox 1921 981 2093 1035; x_wconf 90' lang='lat' dir='ltr'><strong>inter-</strong></span> 
     </span>
    </p>
   </div>
   <div class='ocr_carea' id='block_1_11' title="bbox 498 1067 2093 1142">
    <p class='ocr_par' dir='ltr' id='par_1_11' title="bbox 498 1067 2093 1142">
     <span class='ocr_line' id='line_1_11' title="bbox 498 1067 2093 1142; baseline 0.004 -22"><span class='ocrx_word' id='word_1_52' title='bbox 498 1075 715 1136; x_wconf 90' lang='lat' dir='ltr'><strong>pretum</strong></span> <span class='ocrx_word' id='word_1_53' title='bbox 741 1067 1182 1140; x_wconf 83' lang='lat' dir='ltr'><strong>frequentissime</strong></span> <span class='ocrx_word' id='word_1_54' title='bbox 1199 1072 1426 1142; x_wconf 79' lang='lat' dir='ltr'><strong>profert,</strong></span> <span class='ocrx_word' id='word_1_55' title='bbox 1455 1072 1693 1127; x_wconf 82' lang='lat' dir='ltr'><strong>maxime</strong></span> <span class='ocrx_word' id='word_1_56' title='bbox 1720 1082 1902 1127; x_wconf 88' lang='lat' dir='ltr'><strong>autem</strong></span> <span class='ocrx_word' id='word_1_57' title='bbox 1934 1072 2093 1127; x_wconf 87' lang='lat' dir='ltr'><strong>Com-</strong></span> 
     </span>
    </p>
   </div>
   <div class='ocr_carea' id='block_1_12' title="bbox 502 1162 2091 1235">
    <p class='ocr_par' dir='ltr' id='par_1_12' title="bbox 502 1162 2091 1235">
     <span class='ocr_line' id='line_1_12' title="bbox 502 1162 2091 1235; baseline 0.006 -24"><span class='ocrx_word' id='word_1_58' title='bbox 502 1162 778 1216; x_wconf 75' lang='lat' dir='ltr'><strong>mentariis</strong></span> <span class='ocrx_word' id='word_1_59' title='bbox 804 1162 858 1216; x_wconf 82' lang='lat' dir='ltr'><strong>t&#39;n</strong></span> <span class='ocrx_word' id='word_1_60' title='bbox 886 1162 1157 1233; x_wconf 77' lang='lat' dir='ltr'><strong>Paalmos,</strong></span> <span class='ocrx_word' id='word_1_61' title='bbox 1195 1166 1285 1219; x_wconf 91' lang='lat' dir='ltr'><strong>ubi</strong></span> <span class='ocrx_word' id='word_1_62' title='bbox 1318 1179 1445 1219; x_wconf 90' lang='lat' dir='ltr'><strong>raro</strong></span> <span class='ocrx_word' id='word_1_63' title='bbox 1489 1164 1817 1235; x_wconf 81' lang='lat' dir='ltr'><strong>interpretes</strong></span> <span class='ocrx_word' id='word_1_64' title='bbox 1868 1166 2091 1221; x_wconf 86' lang='lat' dir='ltr'><strong>nomine</strong></span> 
     </span>
    </p>
   </div>
   <div class='ocr_carea' id='block_1_13' title="bbox 502 1255 1663 1323">
    <p class='ocr_par' dir='ltr' id='par_1_13' title="bbox 502 1255 1663 1323">
     <span class='ocr_line' id='line_1_13' title="bbox 502 1255 1663 1323; baseline 0.006 -19"><span class='ocrx_word' id='word_1_65' title='bbox 502 1265 606 1305; x_wconf 88' lang='lat' dir='ltr'><strong>suo</strong></span> <span class='ocrx_word' id='word_1_66' title='bbox 634 1255 910 1323; x_wconf 79' lang='lat' dir='ltr'><strong>exprimit,</strong></span> <span class='ocrx_word' id='word_1_67' title='bbox 945 1256 1038 1311; x_wconf 92' lang='lat' dir='ltr'><strong>sed</strong></span> <span class='ocrx_word' id='word_1_68' title='bbox 1060 1272 1193 1311; x_wconf 90' lang='lat' dir='ltr'><strong>voce</strong></span> <span class='ocrx_word' id='word_1_69' title='bbox 1225 1257 1446 1321; x_wconf 65' lang='grc' dir='ltr'><strong>’Ἄλλος</strong></span> <span class='ocrx_word' id='word_1_70' title='bbox 1470 1258 1663 1312; x_wconf 88' lang='lat' dir='ltr'><strong>utitur.</strong></span> 
     </span>
    </p>
   </div>
   <div class='ocr_carea' id='block_1_14' title="bbox 569 1341 2090 1419">
    <p class='ocr_par' dir='ltr' id='par_1_14' title="bbox 569 1341 2090 1419">
     <span class='ocr_line' id='line_1_14' title="bbox 569 1341 2090 1419; baseline 0.005 -22"><span class='ocrx_word' id='word_1_71' title='bbox 569 1341 917 1401; x_wconf 76' lang='lat' dir='ltr'><strong>Hisnonvuus</strong></span> <span class='ocrx_word' id='word_1_72' title='bbox 947 1348 1070 1418; x_wconf 85' lang='lat' dir='ltr'><strong>plus</strong></span> <span class='ocrx_word' id='word_1_73' title='bbox 1098 1364 1262 1419; x_wconf 91' lang='lat' dir='ltr'><strong>quam</strong></span> <span class='ocrx_word' id='word_1_74' title='bbox 1291 1350 1473 1404; x_wconf 72' lang='lat' dir='ltr'><strong>czcteri</strong></span> <span class='ocrx_word' id='word_1_75' title='bbox 1507 1364 1721 1417; x_wconf 92' lang='lat' dir='ltr'><strong>omnes,</strong></span> <span class='ocrx_word' id='word_1_76' title='bbox 1754 1366 1864 1405; x_wconf 86' lang='lat' dir='ltr'><strong>uno</strong></span> <span class='ocrx_word' id='word_1_77' title='bbox 1894 1350 2090 1407; x_wconf 63' lang='lat' dir='ltr'><strong>fortasc</strong></span> 
     </span>
    </p>
   </div>
   <div class='ocr_carea' id='block_1_15' title="bbox 497 1433 2090 1514">
    <p class='ocr_par' dir='ltr' id='par_1_15' title="bbox 497 1433 2090 1514">
     <span class='ocr_line' id='line_1_15' title="bbox 497 1433 2090 1514; baseline 0.008 -26"><span class='ocrx_word' id='word_1_78' title='bbox 497 1433 575 1489; x_wconf 90' lang='lat' dir='ltr'><strong>sis</strong></span> <span class='ocrx_word' id='word_1_79' title='bbox 594 1434 831 1493; x_wconf 86' lang='lat' dir='ltr'><strong>Eusebio</strong></span> <span class='ocrx_word' id='word_1_80' title='bbox 848 1450 1095 1511; x_wconf 78' lang='lat' dir='ltr'><strong>excepto,</strong></span> <span class='ocrx_word' id='word_1_81' title='bbox 1126 1441 1382 1512; x_wconf 85' lang='lat' dir='ltr'><strong>llexaplis</strong></span> <span class='ocrx_word' id='word_1_82' title='bbox 1402 1453 1485 1499; x_wconf 91' lang='lat' dir='ltr'><strong>cst</strong></span> <span class='ocrx_word' id='word_1_83' title='bbox 1508 1459 1640 1499; x_wconf 91' lang='lat' dir='ltr'><strong>usus</strong></span> <span class='ocrx_word' id='word_1_84' title='bbox 1672 1461 1688 1498; x_wconf 85' lang='lat'><strong>:</strong></span> <span class='ocrx_word' id='word_1_85' title='bbox 1716 1444 1785 1499; x_wconf 89' lang='lat' dir='ltr'><strong>de</strong></span> <span class='ocrx_word' id='word_1_86' title='bbox 1819 1443 2090 1514; x_wconf 81' lang='lat' dir='ltr'><strong>llexaplo—</strong></span> 
     </span>
    </p>
   </div>
   <div class='ocr_carea' id='block_1_16' title="bbox 497 1529 2089 1606">
    <p class='ocr_par' dir='ltr' id='par_1_16' title="bbox 497 1529 2089 1606">
     <span class='ocr_line' id='line_1_16' title="bbox 497 1529 2089 1606; baseline 0.008 -25"><span class='ocrx_word' id='word_1_87' title='bbox 497 1542 620 1582; x_wconf 90' lang='lat' dir='ltr'><strong>rum</strong></span> <span class='ocrx_word' id='word_1_88' title='bbox 658 1529 850 1585; x_wconf 88' lang='lat' dir='ltr'><strong>ordine</strong></span> <span class='ocrx_word' id='word_1_89' title='bbox 875 1546 1017 1601; x_wconf 71' lang='lat' dir='ltr'><strong>smpe</strong></span> <span class='ocrx_word' id='word_1_90' title='bbox 1042 1533 1326 1600; x_wconf 87' lang='lat' dir='ltr'><strong>disseruit,</strong></span> <span class='ocrx_word' id='word_1_91' title='bbox 1352 1534 1419 1589; x_wconf 89' lang='lat' dir='ltr'><strong>de</strong></span> <span class='ocrx_word' id='word_1_92' title='bbox 1438 1535 1670 1604; x_wconf 80' lang='lat' dir='ltr'><strong>singulis</strong></span> <span class='ocrx_word' id='word_1_93' title='bbox 1700 1536 2089 1606; x_wconf 84' lang='lat' dir='ltr'><strong>interpretibus</strong></span> 
     </span>
    </p>
   </div>
   <div class='ocr_carea' id='block_1_17' title="bbox 496 1619 2091 1696">
    <p class='ocr_par' dir='ltr' id='par_1_17' title="bbox 496 1619 2091 1696">
     <span class='ocr_line' id='line_1_17' title="bbox 496 1619 2091 1696; baseline 0.007 -25"><span class='ocrx_word' id='word_1_94' title='bbox 496 1619 669 1674; x_wconf 86' lang='lat' dir='ltr'><strong>multa</strong></span> <span class='ocrx_word' id='word_1_95' title='bbox 704 1619 839 1676; x_wconf 82' lang='lat' dir='ltr'><strong>dixit</strong></span> <span class='ocrx_word' id='word_1_96' title='bbox 875 1640 889 1676; x_wconf 91' lang='lat'><strong>:</strong></span> <span class='ocrx_word' id='word_1_97' title='bbox 924 1638 1111 1678; x_wconf 88' lang='lat' dir='ltr'><strong>eorum</strong></span> <span class='ocrx_word' id='word_1_98' title='bbox 1141 1625 1618 1696; x_wconf 87' lang='lat' dir='ltr'><strong>interpretationes</strong></span> <span class='ocrx_word' id='word_1_99' title='bbox 1646 1627 1700 1681; x_wconf 92' lang='lat' dir='ltr'><strong>in</strong></span> <span class='ocrx_word' id='word_1_100' title='bbox 1737 1625 2091 1694; x_wconf 86' lang='lat' dir='ltr'><strong>Commenta-</strong></span> 
     </span>
    </p>
   </div>
   <div class='ocr_carea' id='block_1_18' title="bbox 495 1712 2087 1790">
    <p class='ocr_par' dir='ltr' id='par_1_18' title="bbox 495 1712 2087 1790">
     <span class='ocr_line' id='line_1_18' title="bbox 495 1712 2087 1790; baseline 0.006 -24"><span class='ocrx_word' id='word_1_101' title='bbox 495 1712 597 1768; x_wconf 85' lang='lat' dir='ltr'><strong>riis</strong></span> <span class='ocrx_word' id='word_1_102' title='bbox 623 1715 741 1770; x_wconf 86' lang='lat' dir='ltr'><strong>suis</strong></span> <span class='ocrx_word' id='word_1_103' title='bbox 769 1716 901 1771; x_wconf 88' lang='lat' dir='ltr'><strong>etin</strong></span> <span class='ocrx_word' id='word_1_104' title='bbox 933 1716 1057 1771; x_wconf 89' lang='lat' dir='ltr'><strong>aliis</strong></span> <span class='ocrx_word' id='word_1_105' title='bbox 1095 1718 1384 1787; x_wconf 87' lang='lat' dir='ltr'><strong>opusculis</strong></span> <span class='ocrx_word' id='word_1_106' title='bbox 1424 1734 1567 1790; x_wconf 64' lang='lat' dir='ltr'><strong>saepe</strong></span> <span class='ocrx_word' id='word_1_107' title='bbox 1615 1720 1815 1775; x_wconf 83' lang='lat' dir='ltr'><strong>attulit.</strong></span> <span class='ocrx_word' id='word_1_108' title='bbox 1879 1718 2087 1776; x_wconf 82' lang='lat' dir='ltr'><strong>Editio-</strong></span> 
     </span>
    </p>
   </div>
   <div class='ocr_carea' id='block_1_19' title="bbox 2199 515 3782 590">
    <p class='ocr_par' dir='ltr' id='par_1_19' title="bbox 2199 515 3782 590">
     <span class='ocr_line' id='line_1_19' title="bbox 2199 515 3782 590; baseline 0.001 -19"><span class='ocrx_word' id='word_1_109' title='bbox 2199 532 2323 587; x_wconf 84' lang='lat' dir='ltr'><strong>gum</strong></span> <span class='ocrx_word' id='word_1_110' title='bbox 2354 527 2404 572; x_wconf 86' lang='lat' dir='ltr'><strong>et</strong></span> <span class='ocrx_word' id='word_1_111' title='bbox 2428 518 2890 590; x_wconf 67' lang='lat' dir='ltr'><strong>Paralipomenén</strong></span> <span class='ocrx_word' id='word_1_112' title='bbox 2920 529 2967 573; x_wconf 88' lang='lat' dir='ltr'><strong>et</strong></span> <span class='ocrx_word' id='word_1_113' title='bbox 2992 519 3050 573; x_wconf 83' lang='lat' dir='ltr'><strong>in</strong></span> <span class='ocrx_word' id='word_1_114' title='bbox 3082 517 3353 581; x_wconf 78' lang='lat' dir='ltr'><strong>Hesaiam,</strong></span> <span class='ocrx_word' id='word_1_115' title='bbox 3372 515 3782 572; x_wconf 80' lang='lat' dir='ltr'><strong>Comntentaria</strong></span> 
     </span>
    </p>
   </div>
   <div class='ocr_carea' id='block_1_20' title="bbox 2195 609 3782 682">
    <p class='ocr_par' dir='ltr' id='par_1_20' title="bbox 2195 609 3782 682">
     <span class='ocr_line' id='line_1_20' title="bbox 2195 609 3782 682; baseline 0.001 -18"><span class='ocrx_word' id='word_1_116' title='bbox 2195 609 2385 676; x_wconf 84' lang='lat' dir='ltr'><strong>edidit,</strong></span> <span class='ocrx_word' id='word_1_117' title='bbox 2412 625 2476 666; x_wconf 87' lang='lat' dir='ltr'><strong>ac</strong></span> <span class='ocrx_word' id='word_1_118' title='bbox 2506 625 2748 682; x_wconf 70' lang='lat' dir='ltr'><strong>persmpe</strong></span> <span class='ocrx_word' id='word_1_119' title='bbox 2774 610 3251 681; x_wconf 86' lang='lat' dir='ltr'><strong>interpretationes</strong></span> <span class='ocrx_word' id='word_1_120' title='bbox 3282 618 3528 665; x_wconf 81' lang='lat' dir='ltr'><strong>veterum</strong></span> <span class='ocrx_word' id='word_1_121' title='bbox 3566 625 3690 680; x_wconf 60' lang='lat' dir='ltr'><strong>quae</strong></span> <span class='ocrx_word' id='word_1_122' title='bbox 3720 613 3782 666; x_wconf 88' lang='lat' dir='ltr'><strong>in</strong></span> 
     </span>
    </p>
   </div>
   <div class='ocr_carea' id='block_1_21' title="bbox 2196 698 3784 771">
    <p class='ocr_par' dir='ltr' id='par_1_21' title="bbox 2196 698 3784 771">
     <span class='ocr_line' id='line_1_21' title="bbox 2196 698 3784 771; baseline 0.002 -17"><span class='ocrx_word' id='word_1_123' title='bbox 2196 698 2456 771; x_wconf 78' lang='lat' dir='ltr'><strong>Hexaplis</strong></span> <span class='ocrx_word' id='word_1_124' title='bbox 2470 712 2627 757; x_wconf 88' lang='lat' dir='ltr'><strong>erant</strong></span> <span class='ocrx_word' id='word_1_125' title='bbox 2644 703 2697 757; x_wconf 92' lang='lat' dir='ltr'><strong>in</strong></span> <span class='ocrx_word' id='word_1_126' title='bbox 2713 703 2952 757; x_wconf 90' lang='lat' dir='ltr'><strong>medium</strong></span> <span class='ocrx_word' id='word_1_127' title='bbox 2980 702 3224 767; x_wconf 89' lang='lat' dir='ltr'><strong>adduxit,</strong></span> <span class='ocrx_word' id='word_1_128' title='bbox 3247 701 3594 771; x_wconf 80' lang='lat' dir='ltr'><strong>maximeque</strong></span> <span class='ocrx_word' id='word_1_129' title='bbox 3620 700 3784 759; x_wconf 72' lang='lat' dir='ltr'><strong>Com-</strong></span> 
     </span>
    </p>
   </div>
   <div class='ocr_carea' id='block_1_22' title="bbox 2196 794 3784 865">
    <p class='ocr_par' dir='ltr' id='par_1_22' title="bbox 2196 794 3784 865">
     <span class='ocr_line' id='line_1_22' title="bbox 2196 794 3784 865; baseline 0.002 -18"><span class='ocrx_word' id='word_1_130' title='bbox 2196 794 2459 847; x_wconf 83' lang='lat' dir='ltr'><strong>mentario</strong></span> <span class='ocrx_word' id='word_1_131' title='bbox 2484 796 2539 848; x_wconf 84' lang='lat' dir='ltr'><strong>in</strong></span> <span class='ocrx_word' id='word_1_132' title='bbox 2572 794 2852 859; x_wconf 72' lang='lat' dir='ltr'><strong>Ileraiam,</strong></span> <span class='ocrx_word' id='word_1_133' title='bbox 2878 808 3041 865; x_wconf 89' lang='lat' dir='ltr'><strong>quem</strong></span> <span class='ocrx_word' id='word_1_134' title='bbox 3073 794 3149 850; x_wconf 90' lang='lat' dir='ltr'><strong>ita</strong></span> <span class='ocrx_word' id='word_1_135' title='bbox 3172 795 3425 851; x_wconf 90' lang='lat' dir='ltr'><strong>mutilum</strong></span> <span class='ocrx_word' id='word_1_136' title='bbox 3452 794 3522 850; x_wconf 90' lang='lat' dir='ltr'><strong>ad</strong></span> <span class='ocrx_word' id='word_1_137' title='bbox 3548 808 3650 852; x_wconf 82' lang='lat' dir='ltr'><strong>nos</strong></span> <span class='ocrx_word' id='word_1_138' title='bbox 3680 795 3784 850; x_wconf 71' lang='lat' dir='ltr'><strong>do-</strong></span> 
     </span>
    </p>
   </div>
   <div class='ocr_carea' id='block_1_23' title="bbox 2192 887 2704 944">
    <p class='ocr_par' dir='ltr' id='par_1_23' title="bbox 2192 887 2704 944">
     <span class='ocr_line' id='line_1_23' title="bbox 2192 887 2704 944; baseline 0.006 -4"><span class='ocrx_word' id='word_1_139' title='bbox 2192 887 2411 943; x_wconf 84' lang='lat' dir='ltr'><strong>venissc</strong></span> <span class='ocrx_word' id='word_1_140' title='bbox 2436 888 2704 944; x_wconf 88' lang='lat' dir='ltr'><strong>dolemus.</strong></span> 
     </span>
    </p>
   </div>
   <div class='ocr_carea' id='block_1_24' title="bbox 2263 976 3784 1049">
    <p class='ocr_par' dir='ltr' id='par_1_24' title="bbox 2263 976 3784 1049">
     <span class='ocr_line' id='line_1_24' title="bbox 2263 976 3784 1049; baseline 0.003 -18"><span class='ocrx_word' id='word_1_141' title='bbox 2263 979 2608 1036; x_wconf 72' lang='lat' dir='ltr'><strong>Anasnstus</strong></span> <span class='ocrx_word' id='word_1_142' title='bbox 2655 982 2933 1037; x_wconf 84' lang='lat' dir='ltr'><strong>secundus</strong></span> <span class='ocrx_word' id='word_1_143' title='bbox 2987 979 3385 1049; x_wconf 76' lang='lat' dir='ltr'><strong>Antiochcnus,</strong></span> <span class='ocrx_word' id='word_1_144' title='bbox 3434 994 3546 1036; x_wconf 85' lang='lat' dir='ltr'><strong>non</strong></span> <span class='ocrx_word' id='word_1_145' title='bbox 3611 976 3784 1036; x_wconf 69' lang='lat' dir='ltr'><strong>infro-</strong></span> 
     </span>
    </p>
   </div>
   <div class='ocr_carea' id='block_1_25' title="bbox 2190 1071 3781 1144">
    <p class='ocr_par' dir='ltr' id='par_1_25' title="bbox 2190 1071 3781 1144">
     <span class='ocr_line' id='line_1_25' title="bbox 2190 1071 3781 1144; baseline 0.003 -19"><span class='ocrx_word' id='word_1_146' title='bbox 2190 1079 2425 1141; x_wconf 89' lang='lat' dir='ltr'><strong>quenter</strong></span> <span class='ocrx_word' id='word_1_147' title='bbox 2450 1074 2505 1126; x_wconf 89' lang='lat' dir='ltr'><strong>in</strong></span> <span class='ocrx_word' id='word_1_148' title='bbox 2529 1087 2631 1128; x_wconf 89' lang='lat' dir='ltr'><strong>suo</strong></span> <span class='ocrx_word' id='word_1_149' title='bbox 2678 1071 3054 1129; x_wconf 77' lang='lat' dir='ltr'><strong>Hexaemeron</strong></span> <span class='ocrx_word' id='word_1_150' title='bbox 3116 1086 3284 1144; x_wconf 86' lang='lat' dir='ltr'><strong>opere</strong></span> <span class='ocrx_word' id='word_1_151' title='bbox 3326 1080 3570 1129; x_wconf 82' lang='lat' dir='ltr'><strong>veterum</strong></span> <span class='ocrx_word' id='word_1_152' title='bbox 3603 1072 3781 1129; x_wconf 73' lang='lat' dir='ltr'><strong>inter-</strong></span> 
     </span>
    </p>
   </div>
   <div class='ocr_carea' id='block_1_26' title="bbox 2190 1161 2973 1235">
    <p class='ocr_par' dir='ltr' id='par_1_26' title="bbox 2190 1161 2973 1235">
     <span class='ocr_line' id='line_1_26' title="bbox 2190 1161 2973 1235; baseline 0.005 -19"><span class='ocrx_word' id='word_1_153' title='bbox 2190 1172 2407 1233; x_wconf 89' lang='lat' dir='ltr'><strong>pretum</strong></span> <span class='ocrx_word' id='word_1_154' title='bbox 2438 1161 2741 1235; x_wconf 81' lang='lat' dir='ltr'><strong>fragmenta</strong></span> <span class='ocrx_word' id='word_1_155' title='bbox 2774 1165 2973 1221; x_wconf 83' lang='lat' dir='ltr'><strong>attulit.</strong></span> 
     </span>
    </p>
   </div>
   <div class='ocr_carea' id='block_1_27' title="bbox 2262 1254 3782 1329">
    <p class='ocr_par' dir='ltr' id='par_1_27' title="bbox 2262 1254 3782 1329">
     <span class='ocr_line' id='line_1_27' title="bbox 2262 1254 3782 1329; baseline 0.001 -20"><span class='ocrx_word' id='word_1_156' title='bbox 2262 1254 2619 1323; x_wconf 67' lang='lat' dir='ltr'><strong>Anasrasws,</strong></span> <span class='ocrx_word' id='word_1_157' title='bbox 2654 1255 2909 1314; x_wconf 67' lang='lat' dir='ltr'><strong>Nicmnus</strong></span> <span class='ocrx_word' id='word_1_158' title='bbox 2959 1256 3328 1329; x_wconf 83' lang='lat' dir='ltr'><strong>metropolita,</strong></span> <span class='ocrx_word' id='word_1_159' title='bbox 3388 1254 3782 1311; x_wconf 67' lang='lat' dir='ltr'><strong>Commentario</strong></span> 
     </span>
    </p>
   </div>
   <div class='ocr_carea' id='block_1_28' title="bbox 2187 1347 3779 1421">
    <p class='ocr_par' dir='ltr' id='par_1_28' title="bbox 2187 1347 3779 1421">
     <span class='ocr_line' id='line_1_28' title="bbox 2187 1347 3779 1421; baseline 0.001 -19"><span class='ocrx_word' id='word_1_160' title='bbox 2187 1349 2248 1403; x_wconf 81' lang='lat' dir='ltr'><strong>in</strong></span> <span class='ocrx_word' id='word_1_161' title='bbox 2280 1347 2527 1404; x_wconf 77' lang='lat' dir='ltr'><strong>Psalmos</strong></span> <span class='ocrx_word' id='word_1_162' title='bbox 2558 1348 2768 1415; x_wconf 66' lang='lat' dir='ltr'><strong>Graece,</strong></span> <span class='ocrx_word' id='word_1_163' title='bbox 2798 1351 2893 1420; x_wconf 90' lang='lat' dir='ltr'><strong>qui</strong></span> <span class='ocrx_word' id='word_1_164' title='bbox 2926 1350 3139 1421; x_wconf 72' lang='lat' dir='ltr'><strong>integer</strong></span> <span class='ocrx_word' id='word_1_165' title='bbox 3179 1357 3430 1404; x_wconf 82' lang='lat' dir='ltr'><strong>servatur</strong></span> <span class='ocrx_word' id='word_1_166' title='bbox 3473 1348 3527 1403; x_wconf 91' lang='lat' dir='ltr'><strong>in</strong></span> <span class='ocrx_word' id='word_1_167' title='bbox 3578 1348 3779 1404; x_wconf 80' lang='lat' dir='ltr'><strong>biblio-</strong></span> 
     </span>
    </p>
   </div>
   <div class='ocr_carea' id='block_1_29' title="bbox 2188 1438 3783 1513">
    <p class='ocr_par' dir='ltr' id='par_1_29' title="bbox 2188 1438 3783 1513">
     <span class='ocr_line' id='line_1_29' title="bbox 2188 1438 3783 1513; baseline 0.003 -20"><span class='ocrx_word' id='word_1_168' title='bbox 2188 1438 2347 1495; x_wconf 84' lang='lat' dir='ltr'><strong>theca</strong></span> <span class='ocrx_word' id='word_1_169' title='bbox 2372 1439 2731 1508; x_wconf 85' lang='lat' dir='ltr'><strong>Coisliniana,</strong></span> <span class='ocrx_word' id='word_1_170' title='bbox 2771 1450 3011 1496; x_wconf 85' lang='lat' dir='ltr'><strong>veterum</strong></span> <span class='ocrx_word' id='word_1_171' title='bbox 3037 1442 3395 1513; x_wconf 85' lang='lat' dir='ltr'><strong>interpretum</strong></span> <span class='ocrx_word' id='word_1_172' title='bbox 3416 1438 3783 1497; x_wconf 78' lang='lat' dir='ltr'><strong>lectionesra-</strong></span> 
     </span>
    </p>
   </div>
   <div class='ocr_carea' id='block_1_30' title="bbox 2189 1529 2523 1587">
    <p class='ocr_par' dir='ltr' id='par_1_30' title="bbox 2189 1529 2523 1587">
     <span class='ocr_line' id='line_1_30' title="bbox 2189 1529 2523 1587; baseline 0.006 -3"><span class='ocrx_word' id='word_1_173' title='bbox 2189 1542 2255 1584; x_wconf 85' lang='lat' dir='ltr'><strong>ro</strong></span> <span class='ocrx_word' id='word_1_174' title='bbox 2280 1529 2523 1587; x_wconf 88' lang='lat' dir='ltr'><strong>adhibet.</strong></span> 
     </span>
    </p>
   </div>
   <div class='ocr_carea' id='block_1_31' title="bbox 2264 1620 3779 1696">
    <p class='ocr_par' dir='ltr' id='par_1_31' title="bbox 2264 1620 3779 1696">
     <span class='ocr_line' id='line_1_31' title="bbox 2264 1620 3779 1696; baseline 0.003 -21"><span class='ocrx_word' id='word_1_175' title='bbox 2264 1620 2566 1679; x_wconf 73' lang='lat' dir='ltr'><strong>Hssvcmus</strong></span> <span class='ocrx_word' id='word_1_176' title='bbox 2644 1621 3140 1696; x_wconf 82' lang='lat' dir='ltr'><strong>Jcrosolymitanus</strong></span> <span class='ocrx_word' id='word_1_177' title='bbox 3214 1621 3668 1679; x_wconf 68' lang='lat' dir='ltr'><strong>Commentariun:</strong></span> <span class='ocrx_word' id='word_1_178' title='bbox 3717 1624 3779 1680; x_wconf 72' lang='lat' dir='ltr'><strong>in</strong></span> 
     </span>
    </p>
   </div>
   <div class='ocr_carea' id='block_1_32' title="bbox 2191 1712 3783 1787">
    <p class='ocr_par' dir='ltr' id='par_1_32' title="bbox 2191 1712 3783 1787">
     <span class='ocr_line' id='line_1_32' title="bbox 2191 1712 3783 1787; baseline 0.003 -19"><span class='ocrx_word' id='word_1_179' title='bbox 2191 1712 2439 1770; x_wconf 77' lang='lat' dir='ltr'><strong>Psalmos</strong></span> <span class='ocrx_word' id='word_1_180' title='bbox 2462 1716 2667 1781; x_wconf 86' lang='lat' dir='ltr'><strong>emisit,</strong></span> <span class='ocrx_word' id='word_1_181' title='bbox 2710 1719 2805 1787; x_wconf 86' lang='lat' dir='ltr'><strong>qui</strong></span> <span class='ocrx_word' id='word_1_182' title='bbox 2844 1716 3113 1786; x_wconf 88' lang='lat' dir='ltr'><strong>hodieque</strong></span> <span class='ocrx_word' id='word_1_183' title='bbox 3142 1715 3197 1769; x_wconf 89' lang='lat' dir='ltr'><strong>in</strong></span> <span class='ocrx_word' id='word_1_184' title='bbox 3242 1715 3452 1785; x_wconf 81' lang='lat' dir='ltr'><strong>aliquot</strong></span> <span class='ocrx_word' id='word_1_185' title='bbox 3482 1716 3783 1772; x_wconf 81' lang='lat' dir='ltr'><strong>bibliothe-</strong></span> 
     </span>
    </p>
   </div>
   <div class='ocr_carea' id='block_1_33' title="bbox 495 1780 3781 1881">
    <p class='ocr_par' dir='ltr' id='par_1_33' title="bbox 495 1780 3781 1881">
     <span class='ocr_line' id='line_1_33' title="bbox 495 1780 3781 1881; baseline 0.004 -24"><span class='ocrx_word' id='word_1_186' title='bbox 495 1819 620 1859; x_wconf 88' lang='lat' dir='ltr'><strong>nem</strong></span> <span class='ocrx_word' id='word_1_187' title='bbox 666 1804 917 1863; x_wconf 87' lang='lat' dir='ltr'><strong>Latinam</strong></span> <span class='ocrx_word' id='word_1_188' title='bbox 953 1780 1188 1863; x_wconf 77' lang='lat' dir='ltr'><strong>veterem</strong></span> <span class='ocrx_word' id='word_1_189' title='bbox 1218 1780 1519 1880; x_wconf 48' lang='lat' dir='ltr'><strong>adjunctis-</strong></span> <span class='ocrx_word' id='word_1_190' title='bbox 1544 1812 1825 1867; x_wconf 88' lang='lat' dir='ltr'><strong>asteriscis</strong></span> <span class='ocrx_word' id='word_1_191' title='bbox 1861 1822 1915 1867; x_wconf 89' lang='lat' dir='ltr'><strong>et</strong></span> <span class='ocrx_word' id='word_1_192' title='bbox 1954 1812 2087 1868; x_wconf 90' lang='lat' dir='ltr'><strong>obe-</strong></span> <span class='ocrx_word' id='word_1_193' title='bbox 2120 1780 2163 1840; x_wconf 72' lang='grc' dir='ltr'><strong>Β</strong></span> <span class='ocrx_word' id='word_1_194' title='bbox 2193 1808 2273 1863; x_wconf 91' lang='lat' dir='ltr'><strong>cis</strong></span> <span class='ocrx_word' id='word_1_195' title='bbox 2294 1808 2481 1864; x_wconf 68' lang='lat' dir='ltr'><strong>Graece</strong></span> <span class='ocrx_word' id='word_1_196' title='bbox 2509 1816 2843 1876; x_wconf 88' lang='lat' dir='ltr'><strong>asservatur,</strong></span> <span class='ocrx_word' id='word_1_197' title='bbox 2876 1810 3035 1881; x_wconf 87' lang='lat' dir='ltr'><strong>cujus</strong></span> <span class='ocrx_word' id='word_1_198' title='bbox 3060 1816 3115 1864; x_wconf 89' lang='lat' dir='ltr'><strong>et</strong></span> <span class='ocrx_word' id='word_1_199' title='bbox 3143 1808 3447 1880; x_wconf 80' lang='lat' dir='ltr'><strong>fragmenta</strong></span> <span class='ocrx_word' id='word_1_200' title='bbox 3478 1813 3532 1865; x_wconf 90' lang='lat' dir='ltr'><strong>in</strong></span> <span class='ocrx_word' id='word_1_201' title='bbox 3554 1810 3781 1870; x_wconf 82' lang='lat' dir='ltr'><strong>Catenis</strong></span> 
     </span>
    </p>
   </div>
   <div class='ocr_carea' id='block_1_34' title="bbox 492 1896 2087 1974">
    <p class='ocr_par' dir='ltr' id='par_1_34' title="bbox 492 1896 2087 1974">
     <span class='ocr_line' id='line_1_34' title="bbox 492 1896 2087 1974; baseline 0.006 -27"><span class='ocrx_word' id='word_1_202' title='bbox 492 1896 564 1974; x_wconf 66' lang='lat' dir='ltr'><strong>lis</strong></span> <span class='ocrx_word' id='word_1_203' title='bbox 607 1898 927 1968; x_wconf 85' lang='lat' dir='ltr'><strong>publicavit.</strong></span> <span class='ocrx_word' id='word_1_204' title='bbox 977 1899 1244 1956; x_wconf 66' lang='lat' dir='ltr'><strong>Praeterea</strong></span> <span class='ocrx_word' id='word_1_205' title='bbox 1290 1902 1795 1973; x_wconf 88' lang='lat' dir='ltr'><strong>interpretationem</strong></span> <span class='ocrx_word' id='word_1_206' title='bbox 1835 1901 2087 1958; x_wconf 87' lang='lat' dir='ltr'><strong>Latinam</strong></span> 
     </span>
    </p>
   </div>
   <div class='ocr_carea' id='block_1_35' title="bbox 493 1991 2089 2067">
    <p class='ocr_par' dir='ltr' id='par_1_35' title="bbox 493 1991 2089 2067">
     <span class='ocr_line' id='line_1_35' title="bbox 493 1991 2089 2067; baseline 0.003 -21"><span class='ocrx_word' id='word_1_207' title='bbox 493 2005 695 2046; x_wconf 85' lang='lat' dir='ltr'><strong>novam</strong></span> <span class='ocrx_word' id='word_1_208' title='bbox 721 1991 1032 2061; x_wconf 80' lang='lat' dir='ltr'><strong>adornavit,</strong></span> <span class='ocrx_word' id='word_1_209' title='bbox 1076 2008 1198 2064; x_wconf 77' lang='lat' dir='ltr'><strong>qua:</strong></span> <span class='ocrx_word' id='word_1_210' title='bbox 1258 1995 1522 2051; x_wconf 89' lang='lat' dir='ltr'><strong>hodierna</strong></span> <span class='ocrx_word' id='word_1_211' title='bbox 1579 1994 1805 2067; x_wconf 79' lang='lat' dir='ltr'><strong>Vulgata</strong></span> <span class='ocrx_word' id='word_1_212' title='bbox 1856 2006 1961 2064; x_wconf 90' lang='lat' dir='ltr'><strong>est,</strong></span> <span class='ocrx_word' id='word_1_213' title='bbox 1996 1997 2089 2052; x_wconf 90' lang='lat' dir='ltr'><strong>ubi</strong></span> 
     </span>
    </p>
   </div>
   <div class='ocr_carea' id='block_1_36' title="bbox 492 2081 2085 2157">
    <p class='ocr_par' dir='ltr' id='par_1_36' title="bbox 492 2081 2085 2157">
     <span class='ocr_line' id='line_1_36' title="bbox 492 2081 2085 2157; baseline 0.005 -20"><span class='ocrx_word' id='word_1_214' title='bbox 492 2082 713 2154; x_wconf 84' lang='lat' dir='ltr'><strong>Aquila,</strong></span> <span class='ocrx_word' id='word_1_215' title='bbox 761 2081 1114 2157; x_wconf 87' lang='lat' dir='ltr'><strong>Symmacho,</strong></span> <span class='ocrx_word' id='word_1_216' title='bbox 1164 2094 1360 2143; x_wconf 88' lang='lat' dir='ltr'><strong>etnon</strong></span> <span class='ocrx_word' id='word_1_217' title='bbox 1388 2087 1556 2143; x_wconf 88' lang='lat' dir='ltr'><strong>semel</strong></span> <span class='ocrx_word' id='word_1_218' title='bbox 1614 2086 1780 2145; x_wconf 86' lang='lat' dir='ltr'><strong>Sexta</strong></span> <span class='ocrx_word' id='word_1_219' title='bbox 1821 2089 2085 2157; x_wconf 88' lang='lat' dir='ltr'><strong>editione,</strong></span> 
     </span>
    </p>
   </div>
   <div class='ocr_carea' id='block_1_37' title="bbox 492 2175 2084 2253">
    <p class='ocr_par' dir='ltr' id='par_1_37' title="bbox 492 2175 2084 2253">
     <span class='ocr_line' id='line_1_37' title="bbox 492 2175 2084 2253; baseline 0.006 -27"><span class='ocrx_word' id='word_1_220' title='bbox 492 2175 713 2243; x_wconf 79' lang='lat' dir='ltr'><strong>quando</strong></span> <span class='ocrx_word' id='word_1_221' title='bbox 740 2190 804 2229; x_wconf 89' lang='lat' dir='ltr'><strong>ea</strong></span> <span class='ocrx_word' id='word_1_222' title='bbox 824 2175 1032 2241; x_wconf 88' lang='lat' dir='ltr'><strong>aderat,</strong></span> <span class='ocrx_word' id='word_1_223' title='bbox 1059 2192 1196 2233; x_wconf 85' lang='lat' dir='ltr'><strong>usus</strong></span> <span class='ocrx_word' id='word_1_224' title='bbox 1217 2187 1320 2234; x_wconf 90' lang='lat' dir='ltr'><strong>est.</strong></span> <span class='ocrx_word' id='word_1_225' title='bbox 1352 2176 1418 2234; x_wconf 84' lang='lat' dir='ltr'><strong>Et</strong></span> <span class='ocrx_word' id='word_1_226' title='bbox 1448 2181 1503 2234; x_wconf 92' lang='lat' dir='ltr'><strong>in</strong></span> <span class='ocrx_word' id='word_1_227' title='bbox 1527 2179 1652 2235; x_wconf 87' lang='lat' dir='ltr'><strong>aliis</strong></span> <span class='ocrx_word' id='word_1_228' title='bbox 1685 2180 1905 2253; x_wconf 84' lang='lat' dir='ltr'><strong>quidem</strong></span> <span class='ocrx_word' id='word_1_229' title='bbox 1928 2180 2084 2236; x_wconf 86' lang='lat' dir='ltr'><strong>libris</strong></span> 
     </span>
    </p>
   </div>
   <div class='ocr_carea' id='block_1_38' title="bbox 493 2265 2083 2344">
    <p class='ocr_par' dir='ltr' id='par_1_38' title="bbox 493 2265 2083 2344">
     <span class='ocr_line' id='line_1_38' title="bbox 493 2265 2083 2344; baseline 0.006 -23"><span class='ocrx_word' id='word_1_230' title='bbox 493 2265 883 2338; x_wconf 84' lang='lat' dir='ltr'><strong>Symmachum</strong></span> <span class='ocrx_word' id='word_1_231' title='bbox 930 2267 1247 2339; x_wconf 90' lang='lat' dir='ltr'><strong>frequenter</strong></span> <span class='ocrx_word' id='word_1_232' title='bbox 1310 2272 1582 2342; x_wconf 86' lang='lat' dir='ltr'><strong>sequitur,</strong></span> <span class='ocrx_word' id='word_1_233' title='bbox 1638 2272 1891 2344; x_wconf 78' lang='lat' dir='ltr'><strong>Aquilam</strong></span> <span class='ocrx_word' id='word_1_234' title='bbox 1950 2274 2083 2330; x_wconf 83' lang='lat' dir='ltr'><strong>item</strong></span> 
     </span>
    </p>
   </div>
   <div class='ocr_carea' id='block_1_39' title="bbox 491 2357 2083 2436">
    <p class='ocr_par' dir='ltr' id='par_1_39' title="bbox 491 2357 2083 2436">
     <span class='ocr_line' id='line_1_39' title="bbox 491 2357 2083 2436; baseline 0.006 -25"><span class='ocrx_word' id='word_1_235' title='bbox 491 2374 602 2412; x_wconf 91' lang='lat' dir='ltr'><strong>non</strong></span> <span class='ocrx_word' id='word_1_236' title='bbox 634 2373 799 2426; x_wconf 88' lang='lat' dir='ltr'><strong>raro;</strong></span> <span class='ocrx_word' id='word_1_237' title='bbox 843 2360 898 2414; x_wconf 92' lang='lat' dir='ltr'><strong>in</strong></span> <span class='ocrx_word' id='word_1_238' title='bbox 934 2357 1171 2417; x_wconf 85' lang='lat' dir='ltr'><strong>Psalmis</strong></span> <span class='ocrx_word' id='word_1_239' title='bbox 1194 2377 1345 2430; x_wconf 91' lang='lat' dir='ltr'><strong>vero,</strong></span> <span class='ocrx_word' id='word_1_240' title='bbox 1390 2365 1601 2435; x_wconf 69' lang='lat' dir='ltr'><strong>Aquilae</strong></span> <span class='ocrx_word' id='word_1_241' title='bbox 1659 2375 1721 2420; x_wconf 93' lang='lat' dir='ltr'><strong>ut</strong></span> <span class='ocrx_word' id='word_1_242' title='bbox 1782 2365 2083 2436; x_wconf 88' lang='lat' dir='ltr'><strong>plurimum</strong></span> 
     </span>
    </p>
   </div>
   <div class='ocr_carea' id='block_1_40' title="bbox 490 2448 2081 2527">
    <p class='ocr_par' dir='ltr' id='par_1_40' title="bbox 490 2448 2081 2527">
     <span class='ocr_line' id='line_1_40' title="bbox 490 2448 2081 2527; baseline 0.007 -24"><span class='ocrx_word' id='word_1_243' title='bbox 490 2450 680 2513; x_wconf 66' lang='lat' dir='ltr'><strong>haeret,</strong></span> <span class='ocrx_word' id='word_1_244' title='bbox 707 2448 1038 2522; x_wconf 86' lang='lat' dir='ltr'><strong>Symmacho</strong></span> <span class='ocrx_word' id='word_1_245' title='bbox 1096 2452 1517 2525; x_wconf 88' lang='lat' dir='ltr'><strong>infrequentius,</strong></span> <span class='ocrx_word' id='word_1_246' title='bbox 1573 2458 1868 2527; x_wconf 85' lang='lat' dir='ltr'><strong>aliquando</strong></span> <span class='ocrx_word' id='word_1_247' title='bbox 1915 2460 2081 2514; x_wconf 89' lang='lat' dir='ltr'><strong>etiam</strong></span> 
     </span>
    </p>
   </div>
   <div class='ocr_carea' id='block_1_41' title="bbox 492 2539 2080 2620">
    <p class='ocr_par' dir='ltr' id='par_1_41' title="bbox 492 2539 2080 2620">
     <span class='ocr_line' id='line_1_41' title="bbox 492 2539 2080 2620; baseline 0.009 -27"><span class='ocrx_word' id='word_1_248' title='bbox 492 2539 635 2594; x_wconf 75' lang='lat' dir='ltr'><strong>LXX</strong></span> <span class='ocrx_word' id='word_1_249' title='bbox 670 2540 858 2598; x_wconf 87' lang='lat' dir='ltr'><strong>Latine</strong></span> <span class='ocrx_word' id='word_1_250' title='bbox 874 2546 1153 2617; x_wconf 79' lang='lat' dir='ltr'><strong>exprimit.</strong></span> <span class='ocrx_word' id='word_1_251' title='bbox 1187 2546 1314 2603; x_wconf 65' lang='lat' dir='ltr'><strong>Haec</strong></span> <span class='ocrx_word' id='word_1_252' title='bbox 1336 2552 1572 2620; x_wconf 86' lang='lat' dir='ltr'><strong>sparsim</strong></span> <span class='ocrx_word' id='word_1_253' title='bbox 1604 2550 1991 2608; x_wconf 89' lang='lat' dir='ltr'><strong>adnotavimus</strong></span> <span class='ocrx_word' id='word_1_254' title='bbox 2024 2554 2080 2607; x_wconf 91' lang='lat' dir='ltr'><strong>in</strong></span> 
     </span>
    </p>
   </div>
   <div class='ocr_carea' id='block_1_42' title="bbox 488 2631 1149 2705">
    <p class='ocr_par' dir='ltr' id='par_1_42' title="bbox 488 2631 1149 2705">
     <span class='ocr_line' id='line_1_42' title="bbox 488 2631 1149 2705; baseline 0.011 -20"><span class='ocrx_word' id='word_1_255' title='bbox 488 2631 656 2702; x_wconf 83' lang='lat' dir='ltr'><strong>hujus</strong></span> <span class='ocrx_word' id='word_1_256' title='bbox 685 2635 868 2705; x_wconf 92' lang='lat' dir='ltr'><strong>operis</strong></span> <span class='ocrx_word' id='word_1_257' title='bbox 892 2636 1149 2693; x_wconf 89' lang='lat' dir='ltr'><strong>decursu.</strong></span> 
     </span>
    </p>
   </div>
   <div class='ocr_carea' id='block_1_43' title="bbox 560 2724 2076 2804">
    <p class='ocr_par' dir='ltr' id='par_1_43' title="bbox 560 2724 2076 2804">
     <span class='ocr_line' id='line_1_43' title="bbox 560 2724 2076 2804; baseline 0.011 -24"><span class='ocrx_word' id='word_1_258' title='bbox 560 2724 860 2785; x_wconf 77' lang='lat' dir='ltr'><strong>Hasrcaws</strong></span> <span class='ocrx_word' id='word_1_259' title='bbox 895 2728 1383 2804; x_wconf 88' lang='lat' dir='ltr'><strong>Salonitanus,qui</strong></span> <span class='ocrx_word' id='word_1_260' title='bbox 1412 2749 1444 2789; x_wconf 91' lang='lat' dir='ltr'><strong>a</strong></span> <span class='ocrx_word' id='word_1_261' title='bbox 1467 2737 1746 2793; x_wconf 89' lang='lat' dir='ltr'><strong>nonnullis</strong></span> <span class='ocrx_word' id='word_1_262' title='bbox 1767 2752 1891 2794; x_wconf 89' lang='lat' dir='ltr'><strong>eum</strong></span> <span class='ocrx_word' id='word_1_263' title='bbox 1922 2739 2076 2797; x_wconf 82' lang='lat' dir='ltr'><strong>Jcro-</strong></span> 
     </span>
    </p>
   </div>
   <div class='ocr_carea' id='block_1_44' title="bbox 485 2820 2077 2890">
    <p class='ocr_par' dir='ltr' id='par_1_44' title="bbox 485 2820 2077 2890">
     <span class='ocr_line' id='line_1_44' title="bbox 485 2820 2077 2890; baseline 0.01 -17"><span class='ocrx_word' id='word_1_264' title='bbox 485 2820 815 2890; x_wconf 74' lang='lat' dir='ltr'><strong>aolymitano</strong></span> <span class='ocrx_word' id='word_1_265' title='bbox 855 2820 1231 2889; x_wconf 82' lang='lat' dir='ltr'><strong>confunditur,</strong></span> <span class='ocrx_word' id='word_1_266' title='bbox 1294 2827 1749 2885; x_wconf 68' lang='lat' dir='ltr'><strong>Commentariun:</strong></span> <span class='ocrx_word' id='word_1_267' title='bbox 1802 2833 1972 2889; x_wconf 89' lang='lat' dir='ltr'><strong>edidit</strong></span> <span class='ocrx_word' id='word_1_268' title='bbox 2020 2834 2077 2889; x_wconf 91' lang='lat' dir='ltr'><strong>in</strong></span> 
     </span>
    </p>
   </div>
   <div class='ocr_carea' id='block_1_45' title="bbox 485 2910 2077 2994">
    <p class='ocr_par' dir='ltr' id='par_1_45' title="bbox 485 2910 2077 2994">
     <span class='ocr_line' id='line_1_45' title="bbox 485 2910 2077 2994; baseline 0.009 -27"><span class='ocrx_word' id='word_1_269' title='bbox 485 2910 800 2979; x_wconf 69' lang='lat' dir='ltr'><strong>Leoiticam,</strong></span> <span class='ocrx_word' id='word_1_270' title='bbox 841 2930 1006 2985; x_wconf 88' lang='lat' dir='ltr'><strong>quem</strong></span> <span class='ocrx_word' id='word_1_271' title='bbox 1059 2914 1250 2973; x_wconf 84' lang='lat' dir='ltr'><strong>Latine</strong></span> <span class='ocrx_word' id='word_1_272' title='bbox 1291 2920 1546 2989; x_wconf 90' lang='lat' dir='ltr'><strong>primitus</strong></span> <span class='ocrx_word' id='word_1_273' title='bbox 1603 2924 1868 2994; x_wconf 88' lang='lat' dir='ltr'><strong>scriptum</strong></span> <span class='ocrx_word' id='word_1_274' title='bbox 1904 2925 2077 2983; x_wconf 86' lang='lat' dir='ltr'><strong>fuisse</strong></span> 
     </span>
    </p>
   </div>
   <div class='ocr_carea' id='block_1_46' title="bbox 484 3008 2077 3082">
    <p class='ocr_par' dir='ltr' id='par_1_46' title="bbox 484 3008 2077 3082">
     <span class='ocr_line' id='line_1_46' title="bbox 484 3008 2077 3082; baseline 0.013 -25"><span class='ocrx_word' id='word_1_275' title='bbox 484 3019 715 3074; x_wconf 88' lang='lat' dir='ltr'><strong>prorsus</strong></span> <span class='ocrx_word' id='word_1_276' title='bbox 746 3008 1005 3064; x_wconf 83' lang='lat' dir='ltr'><strong>existimo</strong></span> <span class='ocrx_word' id='word_1_277' title='bbox 1034 3027 1047 3063; x_wconf 92' lang='lat'>:</span> <span class='ocrx_word' id='word_1_278' title='bbox 1080 3026 1257 3082; x_wconf 90' lang='lat' dir='ltr'><strong>neque</strong></span> <span class='ocrx_word' id='word_1_279' title='bbox 1286 3014 1433 3068; x_wconf 88' lang='lat' dir='ltr'><strong>enim</strong></span> <span class='ocrx_word' id='word_1_280' title='bbox 1456 3016 1731 3074; x_wconf 87' lang='lat' dir='ltr'><strong>ullatenus</strong></span> <span class='ocrx_word' id='word_1_281' title='bbox 1760 3019 1870 3076; x_wconf 89' lang='lat' dir='ltr'><strong>olet</strong></span> <span class='ocrx_word' id='word_1_282' title='bbox 1907 3022 2077 3077; x_wconf 84' lang='lat' dir='ltr'><strong>inter-</strong></span> 
     </span>
    </p>
   </div>
   <div class='ocr_carea' id='block_1_47' title="bbox 485 3097 2070 3167">
    <p class='ocr_par' dir='ltr' id='par_1_47' title="bbox 485 3097 2070 3167">
     <span class='ocr_line' id='line_1_47' title="bbox 485 3097 2070 3167; baseline 0.011 -18"><span class='ocrx_word' id='word_1_283' title='bbox 485 3097 847 3165; x_wconf 87' lang='lat' dir='ltr'><strong>pretationem</strong></span> <span class='ocrx_word' id='word_1_284' title='bbox 873 3115 937 3154; x_wconf 89' lang='lat' dir='ltr'><strong>ex</strong></span> <span class='ocrx_word' id='word_1_285' title='bbox 966 3099 1153 3157; x_wconf 72' lang='lat' dir='ltr'><strong>Graeco</strong></span> <span class='ocrx_word' id='word_1_286' title='bbox 1177 3102 1397 3159; x_wconf 87' lang='lat' dir='ltr'><strong>factam.</strong></span> <span class='ocrx_word' id='word_1_287' title='bbox 1425 3104 1504 3160; x_wconf 88' lang='lat' dir='ltr'><strong>lbi</strong></span> <span class='ocrx_word' id='word_1_288' title='bbox 1551 3122 1682 3162; x_wconf 88' lang='lat' dir='ltr'><strong>vero</strong></span> <span class='ocrx_word' id='word_1_289' title='bbox 1713 3119 1955 3167; x_wconf 86' lang='lat' dir='ltr'><strong>veterum</strong></span> <span class='ocrx_word' id='word_1_290' title='bbox 1984 3114 2070 3167; x_wconf 88' lang='lat' dir='ltr'><strong>in-</strong></span> 
     </span>
    </p>
   </div>
   <div class='ocr_carea' id='block_1_48' title="bbox 2190 1899 3780 1974">
    <p class='ocr_par' dir='ltr' id='par_1_48' title="bbox 2190 1899 3780 1974">
     <span class='ocr_line' id='line_1_48' title="bbox 2190 1899 3780 1974; baseline 0.005 -22"><span class='ocrx_word' id='word_1_291' title='bbox 2190 1899 2333 1953; x_wconf 90' lang='lat' dir='ltr'><strong>edita</strong></span> <span class='ocrx_word' id='word_1_292' title='bbox 2356 1907 2507 1963; x_wconf 87' lang='lat' dir='ltr'><strong>sunt,</strong></span> <span class='ocrx_word' id='word_1_293' title='bbox 2524 1907 2771 1955; x_wconf 78' lang='lat' dir='ltr'><strong>Veterum</strong></span> <span class='ocrx_word' id='word_1_294' title='bbox 2792 1901 3147 1971; x_wconf 88' lang='lat' dir='ltr'><strong>interpretum</strong></span> <span class='ocrx_word' id='word_1_295' title='bbox 3176 1899 3437 1957; x_wconf 86' lang='lat' dir='ltr'><strong>lectiones</strong></span> <span class='ocrx_word' id='word_1_296' title='bbox 3457 1900 3780 1974; x_wconf 81' lang='lat' dir='ltr'><strong>infrequen-</strong></span> 
     </span>
    </p>
   </div>
   <div class='ocr_carea' id='block_1_49' title="bbox 2191 1990 2506 2047">
    <p class='ocr_par' dir='ltr' id='par_1_49' title="bbox 2191 1990 2506 2047">
     <span class='ocr_line' id='line_1_49' title="bbox 2191 1990 2506 2047; baseline 0 0"><span class='ocrx_word' id='word_1_297' title='bbox 2191 2000 2274 2047; x_wconf 87' lang='lat' dir='ltr'><strong>ter</strong></span> <span class='ocrx_word' id='word_1_298' title='bbox 2302 1990 2506 2047; x_wconf 87' lang='lat' dir='ltr'><strong>attulit.</strong></span> 
     </span>
    </p>
   </div>
   <div class='ocr_carea' id='block_1_50' title="bbox 2258 2074 3780 2153">
    <p class='ocr_par' dir='ltr' id='par_1_50' title="bbox 2258 2074 3780 2153">
     <span class='ocr_line' id='line_1_50' title="bbox 2258 2074 3780 2153; baseline 0.007 -22"><span class='ocrx_word' id='word_1_299' title='bbox 2258 2074 2700 2146; x_wconf 77' lang='lat' dir='ltr'><strong>Ouimononus,</strong></span> <span class='ocrx_word' id='word_1_300' title='bbox 2730 2081 3022 2151; x_wconf 86' lang='lat' dir='ltr'><strong>episcopus</strong></span> <span class='ocrx_word' id='word_1_301' title='bbox 3050 2079 3271 2141; x_wconf 81' lang='lat' dir='ltr'><strong>Tricees</strong></span> <span class='ocrx_word' id='word_1_302' title='bbox 3294 2085 3351 2141; x_wconf 89' lang='lat' dir='ltr'><strong>in</strong></span> <span class='ocrx_word' id='word_1_303' title='bbox 3376 2084 3682 2153; x_wconf 81' lang='lat' dir='ltr'><strong>Thessalia,</strong></span> <span class='ocrx_word' id='word_1_304' title='bbox 3712 2094 3780 2141; x_wconf 91' lang='grc' dir='ltr'><strong>ιιι</strong></span> 
     </span>
    </p>
   </div>
   <div class='ocr_carea' id='block_1_51' title="bbox 2187 2168 3780 2242">
    <p class='ocr_par' dir='ltr' id='par_1_51' title="bbox 2187 2168 3780 2242">
     <span class='ocr_line' id='line_1_51' title="bbox 2187 2168 3780 2242; baseline 0.009 -19"><span class='ocrx_word' id='word_1_305' title='bbox 2187 2168 2245 2223; x_wconf 90' lang='lat' dir='ltr'><strong>in</strong></span> <span class='ocrx_word' id='word_1_306' title='bbox 2272 2171 2464 2227; x_wconf 89' lang='lat' dir='ltr'><strong>codice</strong></span> <span class='ocrx_word' id='word_1_307' title='bbox 2490 2174 2731 2242; x_wconf 89' lang='lat' dir='ltr'><strong>quodam</strong></span> <span class='ocrx_word' id='word_1_308' title='bbox 2788 2172 3129 2231; x_wconf 89' lang='lat' dir='ltr'><strong>Coisliniano</strong></span> <span class='ocrx_word' id='word_1_309' title='bbox 3178 2177 3379 2233; x_wconf 88' lang='lat' dir='ltr'><strong>decimi</strong></span> <span class='ocrx_word' id='word_1_310' title='bbox 3433 2179 3648 2236; x_wconf 87' lang='lat' dir='ltr'><strong>circiter</strong></span> <span class='ocrx_word' id='word_1_311' title='bbox 3687 2180 3780 2237; x_wconf 78' lang='lat' dir='ltr'><strong>vel</strong></span> 
     </span>
    </p>
   </div>
   <div class='ocr_carea' id='block_1_52' title="bbox 2187 2261 3782 2333">
    <p class='ocr_par' dir='ltr' id='par_1_52' title="bbox 2187 2261 3782 2333">
     <span class='ocr_line' id='line_1_52' title="bbox 2187 2261 3782 2333; baseline 0.009 -19"><span class='ocrx_word' id='word_1_312' title='bbox 2187 2261 2460 2317; x_wconf 88' lang='lat' dir='ltr'><strong>undecimi</strong></span> <span class='ocrx_word' id='word_1_313' title='bbox 2484 2265 2672 2319; x_wconf 63' lang='lat' dir='ltr'><strong>saeculi</strong></span> <span class='ocrx_word' id='word_1_314' title='bbox 2706 2263 2930 2333; x_wconf 90' lang='lat' dir='ltr'><strong>dicitur,</strong></span> <span class='ocrx_word' id='word_1_315' title='bbox 2962 2265 3376 2325; x_wconf 75' lang='lat' dir='ltr'><strong>Commentariis</strong></span> <span class='ocrx_word' id='word_1_316' title='bbox 3403 2271 3460 2325; x_wconf 85' lang='lat' dir='ltr'><strong>in</strong></span> <span class='ocrx_word' id='word_1_317' title='bbox 3503 2268 3782 2327; x_wconf 75' lang='lat' dir='ltr'><strong>Ecclesia-</strong></span> 
     </span>
    </p>
   </div>
   <div class='ocr_carea' id='block_1_53' title="bbox 2183 2350 3780 2434">
    <p class='ocr_par' dir='ltr' id='par_1_53' title="bbox 2183 2350 3780 2434">
     <span class='ocr_line' id='line_1_53' title="bbox 2183 2350 3780 2434; baseline 0.011 -31"><span class='ocrx_word' id='word_1_318' title='bbox 2183 2358 2319 2414; x_wconf 79' lang='lat' dir='ltr'><strong>sten,</strong></span> <span class='ocrx_word' id='word_1_319' title='bbox 2346 2351 2403 2405; x_wconf 82' lang='lat' dir='ltr'><strong>in</strong></span> <span class='ocrx_word' id='word_1_320' title='bbox 2424 2350 2526 2406; x_wconf 83' lang='lat' dir='ltr'><strong>Job</strong></span> <span class='ocrx_word' id='word_1_321' title='bbox 2556 2362 2611 2408; x_wconf 89' lang='lat' dir='ltr'><strong>et</strong></span> <span class='ocrx_word' id='word_1_322' title='bbox 2628 2354 2684 2407; x_wconf 86' lang='lat' dir='ltr'><strong>in</strong></span> <span class='ocrx_word' id='word_1_323' title='bbox 2705 2353 3016 2421; x_wconf 84' lang='lat' dir='ltr'><strong>Jercmiam,</strong></span> <span class='ocrx_word' id='word_1_324' title='bbox 3042 2358 3379 2424; x_wconf 82' lang='lat' dir='ltr'><strong>nobilitatur,</strong></span> <span class='ocrx_word' id='word_1_325' title='bbox 3408 2362 3500 2417; x_wconf 88' lang='lat' dir='ltr'><strong>ubi</strong></span> <span class='ocrx_word' id='word_1_326' title='bbox 3518 2359 3780 2434; x_wconf 82' lang='lat' dir='ltr'><strong>chaplis</strong></span> 
     </span>
    </p>
   </div>
   <div class='ocr_carea' id='block_1_54' title="bbox 2184 2438 3449 2518">
    <p class='ocr_par' dir='ltr' id='par_1_54' title="bbox 2184 2438 3449 2518">
     <span class='ocr_line' id='line_1_54' title="bbox 2184 2438 3449 2518; baseline 0.012 -24"><span class='ocrx_word' id='word_1_327' title='bbox 2184 2438 2649 2512; x_wconf 74' lang='lat' dir='ltr'><strong>frequentissime,</strong></span> <span class='ocrx_word' id='word_1_328' title='bbox 2684 2449 2921 2506; x_wconf 80' lang='lat' dir='ltr'><strong>maxime</strong></span> <span class='ocrx_word' id='word_1_329' title='bbox 2941 2450 2996 2505; x_wconf 91' lang='lat' dir='ltr'><strong>in</strong></span> <span class='ocrx_word' id='word_1_330' title='bbox 3023 2447 3146 2518; x_wconf 78' lang='lat' dir='ltr'><strong>Job,</strong></span> <span class='ocrx_word' id='word_1_331' title='bbox 3185 2462 3317 2508; x_wconf 89' lang='lat' dir='ltr'><strong>usus</strong></span> <span class='ocrx_word' id='word_1_332' title='bbox 3344 2461 3449 2509; x_wconf 89' lang='lat' dir='ltr'><strong>est.</strong></span> 
     </span>
    </p>
   </div>
   <div class='ocr_carea' id='block_1_55' title="bbox 2253 2532 3772 2609">
    <p class='ocr_par' dir='ltr' id='par_1_55' title="bbox 2253 2532 3772 2609">
     <span class='ocr_line' id='line_1_55' title="bbox 2253 2532 3772 2609; baseline 0.011 -20"><span class='ocrx_word' id='word_1_333' title='bbox 2253 2532 2571 2593; x_wconf 76' lang='lat' dir='ltr'><strong>EUTBYIIUS</strong></span> <span class='ocrx_word' id='word_1_334' title='bbox 2624 2537 2946 2609; x_wconf 77' lang='lat' dir='ltr'><strong>Zygabenus</strong></span> <span class='ocrx_word' id='word_1_335' title='bbox 2980 2542 3378 2600; x_wconf 76' lang='lat' dir='ltr'><strong>Commutan‘a</strong></span> <span class='ocrx_word' id='word_1_336' title='bbox 3419 2548 3476 2601; x_wconf 76' lang='lat' dir='ltr'><strong>in</strong></span> <span class='ocrx_word' id='word_1_337' title='bbox 3519 2546 3772 2606; x_wconf 77' lang='lat' dir='ltr'><strong>Psalmos</strong></span> 
     </span>
    </p>
   </div>
   <div class='ocr_carea' id='block_1_56' title="bbox 2181 2627 3773 2701">
    <p class='ocr_par' dir='ltr' id='par_1_56' title="bbox 2181 2627 3773 2701">
     <span class='ocr_line' id='line_1_56' title="bbox 2181 2627 3773 2701; baseline 0.011 -21"><span class='ocrx_word' id='word_1_338' title='bbox 2181 2627 2386 2691; x_wconf 84' lang='lat' dir='ltr'><strong>emisit,</strong></span> <span class='ocrx_word' id='word_1_339' title='bbox 2417 2630 2511 2684; x_wconf 92' lang='lat' dir='ltr'><strong>ubi</strong></span> <span class='ocrx_word' id='word_1_340' title='bbox 2544 2629 2935 2701; x_wconf 78' lang='lat' dir='ltr'><strong>Hexaplarium</strong></span> <span class='ocrx_word' id='word_1_341' title='bbox 2966 2635 3269 2691; x_wconf 81' lang='lat' dir='ltr'><strong>editionum</strong></span> <span class='ocrx_word' id='word_1_342' title='bbox 3302 2638 3629 2697; x_wconf 90' lang='lat' dir='ltr'><strong>lectionibus</strong></span> <span class='ocrx_word' id='word_1_343' title='bbox 3659 2641 3773 2697; x_wconf 85' lang='lat' dir='ltr'><strong>ali-</strong></span> 
     </span>
    </p>
   </div>
   <div class='ocr_carea' id='block_1_57' title="bbox 2178 2719 3776 2796">
    <p class='ocr_par' dir='ltr' id='par_1_57' title="bbox 2178 2719 3776 2796">
     <span class='ocr_line' id='line_1_57' title="bbox 2178 2719 3776 2796; baseline 0.009 -24"><span class='ocrx_word' id='word_1_344' title='bbox 2178 2719 2404 2787; x_wconf 86' lang='lat' dir='ltr'><strong>quando</strong></span> <span class='ocrx_word' id='word_1_345' title='bbox 2431 2722 2625 2787; x_wconf 89' lang='lat' dir='ltr'><strong>utitur,</strong></span> <span class='ocrx_word' id='word_1_346' title='bbox 2661 2738 2730 2777; x_wconf 88' lang='lat' dir='ltr'><strong>ex</strong></span> <span class='ocrx_word' id='word_1_347' title='bbox 2767 2725 3110 2796; x_wconf 78' lang='lat' dir='ltr'><strong>marginibus</strong></span> <span class='ocrx_word' id='word_1_348' title='bbox 3132 2727 3343 2783; x_wconf 90' lang='lat' dir='ltr'><strong>scilicet</strong></span> <span class='ocrx_word' id='word_1_349' title='bbox 3372 2726 3668 2786; x_wconf 87' lang='lat' dir='ltr'><strong>Bibliorum</strong></span> <span class='ocrx_word' id='word_1_350' title='bbox 3711 2738 3776 2787; x_wconf 83' lang='lat' dir='ltr'><strong>et</strong></span> 
     </span>
    </p>
   </div>
   <div class='ocr_carea' id='block_1_58' title="bbox 2177 2809 3776 2892">
    <p class='ocr_par' dir='ltr' id='par_1_58' title="bbox 2177 2809 3776 2892">
     <span class='ocr_line' id='line_1_58' title="bbox 2177 2809 3776 2892; baseline 0.011 -31"><span class='ocrx_word' id='word_1_351' title='bbox 2177 2821 2246 2862; x_wconf 90' lang='lat' dir='ltr'><strong>ex</strong></span> <span class='ocrx_word' id='word_1_352' title='bbox 2290 2809 2415 2865; x_wconf 88' lang='lat' dir='ltr'><strong>aliis</strong></span> <span class='ocrx_word' id='word_1_353' title='bbox 2439 2812 2857 2870; x_wconf 88' lang='lat' dir='ltr'><strong>commentariis</strong></span> <span class='ocrx_word' id='word_1_354' title='bbox 2874 2823 3185 2880; x_wconf 87' lang='lat' dir='ltr'><strong>mutuatus;</strong></span> <span class='ocrx_word' id='word_1_355' title='bbox 3230 2818 3317 2873; x_wconf 85' lang='lat' dir='ltr'><strong>vix</strong></span> <span class='ocrx_word' id='word_1_356' title='bbox 3343 2820 3490 2875; x_wconf 90' lang='lat' dir='ltr'><strong>enim</strong></span> <span class='ocrx_word' id='word_1_357' title='bbox 3540 2831 3776 2892; x_wconf 84' lang='lat' dir='ltr'><strong>putave-</strong></span> 
     </span>
    </p>
   </div>
   <div class='ocr_carea' id='block_1_59' title="bbox 2178 2899 3775 2979">
    <p class='ocr_par' dir='ltr' id='par_1_59' title="bbox 2178 2899 3775 2979">
     <span class='ocr_line' id='line_1_59' title="bbox 2178 2899 3775 2979; baseline 0.011 -26"><span class='ocrx_word' id='word_1_358' title='bbox 2178 2900 2283 2955; x_wconf 81' lang='lat' dir='ltr'><strong>rim</strong></span> <span class='ocrx_word' id='word_1_359' title='bbox 2309 2899 2549 2972; x_wconf 77' lang='lat' dir='ltr'><strong>Hexapla</strong></span> <span class='ocrx_word' id='word_1_360' title='bbox 2582 2905 2648 2959; x_wconf 91' lang='lat' dir='ltr'><strong>ad</strong></span> <span class='ocrx_word' id='word_1_361' title='bbox 2672 2905 2793 2975; x_wconf 87' lang='lat' dir='ltr'><strong>ejus</strong></span> <span class='ocrx_word' id='word_1_362' title='bbox 2816 2914 3032 2978; x_wconf 85' lang='lat' dir='ltr'><strong>tempus</strong></span> <span class='ocrx_word' id='word_1_363' title='bbox 3084 2909 3391 2979; x_wconf 84' lang='lat' dir='ltr'><strong>devenisse,</strong></span> <span class='ocrx_word' id='word_1_364' title='bbox 3453 2927 3583 2967; x_wconf 88' lang='lat' dir='ltr'><strong>nam</strong></span> <span class='ocrx_word' id='word_1_365' title='bbox 3624 2914 3775 2972; x_wconf 74' lang='lat' dir='ltr'><strong>vixit</strong></span> 
     </span>
    </p>
   </div>
   <div class='ocr_carea' id='block_1_60' title="bbox 2178 2991 2708 3052">
    <p class='ocr_par' dir='ltr' id='par_1_60' title="bbox 2178 2991 2708 3052">
     <span class='ocr_line' id='line_1_60' title="bbox 2178 2991 2708 3052; baseline 0.013 -7"><span class='ocrx_word' id='word_1_366' title='bbox 2178 2991 2469 3049; x_wconf 88' lang='lat' dir='ltr'><strong>undecimo</strong></span> <span class='ocrx_word' id='word_1_367' title='bbox 2487 2996 2708 3052; x_wconf 57' lang='lat' dir='ltr'><strong>saeculo.</strong></span> 
     </span>
    </p>
   </div>
   <div class='ocr_carea' id='block_1_61' title="bbox 2441 3085 3504 3165">
    <p class='ocr_par' dir='ltr' id='par_1_61' title="bbox 2441 3085 3504 3165">
     <span class='ocr_line' id='line_1_61' title="bbox 2441 3085 3504 3165; baseline 0.009 -25"><span class='ocrx_word' id='word_1_368' title='bbox 2441 3085 2532 3144; x_wconf 84' lang='lat' dir='ltr'><strong>IV.</strong></span> <span class='ocrx_word' id='word_1_369' title='bbox 2576 3088 2932 3154; x_wconf 82' lang='lat' dir='ltr'><strong>Quandonam</strong></span> <span class='ocrx_word' id='word_1_370' title='bbox 2957 3090 3205 3163; x_wconf 73' lang='lat' dir='ltr'><strong>Hexapla</strong></span> <span class='ocrx_word' id='word_1_371' title='bbox 3232 3096 3504 3165; x_wconf 79' lang='lat' dir='ltr'><strong>perierint.</strong></span> 
     </span>
    </p>
   </div>
   <div class='ocr_carea' id='block_1_62' title="bbox 484 3142 3767 3266">
    <p class='ocr_par' dir='ltr' id='par_1_62' title="bbox 484 3142 3767 3266">
     <span class='ocr_line' id='line_1_62' title="bbox 528 3142 3504 3167; baseline 0.007 -17"><span class='ocrx_word' id='word_1_372' title='bbox 528 3142 846 3153; x_wconf 62' lang='grc' dir='ltr'><strong>-ν--τ-ν-ςν--υ</strong></span> <span class='ocrx_word' id='word_1_373' title='bbox 874 3142 937 3154; x_wconf 72' lang='grc' dir='ltr'>νι-</span> <span class='ocrx_word' id='word_1_374' title='bbox 969 3142 1152 3157; x_wconf 61' lang='grc' dir='ltr'><strong>ν-υνιν</strong></span> <span class='ocrx_word' id='word_1_375' title='bbox 1178 3142 1397 3159; x_wconf 62' lang='grc' dir='ltr'>ιιιυιαιιι.</span> <span class='ocrx_word' id='word_1_376' title='bbox 1426 3142 1504 3160; x_wconf 77' lang='grc' dir='ltr'>ιυι</span> <span class='ocrx_word' id='word_1_377' title='bbox 1559 3142 1682 3162; x_wconf 61' lang='grc' dir='ltr'>νυιυ</span> <span class='ocrx_word' id='word_1_378' title='bbox 1718 3142 1955 3167; x_wconf 60' lang='grc' dir='ltr'>νςισιιιιιι</span> <span class='ocrx_word' id='word_1_379' title='bbox 1984 3142 2070 3167; x_wconf 66' lang='lat' dir='ltr'><strong>Ill-</strong></span> <span class='ocrx_word' id='word_1_380' title='bbox 2522 3142 2529 3144; x_wconf 59' lang='grc'><strong><em>⁷</em></strong></span> <span class='ocrx_word' id='word_1_381' title='bbox 2581 3142 2617 3154; x_wconf 81' lang='grc'><strong>’““</strong></span> <span class='ocrx_word' id='word_1_382' title='bbox 2668 3142 2691 3143; x_wconf 39' lang='grc' dir='ltr'><em>η</em></span> <span class='ocrx_word' id='word_1_383' title='bbox 2741 3142 2927 3146; x_wconf 20' lang='lat' dir='ltr'><strong>&quot;HV—&quot;ﬁ</strong></span> <span class='ocrx_word' id='word_1_384' title='bbox 2957 3142 3204 3163; x_wconf 42' lang='lat' dir='ltr'><strong>ﬁvﬁquw</strong></span> <span class='ocrx_word' id='word_1_385' title='bbox 3233 3142 3389 3165; x_wconf 56' lang='grc' dir='ltr'><em>Γ”’⁷’</em></span> <span class='ocrx_word' id='word_1_386' title='bbox 3407 3142 3504 3150; x_wconf 51' lang='grc' dir='ltr'><strong>η’--</strong></span> 
     </span>
     <span class='ocr_line' id='line_1_63' title="bbox 484 3142 3767 3266; baseline 0.009 -23"><span class='ocrx_word' id='word_1_387' title='bbox 484 3142 785 3259; x_wconf 57' lang='grc' dir='ltr'>ἴεφηειιιιη</span> <span class='ocrx_word' id='word_1_388' title='bbox 819 3190 1055 3263; x_wconf 65' lang='lat' dir='ltr'><strong>Aquilae,</strong></span> <span class='ocrx_word' id='word_1_389' title='bbox 1098 3193 1417 3266; x_wconf 77' lang='lat' dir='ltr'><strong>Symmachi</strong></span> <span class='ocrx_word' id='word_1_390' title='bbox 1454 3208 1508 3252; x_wconf 92' lang='lat' dir='ltr'><strong>et</strong></span> <span class='ocrx_word' id='word_1_391' title='bbox 1557 3198 1948 3260; x_wconf 87' lang='lat' dir='ltr'><strong>Theodotionis</strong></span> <span class='ocrx_word' id='word_1_392' title='bbox 1994 3207 2071 3262; x_wconf 87' lang='lat' dir='ltr'><strong>le-</strong></span> <span class='ocrx_word' id='word_1_393' title='bbox 2099 3142 2146 3206; x_wconf 65' lang='grc' dir='ltr'><strong>Ο</strong></span> <span class='ocrx_word' id='word_1_394' title='bbox 2244 3177 2365 3233; x_wconf 56' lang='grc' dir='ltr'><strong>’,πη</strong></span> <span class='ocrx_word' id='word_1_395' title='bbox 2399 3191 2571 3237; x_wconf 62' lang='grc' dir='ltr'><strong>Γθ⁵ί³¹</strong></span> <span class='ocrx_word' id='word_1_396' title='bbox 2594 3194 2652 3237; x_wconf 52' lang='lat' dir='ltr'><strong>ut</strong></span> <span class='ocrx_word' id='word_1_397' title='bbox 2678 3184 3054 3254; x_wconf 60' lang='lat' dir='ltr'><strong>disquimm‘“</strong></span> <span class='ocrx_word' id='word_1_398' title='bbox 3084 3200 3197 3256; x_wconf 69' lang='lat' dir='ltr'><strong>quo</strong></span> <span class='ocrx_word' id='word_1_399' title='bbox 3241 3197 3484 3259; x_wconf 53' lang='lat' dir='ltr'><strong>tempore</strong></span> <span class='ocrx_word' id='word_1_400' title='bbox 3514 3199 3623 3245; x_wconf 59' lang='lat' dir='ltr'><strong>um</strong></span> <span class='ocrx_word' id='word_1_401' title='bbox 3656 3205 3767 3247; x_wconf 71' lang='grc' dir='ltr'><strong>ηθ·</strong></span> 
     </span>
    </p>
   </div>
   <div class='ocr_carea' id='block_1_63' title="bbox 483 3280 2070 3354">
    <p class='ocr_par' dir='ltr' id='par_1_63' title="bbox 483 3280 2070 3354">
     <span class='ocr_line' id='line_1_64' title="bbox 483 3280 2070 3354; baseline 0.013 -21"><span class='ocrx_word' id='word_1_402' title='bbox 483 3280 697 3335; x_wconf 83' lang='lat' dir='ltr'><strong>etioncs</strong></span> <span class='ocrx_word' id='word_1_403' title='bbox 730 3280 1046 3352; x_wconf 85' lang='lat' dir='ltr'><strong>frequenter</strong></span> <span class='ocrx_word' id='word_1_404' title='bbox 1078 3286 1321 3343; x_wconf 83' lang='lat' dir='ltr'><strong>adhibet.</strong></span> <span class='ocrx_word' id='word_1_405' title='bbox 1353 3288 1763 3347; x_wconf 88' lang='lat' dir='ltr'><strong>Commentaria</strong></span> <span class='ocrx_word' id='word_1_406' title='bbox 1790 3295 1940 3351; x_wconf 87' lang='lat' dir='ltr'><strong>illum</strong></span> <span class='ocrx_word' id='word_1_407' title='bbox 1971 3314 2070 3354; x_wconf 91' lang='lat' dir='ltr'><strong>sua</strong></span> 
     </span>
    </p>
   </div>
   <div class='ocr_carea' id='block_1_64' title="bbox 480 3370 2071 3460">
    <p class='ocr_par' dir='ltr' id='par_1_64' title="bbox 480 3370 2071 3460">
     <span class='ocr_line' id='line_1_65' title="bbox 480 3370 2071 3460; baseline 0.013 -36"><span class='ocrx_word' id='word_1_408' title='bbox 480 3384 593 3425; x_wconf 91' lang='lat' dir='ltr'><strong>non</strong></span> <span class='ocrx_word' id='word_1_409' title='bbox 616 3370 826 3441; x_wconf 71' lang='lat' dir='ltr'><strong>Graece,</strong></span> <span class='ocrx_word' id='word_1_410' title='bbox 851 3376 944 3430; x_wconf 92' lang='lat' dir='ltr'><strong>sed</strong></span> <span class='ocrx_word' id='word_1_411' title='bbox 971 3375 1162 3434; x_wconf 89' lang='lat' dir='ltr'><strong>Latine</strong></span> <span class='ocrx_word' id='word_1_412' title='bbox 1201 3380 1439 3436; x_wconf 85' lang='lat' dir='ltr'><strong>edidisse</strong></span> <span class='ocrx_word' id='word_1_413' title='bbox 1469 3384 1553 3438; x_wconf 89' lang='lat' dir='ltr'><strong>vel</strong></span> <span class='ocrx_word' id='word_1_414' title='bbox 1610 3385 1738 3440; x_wconf 87' lang='lat' dir='ltr'><strong>hinc</strong></span> <span class='ocrx_word' id='word_1_415' title='bbox 1778 3390 2071 3460; x_wconf 88' lang='lat' dir='ltr'><strong>evincitur,</strong></span> 
     </span>
    </p>
   </div>
   <div class='ocr_carea' id='block_1_65' title="bbox 481 3465 2070 3557">
    <p class='ocr_par' dir='ltr' id='par_1_65' title="bbox 481 3465 2070 3557">
     <span class='ocr_line' id='line_1_66' title="bbox 481 3465 2070 3557; baseline 0.014 -38"><span class='ocrx_word' id='word_1_416' title='bbox 481 3467 629 3535; x_wconf 91' lang='lat' dir='ltr'><strong>quod</strong></span> <span class='ocrx_word' id='word_1_417' title='bbox 665 3468 722 3522; x_wconf 89' lang='lat' dir='ltr'><strong>in</strong></span> <span class='ocrx_word' id='word_1_418' title='bbox 762 3465 984 3526; x_wconf 88' lang='lat' dir='ltr'><strong>Catenis</strong></span> <span class='ocrx_word' id='word_1_419' title='bbox 1016 3470 1221 3528; x_wconf 63' lang='lat' dir='ltr'><strong>Graecis</strong></span> <span class='ocrx_word' id='word_1_420' title='bbox 1254 3475 1309 3529; x_wconf 88' lang='lat' dir='ltr'><strong>in</strong></span> <span class='ocrx_word' id='word_1_421' title='bbox 1340 3474 1650 3545; x_wconf 79' lang='lat' dir='ltr'><strong>Leviticum,</strong></span> <span class='ocrx_word' id='word_1_422' title='bbox 1706 3497 1828 3551; x_wconf 67' lang='lat' dir='ltr'><strong>quae</strong></span> <span class='ocrx_word' id='word_1_423' title='bbox 1874 3499 2070 3557; x_wconf 78' lang='lat' dir='ltr'><strong>magno</strong></span> 
     </span>
    </p>
   </div>
   <div class='ocr_carea' id='block_1_66' title="bbox 483 3562 2069 3639">
    <p class='ocr_par' dir='ltr' id='par_1_66' title="bbox 483 3562 2069 3639">
     <span class='ocr_line' id='line_1_67' title="bbox 483 3562 2069 3639; baseline 0.013 -27"><span class='ocrx_word' id='word_1_424' title='bbox 483 3574 716 3616; x_wconf 90' lang='lat' dir='ltr'><strong>numero</strong></span> <span class='ocrx_word' id='word_1_425' title='bbox 741 3562 913 3618; x_wconf 78' lang='lat' dir='ltr'><strong>variis</strong></span> <span class='ocrx_word' id='word_1_426' title='bbox 938 3563 991 3619; x_wconf 93' lang='lat' dir='ltr'><strong>in</strong></span> <span class='ocrx_word' id='word_1_427' title='bbox 1021 3565 1367 3623; x_wconf 86' lang='lat' dir='ltr'><strong>bibliothecis</strong></span> <span class='ocrx_word' id='word_1_428' title='bbox 1397 3568 1687 3639; x_wconf 85' lang='lat' dir='ltr'><strong>habentur,</strong></span> <span class='ocrx_word' id='word_1_429' title='bbox 1710 3574 1933 3631; x_wconf 75' lang='lat' dir='ltr'><strong>nihilex</strong></span> <span class='ocrx_word' id='word_1_430' title='bbox 1964 3576 2069 3632; x_wconf 83' lang='lat' dir='ltr'><strong>lle-</strong></span> 
     </span>
    </p>
   </div>
   <div class='ocr_carea' id='block_1_67' title="bbox 482 3652 1502 3730">
    <p class='ocr_par' dir='ltr' id='par_1_67' title="bbox 482 3652 1502 3730">
     <span class='ocr_line' id='line_1_68' title="bbox 482 3652 1502 3730; baseline 0.01 -26"><span class='ocrx_word' id='word_1_431' title='bbox 482 3652 676 3724; x_wconf 83' lang='lat' dir='ltr'><strong>sycbio</strong></span> <span class='ocrx_word' id='word_1_432' title='bbox 698 3652 886 3710; x_wconf 67' lang='lat' dir='ltr'><strong>Graece</strong></span> <span class='ocrx_word' id='word_1_433' title='bbox 914 3657 1127 3726; x_wconf 88' lang='lat' dir='ltr'><strong>uspiam</strong></span> <span class='ocrx_word' id='word_1_434' title='bbox 1166 3670 1502 3730; x_wconf 86' lang='lat' dir='ltr'><strong>compareat.</strong></span> 
     </span>
    </p>
   </div>
   <div class='ocr_carea' id='block_1_68' title="bbox 554 3741 2068 3822">
    <p class='ocr_par' dir='ltr' id='par_1_68' title="bbox 554 3741 2068 3822">
     <span class='ocr_line' id='line_1_69' title="bbox 554 3741 2068 3822; baseline 0.013 -26"><span class='ocrx_word' id='word_1_435' title='bbox 554 3741 879 3801; x_wconf 78' lang='lat' dir='ltr'><strong>Tneononcs</strong></span> <span class='ocrx_word' id='word_1_436' title='bbox 902 3746 1318 3818; x_wconf 84' lang='lat' dir='ltr'><strong>Mopsuestenns</strong></span> <span class='ocrx_word' id='word_1_437' title='bbox 1346 3755 1505 3822; x_wconf 86' lang='lat' dir='ltr'><strong>cujus</strong></span> <span class='ocrx_word' id='word_1_438' title='bbox 1534 3763 1587 3809; x_wconf 90' lang='lat' dir='ltr'><strong>et</strong></span> <span class='ocrx_word' id='word_1_439' title='bbox 1630 3753 2068 3815; x_wconf 89' lang='lat' dir='ltr'><strong>Commentario-</strong></span> 
     </span>
    </p>
   </div>
   <div class='ocr_carea' id='block_1_69' title="bbox 479 3834 2066 3912">
    <p class='ocr_par' dir='ltr' id='par_1_69' title="bbox 479 3834 2066 3912">
     <span class='ocr_line' id='line_1_70' title="bbox 479 3834 2066 3912; baseline 0.013 -26"><span class='ocrx_word' id='word_1_440' title='bbox 479 3849 603 3887; x_wconf 91' lang='lat' dir='ltr'><strong>rum</strong></span> <span class='ocrx_word' id='word_1_441' title='bbox 643 3834 947 3905; x_wconf 82' lang='lat' dir='ltr'><strong>fragmenta</strong></span> <span class='ocrx_word' id='word_1_442' title='bbox 978 3838 1033 3895; x_wconf 92' lang='lat' dir='ltr'><strong>in</strong></span> <span class='ocrx_word' id='word_1_443' title='bbox 1063 3839 1284 3898; x_wconf 83' lang='lat' dir='ltr'><strong>Catenis</strong></span> <span class='ocrx_word' id='word_1_444' title='bbox 1312 3853 1550 3912; x_wconf 90' lang='lat' dir='ltr'><strong>exstant,</strong></span> <span class='ocrx_word' id='word_1_445' title='bbox 1574 3859 1629 3903; x_wconf 91' lang='lat' dir='ltr'><strong>et</strong></span> <span class='ocrx_word' id='word_1_446' title='bbox 1669 3846 2066 3906; x_wconf 82' lang='lat' dir='ltr'><strong>Commentaria</strong></span> 
     </span>
    </p>
   </div>
   <div class='ocr_carea' id='block_1_70' title="bbox 478 3923 2063 4009">
    <p class='ocr_par' dir='ltr' id='par_1_70' title="bbox 478 3923 2063 4009">
     <span class='ocr_line' id='line_1_71' title="bbox 478 3923 2063 4009; baseline 0.013 -32"><span class='ocrx_word' id='word_1_447' title='bbox 478 3926 538 3979; x_wconf 81' lang='lat' dir='ltr'><strong>in</strong></span> <span class='ocrx_word' id='word_1_448' title='bbox 571 3923 866 3995; x_wconf 79' lang='lat' dir='ltr'><strong>Prophetas</strong></span> <span class='ocrx_word' id='word_1_449' title='bbox 898 3930 1109 4002; x_wconf 79' lang='lat' dir='ltr'><strong>integra</strong></span> <span class='ocrx_word' id='word_1_450' title='bbox 1134 3934 1189 3987; x_wconf 91' lang='lat' dir='ltr'><strong>in</strong></span> <span class='ocrx_word' id='word_1_451' title='bbox 1222 3934 1566 3994; x_wconf 88' lang='lat' dir='ltr'><strong>bibliothecis</strong></span> <span class='ocrx_word' id='word_1_452' title='bbox 1580 3950 1891 4009; x_wconf 86' lang='lat' dir='ltr'><strong>servantur,</strong></span> <span class='ocrx_word' id='word_1_453' title='bbox 1920 3940 2063 3996; x_wconf 81' lang='lat' dir='ltr'><strong>LXX</strong></span> 
     </span>
    </p>
   </div>
   <div class='ocr_carea' id='block_1_71' title="bbox 480 4022 2064 4104">
    <p class='ocr_par' dir='ltr' id='par_1_71' title="bbox 480 4022 2064 4104">
     <span class='ocr_line' id='line_1_72' title="bbox 480 4022 2064 4104; baseline 0.013 -32"><span class='ocrx_word' id='word_1_454' title='bbox 480 4032 697 4090; x_wconf 88' lang='lat' dir='ltr'><strong>semper</strong></span> <span class='ocrx_word' id='word_1_455' title='bbox 726 4023 995 4093; x_wconf 90' lang='lat' dir='ltr'><strong>sequitur,</strong></span> <span class='ocrx_word' id='word_1_456' title='bbox 1026 4022 1393 4096; x_wconf 83' lang='lat' dir='ltr'><strong>Hexaplorum</strong></span> <span class='ocrx_word' id='word_1_457' title='bbox 1426 4045 1555 4087; x_wconf 89' lang='lat' dir='ltr'><strong>vero</strong></span> <span class='ocrx_word' id='word_1_458' title='bbox 1590 4032 2064 4104; x_wconf 84' lang='lat' dir='ltr'><strong>interpretationes</strong></span> 
     </span>
    </p>
   </div>
   <div class='ocr_carea' id='block_1_72' title="bbox 476 4112 1356 4183">
    <p class='ocr_par' dir='ltr' id='par_1_72' title="bbox 476 4112 1356 4183">
     <span class='ocr_line' id='line_1_73' title="bbox 476 4112 1356 4183; baseline 0.007 -17"><span class='ocrx_word' id='word_1_459' title='bbox 476 4112 660 4167; x_wconf 87' lang='lat' dir='ltr'><strong>varias</strong></span> <span class='ocrx_word' id='word_1_460' title='bbox 681 4128 873 4183; x_wconf 91' lang='lat' dir='ltr'><strong>parum</strong></span> <span class='ocrx_word' id='word_1_461' title='bbox 900 4115 1103 4172; x_wconf 88' lang='lat' dir='ltr'><strong>adiisse</strong></span> <span class='ocrx_word' id='word_1_462' title='bbox 1126 4120 1356 4174; x_wconf 89' lang='lat' dir='ltr'><strong>videtur.</strong></span> 
     </span>
    </p>
   </div>
   <div class='ocr_carea' id='block_1_73' title="bbox 550 4201 2064 4283">
    <p class='ocr_par' dir='ltr' id='par_1_73' title="bbox 550 4201 2064 4283">
     <span class='ocr_line' id='line_1_74' title="bbox 550 4201 2064 4283; baseline 0.011 -26"><span class='ocrx_word' id='word_1_463' title='bbox 550 4201 761 4260; x_wconf 81' lang='lat' dir='ltr'><strong>Vtcron</strong></span> <span class='ocrx_word' id='word_1_464' title='bbox 791 4205 1188 4274; x_wconf 82' lang='lat' dir='ltr'><strong>Antiochenus,</strong></span> <span class='ocrx_word' id='word_1_465' title='bbox 1235 4212 1288 4264; x_wconf 92' lang='lat' dir='ltr'><strong>in</strong></span> <span class='ocrx_word' id='word_1_466' title='bbox 1344 4209 1665 4283; x_wconf 77' lang='lat' dir='ltr'><strong>fragmentis</strong></span> <span class='ocrx_word' id='word_1_467' title='bbox 1710 4213 2064 4273; x_wconf 55' lang='lat' dir='ltr'><strong>Commenta-w</strong></span> 
     </span>
    </p>
   </div>
   <div class='ocr_carea' id='block_1_74' title="bbox 474 4298 2066 4378">
    <p class='ocr_par' dir='ltr' id='par_1_74' title="bbox 474 4298 2066 4378">
     <span class='ocr_line' id='line_1_75' title="bbox 474 4298 2066 4378; baseline 0.011 -28"><span class='ocrx_word' id='word_1_468' title='bbox 474 4298 708 4362; x_wconf 89' lang='lat' dir='ltr'><strong>riorum,</strong></span> <span class='ocrx_word' id='word_1_469' title='bbox 740 4314 865 4370; x_wconf 73' lang='lat' dir='ltr'><strong>qua:</strong></span> <span class='ocrx_word' id='word_1_470' title='bbox 895 4299 950 4355; x_wconf 90' lang='lat' dir='ltr'><strong>in</strong></span> <span class='ocrx_word' id='word_1_471' title='bbox 976 4300 1200 4359; x_wconf 89' lang='lat' dir='ltr'><strong>Catenis</strong></span> <span class='ocrx_word' id='word_1_472' title='bbox 1235 4314 1547 4374; x_wconf 88' lang='lat' dir='ltr'><strong>supersunt,</strong></span> <span class='ocrx_word' id='word_1_473' title='bbox 1578 4306 1904 4378; x_wconf 88' lang='lat' dir='ltr'><strong>interpretes</strong></span> <span class='ocrx_word' id='word_1_474' title='bbox 1957 4310 2066 4368; x_wconf 81' lang='lat' dir='ltr'><strong>lle-</strong></span> 
     </span>
    </p>
   </div>
   <div class='ocr_carea' id='block_1_75' title="bbox 478 4390 1733 4468">
    <p class='ocr_par' dir='ltr' id='par_1_75' title="bbox 478 4390 1733 4468">
     <span class='ocr_line' id='line_1_76' title="bbox 478 4390 1733 4468; baseline 0.012 -26"><span class='ocrx_word' id='word_1_475' title='bbox 478 4390 766 4459; x_wconf 85' lang='lat' dir='ltr'><strong>xaplorum</strong></span> <span class='ocrx_word' id='word_1_476' title='bbox 794 4406 918 4447; x_wconf 89' lang='lat' dir='ltr'><strong>raro</strong></span> <span class='ocrx_word' id='word_1_477' title='bbox 943 4394 1264 4451; x_wconf 87' lang='lat' dir='ltr'><strong>adhibuisse</strong></span> <span class='ocrx_word' id='word_1_478' title='bbox 1289 4398 1733 4468; x_wconf 90' lang='lat' dir='ltr'><strong>deprehenditur.</strong></span> 
     </span>
    </p>
   </div>
   <div class='ocr_carea' id='block_1_76' title="bbox 2172 3272 3742 3350">
    <p class='ocr_par' dir='ltr' id='par_1_76' title="bbox 2172 3272 3742 3350">
     <span class='ocr_line' id='line_1_77' title="bbox 2172 3272 3742 3350; baseline 0.008 -23"><span class='ocrx_word' id='word_1_479' title='bbox 2172 3272 2282 3328; x_wconf 92' lang='lat' dir='ltr'><strong>bile</strong></span> <span class='ocrx_word' id='word_1_480' title='bbox 2310 3280 2571 3344; x_wconf 91' lang='lat' dir='ltr'><strong>tantoque</strong></span> <span class='ocrx_word' id='word_1_481' title='bbox 2596 3276 2784 3333; x_wconf 87' lang='lat' dir='ltr'><strong>labore</strong></span> <span class='ocrx_word' id='word_1_482' title='bbox 2811 3287 3028 3349; x_wconf 87' lang='lat' dir='ltr'><strong>partum</strong></span> <span class='ocrx_word' id='word_1_483' title='bbox 3045 3295 3186 3350; x_wconf 89' lang='lat' dir='ltr'><strong>opus</strong></span> <span class='ocrx_word' id='word_1_484' title='bbox 3209 3279 3742 3339; x_wconf 85' lang='lat' dir='ltr'><strong>funditusinterierit</strong></span> 
     </span>
    </p>
   </div>
   <div class='ocr_carea' id='block_1_77' title="bbox 2172 3360 3769 3445">
    <p class='ocr_par' dir='ltr' id='par_1_77' title="bbox 2172 3360 3769 3445">
     <span class='ocr_line' id='line_1_78' title="bbox 2172 3360 3769 3445; baseline 0.008 -29"><span class='ocrx_word' id='word_1_485' title='bbox 2172 3360 2229 3418; x_wconf 87' lang='lat' dir='ltr'><strong>ld</strong></span> <span class='ocrx_word' id='word_1_486' title='bbox 2251 3378 2319 3418; x_wconf 81' lang='lat' dir='ltr'><strong>ex</strong></span> <span class='ocrx_word' id='word_1_487' title='bbox 2350 3364 2579 3420; x_wconf 88' lang='lat' dir='ltr'><strong>raritate</strong></span> <span class='ocrx_word' id='word_1_488' title='bbox 2605 3367 3000 3437; x_wconf 88' lang='lat' dir='ltr'><strong>exemplarium</strong></span> <span class='ocrx_word' id='word_1_489' title='bbox 3047 3371 3334 3438; x_wconf 88' lang='lat' dir='ltr'><strong>accidisse,</strong></span> <span class='ocrx_word' id='word_1_490' title='bbox 3371 3381 3432 3427; x_wconf 89' lang='lat' dir='ltr'><strong>ut</strong></span> <span class='ocrx_word' id='word_1_491' title='bbox 3481 3388 3645 3445; x_wconf 88' lang='lat' dir='ltr'><strong>supra</strong></span> <span class='ocrx_word' id='word_1_492' title='bbox 3675 3375 3769 3431; x_wconf 59' lang='lat' dir='ltr'><strong>di.</strong></span> 
     </span>
    </p>
   </div>
   <div class='ocr_carea' id='block_1_78' title="bbox 2171 3459 3765 3523">
    <p class='ocr_par' dir='ltr' id='par_1_78' title="bbox 2171 3459 3765 3523">
     <span class='ocr_line' id='line_1_79' title="bbox 2171 3459 3765 3523; baseline 0.008 -13"><span class='ocrx_word' id='word_1_493' title='bbox 2171 3464 2320 3510; x_wconf 91' lang='lat' dir='ltr'><strong>ctum</strong></span> <span class='ocrx_word' id='word_1_494' title='bbox 2353 3467 2456 3523; x_wconf 86' lang='lat' dir='ltr'><strong>est,</strong></span> <span class='ocrx_word' id='word_1_495' title='bbox 2489 3469 2696 3514; x_wconf 91' lang='lat' dir='ltr'><strong>certum</strong></span> <span class='ocrx_word' id='word_1_496' title='bbox 2720 3459 2986 3518; x_wconf 86' lang='lat' dir='ltr'><strong>habemus</strong></span> <span class='ocrx_word' id='word_1_497' title='bbox 3017 3478 3029 3515; x_wconf 89' lang='lat'><strong>:</strong></span> <span class='ocrx_word' id='word_1_498' title='bbox 3063 3463 3223 3519; x_wconf 89' lang='lat' dir='ltr'><strong>initio</strong></span> <span class='ocrx_word' id='word_1_499' title='bbox 3252 3465 3398 3519; x_wconf 92' lang='lat' dir='ltr'><strong>enim</strong></span> <span class='ocrx_word' id='word_1_500' title='bbox 3424 3469 3561 3523; x_wconf 86' lang='lat' dir='ltr'><strong>satis</strong></span> <span class='ocrx_word' id='word_1_501' title='bbox 3591 3467 3765 3523; x_wconf 84' lang='lat' dir='ltr'><strong>habe-</strong></span> 
     </span>
    </p>
   </div>
   <div class='ocr_carea' id='block_1_79' title="bbox 2171 3547 3764 3622">
    <p class='ocr_par' dir='ltr' id='par_1_79' title="bbox 2171 3547 3764 3622">
     <span class='ocr_line' id='line_1_80' title="bbox 2171 3547 3764 3622; baseline 0.008 -20"><span class='ocrx_word' id='word_1_502' title='bbox 2171 3547 2325 3616; x_wconf 87' lang='lat' dir='ltr'><strong>bant,</strong></span> <span class='ocrx_word' id='word_1_503' title='bbox 2362 3551 2408 3606; x_wconf 91' lang='lat' dir='ltr'><strong>si</strong></span> <span class='ocrx_word' id='word_1_504' title='bbox 2438 3566 2556 3618; x_wconf 88' lang='lat' dir='ltr'><strong>eas,</strong></span> <span class='ocrx_word' id='word_1_505' title='bbox 2614 3566 2753 3622; x_wconf 88' lang='lat' dir='ltr'><strong>quas</strong></span> <span class='ocrx_word' id='word_1_506' title='bbox 2792 3553 3045 3610; x_wconf 89' lang='lat' dir='ltr'><strong>meliores</strong></span> <span class='ocrx_word' id='word_1_507' title='bbox 3094 3556 3482 3613; x_wconf 85' lang='lat' dir='ltr'><strong>existimabant</strong></span> <span class='ocrx_word' id='word_1_508' title='bbox 3514 3568 3764 3615; x_wconf 88' lang='lat' dir='ltr'><strong>veterum</strong></span> 
     </span>
    </p>
   </div>
   <div class='ocr_carea' id='block_1_80' title="bbox 2171 3643 3763 3724">
    <p class='ocr_par' dir='ltr' id='par_1_80' title="bbox 2171 3643 3763 3724">
     <span class='ocr_line' id='line_1_81' title="bbox 2171 3643 3763 3724; baseline 0.009 -28"><span class='ocrx_word' id='word_1_509' title='bbox 2171 3643 2530 3713; x_wconf 88' lang='lat' dir='ltr'><strong>interpretum</strong></span> <span class='ocrx_word' id='word_1_510' title='bbox 2587 3645 2887 3716; x_wconf 87' lang='lat' dir='ltr'><strong>lcetiones,</strong></span> <span class='ocrx_word' id='word_1_511' title='bbox 2942 3649 3000 3705; x_wconf 92' lang='lat' dir='ltr'><strong>in</strong></span> <span class='ocrx_word' id='word_1_512' title='bbox 3050 3652 3388 3724; x_wconf 75' lang='lat' dir='ltr'><strong>marginibus</strong></span> <span class='ocrx_word' id='word_1_513' title='bbox 3454 3653 3763 3713; x_wconf 88' lang='lat' dir='ltr'><strong>Bibliorum</strong></span> 
     </span>
    </p>
   </div>
   <div class='ocr_carea' id='block_1_81' title="bbox 2168 3736 3765 3806">
    <p class='ocr_par' dir='ltr' id='par_1_81' title="bbox 2168 3736 3765 3806">
     <span class='ocr_line' id='line_1_82' title="bbox 2168 3736 3765 3806; baseline 0.009 -15"><span class='ocrx_word' id='word_1_514' title='bbox 2168 3736 2559 3795; x_wconf 82' lang='lat' dir='ltr'><strong>describerent.</strong></span> <span class='ocrx_word' id='word_1_515' title='bbox 2622 3740 2828 3797; x_wconf 83' lang='lat' dir='ltr'><strong>Intimis</strong></span> <span class='ocrx_word' id='word_1_516' title='bbox 2882 3757 3010 3798; x_wconf 89' lang='lat' dir='ltr'><strong>vero</strong></span> <span class='ocrx_word' id='word_1_517' title='bbox 3067 3746 3283 3802; x_wconf 68' lang='lat' dir='ltr'><strong>saeculis</strong></span> <span class='ocrx_word' id='word_1_518' title='bbox 3321 3748 3486 3802; x_wconf 89' lang='lat' dir='ltr'><strong>etiam</strong></span> <span class='ocrx_word' id='word_1_519' title='bbox 3542 3747 3612 3803; x_wconf 84' lang='lat' dir='ltr'><strong>ab</strong></span> <span class='ocrx_word' id='word_1_520' title='bbox 3654 3748 3765 3806; x_wconf 82' lang='lat' dir='ltr'><strong>hac</strong></span> 
     </span>
    </p>
   </div>
   <div class='ocr_carea' id='block_1_82' title="bbox 2168 3829 3755 3905">
    <p class='ocr_par' dir='ltr' id='par_1_82' title="bbox 2168 3829 3755 3905">
     <span class='ocr_line' id='line_1_83' title="bbox 2168 3829 3755 3905; baseline 0.006 -23"><span class='ocrx_word' id='word_1_521' title='bbox 2168 3829 2555 3898; x_wconf 79' lang='lat' dir='ltr'><strong>marginalium</strong></span> <span class='ocrx_word' id='word_1_522' title='bbox 2600 3830 2899 3887; x_wconf 88' lang='lat' dir='ltr'><strong>lectionum</strong></span> <span class='ocrx_word' id='word_1_523' title='bbox 2934 3834 3287 3891; x_wconf 87' lang='lat' dir='ltr'><strong>adnotatione</strong></span> <span class='ocrx_word' id='word_1_524' title='bbox 3324 3846 3597 3892; x_wconf 78' lang='lat' dir='ltr'><strong>cessatum</strong></span> <span class='ocrx_word' id='word_1_525' title='bbox 3627 3846 3755 3905; x_wconf 82' lang='lat' dir='ltr'><strong>est;</strong></span> 
     </span>
    </p>
   </div>
   <div class='ocr_carea' id='block_1_83' title="bbox 2168 3921 3758 3997">
    <p class='ocr_par' dir='ltr' id='par_1_83' title="bbox 2168 3921 3758 3997">
     <span class='ocr_line' id='line_1_84' title="bbox 2168 3921 3758 3997; baseline 0.007 -23"><span class='ocrx_word' id='word_1_526' title='bbox 2168 3921 2314 3976; x_wconf 87' lang='lat' dir='ltr'><strong>unde</strong></span> <span class='ocrx_word' id='word_1_527' title='bbox 2364 3923 2630 3992; x_wconf 79' lang='lat' dir='ltr'><strong>contingit</strong></span> <span class='ocrx_word' id='word_1_528' title='bbox 2704 3933 2765 3979; x_wconf 91' lang='lat' dir='ltr'><strong>ut</strong></span> <span class='ocrx_word' id='word_1_529' title='bbox 2818 3924 3082 3981; x_wconf 87' lang='lat' dir='ltr'><strong>lectiones</strong></span> <span class='ocrx_word' id='word_1_530' title='bbox 3136 3926 3243 3981; x_wconf 73' lang='lat' dir='ltr'><strong>illa:</strong></span> <span class='ocrx_word' id='word_1_531' title='bbox 3298 3937 3352 3983; x_wconf 92' lang='lat' dir='ltr'><strong>ct</strong></span> <span class='ocrx_word' id='word_1_532' title='bbox 3424 3927 3758 3997; x_wconf 88' lang='lat' dir='ltr'><strong>interpreta-</strong></span> 
     </span>
    </p>
   </div>
   <div class='ocr_carea' id='block_1_84' title="bbox 2168 4014 3759 4090">
    <p class='ocr_par' dir='ltr' id='par_1_84' title="bbox 2168 4014 3759 4090">
     <span class='ocr_line' id='line_1_85' title="bbox 2168 4014 3759 4090; baseline 0.005 -23"><span class='ocrx_word' id='word_1_533' title='bbox 2168 4014 2351 4069; x_wconf 89' lang='lat' dir='ltr'><strong>tiones</strong></span> <span class='ocrx_word' id='word_1_534' title='bbox 2382 4014 2437 4068; x_wconf 92' lang='lat' dir='ltr'><strong>in</strong></span> <span class='ocrx_word' id='word_1_535' title='bbox 2462 4016 2861 4090; x_wconf 76' lang='lat' dir='ltr'><strong>aptiquissimis</strong></span> <span class='ocrx_word' id='word_1_536' title='bbox 2884 4017 3165 4074; x_wconf 92' lang='lat' dir='ltr'><strong>codicibus</strong></span> <span class='ocrx_word' id='word_1_537' title='bbox 3211 4020 3411 4089; x_wconf 69' lang='lat' dir='ltr'><strong>saepius</strong></span> <span class='ocrx_word' id='word_1_538' title='bbox 3468 4021 3759 4089; x_wconf 85' lang='lat' dir='ltr'><strong>reperian-</strong></span> 
     </span>
    </p>
   </div>
   <div class='ocr_carea' id='block_1_85' title="bbox 2168 4110 3759 4185">
    <p class='ocr_par' dir='ltr' id='par_1_85' title="bbox 2168 4110 3759 4185">
     <span class='ocr_line' id='line_1_86' title="bbox 2168 4110 3759 4185; baseline 0.004 -24"><span class='ocrx_word' id='word_1_539' title='bbox 2168 4116 2281 4173; x_wconf 89' lang='lat' dir='ltr'><strong>tur,</strong></span> <span class='ocrx_word' id='word_1_540' title='bbox 2310 4121 2473 4162; x_wconf 87' lang='lat' dir='ltr'><strong>secus</strong></span> <span class='ocrx_word' id='word_1_541' title='bbox 2502 4118 2686 4163; x_wconf 89' lang='lat' dir='ltr'><strong>autem</strong></span> <span class='ocrx_word' id='word_1_542' title='bbox 2720 4110 2773 4163; x_wconf 92' lang='lat' dir='ltr'><strong>in</strong></span> <span class='ocrx_word' id='word_1_543' title='bbox 2805 4111 3220 4167; x_wconf 85' lang='lat' dir='ltr'><strong>recentioribus.</strong></span> <span class='ocrx_word' id='word_1_544' title='bbox 3260 4112 3400 4167; x_wconf 85' lang='lat' dir='ltr'><strong>Cum</strong></span> <span class='ocrx_word' id='word_1_545' title='bbox 3442 4114 3626 4183; x_wconf 90' lang='lat' dir='ltr'><strong>priora</strong></span> <span class='ocrx_word' id='word_1_546' title='bbox 3657 4115 3759 4185; x_wconf 59' lang='lat' dir='ltr'><strong>igi-</strong></span> 
     </span>
    </p>
   </div>
   <div class='ocr_carea' id='block_1_86' title="bbox 2169 4199 3756 4280">
    <p class='ocr_par' dir='ltr' id='par_1_86' title="bbox 2169 4199 3756 4280">
     <span class='ocr_line' id='line_1_87' title="bbox 2169 4199 3756 4280; baseline 0.007 -26"><span class='ocrx_word' id='word_1_547' title='bbox 2169 4209 2260 4255; x_wconf 90' lang='lat' dir='ltr'><strong>tur</strong></span> <span class='ocrx_word' id='word_1_548' title='bbox 2315 4199 2683 4271; x_wconf 85' lang='lat' dir='ltr'><strong>Hexaplorum</strong></span> <span class='ocrx_word' id='word_1_549' title='bbox 2729 4206 3062 4275; x_wconf 88' lang='lat' dir='ltr'><strong>exemplaria</strong></span> <span class='ocrx_word' id='word_1_550' title='bbox 3100 4215 3370 4263; x_wconf 87' lang='lat' dir='ltr'><strong>vetustate</strong></span> <span class='ocrx_word' id='word_1_551' title='bbox 3429 4220 3756 4280; x_wconf 83' lang='lat' dir='ltr'><strong>consumpta</strong></span> 
     </span>
    </p>
   </div>
   <div class='ocr_carea' id='block_1_87' title="bbox 2168 4290 3756 4370">
    <p class='ocr_par' dir='ltr' id='par_1_87' title="bbox 2168 4290 3756 4370">
     <span class='ocr_line' id='line_1_88' title="bbox 2168 4290 3756 4370; baseline 0.006 -24"><span class='ocrx_word' id='word_1_552' title='bbox 2168 4290 2785 4360; x_wconf 76' lang='lat' dir='ltr'><strong>fuissent,exscribendi</strong></span> <span class='ocrx_word' id='word_1_553' title='bbox 2806 4298 3133 4370; x_wconf 72' lang='lat' dir='ltr'><strong>negligentia</strong></span> <span class='ocrx_word' id='word_1_554' title='bbox 3162 4309 3336 4353; x_wconf 81' lang='lat' dir='ltr'><strong>toutm</strong></span> <span class='ocrx_word' id='word_1_555' title='bbox 3376 4314 3515 4369; x_wconf 89' lang='lat' dir='ltr'><strong>opus</strong></span> <span class='ocrx_word' id='word_1_556' title='bbox 3539 4300 3591 4355; x_wconf 85' lang='lat' dir='ltr'><strong>in</strong></span> <span class='ocrx_word' id='word_1_557' title='bbox 3622 4315 3756 4370; x_wconf 84' lang='lat' dir='ltr'><strong>per-</strong></span> 
     </span>
    </p>
   </div>
   <div class='ocr_carea' id='block_1_88' title="bbox 2166 4383 3756 4458">
    <p class='ocr_par' dir='ltr' id='par_1_88' title="bbox 2166 4383 3756 4458">
     <span class='ocr_line' id='line_1_89' title="bbox 2166 4383 3756 4458; baseline 0.008 -23"><span class='ocrx_word' id='word_1_558' title='bbox 2166 4383 2369 4437; x_wconf 90' lang='lat' dir='ltr'><strong>niciem</strong></span> <span class='ocrx_word' id='word_1_559' title='bbox 2405 4385 2522 4439; x_wconf 88' lang='lat' dir='ltr'><strong>ivit.</strong></span> <span class='ocrx_word' id='word_1_560' title='bbox 2550 4387 2609 4441; x_wconf 90' lang='lat' dir='ltr'><strong>ld</strong></span> <span class='ocrx_word' id='word_1_561' title='bbox 2640 4402 2771 4442; x_wconf 89' lang='lat' dir='ltr'><strong>vero</strong></span> <span class='ocrx_word' id='word_1_562' title='bbox 2786 4390 3137 4458; x_wconf 90' lang='lat' dir='ltr'><strong>quandonam</strong></span> <span class='ocrx_word' id='word_1_563' title='bbox 3162 4390 3423 4446; x_wconf 89' lang='lat' dir='ltr'><strong>acciderit</strong></span> <span class='ocrx_word' id='word_1_564' title='bbox 3440 4392 3590 4447; x_wconf 92' lang='lat' dir='ltr'><strong>nullo</strong></span> <span class='ocrx_word' id='word_1_565' title='bbox 3612 4393 3756 4448; x_wconf 80' lang='lat' dir='ltr'><strong>scri-</strong></span> 
     </span>
    </p>
   </div>
   <div class='ocr_carea' id='block_1_89' title="bbox 544 4480 2075 4574">
    <p class='ocr_par' dir='ltr' id='par_1_89' title="bbox 544 4482 2056 4569">
     <span class='ocr_line' id='line_1_90' title="bbox 544 4482 2056 4569; baseline 0.013 -33"><span class='ocrx_word' id='word_1_566' title='bbox 544 4482 977 4551; x_wconf 72' lang='lat' dir='ltr'><strong>Poucnnnmus,</strong></span> <span class='ocrx_word' id='word_1_567' title='bbox 1008 4497 1154 4542; x_wconf 88' lang='lat' dir='ltr'><strong>utcx</strong></span> <span class='ocrx_word' id='word_1_568' title='bbox 1182 4487 1505 4559; x_wconf 78' lang='lat' dir='ltr'><strong>fragmentis</strong></span> <span class='ocrx_word' id='word_1_569' title='bbox 1538 4493 1658 4563; x_wconf 85' lang='lat' dir='ltr'><strong>ejus</strong></span> <span class='ocrx_word' id='word_1_570' title='bbox 1700 4496 1755 4549; x_wconf 79' lang='lat' dir='ltr'><strong>in</strong></span> <span class='ocrx_word' id='word_1_571' title='bbox 1809 4495 2056 4569; x_wconf 80' lang='lat' dir='ltr'><strong>Cantica,</strong></span> 
     </span>
    </p>
   </div>
   <div class='ocr_carea' id='block_1_90' title="bbox 2172 4480 3756 4574">
    <p class='ocr_par' dir='ltr' id='par_1_90' title="bbox 2172 4480 3756 4555">
     <span class='ocr_line' id='line_1_91' title="bbox 2172 4480 3756 4555; baseline 0.008 -27"><span class='ocrx_word' id='word_1_572' title='bbox 2172 4482 2384 4545; x_wconf 91' lang='lat' dir='ltr'><strong>ptorum</strong></span> <span class='ocrx_word' id='word_1_573' title='bbox 2408 4480 2722 4534; x_wconf 89' lang='lat' dir='ltr'><strong>testimonio</strong></span> <span class='ocrx_word' id='word_1_574' title='bbox 2757 4481 3050 4538; x_wconf 85' lang='lat' dir='ltr'><strong>indicatur.</strong></span> <span class='ocrx_word' id='word_1_575' title='bbox 3093 4482 3315 4538; x_wconf 84' lang='lat' dir='ltr'><strong>Certum</strong></span> <span class='ocrx_word' id='word_1_576' title='bbox 3345 4486 3565 4555; x_wconf 88' lang='lat' dir='ltr'><strong>quidem</strong></span> <span class='ocrx_word' id='word_1_577' title='bbox 3599 4485 3756 4541; x_wconf 86' lang='lat' dir='ltr'><strong>vide-</strong></span> 
     </span>
    </p>
   </div>
   <div class='ocr_carea' id='block_1_91' title="bbox 473 4574 2058 4659">
    <p class='ocr_par' dir='ltr' id='par_1_91' title="bbox 473 4574 2058 4659">
     <span class='ocr_line' id='line_1_92' title="bbox 473 4574 2058 4659; baseline 0.015 -32"><span class='ocrx_word' id='word_1_578' title='bbox 473 4575 528 4627; x_wconf 71' lang='grc' dir='ltr'>ιη</span> <span class='ocrx_word' id='word_1_579' title='bbox 557 4574 684 4644; x_wconf 79' lang='lat' dir='ltr'><strong>Job,</strong></span> <span class='ocrx_word' id='word_1_580' title='bbox 718 4578 774 4630; x_wconf 81' lang='lat' dir='ltr'><strong>in</strong></span> <span class='ocrx_word' id='word_1_581' title='bbox 805 4576 1131 4634; x_wconf 78' lang='lat' dir='ltr'><strong>Ezechielem</strong></span> <span class='ocrx_word' id='word_1_582' title='bbox 1169 4590 1224 4637; x_wconf 87' lang='lat' dir='ltr'><strong>et</strong></span> <span class='ocrx_word' id='word_1_583' title='bbox 1253 4584 1308 4636; x_wconf 83' lang='lat' dir='ltr'><strong>in</strong></span> <span class='ocrx_word' id='word_1_584' title='bbox 1340 4582 1635 4652; x_wconf 84' lang='lat' dir='ltr'><strong>Danielem,</strong></span> <span class='ocrx_word' id='word_1_585' title='bbox 1670 4592 1863 4659; x_wconf 70' lang='lat' dir='ltr'><strong>quaein</strong></span> <span class='ocrx_word' id='word_1_586' title='bbox 1892 4593 2058 4650; x_wconf 84' lang='lat' dir='ltr'><strong>Cate—</strong></span> 
     </span>
    </p>
   </div>
   <div class='ocr_carea' id='block_1_92' title="bbox 472 4666 2060 4751">
    <p class='ocr_par' dir='ltr' id='par_1_92' title="bbox 472 4666 2060 4751">
     <span class='ocr_line' id='line_1_93' title="bbox 472 4666 2060 4751; baseline 0.012 -33"><span class='ocrx_word' id='word_1_587' title='bbox 472 4666 561 4721; x_wconf 83' lang='lat' dir='ltr'><strong>nis</strong></span> <span class='ocrx_word' id='word_1_588' title='bbox 588 4676 827 4733; x_wconf 87' lang='lat' dir='ltr'><strong>exstant,</strong></span> <span class='ocrx_word' id='word_1_589' title='bbox 856 4670 1120 4741; x_wconf 80' lang='lat' dir='ltr'><strong>arguitur,</strong></span> <span class='ocrx_word' id='word_1_590' title='bbox 1154 4670 1417 4731; x_wconf 84' lang='lat' dir='ltr'><strong>Hebraice</strong></span> <span class='ocrx_word' id='word_1_591' title='bbox 1446 4676 1639 4733; x_wconf 91' lang='lat' dir='ltr'><strong>doctus</strong></span> <span class='ocrx_word' id='word_1_592' title='bbox 1662 4678 1785 4745; x_wconf 91' lang='lat' dir='ltr'><strong>fuit,</strong></span> <span class='ocrx_word' id='word_1_593' title='bbox 1820 4680 2060 4751; x_wconf 81' lang='lat' dir='ltr'><strong>llexapla</strong></span> 
     </span>
    </p>
   </div>
   <div class='ocr_carea' id='block_1_93' title="bbox 469 4763 2055 4840">
    <p class='ocr_par' dir='ltr' id='par_1_93' title="bbox 469 4763 2055 4840">
     <span class='ocr_line' id='line_1_94' title="bbox 469 4763 2055 4840; baseline 0.013 -26"><span class='ocrx_word' id='word_1_594' title='bbox 469 4776 640 4831; x_wconf 85' lang='lat' dir='ltr'><strong>penes</strong></span> <span class='ocrx_word' id='word_1_595' title='bbox 666 4777 726 4817; x_wconf 89' lang='lat' dir='ltr'><strong>se</strong></span> <span class='ocrx_word' id='word_1_596' title='bbox 750 4763 959 4832; x_wconf 90' lang='lat' dir='ltr'><strong>habuit,</strong></span> <span class='ocrx_word' id='word_1_597' title='bbox 1000 4766 1176 4838; x_wconf 91' lang='lat' dir='ltr'><strong>iisque</strong></span> <span class='ocrx_word' id='word_1_598' title='bbox 1226 4766 1540 4840; x_wconf 87' lang='lat' dir='ltr'><strong>frequenter</strong></span> <span class='ocrx_word' id='word_1_599' title='bbox 1586 4788 1720 4829; x_wconf 90' lang='lat' dir='ltr'><strong>usus</strong></span> <span class='ocrx_word' id='word_1_600' title='bbox 1761 4777 1931 4833; x_wconf 86' lang='lat' dir='ltr'><strong>estin</strong></span> <span class='ocrx_word' id='word_1_601' title='bbox 1959 4793 2055 4835; x_wconf 77' lang='lat' dir='ltr'><strong>cx-</strong></span> 
     </span>
    </p>
   </div>
   <div class='ocr_carea' id='block_1_94' title="bbox 472 4853 1006 4923">
    <p class='ocr_par' dir='ltr' id='par_1_94' title="bbox 472 4853 1006 4923">
     <span class='ocr_line' id='line_1_95' title="bbox 472 4853 1006 4923; baseline 0.009 -17"><span class='ocrx_word' id='word_1_602' title='bbox 472 4853 841 4923; x_wconf 89' lang='lat' dir='ltr'><strong>positionibus</strong></span> <span class='ocrx_word' id='word_1_603' title='bbox 867 4857 1006 4913; x_wconf 89' lang='lat' dir='ltr'><strong>suis.</strong></span> 
     </span>
    </p>
   </div>
   <div class='ocr_carea' id='block_1_95' title="bbox 540 4942 2055 5027">
    <p class='ocr_par' dir='ltr' id='par_1_95' title="bbox 540 4942 2055 5027">
     <span class='ocr_line' id='line_1_96' title="bbox 540 4942 2055 5027; baseline 0.017 -30"><span class='ocrx_word' id='word_1_604' title='bbox 540 4942 811 5001; x_wconf 75' lang='lat' dir='ltr'><strong>CYRILLUS</strong></span> <span class='ocrx_word' id='word_1_605' title='bbox 834 4947 1239 5006; x_wconf 85' lang='lat' dir='ltr'><strong>Alexandrinus</strong></span> <span class='ocrx_word' id='word_1_606' title='bbox 1267 4952 1634 5027; x_wconf 82' lang='lat' dir='ltr'><strong>Hexaplorum</strong></span> <span class='ocrx_word' id='word_1_607' title='bbox 1673 4959 1935 5019; x_wconf 88' lang='lat' dir='ltr'><strong>lectiones</strong></span> <span class='ocrx_word' id='word_1_608' title='bbox 1968 4978 2055 5021; x_wconf 83' lang='lat' dir='ltr'><strong>ra-</strong></span> 
     </span>
    </p>
   </div>
   <div class='ocr_carea' id='block_1_96' title="bbox 468 5036 917 5092">
    <p class='ocr_par' dir='ltr' id='par_1_96' title="bbox 468 5036 917 5092">
     <span class='ocr_line' id='line_1_97' title="bbox 468 5036 917 5092; baseline 0.004 -3"><span class='ocrx_word' id='word_1_609' title='bbox 468 5036 691 5091; x_wconf 86' lang='lat' dir='ltr'><strong>rissime</strong></span> <span class='ocrx_word' id='word_1_610' title='bbox 716 5038 917 5092; x_wconf 87' lang='lat' dir='ltr'><strong>attulit.</strong></span> 
     </span>
    </p>
   </div>
   <div class='ocr_carea' id='block_1_97' title="bbox 542 5126 2054 5203">
    <p class='ocr_par' dir='ltr' id='par_1_97' title="bbox 542 5126 2054 5203">
     <span class='ocr_line' id='line_1_98' title="bbox 542 5126 2054 5203; baseline 0.015 -24"><span class='ocrx_word' id='word_1_611' title='bbox 542 5126 940 5187; x_wconf 73' lang='lat' dir='ltr'><strong>&#39;l‘usononsrus</strong></span> <span class='ocrx_word' id='word_1_612' title='bbox 975 5132 1028 5185; x_wconf 92' lang='lat' dir='ltr'><strong>in</strong></span> <span class='ocrx_word' id='word_1_613' title='bbox 1062 5132 1486 5195; x_wconf 89' lang='lat' dir='ltr'><strong>Commentariis</strong></span> <span class='ocrx_word' id='word_1_614' title='bbox 1526 5142 1643 5198; x_wconf 90' lang='lat' dir='ltr'><strong>suis</strong></span> <span class='ocrx_word' id='word_1_615' title='bbox 1670 5154 1914 5200; x_wconf 91' lang='lat' dir='ltr'><strong>veterum</strong></span> <span class='ocrx_word' id='word_1_616' title='bbox 1971 5147 2054 5203; x_wconf 89' lang='lat' dir='ltr'><strong>in-</strong></span> 
     </span>
    </p>
   </div>
   <div class='ocr_carea' id='block_1_98' title="bbox 470 5219 2053 5303">
    <p class='ocr_par' dir='ltr' id='par_1_98' title="bbox 470 5219 2053 5303">
     <span class='ocr_line' id='line_1_99' title="bbox 470 5219 2053 5303; baseline 0.011 -32"><span class='ocrx_word' id='word_1_617' title='bbox 470 5226 766 5286; x_wconf 87' lang='lat' dir='ltr'><strong>terpretum</strong></span> <span class='ocrx_word' id='word_1_618' title='bbox 787 5219 1071 5285; x_wconf 83' lang='lat' dir='ltr'><strong>lectiones,</strong></span> <span class='ocrx_word' id='word_1_619' title='bbox 1094 5232 1151 5276; x_wconf 88' lang='lat' dir='ltr'><strong>ut</strong></span> <span class='ocrx_word' id='word_1_620' title='bbox 1176 5225 1227 5277; x_wconf 91' lang='lat' dir='ltr'><strong>in</strong></span> <span class='ocrx_word' id='word_1_621' title='bbox 1259 5223 1516 5298; x_wconf 86' lang='lat' dir='ltr'><strong>chaplis</strong></span> <span class='ocrx_word' id='word_1_622' title='bbox 1537 5241 1717 5298; x_wconf 87' lang='lat' dir='ltr'><strong>erant,</strong></span> <span class='ocrx_word' id='word_1_623' title='bbox 1750 5235 2053 5303; x_wconf 69' lang='lat' dir='ltr'><strong>smpissime</strong></span> 
     </span>
    </p>
   </div>
   <div class='ocr_carea' id='block_1_99' title="bbox 467 5309 2050 5393">
    <p class='ocr_par' dir='ltr' id='par_1_99' title="bbox 467 5309 2050 5393">
     <span class='ocr_line' id='line_1_100' title="bbox 467 5309 2050 5393; baseline 0.013 -34"><span class='ocrx_word' id='word_1_624' title='bbox 467 5310 641 5372; x_wconf 84' lang='lat' dir='ltr'><strong>alfert,</strong></span> <span class='ocrx_word' id='word_1_625' title='bbox 679 5309 857 5379; x_wconf 88' lang='lat' dir='ltr'><strong>iisque</strong></span> <span class='ocrx_word' id='word_1_626' title='bbox 904 5313 1172 5381; x_wconf 85' lang='lat' dir='ltr'><strong>sagaciter</strong></span> <span class='ocrx_word' id='word_1_627' title='bbox 1224 5316 1413 5380; x_wconf 92' lang='lat' dir='ltr'><strong>utitur,</strong></span> <span class='ocrx_word' id='word_1_628' title='bbox 1475 5334 1747 5392; x_wconf 90' lang='lat' dir='ltr'><strong>opemque</strong></span> <span class='ocrx_word' id='word_1_629' title='bbox 1797 5338 2050 5393; x_wconf 78' lang='lat' dir='ltr'><strong>magnam</strong></span> 
     </span>
    </p>
   </div>
   <div class='ocr_carea' id='block_1_100' title="bbox 464 5400 1419 5465">
    <p class='ocr_par' dir='ltr' id='par_1_100' title="bbox 464 5400 1419 5465">
     <span class='ocr_line' id='line_1_101' title="bbox 464 5400 1419 5465; baseline 0.01 -10"><span class='ocrx_word' id='word_1_630' title='bbox 464 5400 589 5456; x_wconf 92' lang='lat' dir='ltr'><strong>tulit</strong></span> <span class='ocrx_word' id='word_1_631' title='bbox 620 5402 673 5455; x_wconf 91' lang='lat' dir='ltr'><strong>in</strong></span> <span class='ocrx_word' id='word_1_632' title='bbox 709 5402 812 5457; x_wconf 91' lang='lat' dir='ltr'><strong>hac</strong></span> <span class='ocrx_word' id='word_1_633' title='bbox 844 5403 1051 5459; x_wconf 87' lang='lat' dir='ltr'><strong>edenda</strong></span> <span class='ocrx_word' id='word_1_634' title='bbox 1078 5406 1419 5465; x_wconf 85' lang='lat' dir='ltr'><strong>collectione.</strong></span> 
     </span>
    </p>
   </div>
   <div class='ocr_carea' id='block_1_101' title="bbox 533 5491 2045 5571">
    <p class='ocr_par' dir='ltr' id='par_1_101' title="bbox 533 5491 2045 5571">
     <span class='ocr_line' id='line_1_102' title="bbox 533 5491 2045 5571; baseline 0.011 -27"><span class='ocrx_word' id='word_1_635' title='bbox 533 5491 764 5547; x_wconf 70' lang='lat' dir='ltr'><strong>Joannes</strong></span> <span class='ocrx_word' id='word_1_636' title='bbox 804 5491 1547 5564; x_wconf 87' lang='lat' dir='ltr'><strong>PhiloponusCommentario</strong></span> <span class='ocrx_word' id='word_1_637' title='bbox 1577 5503 1632 5556; x_wconf 81' lang='lat' dir='ltr'><strong>in</strong></span> <span class='ocrx_word' id='word_1_638' title='bbox 1661 5501 2045 5571; x_wconf 65' lang='lat' dir='ltr'><strong>Hexaemeron,</strong></span> 
     </span>
    </p>
   </div>
   <div class='ocr_carea' id='block_1_102' title="bbox 462 5579 2049 5663">
    <p class='ocr_par' dir='ltr' id='par_1_102' title="bbox 462 5579 2049 5663">
     <span class='ocr_line' id='line_1_103' title="bbox 462 5579 2049 5663; baseline 0.008 -24"><span class='ocrx_word' id='word_1_639' title='bbox 462 5579 690 5639; x_wconf 82' lang='lat' dir='ltr'><strong>Genesis</strong></span> <span class='ocrx_word' id='word_1_640' title='bbox 723 5585 960 5653; x_wconf 90' lang='lat' dir='ltr'><strong>primum</strong></span> <span class='ocrx_word' id='word_1_641' title='bbox 1000 5586 1112 5641; x_wconf 85' lang='lat' dir='ltr'><strong>fere</strong></span> <span class='ocrx_word' id='word_1_642' title='bbox 1136 5598 1301 5659; x_wconf 89' lang='lat' dir='ltr'><strong>caput</strong></span> <span class='ocrx_word' id='word_1_643' title='bbox 1324 5591 1595 5663; x_wconf 76' lang='lat' dir='ltr'><strong>integrum</strong></span> <span class='ocrx_word' id='word_1_644' title='bbox 1638 5595 1939 5650; x_wconf 86' lang='lat' dir='ltr'><strong>secundum</strong></span> <span class='ocrx_word' id='word_1_645' title='bbox 1966 5597 2049 5653; x_wconf 86' lang='lat' dir='ltr'><strong>in-</strong></span> 
     </span>
    </p>
   </div>
   <div class='ocr_carea' id='block_1_103' title="bbox 461 5678 2049 5753">
    <p class='ocr_par' dir='ltr' id='par_1_103' title="bbox 461 5678 2049 5753">
     <span class='ocr_line' id='line_1_104' title="bbox 461 5678 2049 5753; baseline 0.011 -26"><span class='ocrx_word' id='word_1_646' title='bbox 461 5678 879 5743; x_wconf 84' lang='lat' dir='ltr'><strong>terpretationes</strong></span> <span class='ocrx_word' id='word_1_647' title='bbox 912 5678 1143 5749; x_wconf 69' lang='lat' dir='ltr'><strong>Aquilze,</strong></span> <span class='ocrx_word' id='word_1_648' title='bbox 1190 5682 1503 5753; x_wconf 82' lang='lat' dir='ltr'><strong>Symmachi</strong></span> <span class='ocrx_word' id='word_1_649' title='bbox 1552 5695 1605 5742; x_wconf 90' lang='lat' dir='ltr'><strong>ct</strong></span> <span class='ocrx_word' id='word_1_650' title='bbox 1658 5683 2049 5745; x_wconf 83' lang='lat' dir='ltr'><strong>Thcodotioois</strong></span> 
     </span>
    </p>
   </div>
   <div class='ocr_carea' id='block_1_104' title="bbox 461 5769 1003 5826">
    <p class='ocr_par' dir='ltr' id='par_1_104' title="bbox 461 5769 1003 5826">
     <span class='ocr_line' id='line_1_105' title="bbox 461 5769 1003 5826; baseline 0.007 -6"><span class='ocrx_word' id='word_1_651' title='bbox 461 5769 619 5822; x_wconf 81' lang='lat' dir='ltr'><strong>nobis</strong></span> <span class='ocrx_word' id='word_1_652' title='bbox 643 5772 1003 5826; x_wconf 85' lang='lat' dir='ltr'><strong>conservavit.</strong></span> 
     </span>
    </p>
   </div>
   <div class='ocr_carea' id='block_1_105' title="bbox 2165 4561 3752 4646">
    <p class='ocr_par' dir='ltr' id='par_1_105' title="bbox 2165 4561 3752 4646">
     <span class='ocr_line' id='line_1_106' title="bbox 2165 4561 3752 4646; baseline 0.006 -25"><span class='ocrx_word' id='word_1_653' title='bbox 2165 4577 2255 4622; x_wconf 88' lang='lat' dir='ltr'><strong>tur</strong></span> <span class='ocrx_word' id='word_1_654' title='bbox 2308 4561 2694 4641; x_wconf 80' lang='lat' dir='ltr'><strong>primigeriium</strong></span> <span class='ocrx_word' id='word_1_655' title='bbox 2737 4570 3115 4642; x_wconf 90' lang='lat' dir='ltr'><strong>Tetraplorum</strong></span> <span class='ocrx_word' id='word_1_656' title='bbox 3147 4584 3203 4629; x_wconf 89' lang='lat' dir='ltr'><strong>et</strong></span> <span class='ocrx_word' id='word_1_657' title='bbox 3226 4572 3592 4646; x_wconf 83' lang='lat' dir='ltr'><strong>Hexaplorum</strong></span> <span class='ocrx_word' id='word_1_658' title='bbox 3618 4577 3752 4630; x_wconf 83' lang='lat' dir='ltr'><strong>Uri-</strong></span> 
     </span>
    </p>
   </div>
   <div class='ocr_carea' id='block_1_106' title="bbox 2162 4660 3753 4739">
    <p class='ocr_par' dir='ltr' id='par_1_106' title="bbox 2162 4660 3753 4739">
     <span class='ocr_line' id='line_1_107' title="bbox 2162 4660 3753 4739; baseline 0.006 -26"><span class='ocrx_word' id='word_1_659' title='bbox 2162 4660 2319 4729; x_wconf 79' lang='lat' dir='ltr'><strong>genis</strong></span> <span class='ocrx_word' id='word_1_660' title='bbox 2351 4662 2636 4731; x_wconf 89' lang='lat' dir='ltr'><strong>exemplar</strong></span> <span class='ocrx_word' id='word_1_661' title='bbox 2668 4663 2725 4718; x_wconf 90' lang='lat' dir='ltr'><strong>in</strong></span> <span class='ocrx_word' id='word_1_662' title='bbox 2753 4665 2953 4719; x_wconf 90' lang='lat' dir='ltr'><strong>celebri</strong></span> <span class='ocrx_word' id='word_1_663' title='bbox 2979 4665 3069 4720; x_wconf 86' lang='lat' dir='ltr'><strong>illa</strong></span> <span class='ocrx_word' id='word_1_664' title='bbox 3106 4664 3436 4723; x_wconf 67' lang='lat' dir='ltr'><strong>Ctesariensi</strong></span> <span class='ocrx_word' id='word_1_665' title='bbox 3489 4669 3753 4739; x_wconf 82' lang='lat' dir='ltr'><strong>martyris</strong></span> 
     </span>
    </p>
   </div>
   <div class='ocr_carea' id='block_1_107' title="bbox 2161 4748 3747 4823">
    <p class='ocr_par' dir='ltr' id='par_1_107' title="bbox 2161 4748 3747 4823">
     <span class='ocr_line' id='line_1_108' title="bbox 2161 4748 3747 4823; baseline 0.008 -21"><span class='ocrx_word' id='word_1_666' title='bbox 2161 4748 2430 4821; x_wconf 86' lang='lat' dir='ltr'><strong>Pamphili</strong></span> <span class='ocrx_word' id='word_1_667' title='bbox 2466 4753 2796 4810; x_wconf 86' lang='lat' dir='ltr'><strong>bibliotheca</strong></span> <span class='ocrx_word' id='word_1_668' title='bbox 2826 4758 3189 4823; x_wconf 88' lang='lat' dir='ltr'><strong>remansisse;</strong></span> <span class='ocrx_word' id='word_1_669' title='bbox 3222 4772 3342 4813; x_wconf 88' lang='lat' dir='ltr'><strong>eam</strong></span> <span class='ocrx_word' id='word_1_670' title='bbox 3359 4759 3747 4815; x_wconf 87' lang='lat' dir='ltr'><strong>bibliothecam</strong></span> 
     </span>
    </p>
   </div>
   <div class='ocr_carea' id='block_1_108' title="bbox 2159 4845 3749 4915">
    <p class='ocr_par' dir='ltr' id='par_1_108' title="bbox 2159 4845 3749 4915">
     <span class='ocr_line' id='line_1_109' title="bbox 2159 4845 3749 4915; baseline 0.005 -19"><span class='ocrx_word' id='word_1_671' title='bbox 2159 4853 2558 4900; x_wconf 78' lang='lat' dir='ltr'><strong>conuuemnrat</strong></span> <span class='ocrx_word' id='word_1_672' title='bbox 2586 4845 2757 4900; x_wconf 85' lang='lat' dir='ltr'><strong>codex</strong></span> <span class='ocrx_word' id='word_1_673' title='bbox 2789 4845 3159 4915; x_wconf 80' lang='lat' dir='ltr'><strong>Epistularum</strong></span> <span class='ocrx_word' id='word_1_674' title='bbox 3192 4847 3252 4903; x_wconf 92' lang='lat' dir='ltr'><strong>S.</strong></span> <span class='ocrx_word' id='word_1_675' title='bbox 3276 4845 3427 4903; x_wconf 86' lang='lat' dir='ltr'><strong>Pauli</strong></span> <span class='ocrx_word' id='word_1_676' title='bbox 3455 4848 3749 4905; x_wconf 77' lang='lat' dir='ltr'><strong>Coislinia-</strong></span> 
     </span>
    </p>
   </div>
   <div class='ocr_carea' id='block_1_109' title="bbox 2158 4938 3747 5013">
    <p class='ocr_par' dir='ltr' id='par_1_109' title="bbox 2158 4938 3747 5013">
     <span class='ocr_line' id='line_1_110' title="bbox 2158 4938 3747 5013; baseline 0.008 -26"><span class='ocrx_word' id='word_1_677' title='bbox 2158 4949 2287 5001; x_wconf 88' lang='lat' dir='ltr'><strong>nus,</strong></span> <span class='ocrx_word' id='word_1_678' title='bbox 2324 4951 2433 5007; x_wconf 90' lang='lat' dir='ltr'><strong>quo</strong></span> <span class='ocrx_word' id='word_1_679' title='bbox 2451 4938 2734 5008; x_wconf 86' lang='lat' dir='ltr'><strong>antiquior</strong></span> <span class='ocrx_word' id='word_1_680' title='bbox 2767 4938 2906 4995; x_wconf 90' lang='lat' dir='ltr'><strong>alter</strong></span> <span class='ocrx_word' id='word_1_681' title='bbox 2938 4954 3047 4995; x_wconf 89' lang='lat' dir='ltr'><strong>non</strong></span> <span class='ocrx_word' id='word_1_682' title='bbox 3097 4952 3368 5012; x_wconf 86' lang='lat' dir='ltr'><strong>superest,</strong></span> <span class='ocrx_word' id='word_1_683' title='bbox 3418 4952 3479 4997; x_wconf 91' lang='lat' dir='ltr'><strong>ut</strong></span> <span class='ocrx_word' id='word_1_684' title='bbox 3519 4943 3747 5013; x_wconf 89' lang='lat' dir='ltr'><strong>quidem</strong></span> 
     </span>
    </p>
   </div>
   <div class='ocr_carea' id='block_1_110' title="bbox 2158 5028 3747 5107">
    <p class='ocr_par' dir='ltr' id='par_1_110' title="bbox 2158 5028 3747 5107">
     <span class='ocr_line' id='line_1_111' title="bbox 2158 5028 3747 5107; baseline 0.006 -24"><span class='ocrx_word' id='word_1_685' title='bbox 2158 5028 2417 5084; x_wconf 86' lang='lat' dir='ltr'><strong>arbitror.</strong></span> <span class='ocrx_word' id='word_1_686' title='bbox 2455 5028 2512 5084; x_wconf 93' lang='lat' dir='ltr'><strong>In</strong></span> <span class='ocrx_word' id='word_1_687' title='bbox 2546 5040 2675 5085; x_wconf 76' lang='lat' dir='ltr'><strong>nota</strong></span> <span class='ocrx_word' id='word_1_688' title='bbox 2709 5031 2911 5102; x_wconf 86' lang='lat' dir='ltr'><strong>quippe</strong></span> <span class='ocrx_word' id='word_1_689' title='bbox 2953 5031 3028 5089; x_wconf 83' lang='lat' dir='ltr'><strong>ad</strong></span> <span class='ocrx_word' id='word_1_690' title='bbox 3053 5035 3257 5089; x_wconf 87' lang='lat' dir='ltr'><strong>calcem</strong></span> <span class='ocrx_word' id='word_1_691' title='bbox 3295 5037 3469 5105; x_wconf 88' lang='lat' dir='ltr'><strong>posita</strong></span> <span class='ocrx_word' id='word_1_692' title='bbox 3517 5037 3747 5107; x_wconf 85' lang='lat' dir='ltr'><strong>dicitur,</strong></span> 
     </span>
    </p>
   </div>
   <div class='ocr_carea' id='block_1_111' title="bbox 2158 5119 3746 5192">
    <p class='ocr_par' dir='ltr' id='par_1_111' title="bbox 2158 5119 3746 5192">
     <span class='ocr_line' id='line_1_112' title="bbox 2158 5119 3746 5192; baseline 0.009 -19"><span class='ocrx_word' id='word_1_693' title='bbox 2158 5119 2313 5176; x_wconf 89' lang='lat' dir='ltr'><strong>illum</strong></span> <span class='ocrx_word' id='word_1_694' title='bbox 2356 5121 2532 5192; x_wconf 86' lang='lat' dir='ltr'><strong>ipsum</strong></span> <span class='ocrx_word' id='word_1_695' title='bbox 2589 5122 2833 5180; x_wconf 90' lang='lat' dir='ltr'><strong>codicem</strong></span> <span class='ocrx_word' id='word_1_696' title='bbox 2877 5124 3134 5179; x_wconf 86' lang='lat' dir='ltr'><strong>collatum</strong></span> <span class='ocrx_word' id='word_1_697' title='bbox 3193 5126 3361 5182; x_wconf 80' lang='lat' dir='ltr'><strong>fuisse</strong></span> <span class='ocrx_word' id='word_1_698' title='bbox 3390 5126 3650 5184; x_wconf 59' lang='lat' dir='ltr'><strong>Czcsarca‘.</strong></span> <span class='ocrx_word' id='word_1_699' title='bbox 3686 5132 3746 5188; x_wconf 81' lang='lat' dir='ltr'><strong>in</strong></span> 
     </span>
    </p>
   </div>
   <div class='ocr_carea' id='block_1_112' title="bbox 2156 5212 3745 5290">
    <p class='ocr_par' dir='ltr' id='par_1_112' title="bbox 2156 5212 3745 5290">
     <span class='ocr_line' id='line_1_113' title="bbox 2156 5212 3745 5290; baseline 0.006 -22"><span class='ocrx_word' id='word_1_700' title='bbox 2156 5212 2486 5271; x_wconf 88' lang='lat' dir='ltr'><strong>bibliotheca</strong></span> <span class='ocrx_word' id='word_1_701' title='bbox 2518 5216 2575 5272; x_wconf 90' lang='lat' dir='ltr'><strong>S.</strong></span> <span class='ocrx_word' id='word_1_702' title='bbox 2596 5215 2888 5288; x_wconf 88' lang='lat' dir='ltr'><strong>Pamphili,</strong></span> <span class='ocrx_word' id='word_1_703' title='bbox 2927 5220 2996 5273; x_wconf 88' lang='lat' dir='ltr'><strong>ad</strong></span> <span class='ocrx_word' id='word_1_704' title='bbox 3036 5219 3320 5289; x_wconf 79' lang='lat' dir='ltr'><strong>exemplar</strong></span> <span class='ocrx_word' id='word_1_705' title='bbox 3356 5220 3529 5290; x_wconf 86' lang='lat' dir='ltr'><strong>ipsius</strong></span> <span class='ocrx_word' id='word_1_706' title='bbox 3576 5219 3745 5277; x_wconf 85' lang='lat' dir='ltr'><strong>Pam-</strong></span> 
     </span>
    </p>
   </div>
   <div class='ocr_carea' id='block_1_113' title="bbox 2155 5305 3744 5385">
    <p class='ocr_par' dir='ltr' id='par_1_113' title="bbox 2155 5305 3744 5385">
     <span class='ocr_line' id='line_1_114' title="bbox 2155 5305 3744 5385; baseline 0.005 -26"><span class='ocrx_word' id='word_1_707' title='bbox 2155 5305 2290 5375; x_wconf 86' lang='lat' dir='ltr'><strong>phili</strong></span> <span class='ocrx_word' id='word_1_708' title='bbox 2315 5322 2483 5363; x_wconf 89' lang='lat' dir='ltr'><strong>manu</strong></span> <span class='ocrx_word' id='word_1_709' title='bbox 2506 5309 2842 5377; x_wconf 86' lang='lat' dir='ltr'><strong>descriptum</strong></span> <span class='ocrx_word' id='word_1_710' title='bbox 2873 5326 2887 5361; x_wconf 89' lang='lat'><strong>:</strong></span> <span class='ocrx_word' id='word_1_711' title='bbox 2928 5310 3256 5382; x_wconf 70' lang='grc' dir='ltr'><strong>Ἀπεὸλήϐη</strong></span> <span class='ocrx_word' id='word_1_712' title='bbox 3284 5312 3381 5366; x_wconf 75' lang='grc' dir='ltr'><strong>καὶ</strong></span> <span class='ocrx_word' id='word_1_713' title='bbox 3418 5313 3556 5385; x_wconf 81' lang='grc' dir='ltr'><strong>πρὸς</strong></span> <span class='ocrx_word' id='word_1_714' title='bbox 3594 5312 3655 5366; x_wconf 76' lang='grc' dir='ltr'><strong>τὸ</strong></span> <span class='ocrx_word' id='word_1_715' title='bbox 3680 5316 3744 5367; x_wconf 74' lang='grc' dir='ltr'><strong>ὲν</strong></span> 
     </span>
    </p>
   </div>
   <div class='ocr_carea' id='block_1_114' title="bbox 2155 5401 3742 5478">
    <p class='ocr_par' dir='ltr' id='par_1_114' title="bbox 2155 5401 3742 5478">
     <span class='ocr_line' id='line_1_115' title="bbox 2155 5401 3742 5478; baseline 0.003 -23"><span class='ocrx_word' id='word_1_716' title='bbox 2155 5402 2435 5473; x_wconf 73' lang='grc' dir='ltr'><strong>Καισαρίᾳ</strong></span> <span class='ocrx_word' id='word_1_717' title='bbox 2464 5401 2482 5471; x_wconf 90' lang='grc'>(</span> <span class='ocrx_word' id='word_1_718' title='bbox 2504 5403 2615 5473; x_wconf 84' lang='lat' dir='ltr'><strong>sic)</strong></span> <span class='ocrx_word' id='word_1_719' title='bbox 2650 5403 2981 5475; x_wconf 79' lang='grc' dir='ltr'><strong>ἀντίγραφον</strong></span> <span class='ocrx_word' id='word_1_720' title='bbox 2994 5405 3091 5475; x_wconf 82' lang='grc' dir='ltr'><strong>τῆς</strong></span> <span class='ocrx_word' id='word_1_721' title='bbox 3110 5402 3458 5478; x_wconf 75' lang='grc' dir='ltr'><strong>βιϐλιοθήκης</strong></span> <span class='ocrx_word' id='word_1_722' title='bbox 3470 5406 3565 5459; x_wconf 79' lang='grc' dir='ltr'><strong>τοῦ</strong></span> <span class='ocrx_word' id='word_1_723' title='bbox 3581 5407 3742 5474; x_wconf 74' lang='grc' dir='ltr'><strong>ἁγίου</strong></span> 
     </span>
    </p>
   </div>
   <div class='ocr_carea' id='block_1_115' title="bbox 2153 5496 3739 5569">
    <p class='ocr_par' dir='ltr' id='par_1_115' title="bbox 2153 5496 3739 5569">
     <span class='ocr_line' id='line_1_116' title="bbox 2153 5496 3739 5569; baseline 0.003 -20"><span class='ocrx_word' id='word_1_724' title='bbox 2153 5496 2441 5567; x_wconf 79' lang='grc' dir='ltr'><strong>Παμφίλου</strong></span> <span class='ocrx_word' id='word_1_725' title='bbox 2480 5499 2623 5568; x_wconf 74' lang='grc' dir='ltr'>χειρὶ</span> <span class='ocrx_word' id='word_1_726' title='bbox 2653 5498 3041 5569; x_wconf 80' lang='grc' dir='ltr'><strong>γεγραμμένου</strong></span> <span class='ocrx_word' id='word_1_727' title='bbox 3071 5498 3165 5552; x_wconf 78' lang='grc' dir='ltr'><strong>τοῦ</strong></span> <span class='ocrx_word' id='word_1_728' title='bbox 3224 5497 3412 5553; x_wconf 78' lang='grc' dir='ltr'><strong>αὑτοῦ.</strong></span> <span class='ocrx_word' id='word_1_729' title='bbox 3450 5498 3508 5554; x_wconf 92' lang='lat' dir='ltr'><strong>ln</strong></span> <span class='ocrx_word' id='word_1_730' title='bbox 3547 5502 3739 5555; x_wconf 83' lang='lat' dir='ltr'><strong>eadem</strong></span> 
     </span>
    </p>
   </div>
   <div class='ocr_carea' id='block_1_116' title="bbox 2151 5590 3739 5663">
    <p class='ocr_par' dir='ltr' id='par_1_116' title="bbox 2151 5590 3739 5663">
     <span class='ocr_line' id='line_1_117' title="bbox 2151 5590 3739 5663; baseline 0.002 -19"><span class='ocrx_word' id='word_1_731' title='bbox 2151 5590 2482 5647; x_wconf 90' lang='lat' dir='ltr'><strong>bibliotheca</strong></span> <span class='ocrx_word' id='word_1_732' title='bbox 2498 5593 2807 5662; x_wconf 84' lang='lat' dir='ltr'><strong>descriptus</strong></span> <span class='ocrx_word' id='word_1_733' title='bbox 2837 5590 3309 5662; x_wconf 80' lang='lat' dir='ltr'><strong>lueratexetnplar</strong></span> <span class='ocrx_word' id='word_1_734' title='bbox 3334 5592 3549 5648; x_wconf 87' lang='lat' dir='ltr'><strong>abbatis</strong></span> <span class='ocrx_word' id='word_1_735' title='bbox 3570 5592 3739 5663; x_wconf 77' lang='lat' dir='ltr'><strong>Apol-</strong></span> 
     </span>
    </p>
   </div>
   <div class='ocr_carea' id='block_1_117' title="bbox 2151 5683 3739 5756">
    <p class='ocr_par' dir='ltr' id='par_1_117' title="bbox 2151 5683 3739 5756">
     <span class='ocr_line' id='line_1_118' title="bbox 2151 5683 3739 5756; baseline 0.003 -19"><span class='ocrx_word' id='word_1_736' title='bbox 2151 5683 2782 5749; x_wconf 69' lang='lat' dir='ltr'><strong>linariicmnobiarchae,</strong></span> <span class='ocrx_word' id='word_1_737' title='bbox 2809 5685 2903 5756; x_wconf 86' lang='lat' dir='ltr'><strong>qui</strong></span> <span class='ocrx_word' id='word_1_738' title='bbox 2948 5686 3006 5739; x_wconf 90' lang='lat' dir='ltr'><strong>in</strong></span> <span class='ocrx_word' id='word_1_739' title='bbox 3046 5685 3247 5742; x_wconf 82' lang='lat' dir='ltr'><strong>vicinis</strong></span> <span class='ocrx_word' id='word_1_740' title='bbox 3291 5684 3555 5741; x_wconf 63' lang='lat' dir='ltr'><strong>Ctesarea:</strong></span> <span class='ocrx_word' id='word_1_741' title='bbox 3599 5684 3739 5742; x_wconf 86' lang='lat' dir='ltr'><strong>locis</strong></span> 
     </span>
    </p>
   </div>
   <div class='ocr_carea' id='block_1_118' title="bbox 2151 5776 3730 5851">
    <p class='ocr_par' dir='ltr' id='par_1_118' title="bbox 2151 5776 3730 5851">
     <span class='ocr_line' id='line_1_119' title="bbox 2151 5776 3730 5851; baseline 0.004 -21"><span class='ocrx_word' id='word_1_742' title='bbox 2151 5776 2368 5851; x_wconf 75' lang='lat' dir='ltr'><strong>degisse</strong></span> <span class='ocrx_word' id='word_1_743' title='bbox 2391 5780 2601 5836; x_wconf 76' lang='lat' dir='ltr'><strong>videtur</strong></span> <span class='ocrx_word' id='word_1_744' title='bbox 2636 5799 2647 5835; x_wconf 90' lang='lat'><strong>:</strong></span> <span class='ocrx_word' id='word_1_745' title='bbox 2682 5796 2809 5836; x_wconf 86' lang='lat' dir='ltr'><strong>nam</strong></span> <span class='ocrx_word' id='word_1_746' title='bbox 2832 5780 3114 5846; x_wconf 80' lang='lat' dir='ltr'><strong>exemplar</strong></span> <span class='ocrx_word' id='word_1_747' title='bbox 3137 5780 3306 5846; x_wconf 85' lang='lat' dir='ltr'><strong>illius,</strong></span> <span class='ocrx_word' id='word_1_748' title='bbox 3333 5779 3481 5851; x_wconf 85' lang='lat' dir='ltr'><strong>quod</strong></span> <span class='ocrx_word' id='word_1_749' title='bbox 3505 5779 3571 5835; x_wconf 90' lang='lat' dir='ltr'><strong>ad</strong></span> <span class='ocrx_word' id='word_1_750' title='bbox 3598 5794 3730 5851; x_wconf 85' lang='lat' dir='ltr'><strong>pro-</strong></span> 
     </span>
    </p>
   </div>
  </div>
