4064 6262
546 330 651 382 ιιι
1910 281 2437 381 ριικειιιίιΝΑιιιΑ
3712 319 3819 379 ηε

551 492 1169 505 ’.ι--ειῤ--οψ---α

920 649 1675 744 TESTIMONIA
1732 651 1856 739 IN
1931 649 2475 744 VETERES
2550 647 3433 740 INTERPRETES.

1813 998 2052 1056 [rancus
2074 999 2173 1055 lib.
2204 1014 2287 1067 ιιι,
2310 1015 2427 1069 cap.
2459 997 2550 1054 24.

606 1157 730 1218 ium
754 1178 881 1218 vera
914 1167 999 1217 est
1055 1157 1460 1231 interpretatio,
1517 1158 1649 1211 Ecce
1700 1157 2121 1220 adolescentuta.
2155 1162 2200 1219 Α
2228 1155 2594 1227 interpretati.
2679 1154 2819 1212 Hinc
2891 1153 3137 1212 Ebionzei
3218 1171 3287 1213 ex
3347 1153 3549 1227 Joseph
3629 1164 3821 1211 natum

546 1266 605 1313 ut
654 1254 956 1311 'l'heodotio
1015 1253 1289 1323 Ephesius
1334 1262 1389 1309 et
1438 1253 1635 1322 Aquila
1687 1249 1950 1307 Ponticus
2006 1258 2135 1306 sunt
2245 1249 2422 1303 aiunt.

1252 1372 1403 1444 Orig.
1435 1372 1727 1427 Comment.
1759 1372 1812 1426 in
1844 1370 2179 1437 Matthmm,
2214 1368 2378 1423 Huet.
2405 1385 2458 1437 ρ.
2487 1367 2617 1433 581.
2643 1378 2775 1423 tom.
2804 1366 2844 1424 I.

614 1466 766 1522 Nunc
797 1478 979 1522 autem
1025 1484 1222 1538 magna
1270 1468 1697 1536 deprehenditur
1724 1468 2121 1538 exemplarium

2304 1464 2441 1518 Novi.
2474 1464 2531 1517 δὲ
2562 1464 2804 1537 δηλονότι
2828 1465 2997 1535 πολλὴ
3026 1467 3248 1535 γέγονεν
3278 1468 3310 1536 ἡ
3336 1463 3443 1517 τῶν
3468 1461 3822 1536 ἀντιγράφων

541 1559 877 1623 dill'erentia,
932 1571 1044 1613 tum
1090 1570 1312 1630 propter
1353 1562 1657 1613 scribarum
1693 1560 2122 1630 indiligentiam,

2230 1557 2481 1628 διαφορά,
2501 1556 2612 1610 εἴτε
2638 1558 2745 1611 άπὸ
2772 1557 3045 1630 ῥᾳθυμίας
3073 1558 3237 1612 τινῶν
3265 1558 3543 1630 γραφέων,
3566 1557 3678 1611 εἴτε
3712 1556 3826 1612 άπὸ

541 1659 657 1702 tum
733 1659 951 1718 propter
998 1650 1363 1719 quorumdam
1430 1650 1715 1704 audaciam
1792 1664 2125 1720 pravamque

2231 1650 2435 1721 τόλμης
2468 1648 2631 1702 τινῶν
2678 1648 2957 1721 μοχθηρᾶς
3000 1665 3061 1701 τε
3105 1647 3444 1719 διορθώσεως
3476 1647 3585 1701 τῶν
3614 1663 3825 1719 γραφο-

539 1742 828 1810 scriptura:
877 1742 1351 1806 emendationem;
1405 1750 1518 1794 tum
1564 1742 1728 1797 etiam
1770 1752 1989 1811 propter
2029 1756 2126 1796 eos

2235 1742 2440 1813 μένων,
2467 1740 2581 1795 εἴτε
2620 1742 2716 1795 καὶ
2746 1741 2855 1794 ἀπὸ
2884 1739 2994 1793 τῶν
3024 1740 3093 1793 τὰ
3143 1741 3357 1802 ἑαυτοῖς
3383 1738 3643 1794 δοκοῦντα
3669 1740 3728 1793 ὲν
3756 1741 3824 1811 τῇ

538 1834 635 1902 qui
656 1876 668 1898 ,
700 1834 829 1887 dum
863 1834 1241 1903 corrigerent,
1275 1833 1524 1902 quietiam
1566 1848 1665 1902 pro
1693 1834 1921 1888 arbitrio
1973 1833 2129 1887 addi-

2228 1834 2515 1908 διορθώσει
2558 1834 2994 1907 προστιθέντων,
3038 1834 3072 1907 ἦ
3126 1831 3527 1904 ἀφαιρούντων.
3562 1832 3677 1902 Τὴν
3724 1832 3824 1903 μὲν

540 1925 742 1980 derunt
770 1925 854 1979 vel
880 1926 1253 1979 detraxerunt.
1299 1924 1437 1979 llnic
1465 1941 1625 1994 porro
1658 1925 1976 1979 differentiae
2007 1940 2130 1995 quae

2229 1924 2323 1982 οὖν
2353 1930 2414 1983 ὲν
2444 1930 2556 1991 τοῖς
2586 1928 2941 1997 ἀντιγράφοις
2972 1912 3071 1995 τῆς
3105 1925 3342 1988 παλαιᾶς
3390 1922 3656 1995 διαθήκης
3704 1923 3826 1977 δια-

539 2016 598 2070 in
631 2018 1035 2086 exemplaribus
1071 2016 1276 2071 Veteris
1306 2015 1641 2072 Tcstamenti
1689 2019 1969 2080 occurrit,
2016 2016 2128 2074 Deo

2231 2020 2473 2091 φωνίαν,
2519 2019 2656 2073 Θεοῦ
2695 2018 2929 2082 διδόντος
2963 2017 3196 2091 εὕρομεν
3231 2016 3522 2080 ἰάσασθαι,
3556 2013 3830 2089 κριτηρίῳ

536 2108 763 2178 iuvante
808 2109 1111 2163 remedium
1163 2110 1479 2174 attulimus,
1519 2110 1745 2179 reliquis
1792 2110 2123 2167 editionibus

2231 2114 2569 2185 χρησάμενοι
2598 2112 2721 2174 ταῖς
2763 2110 2979 2173 λοιπαῖς
3010 2109 3308 2163 ὲκδόσεσιν.
3347 2108 3470 2161 Τῶν
3509 2111 3620 2180 γὰρ
3653 2108 3828 2178 ἀμφι-

540 2202 663 2261 nsi.
711 2211 769 2256 ut
800 2217 865 2256 ex
899 2202 967 2256 iis
1004 2202 1273 2270 judicium
1307 2202 1632 2257 faceremus.
1668 2201 1801 2257 Nam
1831 2219 1954 2274 qua:
1979 2204 2121 2273 apud

2232 2199 2580 2271 Θαλλομένων
2626 2197 2779 2271 παρὰ
2819 2199 2933 2263 τοῖς
2984 2197 3387 2271 Ἐὁδομήκοντα
3436 2196 3527 2251 διὰ
3569 2198 3669 2268 τὴν
3717 2195 3830 2251 τῶν

536 2288 681 2346 LXX
699 2290 1025 2363 luterpretes
1046 2303 1264 2363 propter
1275 2296 1668 2364 exemplarium
1688 2296 2003 2350 varietatem
2023 2296 2125 2350 du-

2228 2291 2582 2365 ἀντιγράφων
2624 2291 2942 2361 διαφωνίαν,
2975 2292 3078 2362 τὴν
3106 2291 3289 2362 κρίσιν
3324 2289 3685 2362 ποιησάμενοι
3717 2289 3831 2344 άπδ

539 2382 629 2436 bia
662 2394 843 2451 erant,
878 2401 909 2440 e
933 2386 1161 2455 reliquis
1187 2385 1524 2442 editionibus
1563 2388 1927 2442 aestimatione
1958 2387 2120 2453 facta,

2232 2385 2340 2438 τῶν
2370 2384 2573 2440 λοιπῶν
2598 2384 2865 2439 ὲκδόσεων
2884 2424 2898 2448 ,
2934 2382 2997 2437 τδ
3031 2383 3254 2454 συνᾷδον
3282 2382 3518 2445 ἐκείναις
3557 2379 3831 2450 ἐφυλάξα-

537 2488 664 2541 qme
700 2490 826 2528 cum
869 2476 978 2532 illis
1024 2452 1424 2531 conveniebant
1468 2481 1831 2543 retinuimus;
1875 2481 2123 2549 quasdam

2234 2495 2372 2550 μεν,
2406 2480 2504 2532 καὶ
2531 2476 2654 2530 τινὰ
2690 2476 2787 2547 μὲν
2814 2452 3159 2546 ὠθελίσαμεν
3192 2477 3252 2528 ὲν
3295 2472 3374 2545 τῷ
3428 2471 3702 2545 Ἐδραῖκῷ
3756 2472 3833 2543 μὴ

540 2579 693 2629 vero.
726 2578 913 2638 utpote
944 2584 1068 2641 quze
1104 2571 1157 2625 in
1208 2570 1478 2629 Hebraieo
1511 2587 1620 2627 non
1647 2581 1926 2629 exstarent
1955 2573 2128 2628 obelis

2232 2571 2481 2641 κειμενα,
2515 2570 2573 2623 ού
2605 2568 2976 2641 τολμήσαντες
2998 2567 3140 2622 αὐτὰ
3172 2566 3350 2640 πάντη
3377 2566 3671 2640 περιελεῖν,
3704 2566 3834 2621 τινὰ

534 2660 851 2713 notavimus
872 2702 887 2725 ,
920 2677 983 2715 ea
1015 2664 1234 2735 penitus
1267 2665 1484 2720 auferre
1539 2682 1648 2719 non
1693 2666 1848 2728 ausi,
1877 2666 2131 2735 quzedam

2230 2662 2288 2716 δὲ
2330 2664 2447 2734 μετ’
2480 2661 2823 2736 ἀστερίσκων
2857 2660 3327 2734 προσεθήκαμεν,’
3367 2660 3454 2715 ἵνα
3484 2658 3646 2731 δῆλον
3745 2659 3831 2713 δτι

539 2758 728 2804 autem
757 2752 866 2806 alia
896 2767 1023 2807 cum
1053 2758 1333 2811 asteriscis
1362 2758 1666 2826 adjecimus
1688 2797 1701 2821 ,
1739 2766 1799 2812 ut
1827 2757 1956 2812 hinc
1989 2757 2131 2811 indi-

2236 2754 2313 2826 μὴ
2345 2755 2575 2826 κειμενα
2606 2753 2758 2825 παρὰ
2789 2756 2903 2818 τοῖς
2940 2752 3345 2825 Ἐδδομήκοντα
3377 2754 3441 2808 ὲκ
3478 2750 3587 2806 τῶν
3625 2749 3834 2805 λοιπιῖιν

536 2852 761 2925 caretur
811 2858 913 2899 nos
947 2860 1031 2910 ea,
1063 2848 1191 2915 quia
1221 2848 1273 2901 in
1308 2846 1446 2903 LXX
1480 2848 1871 2919 lnterpretibus
1904 2864 2012 2903 non
2047 2864 2135 2904 re-

2133 2880 2135 2887 ι
2234 2846 2507 2902 ἔκδόσεων
2539 2844 2845 2918 συμφώνως
2876 2844 2956 2918 τῷ
2988 2845 3264 2917 Ἐδραῖκῷ
3292 2845 3738 2919 προσεθήκαμεν.

541 2933 916 3005 periebantur.
947 2955 1015 2994 ex
1063 2939 1289 3010 reliquis
1334 2942 1670 2998 editionibus
1717 2952 1779 2998 ut
1820 2944 1873 2997 in
1908 2940 2139 2999 Hebrmo

537 3038 699 3081 erant
726 3028 1013 3098 adjecisse.

1981 3127 2145 3191 Ibid.,
2170 3143 2223 3197 p.
2254 3124 2379 3181 ‘39.

612 3211 769 3278 Quod
822 3216 868 3268 si
922 3215 1053 3270 dicti
1102 3231 1323 3274 sensum
1369 3231 1623 3276 accurate
1665 3222 1909 3276 ediscere
1954 3223 2121 3285 velis.

2301 3222 2364 3274 Et
2405 3219 2461 3273 δὲ
2498 3219 2560 3273 τὸ
2605 3217 2833 3293 ἀκριϐὲς
2868 3214 3047 3287 βούλει
3078 3214 3272 3285 μαθεῖν
3300 3215 3395 3286 τῆς
3426 3212 3622 3278 λέξεως
3665 3214 3834 3269 ἄκουε

538 3306 670 3359 audi
702 3305 958 3377 Aquilam
987 3309 1068 3365 sic
1099 3311 1571 3383 interpretantem.

1366 3322 1571 3366 antem.
2252 3313 2477 3367 ’Δκύλου
2510 3311 2971 3384 ἑρμηνεύσαντος.

1456 3403 1607 3476 Orig.
1640 3404 1935 3460 Comment.
1962 3407 2017 3459 in
2042 3404 2229 3472 leam,
2262 3404 2423 3460 liuet.
2454 3416 2585 3463 tom.
2611 3406 2678 3473 ll,
2712 3421 2766 3476 p.
2796 3405 2919 3459 151.

614 3512 777 3570 Notat
801 3518 1051 3591 Γέργεσα
1082 3521 1238 3593 lapsu
1267 3524 1529 3594 graphice
1558 3536 1825 3581 mutatum
1854 3527 2024 3582 fuisse
2054 3528 2110 3581 in
2133 3528 2219 3599 Γέι

2231 3543 2367 3583 me.
2396 3527 2595 3599 Aitque
2618 3527 2865 3597 Γέργεσα
2896 3522 3163 3579 Hebraice
3185 3520 3497 3592 signiﬁcare
3517 3560 3531 3583 ,
3566 3517 3836 3593 παροικία

537 3610 973 3684 ἐκδεδληκότων,
1000 3618 1053 3672 id
1085 3628 1169 3673 est
1193 3617 1456 3673 incolatu:
1479 3620 1825 3689 ejicieutium.
1859 3618 2065 3675 Deinde
2089 3620 2142 3673 sit

803 3614 973 3681 πότων,
1000 3618 1053 3672 id
1085 3628 1169 3673 est
1193 3617 1456 3673 incolatu:
1479 3620 1825 3689 ejicieutium.
1859 3618 2065 3675 Deinde
2089 3620 2168 3675 sic
2192 3620 2367 3691 pergit
2396 3638 2408 3672 :

614 3702 806 3761 Simile
849 3704 1163 3775 frequenter
1210 3724 1453 3765 erratum
1501 3713 1555 3767 in
1606 3712 1723 3783 lege
1755 3722 1809 3765 et
1845 3711 2127 3782 pr0pbetis

2306 3711 2381 3765 Τὸ
2417 3711 2474 3765 δὲ
2521 3712 2709 3783 ὅμοιον
2740 3710 2867 3782 περὶ
2904 3709 2974 3763 τὰ
3004 3708 3245 3780 ὀνόματα
3282 3705 3511 3777 σφάλμα
3563 3705 3835 3781 πολλαχοῦ

541 3796 688 3849 circa
722 3797 945 3852 nomina
979 3798 1161 3855 videre
1184 3809 1271 3855 est
1291 3842 1307 3865 ,
1336 3810 1396 3854 ut
1422 3813 1679 3857 accurate
1707 3801 2034 3857 edidicimus
2058 3799 2128 3854 ab

2233 3802 2329 3858 τοῦ
2354 3803 2530 3875 νόμου
2545 3804 2640 3858 καὶ
2666 3802 2775 3856 τῶν
2804 3801 3102 3874 προφητῶν
3131 3800 3277 3855 ἐστιν
3311 3798 3459 3865 ἰδεῖν,
3482 3800 3559 3866 ὡς
3584 3800 3835 3871 ἠκριϐῶ-

543 3887 787 3945 Hebraeis
850 3891 1060 3956 edocti.
1108 3902 1163 3947 et
1214 3902 1403 3949 nostra
1465 3908 1657 3949 eorum
1724 3892 2129 3962 exemplaribus

2237 3912 2414 3968 σαμεν
2444 3894 2553 3950 ἀπὸ
2580 3894 2848 3966 Ἐϐραίων
2886 3892 3149 3965 μαθόντες
3168 3935 3182 3962 ,
3210 3894 3306 3948 καὶ
3331 3895 3443 3959 τοῖς
3471 3893 3838 3965 ἀντιγράφοις

542 3991 928 4050 comparantes
958 4002 970 4036 :
998 3998 1121 4054 qua:
1174 3984 1547 4040 testimonium
1582 3984 1783 4039 habent
1822 3984 1892 4038 ab
1937 3984 2131 4039 editio-

2238 3988 2418 4042 αὐτῶν
2446 3989 2514 4041 τὰ
2543 3988 2787 4060 ἡμέτερα
2824 3987 3216 4057 σνγκρίναντες
3268 3984 3697 4057 μαρτυρηθεῐσιν
3731 3985 3837 4039 ὑπὸ

543 4074 735 4139 nibus,
784 4076 1027 4131 nondum
1072 4076 1417 4148 depravatis,
1449 4077 1693 4148 Aquilae,
1732 4076 2049 4149 Symmachi
2076 4082 2132 4129 et

2237 4079 2347 4135 τῶν
2395 4079 2621 4152 μηδέπω
2651 4077 3090 4150 διαστραφεισῶν
3124 4076 3394 4132 ὲκδόσεων
3445 4075 3705 4141 Ἀκύλου,
3742 4077 3836 4131 καὶ

541 4161 961 4221 Τιιεθὰοιὶοιιὶε.
2237 4165 2597 4230 Θεοδοτίωνος
2627 4168 2720 4219 καὶ
2748 4168 2819 4220 Συ
2829 4167 3069 4238 μμάχου.

1625 4260 1842 4331 Origen.
1875 4262 1931 4315 in
1964 4260 2213 4327 Cantica,
2240 4262 2369 4315 edit.
2396 4260 2741 4315 Geuebrardi.

612 4350 811 4421 Aquila
834 4350 1160 4409 Hebraicam
1187 4354 1503 4422 exprimens
1536 4358 1845 4410 veritatem.

1396 4445 1612 4518 Origeu.
1637 4448 1793 4516 epist.
1820 4447 1890 4500 ad
1914 4448 2232 4517 Africanum
2259 4446 2391 4501 edit.
2427 4446 2708 4512 Wctsten.,
2740 4463 2794 4515 p.
2825 4445 2953 4503 294.

613 4557 707 4614 Sic
731 4558 876 4615 enim
913 4558 1132 4629 Aquila,
1165 4556 1444 4614 llebraica:
1474 4558 1695 4614 lectioni
1739 4559 1988 4614 serviens
2014 4558 2134 4612 edi-

2308 4559 2466 4612 Οὕτω
2506 4560 2614 4631 γὰρ
2656 4559 2887 4624 Ἀκύλας
2926 4558 3195 4614 δουλεύων
3248 4562 3312 4632 τῇ
3367 4560 3630 4636 Ἐϐραῖκῇ
3688 4563 3832 4631 λέξει

541 4650 670 4706 dit:
708 4666 871 4721 quem
908 4649 1083 4705 Judaei
1135 4650 1552 4705 accuratissime
1604 4650 1853 4705 omnium
1904 4648 2139 4704 credunt

2231 4652 2529 4706 ἐκδέδωκεν
2557 4653 2746 4719 εἰπών,
2770 4653 3181 4726 φιλοτιμότερον
3217 4658 3647 4727 πεπιστευμένος
3681 4659 3833 4731 παρά

542 4743 961 4812 interpretatum
994 4758 1118 4798 esse
1164 4741 1506 4813 Scripturam
1538 4758 1551 4796 :
1585 4758 1699 4814 quo
1757 4743 1999 4796 maxime
2054 4741 2133 4793 uti

2245 4744 2520 4808 Ἰουδαίοις
2565 4747 2975 4816 ἠρμηνευκέναι
3026 4746 3128 4818 τὴν
3176 4745 3438 4820 Γραφὴν,
3489 4741 3535 4817 ᾧ
3591 4749 3831 4821 μάλιστα

544 4836 727 4891 solent
770 4836 865 4904 qui
912 4834 1237 4892 Hebraicam
1286 4837 1581 4892 dialectum
1621 4834 1911 4905 ignorant,
1944 4842 2133 4904 utpote

2230 4829 2486 4885 εἰώθασιν
2515 4834 2563 4885 οἱ
2594 4831 2918 4901 ἀγνοοῦντες
2952 4834 3054 4904 τὴν
3088 4834 3359 4907 Ἑϐραίων
3387 4836 3669 4893 διάλεκτον
3696 4840 3832 4911 χρῆ-

492 4940 509 4949 ’
544 4929 639 5000 qui
683 4930 931 4985 omnium
975 4931 1214 4985 maxime
1254 4945 1481 4986 sensum
1533 4932 1821 4985 asSecutus
1859 4943 1981 4983 esse
2031 4941 2097 4997 pu

1870 4943 1981 4983 esse
2031 4941 2132 4997 pu—
2239 4920 2385 4986 σθαι,
2418 4922 2494 4988 ὡς
2526 4924 2742 4979 πάντων
2778 4924 2981 4997 μᾶλλον
3010 4928 3475 5002 ὲπιτετευγμὲνῳ.

548 5034 711 5077 tetur.

1765 5115 1918 5185 Orig.
1946 5114 2016 5168 ad
2039 5111 2379 5183 Africanum,
2410 5125 2462 5178 p.
2494 5105 2619 5162 226.

616 5232 857 5287 Rursum
908 5234 1142 5303 plurima
1192 5250 1293 5305 per
1341 5234 1581 5291 medium
1620 5242 1796 5290 totum
1836 5233 1942 5290 Job
1987 5233 2129 5305 apud
2163 5234 2209 5288 Ι)

2308 5226 2477 5281 Πάλιν
2510 5244 2567 5280 τε
2600 5221 2668 5281 αὖ
2704 5228 2930 5281 πλεῖστα
2970 5228 3073 5282 δσα
3100 5229 3191 5284 διά
3225 5230 3392 5299 μέσου
3422 5229 3544 5284 δλου
3569 5229 3667 5285 τοῦ
3715 5228 3831 5284 Ἰὼϐ

549 5326 809 5381 Ilehrreos
833 5328 1008 5395 posita
1040 5329 1409 5398 reperiuntur,
1443 5346 1552 5386 non
1581 5330 1708 5385 item
1735 5330 1877 5402 apud
1906 5345 2027 5395 nos,
2056 5329 2135 5382 in-

2237 5322 2368 5391 παρ’
2403 5319 2677 5391 Ἑϐραίοις
2722 5319 2821 5390 μὲν
2854 5323 3061 5374 κεῖται·
3107 5321 3240 5393 παρ’
3277 5324 3411 5392 ἡμῖν
3450 5321 3509 5376 δὲ
3548 5321 3709 5392 οὐχὶ,
3740 5323 3831 5376 καὶ

547 5412 765 5468 terdum
802 5417 1248 5483 quatuordecim,
1269 5418 1397 5473 alibi
1415 5420 1819 5487 novemdecim,
1836 5421 2133 5492 aliquando

2236 5412 2498 5476 πολλάκις
2542 5412 2640 5482 μὲν
2685 5415 2778 5467 ἐπὶ
2811 5414 3051 5485 τέσσαρα
3088 5414 3122 5487 ἢ
3154 5415 3315 5487 τρία’
3362 5414 3475 5469 ἐσθ’
3505 5416 3595 5470 ὅτε
3636 5414 3695 5468 δὲ
3738 5414 3828 5468 καὶ

545 5504 822 5559 sexdecim
861 5506 1137 5562 versiculi.
1184 5508 1252 5564 Et
1276 5512 1406 5580 quid
1440 5521 1657 5581 oportet
1703 5528 1789 5567 me
1829 5514 1943 5568 haec
1992 5530 2132 5569 enu-

2234 5502 2647 5574 δεκατέσσαρα,
2683 5506 2776 5556 καὶ
2804 5504 3098 5559 δεκαεννέα
3136 5506 3232 5559 καὶ
3282 5503 3497 5569 δεκαέξ.
3534 5505 3641 5559 Καὶ
3674 5504 3728 5557 τι
3762 5520 3829 5574 με

552 5615 787 5664 merare,
816 5618 940 5671 quae
968 5604 1140 5659 multo
1171 5605 1359 5661 labore
1387 5608 1730 5678 collegimus,
1765 5625 1833 5663 ne
1865 5610 2129 5678 nos,late—

2236 5597 2319 5651 δεῖ
2339 5596 2663 5663 καταλέγειν
2688 5595 2721 5649 ἃ
2753 5595 2892 5665 μετὰ
2925 5597 3121 5651 πολλοῦ
3153 5598 3405 5669 καμάτου
3432 5595 3823 5669 άνελεξάμεθα.

556 5701 637 5744 ret
668 5692 996 5760 discrimen.
1026 5699 1171 5767 quod
1209 5699 1350 5756 inter
1378 5698 1603 5758 Judaica
1642 5712 1692 5757 et
1724 5713 1905 5760 nostra
1949 5714 2130 5760 etern-

2241 5690 2383 5760 ὑπὲρ
2414 5689 2508 5742 τοῦ
2538 5688 2611 5760 μὴ
2640 5688 2925 5742 λανθάνειν
2947 5692 3096 5762 ἡμᾶς
3122 5691 3218 5760 τὴν
3244 5690 3508 5763 διαφορὰν
3539 5690 3646 5745 τῶν
3677 5691 3825 5762 παρὰ

558 5783 728 5853 plaria
759 5784 1036 5841 intercedit

2257 5783 2530 5845 Ἰουδαίοις
2561 5784 2651 5835 καὶ
2684 5783 2813 5854 ἡμῖν
2845 5782 3210 5855 ἀντιγράφων.
