4064 6262
386 286 490 343 127

1756 296 2280 355 ΡΒΕΜΜΙΝΑΚΙΑ

380 421 509 464 nam
543 425 574 464 a
624 409 780 467 nobis
811 412 877 466 de
911 413 1191 470 Altissimo
1231 430 1296 471 ac
1340 415 1407 471 de
1439 416 1672 473 Domino
1719 416 1975 472 traditam
2006 443 2018 483 λ

2089 416 2350 485 Ὑψίστου
2385 418 2478 472 καὶ
2528 417 2657 490 περὶ
2698 416 2792 473 τοῦ
2840 420 3049 493 Κυρίου
3096 421 3494 494 ἀπθδεδομίνον
3530 424 3673 497 ἡμὴ

379 514 694 572 suspectam
720 504 1005 561 habentes.

2077 509 2275 582 δόγμα.

1838 605 1982 661 Ibid.
2012 623 2067 675 ρ.
2099 605 2188 662 86.

452 691 766 750 Admodum
804 697 1128 753 mirabiliter
1158 697 1543 771 Symmachus.

1836 793 1982 851 Ibid.
2004 797 2190 866 p.199

452 879 773 941 Mirabiliter
800 889 1188 959 interpretatus
1212 900 1297 946 est
1328 889 1713 964 Symmachus.

1911 986 2053 1045 Ibid.

452 1069 758 1133 Theodotio
814 1079 910 1150 qui
955 1094 1187 1136 numero
1242 1080 1648 1138 accuratiorum
1698 1083 1970 1155 interpre-

378 1169 497 1220 tum
527 1176 612 1223 est

2152 704 2366 778 Σφόδρα
2400 704 2734 777 θαυμαστῶς
2760 707 2791 761 ὁ
2824 704 3140 778 Σύμμαχος.

2163 896 2536 969 Ἠρμήνευσεν
2565 894 2898 968 θαυμαστῶς
2924 896 2955 948 ὁ
2986 894 3312 967 Σύμμαχος.

2148 1087 2260 1141 Καὶ
2289 1088 2317 1142 ὁ
2348 1085 2644 1141 Θεοδοτιων
2673 1086 2757 1152 δὲ,
2792 1079 2875 1150 εἷς
2906 1084 3002 1140 καὶ
3046 1083 3211 1149 αὐτὸς
3238 1084 3350 1141 τῶν
3392 1084 3671 1158 lutitst

2076 1181 2533 1254 ἑρμηνευσάντων
2559 1180 2860 1252 τυγχάνων.

1238 1288 1595 1361 Hieronymus
1635 1292 1865 1364 Prologo
1888 1295 1943 1347 in
1973 1292 2236 1363 Genesim,
2271 1296 2426 1349 initio
2458 1296 2617 1366 primi
2641 1304 2793 1351 tam.

446 1369 604 1437 Quod
635 1383 695 1429 ut
725 1377 1005 1445 auderem,
1038 1379 1293 1451 Origenis
1325 1397 1412 1436 me
1435 1384 1677 1439 studium
1702 1399 1968 1455 provoca-

378 1468 476 1530 vit,
503 1468 597 1536 qui
634 1469 860 1524 editioni
900 1474 1141 1542 antiquze
1180 1476 1595 1531 translationem
1630 1476 1966 1534 Theodotiu-

378 1560 465 1611 nis
498 1560 740 1624 miscuit,
779 1565 1041 1620 asterisco
1086 1568 1150 1634 ὶι(
1180 1577 1234 1621 et
1276 1569 1435 1624 obelo
1465 1583 1550 1635 σεο.
1596 1570 1646 1625 id
1677 1581 1761 1625 est
1795 1570 1953 1627 stella

375 1660 430 1704 et
473 1666 630 1715 veru,
678 1669 819 1725 opus
852 1672 1016 1714 omne
1043 1659 1427 1731 diatinguens:
1471 1662 1603 1719 dum
1655 1672 1751 1719 aut
1780 1665 1969 1721 iiluee-

375 1759 535 1799 scere
582 1744 715 1802 facit
741 1764 866 1818 quae
898 1750 1081 1805 minus
1119 1764 1246 1808 ante
1281 1754 1530 1822 fuerant;
1570 1764 1665 1812 aut
1696 1756 1967 1828 superﬂua

2076 1406 2132 1443 in
2182 1389 2389 1445 nostris
2431 1387 2714 1445 codicibus
2761 1401 2873 1441 non
2904 1386 3202 1454 habentur,
3240 1394 3301 1441 ut
3346 1394 3434 1440 est
3480 1383 3659 1438 illud:

2076 1480 2163 1535 Ex
2188 1479 2425 1551 digypto
2449 1480 2628 1534 vocari
2652 1477 2855 1533 Filium
2884 1494 3077 1545 meum,
3096 1488 3151 1533 et
3169 1498 3181 1531 :
3200 1483 3451 1549 quoniam
3477 1473 3666 1532 Nau-

2076 1588 2214 1628 rwus
2241 1572 2535 1638 vocabitur,
2559 1579 2614 1627 et
2635 1588 2648 1624 :
2687 1570 2945 1625 Videbunt
2969 1572 3023 1626 tu
3044 1586 3198 1640 quem
3220 1578 3660 1639 comparuerant,

2075 1675 2165 1722 et:
2201 1663 2457 1719 Flumina
2492 1664 2556 1720 de
2586 1676 2759 1717 ventre
2798 1663 2914 1733 ejus
2964 1662 3130 1732 ﬂuent
3182 1678 3335 1732 aque
3377 1663 3526 1728 viva,
3564 1671 3657 1716 et:

2074 1774 2194 1830 qua
2219 1774 2311 1813 nec
2339 1757 2525 1811 oculus
2569 1758 2722 1821 vidit,
2771 1770 2863 1810 nec
2907 1756 3056 1810 auris
3084 1754 3313 1822 audivit,
3348 1773 3440 1810 nec
3484 1756 3663 1811 ἐπίοι’

374 1850 608 1906 quisque
627 1840 845 1910 jugulat
878 1853 931 1897 et
976 1843 1244 1910 confodit,
1274 1849 1513 1902 maxime
1535 1864 1658 1919 qua:
1696 1824 1971 1921 evangeli-
1999 1824 2044 1879 Β
2073 1824 2304 1907 hominis
2331 1850 2703 1918 ascenderunt,
2729 1866 2847 1920 qua:
2870 1850 3191 1920 preparavit
3222 1847 3363 1906 Deus
3388 1849 3662 1921 diligenti-

376 1938 587 1985 starum
624 1942 680 1987 et
722 1936 1093 2004 apostolorum
1127 1940 1429 1995 auctoritas
1470 1943 1877 2014 promulgavit;
1911 1945 1967 2000 in
2074 1948 2170 2005 bus
2205 1964 2281 2013 se,
2309 1958 2417 2002 etc.

375 2023 581 2091 quibus
624 2027 795 2081 multa
836 2028 904 2084 de
946 2026 1129 2084 Veteri
1167 2029 1522 2089 Testamento
1561 2034 1813 2105 legimus,
1846 2052 1969 2105 qua:

1882 2151 1949 2207 Et
1984 2152 2128 2223 infra
2151 2167 2171 2205 :

446 2255 514 2312 Et
539 2260 728 2316 nescio
759 2262 886 2331 quis
922 2264 1135 2333 primus
1181 2277 1379 2321 auctor
1411 2266 1768 2339 Septuaginta
1798 2270 1971 2325 cellu-

371 2348 456 2405 las
506 2348 853 2434 Alesandriae
904 2360 1191 2415 mendacio
1236 2376 1340 2415 suo
1376 2363 1731 2426 exstruxerit,
1768 2363 1970 2432 quibus

372 2444 534 2500 divisi
577 2446 767 2501 eadem
802 2450 1205 2520 scriptitarent,
1237 2469 1364 2510 cum
1408 2454 1676 2511 Aristaeus
1723 2455 1968 2526 ejusdem

372 2533 649 2593 Ptolemaei
676 2541 1118 2618 ὑπερασπιστὴς.
1144 2555 1195 2600 et
1232 2548 1406 2604 multo
1436 2558 1559 2618 post
1594 2559 1836 2619 tempore
1873 2547 1973 2604 Jo-

370 2630 600 2699 Sephus,
632 2632 770 2687 nihil
811 2636 918 2689 tale
962 2638 1288 2694 retulerint:
1341 2642 1433 2697 sed
1485 2640 1541 2695 in
1586 2657 1694 2696 una
1744 2642 1975 2697 basilica

373 2734 760 2795 congregatos,
788 2730 1087 2786 contulisse
1131 2733 1393 2798 scribant,
1428 2749 1536 2787 non
1584 2735 1965 2804 prophetasse.

371 2813 537 2868 Aliud
568 2826 652 2871 est
696 2817 842 2872 enim
879 2830 1081 2887 vatem,
1115 2822 1262 2877 aliud
1312 2839 1433 2879 esse
1468 2824 1843 2894 interpretem.
1891 2824 1966 2879 Ibi

372 2907 601 2978 spiritus
633 2919 860 2966 ventura
893 2915 1173 2983 praedicit;
1210 2918 1300 2972 hic
1324 2917 1562 2974 eruditio
1589 2926 1643 2974 et
1672 2920 1967 2973 verborum

2071 2272 2251 2340 copia,
2282 2284 2346 2326 ea
2371 2284 2496 2342 qua:
2520 2266 2793 2338 intelligit,
2830 2265 3108 2325 transfert.
3137 2265 3252 2327 Nisi
3284 2267 3430 2329 torte
3452 2279 3657 2344 putan-

2074 2362 2179 2420 dus
2204 2372 2291 2418 est
2316 2361 2532 2418 Tullius
2561 2359 2977 2417 (Economicum
3009 2357 3414 2431 Xenophontis,
3449 2372 3504 2419 et
3536 2361 3666 2421 Pla-

2073 2455 2219 2509 tonis
2262 2451 2643 2525 Protagoram,
2667 2462 2724 2507 et
2757 2449 3143 2508 Demosthenis
3172 2469 3270 2523 pro
3299 2452 3660 2525 Ctesiphonte,

2074 2545 2289 2602 amatus
2338 2544 2616 2602 rhetorico
2664 2542 2861 2615 spiritu
2922 2544 3290 2601 transtulisse.
3348 2545 3459 2603 Aut
3502 2547 3663 2603 aliter

2074 2641 2140 2696 de
2166 2639 2373 2695 eisdem
2407 2638 2560 2694 libris
2583 2652 2681 2709 per
2714 2636 3089 2710 Septuaginta,
3122 2640 3280 2696 aliter
3303 2654 3401 2710 per
3437 2650 3662 2709 aposto-

2076 2731 2159 2785 los
2190 2728 2428 2800 Spiritus
2457 2737 2683 2785 sauctus
2710 2728 3021 2783 testimonia
3052 2728 3257 2796 texuit;
3288 2740 3347 2783 ut
3386 2726 3533 2800 quod
3579 2725 3662 2781 ibi

2073 2831 2389 2890 tacuerunt,
2426 2822 2482 2879 bi
2509 2821 2773 2891 scriptum
2803 2834 2927 2876 esse
2969 2821 3180 2876 mentiti
3207 2815 3337 2877 sint.

1139 3038 1496 3112 Hieronymus
1541 3040 1873 3111 Prwfat'ione
1898 3042 1953 3095 in
1978 3039 2172 3094 librum
2193 3036 2377 3101 Iosue,
2401 3034 2503 3089 col.
2530 3032 2663 3096 ΞΗ,
2688 3041 2815 3087 tom.
2849 3029 2893 3084 l.

443 3126 507 3183 Et
539 3136 599 3184 ut
627 3129 683 3185 in
727 3129 939 3201 primis,
970 3134 1117 3203 quod
1167 3152 1311 3205 saepe
1358 3146 1589 3193 testatus
1628 3152 1778 3204 sum,
1824 3137 1962 3192 sciat
1989 3144 2031 3199 C
2064 3130 2397 3201 delectant),
2438 3140 2499 3184 ut
2534 3144 2635 3199 pro
2688 3124 3005 3183 Graecorum
3048 3124 3352 3191 Ἑξαπλοτς,
3419 3138 3543 3195 (με
3597 3130 3659 3181 et

372 3234 463 3278 me
509 3238 614 3278 non
654 3224 708 3279 in
750 3226 1233 3296 reprehensionem
1268 3240 1510 3283 veterum
1563 3243 1702 3282 nova
1734 3227 1961 3292 cudere,

369 3310 514 3366 sicut
544 3313 707 3368 amici
745 3315 851 3369 mei
902 3315 1309 3371 criminantur:
1355 3319 1448 3374 sed
1495 3334 1595 3389 pro
1631 3318 1774 3372 virili
1816 3325 1968 3387 parte

369 3403 567 3460 θεῖοι-το
598 3406 795 3476 lingua:
825 3424 959 3464 mete
995 3409 1312 3466 hominibus
1348 3412 1510 3482 (quos
1554 3423 1738 3467 tamen
1774 3421 1962 3467 nostra

1922 3507 2050 3563 Ibid:

2072 3237 2294 3295 sumptu
2326 3232 2381 3279 et
2428 3222 2617 3277 labore
2660 3220 2901 3276 maxime
2934 3218 3199 3292 indigent,
3227 3216 3523 3274 editionem
3556 3230 3662 3274 no-

2076 3327 2247 3373 stram
2288 3315 2546 3371 habeant.

441 3595 624 3662 Quare
658 3597 899 3656 Danielis
931 3603 1085 3673 juxta
1115 3601 1509 3660 Theodotionis
1540 3606 1955 3661 translationem
1996 3601 2256 3658 Ecclesia:
2284 3604 2672 3670 susceperunt.

874 3724 1023 3780 Idem
1058 3728 1112 3779 in
1148 3726 1477 3797 Prtefatioue
1501 3728 1567 3783 de
1590 3730 1833 3783 omnibus
1858 3729 2012 3785 libris
2048 3724 2250 3781 Veteris
2297 3720 2643 3785 Testamenti,
2667 3733 2721 3788 p.
2746 3714 2877 3781 317,
2916 3724 3054 3769 tonso
3090 3711 3142 3770 Ι.

445 3843 777 3899 Samaritani
823 3849 987 3901 etiam
1031 3846 1463 3904 Pentateuchum
1501 3849 1676 3923 Moysi
1729 3852 1959 3908 totidem

372 3930 571 3988 litteris
616 3934 950 4003 scriptitarit,
981 3936 1172 4007 ﬁguris
1201 3948 1414 3994 tantum
1448 3949 1503 3995 et
1539 3941 1794 4010 apicibus
1832 3942 1966 3997 .dis-

372 4033 680 4093 crepantes.
741 4026 1075 4098 Certumque
1104 4039 1192 4085 est
1224 4030 1450 4086 Esdram
1496 4033 1758 4096 scribam,
1799 4033 1965 4105 legis-

373 4130 479 4185 que
505 4114 809 4181 doctorem,
842 4128 961 4186 post
991 4130 1203 4187 captam
1230 4119 1650 4195 Jerosolymam,
1678 4134 1733 4178 et
1760 4125 1966 4179 instau-

371 4208 637 4262 rationem
668 4209 854 4279 letnpli
882 4210 985 4265 sub
1026 4210 1352 4277 Zorobabel,
1385 4215 1521 4269 alias
1566 4216 1778 4271 litteras
1811 4232 1963 4287 repe-

369 4301 509 4355 risse
533 4300 733 4368 quibus
763 4317 909 4356 nunc
937 4304 1164 4369 utimur,
1189 4320 1314 4358 cum
1346 4306 1412 4361 ad
1446 4308 1579 4361 illud
1614 4324 1791 4378 usque
1820 4318 1960 4362 tem-

369 4406 473 4461 pus
510 4389 673 4444 iidem
704 4390 1181 4449 Samaritanorum
1204 4404 1261 4448 et
1290 4392 1648 4451 Hebraeorum
1679 4397 1963 4452 characte-

2063 3864 2152 3904 res
2179 3846 2403 3903 fuerint.
2436 3846 2496 3898 ln
2544 3842 2688 3897 libro
2729 3853 2955 3912 quoque
2998 3834 3367 3891 Numerorum
3397 3831 3516 3886 hac
3558 3844 3653 3885 ca-

2063 3941 2187 3998 dem
2247 3936 2583 4008 supputatio,
2641 3933 2745 3990 sub
2805 3932 3120 3989 Levitarum
3182 3936 3239 3983 et
3304 3924 3652 3982 sacerdotum

2065 4047 2253 4096 sensu,
2281 4031 2513 4101 mystice
2543 4025 2871 4083 ostenditur.
2911 4021 2978 4078 Et
3009 4035 3209 4078 nomen
3236 4016 3454 4074 Domini
3489 4024 3655 4072 tetra—

2066 4132 2414 4195 grammaton
2471 4123 2524 4176 in
2586 4117 2917 4191 quibusdam
2987 4112 3193 4170 Graecis
3250 4107 3651 4173 voluminibus,

2067 4233 2246 4289 usque
2301 4216 2464 4274 hodie
2522 4213 2768 4283 antiquis
2818 4222 3136 4281 expressum
3190 4205 3388 4262 litteris
3445 4202 3656 4258 inveni-

2068 4325 2213 4365 mus.

1209 4490 1359 4546 Idem
1387 4491 1715 4565 Prwfatione
1746 4496 1801 4550 in
1829 4495 2023 4548 librum
2056 4492 2245 4557 Isaia,
2275 4492 2377 4547 col.
2411 4491 2547 4554 474,
2581 4501 2709 4544 tom.
2744 4485 2784 4542 l.

444 4580 513 4638 Ut
537 4584 814 4653 quomodo
841 4582 1015 4639 Grieci
1050 4594 1174 4655 post
1205 4583 1345 4638 LXX
1370 4584 1775 4653 Translatores,
1804 4587 1965 4657 Aqui-
1996 4590 2040 4645 D
2068 4586 2351 4641 collatione
2415 4599 2607 4641 eorum
2660 4580 2968 4649 intelligant
2996 4595 3008 4629 :
3063 4575 3145 4631 sic
3199 4583 3250 4629 et
3310 4572 3400 4628 isti
3457 4570 3652 4627 saltem

370 4678 477 4732 lam
521 4687 574 4729 et
626 4676 1019 4746 Symmachum
1054 4686 1110 4732 et
1141 4676 1573 4735 Theodotionem
1619 4680 1827 4750 legunt,
1878 4677 1959 4733 vel

370 4770 443 4825 ob
475 4770 717 4823 studium
772 4770 1035 4825 doctrina:
1083 4786 1216 4838 suae,
1250 4772 1335 4826 vel
1378 4784 1437 4826 ut
1484 4771 1625 4826 LXX
1678 4774 1852 4840 magis
1893 4786 1961 4826 ex

2070 4693 2239 4731 unum
2308 4687 2432 4742 post
2490 4674 2704 4744 priores
2762 4671 2963 4725 habere
3028 4666 3320 4737 dignentur
3381 4663 3653 4734 interpre-

2068 4780 2199 4825 tem.

1262 4885 1618 4958 Hieronymus
1660 4882 1989 4954 Prwfatioue
2012 4885 2067 4939 in
2101 4882 2226 4950 Job,
2250 4882 2354 4938 col.
2388 4880 2516 4945 595,
2550 4888 2677 4933 tom.
2715 4874 2757 4933 ἰ.

435 4998 617 5074 Cogor
660 5017 755 5071 per
783 5001 1032 5072 singulos
1076 4966 1379 5071 Scriptura:
1418 5003 1617 5057 divina:
1641 5002 1814 5056 libros
1859 5000 1957 5054 ad-

367 5098 737 5150 versariorum
785 5096 1120 5165 respondere
1150 5097 1478 5163 maledictis,
1509 5101 1601 5166 qui
1634 5096 1958 5164 interpreta—

370 5188 570 5241 tionem
620 5204 822 5253 meam,
860 5188 1345 5258 reprehensionem
1392 5188 1746 5258 Scptuaginta
1782 5185 1955 5239 luter~

369 5290 579 5350 prelum
616 5280 980 5333 criminantur
1012 5280 1088 5350 (ιι)
1116 5299 1126 5333 ;
1154 5282 1314 5349 quasi
1345 5296 1452 5335 non
1482 5290 1537 5334 et
1562 5278 1705 5347 apud
1734 5277 1956 5332 Grzncos

369 5371 587 5443 Aquila,
623 5371 1011 5442 Symmachus,
1060 5382 1115 5426 et
1149 5354 1472 5436 Thcolotio,
1515 5373 1599 5425 vel
1650 5370 1877 5423 verbum
1926 5385 1958 5422 e

368 5464 535 5519 tabo
579 5466 660 5518 vel
706 5480 931 5518 sensum
960 5480 990 5519 e
1023 5481 1210 5529 sensu,
1242 5465 1326 5519 vel
1362 5480 1430 5519 ex
1468 5472 1701 5532 utroque
1727 5460 1957 5517 commi—

372 5567 539 5614 suum.
591 5566 643 5610 et
698 5556 874 5611 medic
927 5566 1286 5623 temperatum
1346 5572 1522 5623 genus
1578 5553 1958 5608 translationis

2063 4996 2455 5069 expresserim,
2502 5002 2561 5047 et
2606 4990 2792 5047 omnia
2836 4984 3050 5044 Veteris
3088 4984 3445 5042 lnstrumenti
3492 4982 3650 5038 volu-

2066 5090 2213 5145 mina
2235 5088 2501 5157 Origenes
2525 5083 2701 5139 obelis
2726 5080 3120 5149 asteriscisque
3152 5075 3487 5141 distinxerit,
3511 5088 3655 5145 quos

2066 5182 2149 5236 vel
2182 5181 2397 5235 additos
2444 5177 2527 5230 vel
2570 5175 2639 5229 de
2683 5171 3062 5227 Theodotione
3113 5176 3385 5236 sumptos,
3420 5165 3654 5221 transla-

2067 5278 2201 5333 tioni
2232 5275 2471 5343 antiqua:
2494 5269 2747 5334 inseruit,
2781 5267 3021 5337 probans
3048 5261 3290 5318 defuisse
3311 5258 3459 5330 quod
3504 5256 3654 5310 addi-

2066 5383 2179 5427 tum
2225 5378 2329 5423 est.
2373 5367 2597 5422 Discant
2641 5356 2808 5432 igitur
2843 5361 3248 5414 obtrectatores
3276 5352 3382 5408 mei
3409 5351 3652 5420 recipere

2066 5465 2121 5515 in
2152 5471 2286 5524 toto,
2313 5461 2457 5531 quod
2488 5459 2540 5513 in
2571 5456 2817 5527 partibus
2846 5457 3228 5521 susceperunt,
3268 5455 3362 5501 aut
3393 5446 3633 5514 interpre

2066 5552 2326 5607 tationem
2362 5566 2537 5606 meam
2588 5564 2711 5604 eum
2746 5546 3022 5601 asteriscis
3054 5544 3169 5598 suis
3215 5541 3424 5596 radere.
3469 5536 3656 5610 Neque

440 5725 521 5791 (α)
562 5723 618 5777 ld
654 5725 869 5792 repetit,
920 5724 1074 5779 Apol.
1123 5724 1375 5780 adversus
1413 5724 1565 5793 Ruﬁ,
1610 5725 1704 5782 lib.
1744 5740 1805 5793 ll,
1850 5724 1955 5779 col.
2000 5721 2122 5777 49.9.
