4064 6262
350 362 451 417 129
1602 366 1671 421 ιΝ
1711 362 1955 420 HEXAPl

2068 364 2414 422 ORIGENIS.
3539 373 3639 426 t30

344 482 489 536 enim
521 479 638 534 fieri
671 489 873 549 potest,
912 492 973 537 ut
997 497 1138 553 quos
1176 483 1330 553 plura
1362 484 1727 541 intermisisse
1760 500 1941 542 susce—
1968 494 2018 551 Α
2045 501 2161 543 cos.
2205 486 2475 543 Caeterum
2514 488 2655 558 apud
2708 487 2952 557 Latinos,
2988 498 3115 545 ante
3155 506 3276 546 eam
3320 491 3639 547 translatio-

343 577 542 647 prrint,
588 591 699 630 non
751 576 977 631 eosdem
1025 577 1193 632 etiam
1238 577 1295 631 in
1346 578 1676 647 quibusdam
1730 593 1947 635 errasse
2050 594 2200 644 nem,
2226 596 2390 646 quam
2419 581 2523 637 sub
2554 583 2835 639 asteriscis
2858 593 2913 639 et
2943 585 3116 640 obelis
3140 600 3314 656 nuper
3343 586 3636 646 edidimus.

343 668 643 732 fateantur,
701 666 978 735 praecipue
1012 666 1068 720 in
1108 663 1256 720 Job:
1306 665 1397 720 cui
1452 664 1500 721 si
1554 680 1620 720 ea
1664 679 1787 736 quae
1839 664 1945 720 sub
2048 673 2372 742 septingenti
2414 672 2587 728 ferme
2635 685 2730 729 aut
2763 675 3059 745 octingenti
3090 693 3283 731 versus
3312 678 3542 739 desunt;
3580 690 3637 732 ut

344 760 626 815 ὓδωτίεείε
653 758 839 814 Μαίη
870 768 999 813 sum
1027 758 1387 825 ευιητειεΐίεε
1420 773 1547 827 Ρεὶτε
1571 759 1812 812 minima
1842 772 1946 812 νο·
2046 764 2367 825 decor-tatus
2408 776 2463 821 et
2492 768 2764 823 laceratus
2807 784 3185 841 corrosusque
3228 772 3385 837 liber,
3420 773 3637 827 fundita-

342 852 569 908 tuminis
598 851 1044 917 detruncabitur,
1074 859 1130 907 et
1165 852 1271 907 hoc
1316 851 1584 907 duntaxat
1612 852 1757 922 apud
1791 849 1943 907 Grze-
2045 864 2153 911 tem
2193 859 2278 912 sui
2306 858 2521 927 publice
2547 861 2853 930 legentibus
2890 866 3145 932 prmbeat.

1840 946 1911 1002 Et
1935 950 2081 1020 infra
2111 970 2130 1007 :

418 1044 642 1100 Memini
682 1061 772 1102 me
815 1045 888 1101 ob
934 1043 1346 1117 intelligentiam
1400 1043 1566 1115 hujus
1615 1043 1938 1110 voluminis,
2048 1049 2214 1105 misse
2240 1050 2522 1107 nummis:
2555 1052 2715 1123 cujus
2756 1052 3007 1109 doctrina
3038 1067 3107 1107 an
3136 1053 3345 1124 aliquid
3389 1050 3637 1123 profece-

340 1138 645 1211 Lyddzum
684 1140 978 1212 quemdam
1035 1148 1448 1210 praeceptorem,
1495 1138 1590 1211 qui
1647 1140 1791 1208 apud
1836 1137 1943 1195 He-
2049 1141 2179 1206 rim,
2223 1143 2430 1199 nescio.

338 1232 523 1288 brteos
552 1234 770 1305 primus
816 1232 1006 1289 haberi
1048 1233 1365 1303 putabatur,
1402 1246 1511 1287 non
1560 1232 1744 1302 parvis
1788 1233 1945 1286 rede-

1846 1352 1914 1407 Et
1946 1353 2094 1423 infra
2117 1369 2136 1407 :

414 1472 574 1541 Quod
605 1473 653 1530 si
683 1473 827 1543 apud
858 1472 1098 1539 Gnaeos,
1134 1481 1258 1542 post
1289 1471 1428 1527 LXX
1475 1471 1797 1534 editionem.
1819 1474 1933 1544 jam
2044 1474 2244 1528 bentur
2274 1474 2417 1544 apud
2454 1473 2745 1536 Ecclesias.
2778 1484 2829 1528 et
2875 1478 3237 1542 explanantur
3268 1472 3336 1528 ab
3376 1472 3632 1528 ecclesia-

332 1565 551 1622 Christi
590 1565 889 1636 Evangelia
912 1575 1259 1631 coruscaute,
1289 1564 1513 1621 Judzeus
1536 1566 1753 1636 Aquila,
1783 1567 1938 1638 Sym-
2045 1568 2199 1622 sticis
2230 1567 2403 1622 viris:
2446 1577 2654 1637 quanto
2686 1569 2863 1638 magis
2901 1582 3003 1637 ego
3051 1566 3421 1628 Christianus,
3471 1572 3528 1618 et
3566 1567 3634 1618 de

335 1660 576 1716 machus
614 1671 670 1715 et
714 1657 1047 1726 Theodotio,
1078 1656 1434 1715 Judaizantes
1485 1660 1753 1723 ineretici,
1809 1668 1938 1715 sunt
2046 1657 2360 1729 parentibus
2386 1658 2717 1716 Christianis
2752 1670 2932 1725 natus,
2970 1668 3027 1715 et
3057 1661 3313 1714 vexillum
3347 1658 3530 1714 crucis
3574 1658 3630 1711 in

332 1754 569 1823 recepti,
599 1752 695 1823 qui
729 1753 903 1807 multa
947 1752 1208 1823 mysteria
1241 1750 1546 1808 Salvatoris
1590 1753 1817 1807 subdola
1852 1753 1937 1808 in-
2046 1768 2165 1809 mea
2204 1752 2385 1808 fronte
2417 1761 2669 1824 portans,
2705 1752 2866 1824 cujus
2894 1752 3138 1809 studium
3170 1751 3275 1807 fuit
3309 1753 3517 1808 omissa
3556 1767 3635 1806 re-

331 1847 730 1917 terpretatione
772 1846 1044 1913 celarunt,
1075 1853 1131 1902 et
1179 1858 1363 1902 tamen
1411 1847 1469 1901 in
1511 1844 1805 1915 Ἐξαπλοῑς
1837 1847 1936 1901 ha-
2044 1854 2247 1915 petere,
2279 1855 2384 1901 etc.

591 1962 950 2034 Hieronymus
986 1962 1316 2034 Prcfatione
1343 1966 1397 2018 in
1427 1964 1625 2018 librum
1660 1963 1997 2019 Psalmorum
2017 1966 2184 2034 juxta
2220 1964 2539 2023 IIebraicam
2566 1966 2839 2022 veritatem
2876 1975 3004 2021 tom.
3040 1966 3086 2034 l,
3116 1966 3223 2023 col.
3264 1964 3392 2022 835.

412 2084 556 2153 Quia
589 2085 755 2157 igitur
793 2102 968 2157 nuper
1000 2102 1126 2143 cum
1165 2084 1397 2142 llebraao
1445 2087 1757 2157 disputans,
1790 2102 1938 2158 quae-
1972 2096 2015 2151 Β
2045 2096 2104 2143 ut
2136 2098 2195 2142 tu
2235 2084 2304 2143 de
2352 2086 2490 2141 LXX
2528 2085 2918 2158 lnterpretibus
2964 2086 3302 2157 opponebas,
3336 2083 3632 2141 studiosis-

335 2177 472 2232 dam
506 2193 604 2248 pro
647 2177 884 2235 Domino
924 2178 1215 2235 Salvatore
1255 2180 1325 2234 de
1361 2177 1597 2235 Psalmis
1626 2181 1945 2237 testimonia
2041 2182 2182 2237 sime
2211 2180 2523 2252 pbstulasti,
2570 2190 2628 2235 ut
2673 2192 2797 2251 post
2831 2180 3084 2248 Aquilam
3132 2188 3186 2236 et
3234 2177 3631 2251 Symmachum

336 2270 643 2339 protulisti,
689 2270 991 2343 volensque
1035 2271 1126 2327 ille
1157 2280 1209 2327 te
1244 2271 1494 2338 illudere,
1525 2287 1619 2341 per
1657 2288 1945 2330 sermones
2042 2285 2097 2331 et
2122 2272 2550 2331 Theodotionem
2593 2289 2789 2330 novam
2818 2274 3113 2330 editionem
3147 2271 3344 2328 Latino
3378 2286 3631 2328 sermone

338 2378 485 2432 pene
517 2363 765 2435 singulos
796 2364 1080 2420 asserebat
1110 2379 1221 2419 non
1259 2365 1336 2419 ita
1368 2364 1558 2420 haberi
1591 2365 1645 2419 in
1692 2366 1942 2433 Hebraeo,
2043 2369 2429 2434 transferrem,
2457 2379 2566 2426 etc.

1327 2460 1480 2516 Idem
1515 2459 1737 2532 Prwfat.
1772 2464 1828 2516 in
1858 2462 2153 2532 Danielem,
2183 2478 2313 2522 tom.
2342 2465 2384 2529 Ι,
2410 2461 2515 2519 col.
2547 2464 2674 2521 987.

414 2550 692 2608 Danielem
737 2554 1059 2626 prophetam
1080 2554 1239 2626 juxta
1277 2553 1418 2610 LXX
1458 2552 1808 2626 lnterpretes,
1837 2556 1939 2612 Do-
2046 2568 2128 2619 tes
2166 2559 2562 2617 Theodotionis
2597 2557 2867 2627 editione;
2893 2566 2949 2614 et
2975 2559 3080 2613 hoc
3109 2572 3208 2612 cur
3237 2554 3495 2611 acciderit
3536 2570 3630 2609 nec

337 2646 478 2701 mini
511 2646 814 2705 Salvatoris
845 2648 1023 2704 nostri
1070 2647 1333 2704 Ecclesia:
1379 2664 1489 2705 non
1522 2649 1732 2718 legunt,
1776 2659 1937 2705 uten-
2044 2653 2181 2709 scio.

1270 2760 1423 2817 Idem
1453 2760 1678 2833 Prwfat.
1710 2765 1766 2816 in
1798 2760 2156 2834 Paralipom,
2188 2772 2315 2817 tom.
2351 2762 2393 2830 Ι,
2423 2762 2524 2818 col.
2565 2761 2725 2818 1002.

414 2854 474 2912 Si
507 2854 646 2911 LXX
682 2856 1064 2929 lnterpretum,
1095 2873 1231 2929 pura
1260 2868 1316 2915 et
1344 2867 1404 2914 ut
1448 2860 1519 2914 ab
1564 2860 1645 2915 eis
1695 2859 1749 2913 in
1784 2858 1935 2914 Grae-
2040 2873 2179 2924 rem,
2216 2858 2725 2929 Constantinopolis
2778 2874 2952 2929 usque
3003 2858 3349 2915 Antiochiam
3402 2855 3629 2913 Luciani

336 2961 468 3002 cum
495 2962 652 3004 versa
675 2958 780 3013 est,
806 2948 978 3005 editio
1009 2959 1373 3021 permaneret,
1407 2950 1684 3021 superﬂue
1711 2966 1818 3009 me.
1854 2954 1930 3005 mi
2040 2952 2304 3022 martyris
2337 2952 2669 3022 exemplaria
2705 2952 2933 3021 probat;
2971 2952 3165 3007 media:
3202 2950 3347 3005 inter
3379 2947 3480 3006 has
3502 2966 3628 3020 pro-

335 3041 619 3098 Cbromati
639 3044 1024 3114 episcoporum
1042 3044 1389 3100 sanctissime
1404 3055 1567 3114 atque
1588 3044 1927 3109 doctissime,
2038 3046 2230 3101 vinciat
2260 3043 2578 3101 Palmstiuos
2602 3047 2822 3101 codices
2860 3046 3047 3116 legunt
3076 3064 3087 3100 :
3128 3061 3270 3116 quos
3296 3046 3365 3102 ab
3395 3044 3629 3117 Origene

338 3134 671 3206 impellens,
714 3144 776 3190 ut
817 3132 1049 3191 Hebraea
1099 3134 1381 3190 volumina
1427 3135 1620 3189 Latino
1670 3148 1926 3189 sermone
2032 3139 2342 3194 elaboratos
2373 3138 2644 3195 Eusebius
2674 3150 2729 3195 et
2758 3138 3079 3209 Pamphilus
3106 3139 3504 3210 vulgaverunt:
3541 3146 3627 3194 to~

336 3227 716 3285 transferrem.
757 3226 916 3295 Quod
939 3228 1087 3283 enim
1111 3229 1282 3284 semel
1309 3243 1471 3283 aures
1504 3227 1789 3281 hominum
1830 3242 1927 3281 oc-
2033 3241 2233 3303 tnsque
2262 3233 2414 3287 orbis
2439 3231 2541 3287 hac
2582 3233 2723 3287 inter
2764 3246 2823 3286 se
2856 3231 3133 3287 contraria
3162 3231 3423 3285 varietate
3468 3246 3592 3285 com

332 3332 657 3393 cnpaverat,
683 3330 738 3376 et
766 3322 1044 3377 nascentis
1067 3318 1326 3377 Ecclesia:
1352 3321 1710 3375 roboraverat
1738 3319 1923 3386 fidem,
2030 3332 2255 3397 pugnat.
2281 3322 2349 3378 Et
2376 3333 2521 3379 certe
2552 3323 2814 3394 Origenes
2849 3324 2926 3393 (a)
2969 3338 3073 3378 non
3115 3322 3292 3377 solum
3340 3321 3621 3390 exempla-

332 3415 547 3485 justum
570 3424 689 3470 erat
717 3416 881 3470 etiam
908 3423 1099 3470 nostra
1124 3414 1347 3471 silentio
1372 3412 1746 3483 comprobari.
1770 3409 1928 3467 Nunc
2032 3418 2113 3472 ria
2140 3417 2453 3486 composuit
2474 3425 2715 3487 quatuor
2748 3416 3071 3482 editionum,
3100 3430 3130 3469 e
3158 3413 3378 3485 regione
3406 3414 3623 3485 singula

335 3524 470 3565 vero
496 3523 622 3564 eum
660 3523 919 3580 germana
972 3508 1063 3564 illa
1108 3508 1443 3579 antiquaque
1484 3507 1771 3562 translatio
1802 3520 1927 3562 cor-
2030 3510 2196 3565 verba
2230 3509 2570 3575 describens,
2605 3517 2666 3563 ut
2691 3525 2837 3563 unus
2870 3506 3223 3570 dissentiens,
3251 3507 3436 3561 statim
3464 3516 3625 3562 cante-

334 3612 496 3675 rupta
526 3602 620 3666 sit,
663 3611 828 3671 atque
853 3601 1080 3666 violata,
1112 3603 1284 3657 nostri
1318 3600 1527 3655 arbitrii
1558 3606 1740 3670 putas,
1769 3608 1864 3653 aut
1893 3613 1924 3654 e
2030 3597 2108 3653 ris
2138 3596 2278 3652 inter
2310 3613 2369 3654 se.
2392 3595 3186 3666 consentientibusarguatur;
3217 3595 3311 3650 sed
3342 3596 3489 3666 quod
3516 3612 3627 3652 ma~

333 3697 586 3768 pluribus
610 3695 860 3767 judicare
884 3693 1018 3765 quid
1047 3710 1238 3751 verum
1272 3695 1365 3755 sit.
1403 3704 1502 3749 aut
1535 3708 1739 3748 novum
1788 3706 1929 3762 opus
1954 3687 2000 3746 ο
2026 3689 2171 3761 joris
2217 3690 2462 3746 audaciae
2503 3699 2607 3755 est,
2642 3689 2697 3744 in
2749 3690 2987 3745 editione
3041 3688 3183 3743 LXX
3230 3687 3624 3747 Theodotionis

333 3790 391 3845 in
422 3788 596 3844 veteri
621 3801 788 3858 opere
815 3787 1046 3853 cudere;
1072 3786 1534 3857 illudentibusque
1561 3783 1785 3848 Judaais,
1814 3798 1932 3838 cor-
2032 3782 2327 3859 editionem
2363 3784 2607 3848 miscuit,
2636 3781 2920 3839 asteriscis
2949 3782 3246 3854 designans
3280 3798 3403 3853 qua:
3437 3785 3623 3839 minus

330 3884 546 3947 nicum,
583 3890 647 3937 ut
673 3880 896 3949 dicitur,
928 3881 1119 3936 oculos
1165 3880 1455 3949 conﬁgere.
1501 3877 1833 3934 Alexandria
1866 3887 1921 3933 et
2031 3886 2158 3931 ante
2198 3874 2436 3943 fuerant,
2464 3883 2521 3931 et
2550 3876 2777 3946 virgulis
2808 3890 2931 3947 qua:
2958 3890 3025 3929 ex
3054 3873 3331 3947 superﬂuo
3361 3876 3621 3932 videbam

331 3976 608 4050 Egyptus
652 3976 712 4032 in
757 3972 900 4029 LXX
951 3976 1068 4031 suis
1120 3975 1457 4047 llesycbium
1495 3973 1702 4038 laudat,
1738 3980 1929 4026 aucto-
2032 3977 2123 4024 tur
2156 3970 2429 4041 apposita.

1223 4093 1539 4164 Hieronymi
1570 4091 1803 4161 Prcfat.
1832 4090 1889 4143 in
1928 4087 2151 4152 Ezram,
2183 4098 2312 4145 tom.
2348 4088 2390 4155 Ι,
2419 4087 2522 4146 col.
2559 4085 2715 4142 1107.

399 4191 576 4250 Porro
621 4192 771 4249 aliud
808 4199 896 4248 est
946 4191 995 4249 si
1040 4190 1267 4247 clausis.
1311 4189 1458 4261 quod
1500 4188 1713 4253 dicunt,
1748 4184 1927 4242 oculis
2026 4182 2246 4239 Judams
2279 4196 2335 4239 et
2360 4182 2644 4239 Ebionitas
2684 4182 2819 4255 legis
2846 4181 3045 4238 veteris
3078 4181 3420 4253 interpretes,
3450 4185 3621 4257 Aqui-

327 4288 467 4344 raihi
506 4287 706 4344 volunt
751 4285 1098 4351 maledicere,
1127 4293 1184 4340 et
1216 4298 1328 4339 non
1372 4282 1659 4337 imitantur
1704 4281 1927 4337 Graeco-
2028 4276 2140 4331 lam
2176 4276 2447 4339 videlicet,
2476 4284 2533 4328 et
2552 4273 2969 4346 Symmachum,
3000 4283 3057 4328 et
3084 4272 3539 4340 Theodotionem,
3564 4286 3621 4332 et

329 4400 455 4439 rum
515 4382 761 4439 studium
815 4396 883 4438 ac
937 4377 1394 4443 benevolentiam,
1450 4376 1544 4447 qui
1600 4382 1727 4447 post
1776 4372 1919 4429 LXX
2024 4367 2244 4421 curiose
2282 4366 2491 4437 legunt,
2523 4375 2578 4420 et
2623 4380 2719 4434 per
2753 4363 3007 4435 Origenis
3045 4365 3293 4420 laborem
3346 4366 3400 4421 in
3458 4365 3618 4433 Ἑξα-

330 4474 741 4539 Translatores,
791 4472 910 4544 jam
962 4471 1170 4529 Christi
1216 4468 1511 4540 Evangelia
1569 4475 1919 4533 coruscante,
2028 4459 2181 4524 πλοῖς
2204 4458 2466 4516 Ecclesiis
2499 4457 2847 4513 dedicarunt.

1112 4584 1265 4642 Idem
1302 4582 1531 4654 Praefat.
1561 4584 1617 4637 in
1662 4582 1861 4637 librum
1894 4579 2256 4643 Paulinorum,
2288 4588 2416 4632 town.
2451 4575 2494 4640 l,
2518 4576 2618 4630 col.
2658 4573 2818 4629 1222.

403 4683 566 4740 Notet
588 4684 695 4741 sibi
738 4682 1122 4753 unusquisque
1162 4680 1245 4734 vel
1269 4679 1543 4750 jacentem
1580 4677 1802 4740 lineam,
1833 4674 1918 4730 vel
2027 4672 2093 4726 la
2128 4673 2195 4739 >ιί
2244 4668 2658 4724 similitudinem
2712 4666 3072 4738 perspexerit,
3118 4665 3186 4721 de
3233 4665 3474 4724 Hebraeis
3521 4685 3611 4723 vo-

327 4779 491 4850 signa
519 4771 814 4839 radiantia,
847 4775 902 4829 id
929 4783 1014 4832 est
1040 4771 1230 4828 obelos
1268 4784 1331 4827 -t—
1361 4769 1445 4825 vel
1483 4768 1783 4823 asteriscos
1815 4770 1915 4835 >κς
2026 4762 2327 4820 luminibus
2369 4758 2615 4815 additum
2667 4758 2901 4823 noverit,
2954 4767 3119 4829 atque
3176 4774 3349 4829 usque
3396 4762 3461 4813 ad
3508 4761 3619 4814 duo

325 4879 387 4927 ει
423 4870 736 4938 ubicunque
784 4864 985 4920 νίάειιίι
1011 4862 1280 4935 virgulam
1311 4858 1704 4931 precedentem
1739 4870 1803 4915 σθ-
1848 4857 1920 4912 ab
2024 4864 2248 4927 puncta,
2269 4855 2427 4925 juxta
2459 4850 2853 4908 Theodotiouis
2883 4852 3149 4907 duntaxat
3174 4852 3492 4918 editionem,
3521 4855 3614 4923 qui

324 4983 395 5023 ea
434 4978 613 5035 usque
637 4962 707 5018 ad
751 4963 864 5015 duo
896 4965 1101 5031 puncta
1132 4957 1153 5025 ζ
1185 4969 1310 5026 qua:
1344 4951 1751 5022 impressimus,
1783 4950 1918 5006 sciat
2027 4948 2384 5018 simplicitate
2436 4944 2712 5003 sermonis
2769 4961 2802 5000 a
2861 4942 3004 4998 LXX
3054 4944 3450 5016 lnterpretibus
3504 4963 3616 5001 non

325 5062 388 5116 in
412 5056 557 5115 LXX
584 5053 1033 5111 Translatoribus
1058 5050 1181 5122 plus
1207 5047 1418 5105 haberi.
1446 5044 1549 5101 Ubi
1580 5055 1762 5101 autem
1796 5043 1921 5101 stel-
2025 5040 2327 5098 discordat.

722 5170 873 5227 Idem
899 5170 1127 5239 Prefat.
1164 5169 1220 5222 in
1250 5166 1447 5221 librum
1483 5163 1934 5233 Paralipomenon
1956 5161 2118 5233 juxta
2148 5156 2289 5212 LXX
2319 5156 2663 5226 Interpretes,
2698 5165 2826 5207 tom.
2858 5152 2902 5218 l,
2934 5152 3037 5206 col.
3071 5152 3232 5207 Ml8.

404 5273 649 5344 Denique
679 5285 804 5326 cum
835 5268 1033 5323 litteris
1067 5281 1097 5320 a
1133 5281 1220 5320 me
1251 5278 1427 5333 nuper
1454 5261 1825 5331 flagitassetis,
1853 5267 1915 5314 ut
1946 5262 1989 5317 D
2020 5255 2453 5341 apuilllebraeos
2476 5251 2828 5309 admirationi
2867 5250 3191 5317 habebatur,
3230 5249 3526 5319 assumpsi,
3562 5260 3616 5305 et

326 5369 490 5423 vobis
548 5363 1000 5434 Paralipomenon
1061 5357 1258 5414 Latino
1309 5370 1575 5430 sermone
1639 5352 1911 5408 transfer-
2019 5354 2224 5410 contuli
2251 5353 2466 5408 cuui‘eo
2504 5367 2535 5406 a
2581 5349 2804 5409 vertice,
2839 5356 2899 5401 ut
2927 5348 3104 5413 aiunt,
3137 5361 3309 5416 usque
3342 5346 3408 5400 ad
3435 5360 3615 5399 extre—

324 5477 472 5526 rem,
520 5459 589 5515 de
630 5455 922 5513 Tiberiade
970 5452 1109 5526 legis
1145 5450 1439 5523 quemdam
1483 5448 1784 5511 doctorem,
1814 5444 1911 5516 qui
2021 5463 2170 5502 mum
2209 5461 2469 5517 unguem.

1732 5561 1877 5618 Ibid.
1906 5562 2009 5617 col.
2043 5562 2201 5619 μιθ.

399 5668 732 5742 Ubicunque
759 5682 892 5739 ergo
934 5665 1250 5728 asteriscos,
1280 5661 1334 5717 id
1367 5671 1451 5719 est
1493 5659 1681 5716 stellas
1708 5662 1797 5726 Χ.
1827 5673 1916 5712 ra-
2024 5659 2187 5715 br:cis
2222 5657 2495 5722 additum,
2530 5653 2677 5726 quod
2710 5653 2766 5707 in
2810 5649 3021 5705 Latinis
3052 5646 3335 5742 codicibus
3365 5659 3473 5742 non
3507 5642 3610 5699 ha-

324 5767 486 5825 diare
516 5766 570 5821 in
603 5736 710 5821 hoc
741 5736 1023 5819 volumine
1055 5758 1321 5823 videritis,
1368 5754 1441 5812 ibi
1495 5752 1684 5810 sciatis
1721 5750 1788 5807 de
1816 5748 1908 5807 He-
2025 5751 2201 5807 betur.
2244 5749 2343 5806 Ubi
2373 5765 2506 5805 vero
2538 5747 2751 5815 ebelus,
2780 5754 3091 5800 transversa
3123 5738 3331 5795 scilicet
3363 5736 3516 5807 virga
3540 5745 3607 5792 ιρι

393 5893 479 5962 (a)
518 5891 631 5949 Hoc
660 5893 843 5963 ipsum
872 5887 1068 5960 repetit
1098 5885 1136 5941 ι.
1169 5900 1205 5942 ιι
1245 5892 1431 5939 contra
1460 5878 1613 5949 Ruﬁ,
1647 5875 1754 5934 col.
1783 5874 1910 5931 425.
