4064 6262
442 339 538 393 ibi
1807 330 2331 389 PBJELIMINARIA

3628 333 3733 388 £32

439 450 729 523 praeposita
761 461 866 517 est,
904 452 1013 507 illic
1041 452 1293 525 signatur
1351 451 1482 521 quid
1524 449 1665 506 LXX
1708 449 2035 521 lnterpretes
2067 460 2111 513 Λ
2140 449 2317 508 sancti
2354 449 2759 515 auctoritatem,
2803 450 2932 506 licet
2973 449 3027 505 in
3078 449 3323 507 Hebraeis
3359 449 3731 509 voluminibus

441 546 753 600 addiderim
787 545 869 601 vel
903 546 977 602 ob
1019 545 1237 600 decoris
1265 547 1519 615 gratiam,
1550 545 1633 598 vel
1676 544 1748 598 ob
1792 542 2033 607 Spiritus

2141 561 2253 600 non
2282 546 2517 617 legatur.

1237 664 1462 719 Hieron.
1495 664 1722 735 Pra'fat.
1752 666 1805 719 in
1840 665 2005 720 libros
2042 664 2366 732 Salomonis,
2401 676 2528 723 tam.
2559 666 2601 734 l,
2634 667 2740 723 col.
2774 667 2932 725 1419.

510 784 645 841 Tres
680 788 849 844 libros
888 785 1225 852 Salomonis,
1282 786 1331 840 id
1377 797 1459 841 est
1497 785 1814 852 Proverbia,
1850 785 2031 843 Eccle-

437 880 665 946 tiasten,
708 880 998 935 Canticum
1052 884 1416 942 canticorum,
1449 882 1617 935 veteri
1662 880 1805 935 LXX
1860 880 2032 936 Inter-

437 983 649 1041 pretnm
696 974 1007 1028 auctoritati
1056 974 1302 1039 reddidi;
1360 974 1445 1029 vel
1495 976 1820 1044 antepositis
1870 974 2032 1031 lineis

438 1082 495 1121 σι-
550 1067 823 1136 superﬂua
857 1083 1091 1139 quaeque
1133 1070 1463 1138 designans;
1514 1068 1597 1123 vel
1647 1069 1821 1125 stellis
1854 1073 1921 1138 >εί
1965 1070 2035 1123 ti-

2138 791 2254 845 tulo
2301 791 2638 861 praenotatis,
2670 806 2734 847 ea
2778 806 2900 863 quas
2944 791 3125 848 minus
3179 790 3523 846 habebantur
3568 790 3738 846 inter-

2140 900 2371 939 serens:
2404 900 2515 953 quo
2553 885 2789 955 plenius,
2840 900 2873 940 ο
2915 882 3085 940 Paula
3127 895 3182 941 et
3227 883 3608 948 Eustochium,
3633 896 3735 939 eo-

2142 978 2423 1047 gnoscatis
2448 978 2581 1049 quid
2621 979 2678 1032 in
2711 977 2871 1035 libris
2908 980 3114 1033 nostris
3143 978 3327 1033 minus
3354 978 3449 1043 sit,
3482 976 3614 1048 quid
3641 990 3733 1031 re-

2140 1068 2369 1125 duudet.

1209 1162 1362 1218 Idem
1396 1163 1627 1234 Prwfat.
1658 1165 1713 1217 in
1745 1176 1975 1234 quatuor
2004 1164 2318 1237 Evangelia,
2354 1175 2482 1220 tam.
2517 1164 2576 1230 1,
2609 1167 2712 1221 cal.
2742 1166 2900 1222 ΝΞΟ.

512 1255 630 1312 Non
673 1274 864 1328 quaero
900 1260 1034 1330 quid
1082 1260 1301 1330 Aquila,
1345 1261 1475 1332 quid
1523 1258 1890 1331 Symmachus
1934 1277 2028 1318 sa-

438 1349 611 1419 piant,
644 1368 818 1422 quare
841 1351 1187 1409 Theodotion
1217 1354 1358 1408 inter
1388 1369 1559 1410 novos
1581 1362 1635 1408 ct
1677 1364 1893 1410 veteres
1920 1370 2033 1408 tne-

2136 1263 2263 1317 dius
2289 1264 2523 1319 incedat.
2559 1261 2643 1317 Sit
2670 1264 2761 1317 illa
2790 1278 2918 1317 vera
2946 1262 3347 1332 interpretatio,
3375 1276 3542 1332 quam
3572 1276 3730 1332 apo-

2142 1354 2265 1410 stoli
2306 1354 2695 1424 probaverunt.

1112 1447 1265 1504 Idem
1293 1449 1527 1520 Prafat.
1558 1452 1616 1505 in
1646 1450 1842 1505 librum
1876 1450 2131 1505 Hebraic.
2163 1450 2393 1518 Quem,
2426 1463 2553 1505 tom.
2596 1450 2660 1518 ll,
2687 1454 2790 1508 col.
2826 1452 2961 1523 505.

506 1535 695 1609 Neque
737 1554 866 1597 vero
896 1539 1037 1595 LXX
1070 1540 1456 1609 lnterpretum,
1484 1550 1548 1597 ut
1586 1543 1754 1598 invidi
1797 1543 2023 1608 latrant,
2059 1553 2100 1606 Β
2131 1546 2185 1597 in
2222 1545 2430 1600 nostris
2478 1543 2764 1599 codicibus
2818 1561 2929 1601 non
2971 1545 3265 1601 habentur.
3302 1544 3479 1617 Super
3523 1546 3733 1615 quibus

435 1650 657 1691 errores
707 1639 997 1707 arguimns
1031 1658 1045 1691 :
1092 1653 1195 1693 nec
1237 1647 1489 1694 nostrum
1531 1637 1775 1693 laborem
1807 1636 2025 1691 illorum

435 1729 926 1796 reprehensionem
973 1740 1253 1801 putamus,
1284 1746 1408 1788 cum
1450 1731 1526 1785 illi
1573 1729 1874 1785 Ptolemzeo
1912 1730 2026 1799 regi

436 1818 802 1887 Alexandriae,
834 1823 1065 1894 mystica
1104 1838 1338 1893 quaeque
1382 1824 1435 1877 in
1478 1822 1778 1893 Scripturis
1824 1822 2030 1877 sanctis

436 1910 672 1979 prodere
720 1914 1040 1969 noluerint:
1073 1922 1129 1968 et
1172 1915 1413 1970 maxime
1439 1930 1502 1970 ea
1533 1930 1655 1985 qua:
1690 1913 1896 1970 Christi
1931 1914 2029 1968 ad-

435 2012 658 2057 ventum
686 2003 1103 2074 pollicebantur,
1140 2022 1206 2062 ne
1252 2006 1569 2061 viderentur
1597 2004 1770 2060 Judaei
1805 2014 1860 2060 et
1892 2006 2029 2060 alte-

432 2106 561 2152 rum
592 2095 760 2151 Deum
791 2090 973 2152 colere
999 2114 1013 2149 :
1046 2114 1185 2167 quos
1212 2098 1301 2152 ille
1342 2096 1586 2153 Platonis
1614 2107 1873 2163 sectator,
1906 2114 2027 2152 ma-

435 2189 529 2259 gni
565 2189 773 2245 idcirco
816 2188 1069 2256 faciebat,
1110 2192 1239 2261 quia
1291 2206 1462 2245 unum
1513 2188 1683 2246 Deum
1735 2192 1914 2246 colere
1948 2189 2033 2243 di-

431 2292 711 2339 cerentur.
743 2283 850 2339 Sed
902 2295 957 2338 et
988 2284 1361 2354 evangelistze,
1404 2293 1460 2339 et
1500 2282 1767 2339 Dominus
1812 2299 2032 2354 quoque

436 2381 627 2428 noster
653 2383 820 2443 atque
854 2372 1126 2440 Salvator,
1168 2389 1379 2429 necnon
1413 2383 1466 2428 et
1494 2372 1696 2428 Paulus
1723 2375 2030 2443 apostolus,

436 2463 607 2519 multa
635 2465 793 2534 quasi
838 2465 907 2519 de
942 2462 1123 2520 Veteri
1171 2463 1525 2521 Tsstamento
1557 2462 1857 2533 proferunt,
1909 2478 2032 2534 quas

2133 1637 2189 1691 in
2236 1638 2354 1692 suis
2394 1637 2532 1694 locis
2574 1637 2789 1708 plenius
2834 1639 3191 1694 disseremus.
3227 1635 3306 1693 Ex
3356 1653 3469 1708 quo
3511 1638 3728 1711 perspi-

2130 1744 2297 1783 cuum
2346 1739 2452 1797 est,
2491 1730 2583 1784 illa
2635 1730 2811 1801 magis
2855 1746 2981 1787 vera
3027 1746 3152 1788 esse
3196 1730 3552 1801 exemplaria,
3601 1746 3731 1800 qua

2130 1838 2257 1878 cum
2296 1821 2435 1880 Novi
2479 1822 2817 1882 Testamenti
2850 1827 3177 1881 auctoritate
3222 1825 3580 1881 concordant.
3613 1824 3730 1878 Ac-

2131 1916 2278 1971 cedit
2322 1916 2391 1970 ad
2432 1916 2538 1971 hoc
2567 1931 2791 1987 quoque
2822 1916 2969 1986 quod
2997 1913 3293 1986 Iosephus,
3336 1916 3433 1986 qui
3466 1912 3608 1969 LXX
3638 1914 3734 1969 ln-

2134 2016 2435 2077 terpretum
2472 2009 2626 2078 ponit
2677 2008 2989 2073 historiam,
3016 2010 3264 2079 quinque
3297 2017 3509 2063 tantum
3544 2008 3615 2061 ab
3641 2008 3731 2061 eis

2133 2093 2305 2150 libros
2349 2094 2520 2167 Moysi
2565 2098 2862 2153 translatos
2908 2095 3120 2153 refert:
3164 2114 3306 2169 quos
3358 2113 3461 2154 nos
3506 2112 3734 2169 quoque

2132 2184 2461 2239 conﬁtemur
2494 2186 2618 2251 plus
2644 2201 2812 2257 quam
2845 2196 3073 2243 caeteros
3112 2203 3238 2243 cum
3268 2185 3553 2244 Hebraicis
3590 2202 3735 2244 con-

2135 2290 2357 2331 sonare.
2410 2275 2515 2332 Sed
2560 2289 2615 2332 et
2660 2278 2695 2332 ii
2743 2279 2836 2347 qui
2883 2288 3072 2349 postea
3120 2279 3446 2348 interpretes
3496 2280 3727 2334 exstite-

2138 2376 2287 2435 runt,
2321 2369 2575 2439 Aquilam
2601 2370 2822 2441 loquor,
2849 2380 2904 2427 et
2947 2370 3360 2445 Symmachum,
3390 2380 3445 2425 et
3471 2369 3734 2427 Theodo-

2134 2464 2365 2531 tionem,
2399 2466 2558 2537 longe
2587 2465 2745 2521 aliter
2774 2465 2975 2522 habent
2999 2480 3165 2538 quam
3197 2468 3304 2522 nos
3328 2466 3583 2537 legimus.

1578 2578 1722 2634 Ibid.
1751 2581 1853 2635 col.
1884 2580 2012 2648 512,
2041 2582 2112 2635 ad
2136 2581 2267 2636 Cen.
2302 2600 2392 2649 ιι,
2427 2601 2475 2639 ν.
2511 2584 2599 2641 l6.

509 2672 874 2747 Symmachus
900 2687 1051 2727 more
1075 2685 1178 2727 suo
1207 2673 1447 2743 apertius
1477 2673 1777 2728 transtulit.

1435 2763 1502 2817 1η
1535 2763 1708 2833 Epist.
1735 2767 1805 2818 ad
1838 2764 2157 2831 Damasum,
2194 2778 2323 2821 tom.
2354 2765 2399 2821 ll
2421 2810 2434 2831 ,
2464 2766 2567 2822 col.
2597 2767 2722 2823 567.

512 2861 711 2932 Aquila
746 2875 981 2931 namque
1002 2858 1098 2931 qui
1129 2874 1237 2915 non
1265 2861 1683 2925 contentiosius,
1715 2870 1773 2915 ut
1805 2862 2027 2931 quidam
2070 2872 2281 2932 putant,
2312 2864 2407 2918 sed
2434 2864 2734 2921 studiosius
2761 2864 2990 2921 verbum
3022 2866 3412 2937 interpretatur
3436 2866 3505 2922 ad
3530 2878 3653 2922 vero

439 2962 594 3015 bum.

1948 3045 2012 3102 Et
2042 3048 2185 3118 infra
2210 3062 2228 3100 :

508 3147 763 3219 Aquilam
811 3160 939 3201 vero
990 3154 1050 3199 ut
1096 3144 1149 3198 in
1188 3145 1422 3212 castoris,
1454 3152 1508 3200 et
1540 3144 1595 3200 in
1640 3145 1745 3201 hoc
1786 3145 2025 3199 maxime
2062 3144 2183 3200 loco
2208 3145 2428 3215 proprie
2462 3144 2808 3199 transtulisse
2836 3144 3018 3199 omnis
3042 3140 3231 3201 Iudaea
3257 3140 3584 3201 conclamat.

1458 3239 1630 3310 Epist.
1665 3241 1734 3293 ad
1762 3239 2108 3310 Erangclum,
2145 3244 2246 3297 col.
2275 3241 2405 3305 574,
2438 3251 2568 3295 tam.
2600 3239 2662 3294 ll.

510 3332 620 3390 Nec
654 3332 843 3399 refert,
892 3341 1074 3388 utrum
1124 3332 1304 3388 Salem
1350 3350 1417 3389 an
1471 3332 1641 3388 Salim
1695 3334 2030 3399 nominetur,
2061 3341 2105 3399 c
2140 3352 2293 3401 num,
2323 3336 2515 3392 eadem
2548 3333 2715 3390 verba
2739 3334 2972 3390 diversis
3012 3333 3166 3390 sonis
3209 3343 3373 3407 atque
3405 3334 3734 3392 accentibus

435 3444 564 3484 cum
592 3428 877 3483 vocalibus
899 3427 954 3480 in
989 3427 1168 3481 medio
1201 3427 1395 3483 litteris
1425 3443 1647 3498 perraro
1674 3435 1897 3481 utantur
1923 3425 2029 3480 lle-

436 3521 592 3585 brrei,
612 3530 667 3575 et
693 3536 792 3592 pro
825 3522 1108 3576 voluntate
1136 3521 1427 3588 lectorum,
1458 3537 1524 3576 ac
1556 3521 1821 3576 varietate
1848 3520 2029 3590 regio-

2136 3428 2506 3499 proferantur.

1318 3617 1565 3687 Epistola
1600 3616 1670 3671 ad
1711 3615 1939 3671 Sunium
1974 3627 2023 3669 et
2058 3614 2351 3679 Fretelam,
2388 3622 2518 3667 tom.
2546 3610 2610 3677 ll,
2637 3629 2691 3681 ρ.
2729 3610 2855 3666 627.

509 3716 568 3770 in
598 3731 710 3786 quo
756 3715 886 3770 illud
923 3715 1159 3771 breviter
1202 3715 1474 3770 admoneo
1496 3756 1509 3779 ,
1543 3726 1603 3769 ut.
1639 3715 1825 3769 sciatis
1860 3713 2025 3767 aliam

436 3821 562 3863 esse
608 3809 902 3863 editionem
959 3824 1123 3877 quam
1190 3809 1495 3878 Origenes,
1563 3816 1616 3860 et
1670 3805 2027 3861 Caesariensis

436 3900 744 3962 Eusebius,
776 3898 1338 3967 omnesque‘Grzecia:
1368 3908 1693 3966 tractatores
1731 3900 1939 3969 κοινήν,
1975 3898 2028 3953 id

434 4004 523 4048 est
546 4007 875 4047 communem
894 4034 909 4057 ,
942 3994 1217 4062 appellant
1242 4002 1408 4062 atque
1434 3990 1703 4063 vulgatam
1727 4035 1740 4054 ,
1769 4002 1823 4045 et
1854 4008 1882 4043 a
1914 3992 2029 4061 ple-

436 4086 626 4155 risque
660 4100 805 4139 nunc
834 4086 1139 4149 Λουκιανός
1191 4085 1431 4146 dicitur;
1466 4086 1628 4139 aliam
1682 4081 1823 4137 LXX
1850 4084 2025 4137 luter-

436 4192 684 4249 pretum,
718 4193 840 4248 quae
872 4189 928 4233 et
963 4178 1018 4232 in
1078 4178 1365 4244 Ἐξαπλοῖς
1408 4177 1692 4231 codicibus
1737 4176 2027 4245 reperitur,

434 4282 486 4327 et
518 4288 549 4326 a
588 4271 749 4327 nobis
781 4272 835 4325 in
861 4271 1115 4325 Latinum
1147 4286 1457 4325 sermonem
1483 4269 1715 4324 fideliter
1737 4284 1897 4323 versa
1923 4278 2025 4330 est.

437 4372 492 4419 et
512 4362 869 4436 Jcrosolymm
909 4374 1075 4433 atque
1102 4364 1155 4418 in
1182 4362 1428 4419 Orientis
1462 4360 1723 4417 Ecelesiis
1766 4361 2028 4415 decanta-

435 4467 639 4513 tur.....
672 4459 844 4528 Κοινή
874 4466 1054 4513 autem
1087 4457 1215 4521 ista,
1251 4456 1354 4511 hoc
1385 4465 1470 4510 est
1495 4454 1806 4509 communis
1831 4451 2023 4519 editio,

2137 3713 2253 3782 ipsa
2281 3719 2366 3765 est
2397 3726 2521 3780 quae
2546 3718 2601 3763 et
2632 3707 2797 3765 LXX.
2843 3707 2950 3763 Sed
2974 3707 3079 3763 hoc
3106 3708 3333 3764 interest
3360 3710 3502 3762 inter
3522 3716 3734 3763 utram-

2136 3820 2263 3874 que,
2298 3803 2447 3873 quod
2478 3803 2633 3873 κοινή
2661 3818 2762 3871 pro
2790 3802 2927 3857 locis
2960 3810 3015 3856 et
3034 3801 3393 3872 temporibus,
3417 3810 3471 3856 et
3491 3815 3592 3872 pro
3618 3815 3728 3854 vo-

2134 3894 2345 3948 luntate
2402 3895 2733 3962 scriptorum
2754 3933 2769 3959 ,
2803 3902 2961 3947 vetus
3006 3900 3266 3963 corrupta
3307 3892 3475 3946 editio
3506 3899 3621 3958 est;
3653 3906 3728 3947 ea

2136 3995 2318 4039 autem
2347 4000 2471 4054 qua:
2501 3985 2734 4039 habetur
2760 3985 2816 4038 in
2851 3982 3162 4051 Ἐξαπλοϊς,
3188 3993 3245 4038 et
3270 3998 3435 4054 quam
3466 3998 3568 4038 nos
3597 3999 3733 4037 ver-

2137 4079 2326 4142 timus,
2352 4079 2469 4146 ipsa
2495 4085 2580 4132 est
2609 4092 2733 4147 quae
2762 4076 2816 4130 in
2839 4076 3185 4132 eruditorum
3214 4077 3373 4132 libris
3402 4077 3728 4148 incorrupta

2134 4182 2190 4227 et
2214 4170 2565 4226 immaculata
2595 4168 2739 4224 LXX
2765 4168 3128 4240 lnterpretum
3161 4169 3447 4224 translatio
3478 4183 3732 4225 reserva-

2136 4272 2245 4318 tur.
2300 4260 2578 4333 Quidquid
2629 4276 2761 4333 ergo
2808 4263 2877 4317 ab
2920 4265 3025 4317 hac
3071 4262 3385 4331 discrepat,
3434 4261 3569 4315 nulli
3616 4260 3733 4315 du-

2135 4356 2284 4411 bium
2316 4365 2403 4410 est
2433 4357 2565 4427 quin
2592 4356 2663 4410 ita
2695 4354 2843 4412 etab
2869 4353 3221 4411 Hebr-torum
3256 4354 3583 4410 auctoritate
3603 4354 3730 4411 dis-

2133 4448 2343 4504 cordet.

1341 4566 1563 4624 Hieron.
1596 4569 1759 4639 epist.
1788 4568 1857 4621 ad
1885 4564 2246 4628 Marcellam,
2282 4575 2414 4618 tom.
2443 4561 2512 4630 ll,
2542 4563 2643 4618 col.
2680 4561 2806 4619 707.

506 4662 728 4735 Aquila,
763 4662 857 4732 qui
908 4660 1200 4717 verborum
1251 4658 1607 4715 Hebraeorum
1657 4658 2116 4728 diligentissimus
2147 4655 2449 4725 explicator
2480 4664 2582 4709 est.

1357 4746 1581 4811 Hieron.
1615 4758 1772 4825 epist.
1804 4757 1873 4809 ad
1906 4754 2220 4810 Marcellam
2249 4764 2377 4809 tam.
2409 4752 2474 4817 ll,
2507 4752 2610 4807 col.
2645 4754 2769 4809 7H.

506 4851 892 4916 Theodotion,
948 4852 1045 4923 qui
1100 4852 1153 4905 in
1205 4852 1417 4906 cmteris
1480 4867 1608 4905 cum
1646 4851 2003 4922 Septuaginta
2043 4848 2495 4905 Translatoribus
2528 4846 2681 4906 facit.

1253 4946 1474 5001 Hieron.
1508 4949 1800 5001 Comment.
1826 4948 1883 4999 in
1919 4944 2300 5010 Ecclesiasten,
2335 4953 2465 4999 tom.
2495 4942 2561 5007 ll,
2598 4944 2700 5000 col.
2737 4942 2857 5002 πο.

511 5043 773 5102 llcbrteus
806 5059 964 5099 meus
983 5044 1145 5116 cujus
1169 5058 1312 5114 sazpe
1340 5043 1487 5098 facio
1522 5043 2025 5107 mentionem,cum
2062 5037 2430 5097 Ecclesiasten
2464 5057 2680 5097 mecum
2707 5043 2930 5115 legeret,
2969 5044 3081 5099 haec
3102 5040 3450 5107 Baracibam,
3478 5058 3645 5114 quem

434 5157 609 5197 unum
635 5141 719 5197 vel
744 5142 983 5196 maxime
1016 5141 1362 5196 admirantur
1388 5138 1488 5211 (a).

960 5230 1190 5285 Hieron.
1228 5226 1558 5297 Prefatiane
1589 5230 1643 5283 in
1674 5226 1943 5283 Homilies
1983 5226 2229 5299 Origenis
2259 5224 2317 5282 in
2351 5222 2659 5287 Canticum,
2692 5232 2821 5276 tam.
2849 5219 2917 5288 ll,
2950 5221 3053 5275 col.
3088 5220 3180 5275 87.

505 5326 775 5400 Origenes
806 5342 933 5381 eum
965 5328 1020 5380 in
1057 5326 1272 5381 caeteris
1298 5325 1454 5379 libris
1481 5340 1675 5381 omnes
1706 5325 1902 5381 vicerit
1922 5364 1939 5390 ,
1968 5325 2024 5378 in

433 5423 663 5478 Cantica
706 5422 1045 5474 canticorum
1082 5420 1197 5489 ipse
1228 5434 1287 5474 se
1326 5420 1478 5474 vicit.
1535 5416 1673 5473 Nam
1706 5418 1893 5473 decem
1929 5432 2027 5471 vo-

435 5515 741 5570 luminibus
767 5512 1061 5582 explicitis,
1093 5527 1217 5581 qum
1252 5511 1319 5565 ad
1346 5511 1537 5580 viginti
1567 5525 1740 5579 usque
1766 5525 2025 5565 versuum

439 5607 612 5665 millia
642 5620 779 5675 pene
805 5606 1127 5674 perveniunt
1155 5621 1170 5667 ;
1207 5605 1445 5673 primum
1485 5601 1628 5657 LXX
1657 5600 2026 5674 interpretes;

2129 5323 2328 5378 deinde
2355 5320 2607 5391 Aquilam
2654 5327 2709 5373 et
2752 5315 3144 5388 Symmachum
3178 5324 3233 5372 et
3258 5313 3731 5386 Theodotionem,

2130 5424 2184 5471 et
2216 5414 2283 5469 ad
2313 5422 2622 5468 extremum
2648 5412 2908 5478 Quintam
2936 5410 3256 5478 editionem,
3282 5424 3448 5481 quam
3479 5410 3535 5464 in
3558 5409 3730 5467 Actio

2133 5512 2318 5565 littore
2352 5508 2627 5564 invenisse
2655 5521 2714 5561 se
2742 5504 2953 5570 scribit,
2981 5514 3087 5559 etc.

510 5773 582 5843 (ι’)
626 5770 699 5828 De
727 5769 1055 5843 Symmacho
1084 5772 1289 5841 passim
1328 5771 1460 5828 dicit
1506 5769 1868 5843 Hieronymus
1903 5772 2085 5843 ipsum
2116 5770 2362 5843 apertius
2392 5774 2448 5828 et
2471 5766 2818 5825 manifestius
2842 5766 3259 5838 interpretatum
3284 5778 3428 5822 esse.
