4064 6262
311 366 394 423 .33
1526 364 1595 419 IN
1633 363 1936 422 nexam;

1995 369 2155 426 ORIG
2166 369 2342 427 ENIS.

3466 379 3567 430 ι’δι

1244 482 1463 541 Hieron.
1493 487 1701 541 Comm.
1733 490 1787 541 in
1815 488 2043 553 Isaiam,
2080 501 2205 544 tom.
2238 490 2329 559 III,
2363 493 2465 548 col.
2499 493 2594 549 εὖ.

362 576 403 632 Ρ
427 580 654 634 litteram
702 596 886 635 sermo
916 580 1219 637 IIebraicus
1262 597 1370 637 non
1402 582 1595 646 habet;
1634 584 1729 638 sed
1765 600 1864 653 pro
1903 600 1965 641 ea
1997 603 2082 640 put
2111 585 2302 643 Graeco
2333 590 2526 645 utitur.

1140 674 1360 730 Hieron.
1398 674 1602 730 Comm.
1639 677 1692 729 in
1737 674 1899 743 Isai.,
1923 695 2043 749 cap.
2072 696 2187 745 vm,
2220 690 2347 736 tom.
2378 681 2464 748 III,
2492 672 2595 738 col.
2630 682 2718 739 79.

361 767 489 822 Duas
532 769 736 825 domus
776 768 1022 823 Ναιναῄ
1046 810 1060 832 ,
1110 770 1224 838 (qui
1267 769 1341 823 ita
1389 766 1671 826 Christum
1726 771 1867 826 reci-
1898 781 1939 838 Α
1973 788 2070 843 per
2092 774 2343 829 ordinem
2370 773 2619 846 Delpbon
2649 794 2665 831 :
2695 786 2751 832 et
2776 793 2997 833 rursum
3020 778 3223 849 Ioseph
3251 778 3518 838 Galilaeus
3553 801 3565 836 :

295 866 453 937 piunt,
485 873 544 918 ut
569 866 991 919 observationes
1022 866 1163 935 legis
1196 867 1398 920 veteris
1430 882 1541 920 non
1591 869 1874 941 amittant)
1973 873 2028 917 et
2053 879 2227 932 usque
2258 866 2326 920 ad
2354 867 2726 936 captivitatem
2752 866 3058 924 Jerusalem
3087 867 3274 926 Iosue.
3319 870 3568 928 Samniti

296 957 410 1009 duas
440 953 674 1011 familias
716 954 1181 1024 interpretantur,
1213 955 1457 1010 Sammai
1483 966 1537 1011 et
1564 954 1719 1011 Hillel
1760 977 1773 1011 :
1808 973 1878 1011 ex

291 1045 474 1113 quibus
509 1048 616 1099 orti
653 1057 785 1101 sunt
814 1046 1020 1102 Scriba:
1043 1058 1097 1102 et
1141 1047 1438 1114 Phariszei;
1470 1064 1707 1118 quorum
1739 1066 1874 1106 sus-

294 1136 414 1204 cepit
457 1138 703 1193 scholam
750 1138 995 1202 Akibas,
1044 1154 1209 1208 quem
1286 1142 1613 1210 ntagistrum
1666 1141 1877 1211 Aquila:

295 1230 527 1299 proselyti
557 1239 855 1284 autumant
894 1250 907 1284 :
945 1239 997 1284 et
1028 1241 1148 1299 post
1177 1245 1305 1285 eum
1329 1230 1483 1296 Meir,
1518 1232 1607 1285 cui
1643 1248 1869 1286 succes-

297 1322 357 1376 sit
381 1320 623 1376 Iohanan
658 1322 807 1377 tilius
835 1320 1035 1377 Zachai
1074 1341 1089 1354 ο
1123 1333 1177 1378 et
1214 1332 1337 1394 post
1363 1339 1490 1377 eum
1522 1323 1769 1387 Eliezer,
1816 1333 1871 1379 et

1976 955 2144 1023 igitur
2169 964 2225 1009 et
2254 953 2415 1011 Hillel
2441 973 2551 1011 non
2579 959 2754 1013 multo
2785 961 2939 1029 prius
2971 977 3138 1031 quam
3168 959 3437 1020 Dominus
3467 980 3567 1020 na-

1975 1056 2244 1111 sceretur,
2269 1048 2375 1102 orti
2404 1061 2533 1105 sunt
2560 1050 2614 1105 in
2644 1050 2852 1120 Iudaea,
2890 1070 3128 1124 quorum
3151 1057 3303 1126 prior
3336 1057 3565 1126 dissipa-

1976 1150 2061 1193 tor
2095 1141 2519 1211 interpretatur,
2557 1158 2798 1214 sequens
2828 1149 3119 1218 profanus,
3175 1165 3242 1204 eo
3286 1153 3433 1220 quod
3475 1166 3567 1218 per

1978 1232 2346 1289 tradititioncs
2372 1245 2427 1289 et
2451 1234 2812 1309 δευτερώσεις
2840 1255 2970 1296 suas
2993 1242 3128 1311 legis
3153 1252 3423 1314 przeeepta
3454 1243 3566 1299 dis-

1979 1323 2244 1393 sipaverit
2279 1332 2445 1395 atque
2474 1328 2849 1385 maculaverit.

1310 1440 1537 1495 Hieron.
1580 1441 1872 1497 Comment.
1906 1442 1963 1495 in
1990 1441 2218 1505 Isaiam.
2254 1445 2356 1500 col.
2386 1445 2511 1501 552.

355 1534 423 1591 De
445 1538 641 1605 Aquila
680 1546 862 1593 autem
886 1553 1000 1593 non
1029 1537 1223 1603 miror,
1246 1539 1392 1608 quod
1425 1540 1591 1593 homo
1618 1538 1877 1592 eruditis-

292 1629 448 1684 simus
477 1630 682 1705 lingua:
712 1629 1014 1695 Hebraicis,
1050 1640 1104 1686 et
1144 1631 1371 1686 verbum
1404 1632 1470 1687 de
1496 1631 1666 1686 verbo
1690 1631 1877 1700 expri-

294 1735 463 1788 mens,
498 1723 553 1777 in
591 1724 704 1777 hoc
746 1723 871 1777 loco
914 1730 1012 1778 aut
1049 1724 1327 1779 simularit
1365 1724 1733 1795 imperitiam,
1776 1730 1876 1778 aut

1978 1536 2381 1596 Pharisamrum
2442 1557 2701 1613 perversa
2757 1546 3101 1614 expositione
3163 1548 3424 1619 deceptus
3470 1550 3568 1616 sit,

1973 1632 2070 1702 qui
2112 1635 2460 1705 interpretari
2496 1638 2709 1706 voluit,
2761 1648 2813 1691 et
2851 1637 3028 1693 Israel
3058 1641 3108 1697 ei
3137 1642 3565 1713 congregabitur.

1214 1816 1435 1872 Hieron.
1464 1818 1672 1873 Comm.
1706 1819 1761 1872 in
1795 1814 2013 1880 Ezech.,
2044 1825 2173 1871 tom.
2226 1814 2316 1878 Ill,
2349 1816 2452 1873 col.
2488 1816 2611 1875 716.

351 1913 551 1983 Aquilae
585 1928 721 1968 vero
750 1912 990 1969 secunda
1030 1914 1234 1980 editio,
1261 1928 1428 1985 quam
1467 1911 1681 1969 Hebraei
1722 1914 1876 1968 κατὰ
1911 1912 1936 1966 d

1973 1911 2221 1980 τρίϐειαν
2296 1913 2619 1979 nominant,
2663 1915 2943 1970 transtulit
2979 1915 3316 1988 ὴρεμάζων,
3384 1917 3438 1973 id
3481 1923 3568 1974 est

289 2006 563 2072 quiescens,
587 2014 649 2062 et
671 2005 896 2061 seorsim
922 2000 1148 2075 pasil'us.

1021 2102 1246 2159 Hieron.
1280 2102 1512 2173 Prwfat.
1535 2103 1593 2158 in
1622 2101 1920 2157 Comment.
1956 2098 2221 2163 Danielis,
2256 2106 2386 2152 tom.
2416 2096 2504 2164 III,
2535 2098 2640 2152 cal.
2665 2099 2824 2153 I075.

350 2196 476 2254 Illud
507 2214 736 2270 quoque
780 2200 1039 2255 lectorem
1087 2199 1393 2263 admoneo,
1443 2198 1723 2253 Danielem
1756 2211 1867 2252 non
1898 2204 1942 2259 Β
1968 2197 2237 2265 quosdam
2288 2209 2479 2249 versus
2526 2194 2706 2249 obelis
2737 2199 3084 2264 prtenotavit,
3109 2202 3384 2269 superﬂua
3417 2217 3567 2273 qum-

287 2291 422 2361 juxta
456 2290 594 2345 LXX
629 2291 975 2362 lntcrpretes,
1012 2292 1104 2348 sed
1130 2291 1286 2362 juxta
1314 2290 1750 2346 Theodotionem
1775 2289 1874 2345 Ec-

286 2384 467 2438 rlesias
494 2386 700 2454 legere,
732 2384 826 2455 qui
854 2384 1044 2454 utique
1067 2393 1192 2454 post
1224 2384 1518 2439 adventum
1546 2382 1750 2438 Christi
1782 2383 1869 2438 in-

287 2476 529 2532 credulus
556 2477 665 2531 fuit
701 2496 713 2531 :
752 2477 882 2532 licet
907 2492 1033 2532 eum
1063 2477 1286 2547 quidam
1313 2475 1501 2531 dicant
1532 2474 1864 2540 Ebionitam,

285 2567 372 2636 qui
404 2568 577 2622 altero
609 2584 813 2640 genere
861 2567 1088 2624 Iudaeus
1131 2576 1236 2623 est.
1286 2566 1397 2623 Sed
1424 2577 1479 2622 et
1506 2563 1769 2634 Origenes
1800 2565 1867 2619 de

286 2656 675 2715 Theodotionis
718 2675 885 2731 opere
918 2659 973 2714 in
1008 2658 1249 2714 editione
1299 2656 1527 2728 Vulgata
1572 2655 1867 2713 asteriscos

286 2750 477 2822 posuit,
523 2752 737 2806 docens
761 2749 1005 2806 defuisse
1025 2764 1148 2821 quae
1176 2746 1362 2803 addita
1389 2753 1541 2811 sunt,
1583 2751 1639 2801 et
1672 2758 1867 2800 rursus

1978 2300 2089 2355 que
2136 2284 2454 2353 designans.
2521 2281 2773 2354 Cumque
2821 2300 3015 2341 omnes
3053 2288 3257 2345 Christi
3310 2291 3571 2349 Ecclesia:

1976 2386 2086 2431 tam
2136 2376 2454 2431 Grzecnrum
2504 2391 2671 2445 quam
2717 2375 3074 2444 Latinorum,
3112 2377 3486 2453 Syrorumque
3512 2393 3571 2439 et

1977 2470 2365 2541 Egyptiorum
2402 2470 2545 2523 hanc
2589 2470 2694 2525 sub
2744 2472 3023 2526 asteriscis
3056 2482 3110 2527 et
3149 2475 3322 2530 ohclis
3364 2478 3565 2533 editic—

1975 2578 2102 2617 nem
2141 2563 2321 2633 Iegant
2342 2605 2357 2627 ,
2384 2562 2671 2632 ignoscant
2698 2563 2864 2617 invidi
2897 2563 3071 2619 labori
3101 2582 3221 2621 meo
3242 2608 3257 2630 .
3290 2569 3386 2637 qui
3419 2571 3568 2626 volui

1972 2655 2178 2712 habere
2206 2666 2430 2711 nostros
2462 2657 2610 2727 quod
2640 2656 2814 2713 (ἔτωοί
2849 2659 2903 2713 in
2930 2659 3142 2730 Aquila:
3165 2672 3220 2717 et
3244 2659 3568 2719 Theodotio-

1974 2749 2060 2804 nis
2083 2763 2149 2804 ac
2173 2746 2434 2820 Symachi
2458 2749 2793 2804 editionihus
2830 2749 3095 2807 lectitant.

1200 2862 1427 2918 Hieron.
1453 2862 1750 2918 Comment.
1779 2862 1836 2916 in
1863 2861 2075 2919 Daniel.
2108 2878 2227 2932 cap.
2258 2879 2298 2929 ι,
2322 2862 2432 2919 col.
2465 2864 2627 2938 {075.

344 2960 495 3029 Quod
528 2977 637 3018 nos
660 2961 814 3031 juxta
842 2960 1138 3017 editionem
1175 2959 1528 3016 Hebraeorum
1556 2975 1680 3030 qua:
1717 2959 2183 3028 κατ’ἀκρίϐειαν
2215 2961 2415 3031 legitur
2441 2963 2498 3014 in
2530 2972 2785 3030 tyrannos
2817 2964 3098 3018 vertimus.

1089 3057 1260 3114 Idem.
1292 3057 1589 3113 Comment.
1632 3057 1688 3111 in
1716 3054 1869 3121 Osee,
1899 3072 2017 3127 cap.
2052 3071 2114 3122 II,
2147 3065 2278 3116 tom.
2308 3056 2395 3124 ΙΙΙ,
2425 3059 2528 3111 cat.
2578 3057 2736 3111 I252.

346 3155 541 3225 Aquila
572 3154 812 3226 diligens
838 3163 893 3209 et
920 3154 1178 3210 curiosus
1210 3155 1498 3224 interpres.

1091 3246 1315 3303 Hieron.
1346 3246 1640 3302 Comment.
1672 3249 1727 3301 in
1758 3245 2036 3314 Habacuc,
2065 3252 2198 3299 tam.
2230 3241 2320 3309 III,
2350 3243 2453 3297 col.
2488 3242 2647 3297 1655.

345 3340 648 3398 Sciendum
673 3353 879 3410 autem,
907 3352 968 3397 ut
996 3359 1163 3414 supra
1194 3344 1453 3409 diximus,
1475 3344 1621 3413 quod
1649 3344 1739 3398 ubi
1769 3360 1865 3415 po-
1890 3349 1934 3407 ο
1968 3341 2214 3412 ejusdem
2258 3339 2532 3409 dogmatis
2552 3379 2568 3402 ,
2619 3354 2916 3409 pauperem
2951 3355 3174 3393 sensum
3211 3344 3419 3410 secuti,
3461 3341 3566 3398 Iu-

283 3446 501 3490 snerunt
548 3434 699 3490 LXX
725 3437 924 3507 plurali
956 3452 1211 3502 numero,
1257 3446 1314 3490 ut
1365 3440 1595 3491 salvares
1641 3436 1865 3492 christos

284 3537 427 3593 tuos,
462 3528 539 3583 ibi
591 3544 715 3584 esse
758 3528 813 3582 in
849 3526 1119 3585 Hebraico
1157 3529 1392 3584 LAIESUA
1433 3546 1540 3584 E'l‘ﬂ
1585 3543 1864 3593 usssucu,

282 3620 418 3687 quod
452 3621 655 3691 Aquila
688 3620 988 3686 transtulit,
1013 3620 1069 3674 in
1096 3620 1323 3674 salutem
1347 3636 1467 3672 cum
1494 3619 1709 3674 Christo
1734 3628 1823 3673 tuo
1846 3635 1867 3673 :

282 3728 384 3768 non
417 3715 570 3785 quod
609 3713 755 3769 Deus
796 3729 1052 3785 egressus
1092 3714 1197 3780 sit,
1226 3723 1288 3768 ut
1319 3714 1554 3769 salvaret
1585 3714 1865 3785 populum,

280 3816 330 3859 et
356 3808 597 3862 salvaret
639 3806 919 3862 Christum
971 3822 1164 3873 suum;
1222 3806 1316 3862 sed
1346 3808 1493 3876 quod
1540 3807 1595 3861 in
1633 3808 1864 3861 salutem

282 3899 458 3968 populi
505 3900 720 3956 venerit
760 3915 888 3955 cum
933 3898 1157 3955 Christo
1182 3915 1303 3960 suo,
1334 3900 1490 3970 juxta
1524 3900 1655 3953 illud
1688 3898 1866 3953 Evan-

282 3993 397 4061 gelii
426 4011 440 4046 :
478 3991 648 4047 Pater
679 3993 732 4045 in
763 4008 864 4055 me,
894 4002 943 4046 et
975 4009 1069 4063 ego
1093 3993 1149 4045 in
1181 3991 1382 4055 Patre;
1418 4003 1467 4044 et
1497 3992 1662 4045 Pater
1690 3992 1745 4045 in
1782 4008 1864 4045 me

283 4100 492 4140 manens
541 4085 655 4154 ipse
708 4083 840 4153 facit
876 4100 1033 4153 opera
1082 4100 1203 4138 sua.
1262 4083 1367 4139 Sed
1392 4094 1447 4137 et
1469 4082 1669 4150 Quinta
1696 4084 1863 4137 editio

282 4174 529 4230 similiter
580 4174 862 4229 transtulit
892 4192 905 4228 :
942 4172 1200 4243 Egressus
1231 4192 1284 4229 es
1330 4177 1387 4228 in
1413 4174 1636 4230 salutem
1684 4176 1864 4246 populi

281 4267 387 4331 tui,
422 4269 478 4320 in
508 4267 743 4322 salutem
786 4283 907 4321 cum
953 4266 1163 4321 Christo
1196 4280 1305 4321 tuo.
1348 4266 1655 4322 Theodotio
1681 4276 1861 4322 autem

281 4372 399 4412 vere
425 4357 594 4429 quasi
633 4372 840 4427 pauper
880 4365 934 4412 et
955 4355 1211 4411 Ebionita
1244 4378 1255 4411 :
1294 4357 1390 4413 sed
1422 4367 1475 4412 et
1504 4357 1865 4429 Symmachus

1974 3437 2132 3491 daice
2180 3433 2576 3489 transtulerunt
2604 3451 2619 3487 :
2652 3431 2908 3503 Egressus
2946 3450 3001 3487 es
3031 3434 3085 3487 in
3132 3435 3357 3489 salutem
3384 3437 3565 3506 populi

1978 3529 2079 3595 tui,
2107 3537 2164 3581 ut
2195 3526 2429 3581 salvares
2461 3523 2736 3579 Christum
2777 3534 2962 3587 tuum;
2995 3533 3069 3589 et,
3104 3542 3340 3595 egressus
3370 3543 3423 3581 es
3453 3529 3565 3583 sal-

1974 3638 2098 3677 ναῖε
2138 3620 2390 3693 populum
2422 3629 2606 3684 tuum,
2642 3617 2848 3673 salvare
2897 3618 3170 3674 Christum
3216 3631 3383 3675 tuum.
3426 3620 3560 3677 Rem

1976 3713 2354 3769 incredibilem
2385 3711 2636 3766 dicturus
2660 3726 2781 3764 smn
2804 3749 2818 3775 ,
2868 3711 2959 3765 sed
2988 3718 3170 3765 tamen
3205 3728 3409 3767 veram.
3468 3713 3565 3772 Isti

1975 3805 2413 3863 Semichristiani
2463 3802 2689 3858 Judaice
2742 3804 3162 3869 transtulerunt,
3222 3813 3278 3859 et
3343 3801 3566 3862 Indicus

1972 3900 2169 3971 Aquila
2198 3899 2593 3968 interpretatus
2620 3905 2704 3950 est
2733 3905 2792 3950 ut
2816 3896 3187 3952 Christianus.
3244 3896 3407 3953 Sexta
3440 3900 3563 3953 edi—

1972 3992 2051 4046 tio
2077 3990 2314 4060 prodcns
2346 3986 2797 4043 manifestissime
2823 4000 3227 4043 sacramentum
3249 4030 3265 4055 ,
3297 3991 3370 4044 ita
3402 3991 3564 4044 vertit

1970 4097 2036 4137 ex
2072 4080 2302 4136 Hebraeo
2338 4102 2349 4136 :
2390 4080 2647 4151 Egressus
2676 4097 2731 4134 es
2772 4088 2831 4134 ut
2869 4081 3104 4134 salvares
3134 4082 3383 4151 populum
3413 4092 3562 4138 tuum

1968 4189 2063 4244 per
2106 4172 2293 4226 Iesum
2342 4168 2614 4226 Christum
2672 4180 2859 4235 tuum,
2915 4171 3061 4240 quod
3102 4170 3290 4227 Grmce
3334 4174 3560 4239 dicitur,

1970 4266 2195 4338 ἐξῆλθες
2224 4266 2317 4319 τοῦ
2359 4267 2532 4320 σῶσαι
2556 4267 2647 4320 τὸν
2673 4265 2800 4319 λαόν
2835 4282 2928 4318 σου
2953 4265 3043 4319 διὰ
3086 4266 3292 4338 Ἰησοῦν
3327 4266 3562 4339 Χριστόν

1973 4376 2091 4414 σου.

990 4472 1213 4529 Hieron.
1242 4473 1536 4529 Comment.
1573 4476 1627 4529 in
1666 4473 1839 4544 Epist.
1865 4475 1937 4529 ad
1972 4475 2174 4557 Titum,
2210 4486 2339 4531 tam.
2373 4475 2465 4544 IV,
2495 4476 2597 4531 col.
2635 4477 2764 4531 457.

349 4564 505 4622 Unde
541 4574 599 4620 et
640 4565 799 4621 nobis
826 4580 974 4620 cura:
1010 4563 1115 4621 fuit
1154 4582 1347 4623 omnes
1392 4568 1594 4621 veteris
1623 4566 1760 4636 legis
1793 4566 1862 4620 li-
1893 4569 1940 4626 Ι)
1968 4576 2023 4622 et
2048 4568 2287 4624 maxime
2338 4567 2391 4622 hi
2438 4568 2532 4638 qui
2575 4569 2719 4638 apud
2764 4568 3021 4626 Ichrazos
3061 4584 3221 4626 versu
3263 4569 3563 4641 compositi

279 4665 405 4723 Nos
425 4708 440 4730 ,
487 4681 635 4737 quos
676 4666 761 4719 vir
796 4665 992 4721 doetus
1032 4660 1395 4717 Adamantius
1425 4659 1479 4712 in
1507 4655 1748 4729 Hexapla
1777 4657 1865 4712 di-

281 4768 519 4827 gesserat
543 4798 560 4821 ,
592 4758 659 4812 de
686 4756 1010 4813 Caesariensi
1046 4752 1374 4810 bibliotheca
1418 4751 1762 4821 descriptos,
1796 4765 1863 4805 ex

283 4851 412 4919 ipsis
460 4850 799 4906 authenticis
832 4846 1148 4913 emendare,
1195 4846 1251 4900 in
1294 4845 1498 4911 quibus
1529 4853 1584 4897 et
1613 4845 1731 4912 ipsa
1760 4839 1868 4897 Ile-

281 4946 421 5000 braea
468 4946 712 5017 propriis
758 4951 890 5000 sunt
930 4940 1344 4997 cbaracteribus
1373 4938 1539 4992 verba
1568 4936 1862 5005 descripta,

283 5049 334 5093 et
361 5039 569 5094 Graecis
602 5037 798 5092 litteris
841 5034 1058 5089 tramite
1101 5046 1361 5102 expressa
1411 5030 1615 5084 vicino.
1667 5026 1866 5096 Aquila

286 5133 441 5187 etiam
472 5142 527 5188 et
560 5130 948 5203 Symmachus,
974 5127 1327 5198 Septuaginta
1355 5137 1575 5194 quoque
1602 5130 1657 5188 et
1683 5119 1867 5175 Theo-

284 5225 427 5279 dotio
475 5239 642 5279 suum
684 5221 934 5275 ordinem
998 5226 1201 5273 tenent.
1241 5214 1500 5271 Nonnulli
1536 5218 1673 5268 vero
1715 5209 1863 5277 libri,

1971 4669 2133 4725 sunt,
2190 4669 2304 4716 tres
2348 4660 2486 4715 alias
2534 4661 2805 4715 editiones
2840 4661 3338 4731 additashahent;
3391 4679 3559 4735 quam

1970 4745 2271 4818 Quintam,
2322 4760 2378 4806 et
2422 4750 2678 4819 Sextum,
2718 4762 2772 4807 et
2813 4750 3113 4823 Septimum
3145 4754 3559 4812 translationem

1969 4852 2202 4907 vocant,
2247 4846 2629 4899 auctoritatem
2680 4845 2801 4900 sine
2834 4846 3154 4901 nominibus
3202 4849 3557 4918 interpretum

1969 4946 2315 4993 consecutas.
2354 4936 2481 4993 Ilrcc
2512 4937 2822 4993 immortale
2850 4938 2983 4993 illud
3014 4939 3292 5010 ingenium
3324 4956 3429 4996 suo
3458 4957 3560 4997 no-

1969 5026 2058 5085 bis
2094 5029 2280 5085 labore
2308 5030 2554 5096 donavit,
2591 5038 2650 5085 ut
2695 5046 2804 5085 non
2835 5046 3167 5101 magnopere
3200 5034 3560 5103 pertimesca.

1972 5135 2099 5175 mus
2125 5121 2481 5193 supercilium
2519 5119 2833 5175 Judazorum
2856 5161 2871 5187 ,
2905 5120 3099 5176 solutis
3138 5122 3317 5187 labiis,
3349 5134 3403 5176 et
3428 5119 3561 5178 stri-

1974 5211 2135 5266 dente
2162 5211 2355 5278 saliva,
2382 5222 2433 5266 et
2458 5226 2581 5269 rasa
2607 5210 2762 5269 fauce
2788 5213 3161 5284 gaudentium.

1153 5335 1304 5390 Idem
1333 5335 1489 5405 epist.
1513 5333 1585 5388 24
1611 5331 1681 5386 ad
1719 5328 2058 5395 Marcellam,
2092 5339 2220 5384 tam.
2250 5329 2314 5396 II,
2343 5330 2447 5384 col.
2481 5330 2573 5387 6|.

346 5430 466 5490 Iam
495 5434 703 5501 pridem
740 5449 866 5490 cum
892 5432 1261 5503 voluminibus
1284 5429 1639 5484 Hebrasorum
1662 5425 1863 5481 editio-

288 5539 401 5581 nem
456 5528 669 5597 Aquila:
738 5525 1007 5591 confero;
1064 5540 1133 5578 ne
1187 5522 1317 5593 quid
1367 5521 1597 5575 forsitan
1647 5529 1867 5588 propter

288 5620 463 5673 odium
504 5618 708 5673 Christi
748 5617 1032 5687 Synagoga
1081 5614 1409 5677 mutaverit;
1460 5622 1514 5666 et
1566 5620 1624 5663 ut
1679 5609 1868 5663 amica:

1972 5425 2142 5497 menti
2168 5423 2373 5491 fatear,
2404 5442 2528 5495 quas
2553 5426 2619 5481 ad
2657 5437 2900 5483 nostram
2934 5426 3090 5484 tidem
3120 5424 3429 5499 pertineant
3466 5441 3560 5484 ro-

1972 5518 2271 5574 borandam
2300 5520 2457 5590 plura
2489 5521 2721 5590 reperio.

1173 5711 1321 5765 Idem
1344 5711 1499 5777 epist.
1534 5708 1625 5773 29,
1662 5708 1735 5761 ad
1770 5705 2021 5763 Paulam,
2051 5714 2177 5758 tom.
2216 5701 2305 5767 IV,
2339 5702 2439 5755 col.
2478 5701 2568 5757 68.

352 5772 621 5876 deorsum
672 5807 943 5864 Varronis
989 5816 1041 5865 et
1088 5807 1429 5864 Chalcenteri
1475 5804 1679 5862 mentio
1747 5801 1889 5858 facta
1957 5802 2060 5868 sit,
2123 5800 2413 5871 quaeritis?
2467 5800 2727 5857 Videlicet
2783 5808 2843 5855 ut
2892 5796 2958 5854 ad
3011 5792 3392 5853 Adamantium
3453 5810 3557 5852 ao-
