4064 6262
516 344 620 399 135
1887 334 2420 394 PMLIMINARIA
3701 342 3801 398 £38

503 469 794 532 atrumque
822 462 1247 517 Cna.centerum
1280 463 1566 517 veniamus
1598 481 1610 512 :
1642 464 1737 534 qui
1768 470 1919 518 tanto
1953 460 2136 516 studio
2176 460 2231 517 in
2271 469 2587 517 sanctarum
2623 459 3035 532 Scripturarum
3074 462 3264 517 labore
3304 463 3538 529 sudavit,
3574 472 3635 517 ιιι
3656 463 3801 533 juste

507 552 817 611 Adamantii
849 570 1047 609 nomen
1078 557 1371 626 acceperit.

1106 646 1257 701 Idem
1288 648 1343 703 in
1370 646 1628 718 Catalogo
1674 647 2013 717 Scriptorum
2043 644 2249 701 Ecctes.
2285 642 2351 697 de
2383 638 2632 710 Origene,
2663 647 2794 725 tom.
2821 636 2912 707 IV,
2944 637 3047 694 col.
3086 638 3211 693 H6.

580 763 719 833 Quis
756 765 975 835 ignorat
994 804 1011 829 ,
1040 766 1185 836 quod
1221 774 1433 823 tantum
1470 767 1524 823 in
1567 767 1869 839 Scripturis
1902 769 2106 826 divinis
2132 774 2180 835 Α
2207 764 2457 836 ejusdem
2484 762 2759 834 dogmatis
2785 780 2799 817 :
2824 762 2920 833 qui
2950 761 3005 817 in
3039 760 3397 833 Evangelium
3418 776 3639 833 quoque
3660 765 3801 819 κατὰ

503 856 762 915 habuerit
792 859 985 926 studii,
1022 860 1272 915 utetiam
1306 859 1591 916 llebrmam
1628 863 1875 933 linguam
1909 870 2106 918 contra
2209 856 2492 914 Ματθαῖον
2535 854 2760 925 scripsit
2784 852 3265 919 Commentarios.
3292 854 3363 910 dc
3392 870 3505 926 quo
3545 866 3603 911 et
3640 871 3797 911 suum

507 950 683 1006 a-tatis
711 951 1001 1023 gentisque
1034 967 1150 1008 sua:
1177 964 1431 1008 naturam
1453 955 1760 1009 edisceret:
1788 963 1843 1009 et
1867 954 2108 1025 acceptis
2208 951 2408 1024 dogma
2457 948 2786 1006 confirmare
2834 956 3088 1005 conatur.
3137 948 3410 1005 Praeterea
3440 948 3697 1016 Quintam
3747 958 3799 1004 et

507 1039 651 1096 LXX
682 1040 1095 1114 htterpretibus,
1130 1044 1269 1100 alias
1289 1059 1510 1116 quoque
1540 1045 1812 1101 editiones
1847 1047 1903 1099 in
1934 1062 2104 1099 unum

507 1135 761 1191 volumen
793 1146 1195 1207 congregaret;
1227 1138 1440 1208 Aquila:
1480 1138 1695 1194 scilicet
1738 1137 1949 1193 Pontici
1984 1153 2110 1208 pro-

2211 1041 2436 1098 Sextam
2460 1050 2515 1097 et
2549 1039 2852 1112 Septimam
2886 1040 3208 1107 editionem,
3237 1055 3380 1112 quas
3410 1041 3576 1097 etiam
3602 1056 3708 1095 nos
3736 1041 3801 1095 de

2208 1134 2332 1203 ejus
2362 1132 2693 1189 bibliotheca
2724 1131 3023 1197 habemus,
3069 1134 3213 1189 miro
3255 1132 3445 1189 labore
3476 1134 3713 1205 reperit,
3748 1142 3802 1190 et

506 1226 709 1300 selyti.
759 1237 817 1285 et
876 1227 1276 1287 Theodouonis
1334 1230 1619 1296 Ebiontei,
1681 1238 1739 1287 et
1790 1229 2109 1303 Symmachi
2209 1241 2336 1281 cum
2368 1225 2583 1281 caeteris
2614 1223 2950 1282 editionibus
2977 1225 3337 1294 comparavit.

1328 1346 1552 1403 Hieron.
1584 1350 1740 1419 epist.
1780 1348 1853 1404 55
1879 1349 1948 1401 ad
1989 1345 2416 1410 Pammachium,
2450 1351 2579 1398 tom.
2610 1340 2701 1407 Ill,
2729 1342 2831 1396 col.
2870 1341 2942 1397 25

576 1433 685 1489 Sed
710 1434 844 1504 quid
876 1432 1146 1493 faciemus
1176 1436 1248 1492 ad
1273 1439 1624 1493 authenticos
1658 1440 1852 1504 libros,
1890 1438 1945 1492 in
1979 1438 2107 1506 qui-

504 1528 609 1584 bus
640 1529 754 1585 hac
783 1544 893 1585 non
927 1528 1179 1586 feruntur
1212 1531 1474 1601 ascripta,
1511 1541 1568 1585 et
1600 1540 1798 1585 caetera
1832 1530 1918 1584 his
1951 1530 2107 1584 simi-

502 1619 578 1675 lia
600 1661 617 1678 .
647 1635 772 1689 quin
812 1624 860 1676 si
889 1619 1135 1692 proferre
1179 1624 1424 1677 nitamur
1444 1664 1458 1687 ,
1490 1623 1720 1678 inlinitis
1775 1622 1932 1677 libris
1962 1636 2105 1692 opus

502 1721 591 1766 est
612 1712 637 1764 Τ
660 1710 833 1766 Porro
870 1722 1076 1782 quanta
1110 1711 1453 1777 dimiserint,
1492 1713 1575 1768 vel
1608 1714 1857 1770 asterisci
1895 1723 2062 1769 testes
2084 1753 2101 1778 ,

505 1811 566 1857 nt
597 1802 734 1865 dixi,
765 1812 916 1867 sunt,
948 1804 1031 1858 vel
1063 1813 1251 1859 nostra
1281 1806 1679 1876 interpretatio,
1712 1807 1758 1861 si
1790 1820 1821 1858 a
1851 1805 2099 1876 diligenti

504 1893 711 1950 lectore
742 1895 1087 1951 translationi
1109 1896 1277 1951 veteri
1306 1895 1653 1953 conferatur:
1686 1907 1742 1952 et
1767 1908 1949 1952 tamen
1971 1898 2101 1967 jure

503 1984 645 2041 LXX
693 1989 864 2045 editio
906 1988 1146 2045 obtinuit
1192 1989 1246 2044 in
1282 1986 1585 2058 Ecclesiis,
1630 1991 1712 2045 vel
1742 1992 1874 2060 quia
1921 1990 2098 2060 prima

502 2088 590 2135 est
614 2118 630 2142 ,
666 2088 721 2135 et
749 2089 879 2136 ante
921 2079 1127 2137 Christi
1174 2080 1319 2137 facta
1366 2083 1660 2137 adventum
1689 2099 1703 2149 ;
1750 2082 1833 2137 vel
1866 2082 1997 2152 quia
2029 2082 2101 2136 ab

499 2172 767 2242 apostolis
797 2173 892 2245 (in
922 2173 1125 2245 quibus
1154 2187 1334 2230 tamen
1362 2175 1433 2231 ab
1458 2174 1727 2230 Hebraico
1753 2190 1862 2230 non
1892 2176 2100 2231 discre-

500 2264 634 2337 pat)
668 2274 957 2337 usurpata.
988 2268 1189 2339 Aquila
1220 2278 1404 2323 autem
1440 2270 1751 2340 proselytus
1777 2277 1832 2324 et
1862 2277 2096 2324 conten-

2212 1436 2387 1491 tiosus
2417 1434 2687 1504 interpres
2708 1474 2723 1498 .
2755 1434 2852 1503 qui
2886 1448 2995 1489 non
3030 1433 3212 1489 solum
3241 1434 3429 1499 verba,
3465 1433 3563 1490 sed
3589 1442 3800 1507 etymo-

2208 1525 2383 1595 logias
2402 1539 2624 1596 quoque
2649 1524 2943 1580 verborum
2970 1524 3271 1579 transferre
3294 1535 3528 1582 conatus
3544 1536 3651 1592 est,
3674 1526 3801 1598 jure

2209 1617 2501 1688 projicitur
2533 1632 2565 1673 a
2599 1617 2779 1673 nobis.
2813 1615 2951 1683 Quis
2982 1617 3130 1673 enim
3161 1633 3261 1688 pro
3294 1618 3563 1688 fnmto
3592 1628 3648 1675 et
3680 1620 3802 1676 nino

2207 1720 2264 1767 et
2298 1712 2415 1766 oleo
2459 1711 2668 1782 possit,
2701 1710 2785 1766 vel
2817 1710 3029 1781 legere,
3076 1711 3163 1767 vel
3195 1711 3498 1783 intelligere
3523 1750 3539 1778 ,
3578 1711 3799 1784 χεῦμα,

2206 1804 2551 1875 ὀπωρισμδν,
2571 1803 2959 1876 στιλπνότητα,
2980 1804 3127 1874 quod
3148 1819 3253 1858 non
3279 1818 3574 1874 possumus
3592 1807 3795 1873 dicere,

2205 1900 2491 1968 fusionem,
2521 1899 2976 1969 pomationemqtte
2999 1909 3051 1953 et
3080 1898 3465 1969 splendentium
3482 1900 3507 1954 Ἰ
3526 1902 3639 1957 Aut
3666 1904 3798 1971 quia

2206 1988 2419 2046 Hebraei
2453 2006 2560 2045 non
2592 1990 2771 2046 solum
2801 1990 3004 2046 habent
3028 1990 3228 2063 ἄρθρα,
3255 1992 3347 2047 sed
3376 1998 3433 2048 et
3467 1992 3756 2066 πρόαρθρα
3778 2031 3798 2059 ,

2202 2083 2296 2139 ille
2325 2083 2668 2155 κακοζήλως,
2698 2091 2752 2137 et
2784 2082 3025 2153 syllabas
3061 2084 3452 2153 interpretatur
3477 2096 3533 2141 et
3562 2085 3795 2152 litteras.

2201 2175 2446 2248 dicitque
2485 2177 2584 2229 σὺν
2607 2177 2701 2230 τὸν
2739 2176 3007 2247 οὐρανὸν,
3060 2174 3157 2230 καὶ
3191 2176 3289 2230 σὺν
3329 2175 3430 2250 τὴν
3475 2176 3610 2250 γῆν,
3646 2177 3796 2249 (ιιιοὰ

2204 2267 2395 2324 Graeca
2423 2277 2480 2325 et
2510 2267 2705 2324 Latina
2739 2269 2929 2342 lingua
2960 2270 3189 2327 omnino
3215 2285 3327 2333 non
3363 2272 3588 2342 recepit.

1316 2384 1543 2441 Hieron.
1572 2385 1835 2457 Apologia
1856 2385 2067 2446 advers.
2103 2384 2380 2457 Ruﬁnam,
2406 2394 2536 2441 tom.
2570 2384 2665 2453 IV,
2692 2387 2797 2444 col.
2824 2386 2955 2443 363.

589 2501 750 2557 Certe
789 2502 957 2557 etiam
996 2500 1264 2571 Origenes
1307 2502 1655 2573 patriarchen
1708 2501 1978 2569 Huillum,
2018 2505 2113 2574 qui
2142 2516 2186 2573 η
2215 2505 2622 2578 Octogesimum
2655 2519 2877 2578 quoque
2910 2519 3114 2561 nonum
3140 2506 3445 2575 psalmum,
3474 2504 3569 2578 qui
3596 2506 3795 2563 scribi-

500 2595 842 2665 temporibus
869 2594 993 2665 ejus
1022 2594 1157 2661 fuit,
1195 2597 1485 2657 nominat:
1532 2607 1589 2652 et
1624 2596 1969 2654 tricesimum
2014 2607 2099 2653 to-

500 2702 654 2742 rnum
684 2687 739 2742 in
769 2684 1048 2753 Hessiam,
1075 2688 1131 2743 in
1166 2689 1325 2757 cujus
1360 2691 1466 2743 line
1495 2690 1749 2745 edisserit
1781 2709 1793 2745 :
1838 2689 1929 2746 Va:
1956 2689 2093 2753 tibi,

499 2781 691 2835 civitas
722 2779 890 2847 Ariel,
918 2796 1079 2851 quam
1105 2782 1427 2852 expugnavit
1452 2780 1655 2846 David.
1695 2783 1843 2839 illius
1870 2782 2095 2854 exposi—

504 2873 657 2929 tione
703 2873 1023 2939 concludit;
1068 2884 1284 2930 etcum
1336 2876 1496 2931 aliter
1539 2876 1694 2949 prius
1742 2880 1985 2934 sensisse
2036 2891 2097 2933 se

498 2968 674 3036 dicat,
701 2966 924 3025 doctum
955 2966 1027 3022 ab
1053 2967 1148 3023 illo
1175 2968 1230 3023 id
1259 2957 1405 3023 quod
1434 2978 1517 3024 est
1544 2970 1751 3036 verius,
1779 2970 2093 3024 confitetur.

2201 2608 2329 2653 tur:
2355 2597 2548 2655 Oratio
2574 2597 2748 2669 Moysi
2776 2599 3004 2653 hominis
3029 2597 3150 2666 Dei,
3173 2608 3229 2655 et
3250 2599 3490 2670 reliquos
3513 2599 3791 2663 undecim,

2200 2689 2296 2761 qui
2316 2686 2435 2744 non
2469 2687 2673 2744 habent
2703 2688 2927 2753 titulos,
2959 2691 3261 2745 secundum
3290 2687 3457 2745 Huilli
3484 2691 3791 2761 expositio-

2199 2796 2325 2837 nem
2353 2820 2369 2845 ,
2420 2780 2667 2850 ejusdem
2718 2777 2893 2851 Moysi
2941 2790 3137 2850 putat:
3170 2796 3271 2837 nec
3319 2779 3646 2853 dedignatur
3675 2779 3793 2837 He-

2198 2871 2405 2927 brwam
2450 2871 2791 2941 Scripturam
2830 2872 3232 2942 interpretans,
3278 2887 3375 2944 per
3408 2873 3623 2947 singula
3668 2874 3792 2931 loca

2198 2963 2335 3034 quid
2363 2961 2607 3019 Hebraeis
2634 2964 2886 3019 videatur
2911 2964 3175 3021 inserere.

1460 3083 1611 3141 Idem
1633 3087 1756 3142 adv.
1786 3084 2059 3156 Rufinam,
2092 3084 2135 3142 ι.
2164 3098 2227 3151 It,
2264 3091 2392 3137 tom.
2425 3080 2519 3148 IV,
2553 3097 2655 3137 cat.
2679 3081 2807 3137 423.

571 3198 729 3266 Quod
763 3208 824 3256 nt
852 3199 1110 3257 auderem
1135 3243 1153 3267 ,
1186 3201 1440 3273 Origenis
1469 3217 1556 3257 me
1610 3202 1853 3258 studium
1887 3216 2090 3271 provo-

496 3296 641 3350 cavit
666 3336 680 3358 ,
718 3295 814 3364 qui
856 3293 1084 3349 editioni
1113 3296 1353 3364 antiqua:
1388 3294 1804 3350 translationem
1834 3290 2090 3347 Theodo—

496 3386 669 3440 tionis
712 3385 967 3451 miscuit,
1015 3386 1280 3442 asterisco
1325 3390 1393 3455 Χ
1434 3396 1491 3440 et
1528 3384 1770 3441 obelisco
1802 3399 1890 3452 ψ,
1923 3384 1975 3439 id
2004 3391 2091 3439 est

497 3476 653 3533 stella
680 3484 737 3532 et
765 3491 897 3532 veru
948 3491 1089 3535 onus
1126 3494 1292 3534 omne
1317 3478 1665 3548 distinguens
1692 3496 1705 3532 :
1736 3477 1867 3531 dum
1899 3484 1995 3530 aut
2024 3476 2091 3530 il-

2195 3198 2477 3255 lucescere
2508 3195 2640 3253 facit
2664 3212 2787 3268 qua:
2818 3198 3005 3254 minus
3029 3208 3156 3255 ante
3185 3198 3442 3267 fuerant;
3469 3206 3564 3256 aut
3597 3212 3789 3270 super.

2196 3288 2304 3344 flua
2339 3303 2572 3359 qumque
2608 3288 2823 3361 jugulat
2863 3297 2919 3345 et
2954 3287 3199 3346 confodit
3229 3308 3242 3343 :
3286 3290 3629 3361 maximeque
3662 3307 3789 3362 qua

2196 3381 2655 3452 evangelistarum
2688 3390 2745 3437 et
2772 3385 3149 3453 apostolorum
3193 3383 3495 3441 auctoritas
3536 3387 3787 3456 promul-

2195 3473 2358 3545 gavit.

1349 3587 1574 3645 Hieron.
1604 3589 1761 3658 epist.
1790 3586 1883 3653 45,
1914 3588 1982 3640 ad
2011 3584 2348 3649 Marcellam,
2372 3594 2501 3643 tam.
2546 3584 2614 3652 ll,
2642 3587 2749 3644 col.
2777 3586 2903 3643 552.

569 3702 894 3758 Ambrosinus
920 3744 935 3769 ,
973 3720 1085 3775 quo
1113 3705 1356 3770 chartas,
1392 3715 1667 3775 sumptus,
1694 3705 1941 3762 notarios
1973 3706 2085 3761 mi-

496 3793 802 3862 nistrante,
831 3806 941 3850 tam
971 3797 1402 3853 innumerabiles
1434 3798 1603 3853 libros
1644 3812 1771 3854 vere
1808 3798 2090 3852 Adaman-

494 3884 610 3940 tius
628 3924 643 3947 ,
675 3893 731 3939 et
758 3883 1156 3941 Chalcenterus
1188 3894 1375 3940 noster
1400 3883 1727 3956 esplicavit,
1765 3883 1820 3939 in
1846 3884 2087 3955 quadam

493 3974 726 4045 epistola
750 4015 768 4042 ,
792 3989 958 4045 quam
988 3975 1059 4030 ad
1097 3975 1353 4031 eumdem
1382 3976 1452 4030 de
1490 3974 1722 4031 Athenis
1753 3975 2089 4046 scripserat,

2189 3704 2363 3762 refert
2404 3720 2687 3776 nunquam
2724 3720 2787 3761 se
2828 3706 3013 3761 cibum
3061 3703 3294 3777 Origene
3345 3716 3614 3779 praesente
3658 3709 3783 3765 sine

2187 3797 2421 3854 lectione
2447 3800 2772 3868 sumpsisse.
2812 3813 3094 3868 nunquam
3133 3800 3325 3856 iniisse
3358 3816 3639 3869 somnum,
3670 3800 3784 3859 nisi

2192 3903 2339 3944 unus
2368 3902 2401 3943 e
2430 3886 2692 3943 fratribus
2727 3888 2901 3944 sacris
2928 3888 3127 3943 litteris
3157 3899 3497 3960 personaret.

1310 4084 1533 4142 Hieron.
1566 4086 1723 4155 epist.
1759 4083 1854 4151 74,
1886 4085 1957 4138 ad
1982 4086 2366 4157 Augustinum,
2399 4092 2530 4137 tom.
2558 4082 2649 4150 IV,
2679 4083 2781 4138 col.
2813 4082 2940 4141 626.

562 4212 721 4278 Quod
748 4218 931 4267 autem
959 4209 1015 4265 in
1061 4210 1185 4268 aliis
1207 4210 1410 4281 quaris
1457 4209 1706 4280 epistolis
1728 4251 1745 4275 ,
1790 4225 1892 4265 cur
1926 4209 2075 4278 prior
2101 4214 2145 4271 α
2178 4206 2246 4262 Et
2275 4209 2444 4262 miror
2472 4207 2751 4278 quomodo
2784 4205 2927 4261 LXX
2962 4206 3324 4277 lnterpretum
3363 4204 3536 4262 libros
3600 4221 3729 4277 egas
3752 4247 3773 4276 ,

495 4320 618 4361 mea
676 4305 733 4359 in
795 4303 953 4358 libris
1007 4304 1290 4359 canonicis
1355 4303 1731 4372 interpretatio
1788 4302 2083 4357 asteriscos

496 4396 693 4451 habeat
746 4403 802 4449 et
848 4393 1090 4463 virgulas
1138 4403 1516 4464 praenotatas;
1570 4403 1625 4447 et
1676 4386 1863 4463 postea
1916 4392 2081 4447 aliam

502 4485 917 4541 translationem
957 4483 1164 4553 absque
1205 4482 1292 4538 his
1335 4482 1507 4552 signis
1536 4481 1840 4547 ediderim,
1881 4479 2087 4537 videris

491 4578 628 4633 mihi
655 4592 764 4632 non
792 4575 1093 4645 intelligere
1123 4573 1270 4645 quod
1300 4574 1569 4645 quaesisti.
1610 4570 1706 4627 Illa
1737 4573 1885 4627 enim
1914 4572 2085 4627 inter-

490 4669 722 4740 pretatio
755 4665 902 4723 LXX
940 4664 1307 4736 lnterpretum
1339 4674 1460 4721 est:
1507 4673 1563 4719 et
1608 4664 1923 4734 ubicunque
1966 4663 2083 4716 vir-

491 4761 667 4831 gulas,
698 4760 753 4814 id
796 4766 882 4813 est
911 4757 1092 4823 obeli,
1126 4764 1293 4820 sunt,
1337 4757 1681 4827 significatur
1727 4754 1878 4826 quod
1934 4752 2079 4809 LXX

490 4853 617 4923 plus
641 4850 887 4905 dixerint
912 4863 1081 4919 quam
1110 4848 1342 4903 habetur
1373 4849 1428 4902 in
1460 4844 1690 4903 Hebreo
1718 4863 1735 4915 ;
1768 4847 1862 4902 ubi
1896 4861 2080 4902 autem

493 4944 777 5008 asterisci,
819 4944 875 4998 id
916 4951 1002 4999 est
1037 4942 1268 4998 stellula:
1297 4943 1688 5012 przelucentes,
1729 4954 1800 4998 ex
1829 4939 2080 4996 Theodo-

492 5038 657 5094 tionis
711 5018 953 5091 editione
1002 5035 1075 5089 ab
1125 5033 1361 5105 Origene
1411 5034 1659 5089 additum
1708 5042 1831 5089 est:
1881 5042 1938 5088 et
2001 5033 2079 5089 ibi

491 5132 679 5187 Graeca
707 5128 1113 5191 transtulimus,
1143 5128 1233 5184 hic
1258 5127 1326 5183 de
1370 5128 1488 5197 ipso
1522 5125 1791 5183 Hebraico
1821 5127 1971 5197 quod
1999 5127 2082 5180 ln-

490 5222 871 5293 telligebamus
888 5219 1280 5289 expressimus.
1305 5235 1565 5273 sensuum
1593 5219 1771 5289 potius
1793 5219 2077 5275 veritatem

491 5331 657 5387 quam
706 5313 1001 5369 verborum
1036 5313 1288 5369 ordinem
1339 5313 1615 5368 interdum
1660 5322 2076 5369 conservantes.

2191 4318 2301 4357 non
2329 4316 2535 4372 puros,
2565 4311 2625 4355 ut
2662 4301 2732 4357 ab
2769 4302 2850 4355 eis
2903 4300 3037 4355 editi
3079 4310 3227 4364 sunt,
3270 4300 3365 4356 sed
3412 4299 3482 4355 ab
3533 4298 3772 4371 Origene

2191 4392 2533 4457 emendatos,
2565 4392 2681 4449 sive
2707 4401 2998 4463 corruptos
3032 4407 3127 4462 per
3154 4392 3340 4448 obelos
3367 4401 3423 4447 et
3447 4393 3773 4462 asteriscos;

2188 4494 2244 4540 et
2281 4482 2586 4540 Christiani
2625 4485 2869 4541 hominis
2909 4484 3507 4554 interpretatiunculam
3545 4500 3654 4540 non
3684 4501 3776 4541 se-

2189 4577 2401 4649 quaris.
2435 4576 2739 4647 praesertim
2772 4591 2901 4632 cum
2928 4591 2994 4631 ea
3021 4591 3145 4647 quae
3172 4576 3357 4633 addita
3387 4585 3517 4633 sunt
3534 4618 3550 4644 ,
3577 4592 3645 4633 ex
3674 4577 3774 4634 ho-

2190 4668 2355 4722 minis
2372 4666 2548 4721 Judazi
2572 4676 2735 4736 atque
2754 4666 3056 4735 blasphemi
3073 4674 3197 4739 post
3212 4668 3523 4737 passionem
3539 4669 3773 4737 Christi,

2186 4763 2428 4819 editione
2454 4761 2814 4816 transtulerit.
2844 4759 2939 4816 Vis
2966 4770 3181 4817 amator
3201 4775 3321 4817 esse
3346 4775 3511 4818 verus
3542 4760 3777 4833 Septua-

2187 4855 2335 4926 ginta
2365 4851 2727 4922 lnterpretum
2750 4852 2774 4904 ἲ
2800 4850 2923 4905 Non
2950 4849 3101 4920 legas
3125 4865 3187 4905 ea
3212 4864 3337 4920 quae
3362 4850 3467 4906 sub
3492 4849 3776 4908 asteriseis

2187 4956 2336 5009 sunt,
2370 4947 2484 5001 imo
2520 4947 2648 5000 rade
2677 4945 2746 4999 de
2772 4944 3165 5009 voluminibus,
3198 4952 3259 4997 ut
3291 4952 3535 4999 veterum
3568 4953 3621 4999 te
3647 4943 3775 4999 fan-

2185 5047 2361 5093 torem
2393 5038 2611 5108 probes.
2654 5035 2813 5104 Quod
2845 5036 2891 5092 si
2936 5035 3130 5091 feceris
3156 5076 3172 5099 ,
3204 5035 3452 5090 omnium
3491 5034 3770 5092 Ecclesia-

2188 5148 2312 5187 rum
2346 5130 2709 5187 bibliothecas
2732 5130 2994 5184 damnare
3020 5128 3259 5199 cogeris.
3308 5125 3404 5182 Vix
3438 5128 3585 5182 enim
3623 5143 3770 5184 unus

2186 5230 2282 5277 aut
2311 5222 2447 5275 alter
2477 5219 2784 5274 invenietur
2816 5218 2953 5273 liber
2979 5218 3073 5289 qui
3104 5218 3207 5274 ista
3235 5232 3347 5273 non
3380 5217 3596 5273 habeat.

1178 5432 1397 5491 Hieron.
1425 5436 1581 5503 epist.
1612 5437 1682 5489 ad
1730 5433 2065 5487 Vincentium
2094 5439 2144 5487 et
2168 5430 2495 5493 Gallienum,
2527 5438 2656 5482 tom.
2685 5424 2775 5489 ιν,
2805 5424 2906 5479 col.
2936 5423 3061 5479 805.

561 5572 929 5639 Quamobrem
957 5571 1251 5642 Aquila,et
1279 5571 1662 5642 Symmachus,
1692 5578 1746 5623 et
1771 5568 2073 5624 Theodotio
2179 5564 2387 5622 teribus
2428 5566 2755 5633 discrepare.
2796 5562 2997 5631 Quinta
3040 5571 3222 5617 autem
3264 5569 3319 5617 et
3348 5560 3516 5616 Sexta
3552 5569 3607 5615 et
3659 5557 3748 5614 Se-

490 5661 724 5725 incitati,
755 5662 1031 5717 diversum
1059 5676 1196 5732 pene
1228 5676 1368 5731 opus
1400 5665 1453 5715 in
1478 5661 1668 5716 eodem
1696 5674 1858 5730 opere
1890 5659 2068 5728 prodi-

492 5756 731 5815 derunt;
768 5752 876 5808 alio
916 5756 1123 5809 nitente
1163 5755 1385 5808 verbum
1423 5754 1488 5808 de
1528 5754 1693 5807 verba
1728 5752 2070 5823 exprimere,

497 5849 605 5902 alio
638 5863 857 5902 sensum
888 5846 1069 5917 potius
1101 5848 1277 5918 sequi,
1316 5848 1478 5901 tertio
1510 5860 1616 5902 non
1648 5846 1879 5901 multum
1906 5860 1941 5923 .a
1977 5860 2071 5901 ve-

2180 5658 2350 5727 ptima
2399 5656 2603 5717 editio,
2654 5654 2781 5709 licet
2833 5654 3034 5725 quibus
3066 5661 3400 5709 censeantur
3432 5652 3754 5708 auctoribus

2181 5752 2463 5821 ignoretur
2489 5791 2501 5814 ,
2539 5758 2719 5803 tamen
2752 5748 2826 5801 ita
2873 5744 3209 5817 probabilem
3254 5745 3340 5799 sui
3384 5743 3758 5799 diversitatem:

2184 5851 2399 5901 tenent.
2435 5849 2492 5896 ut
2521 5837 2903 5896 auctoritatem
2935 5837 3054 5895 sine
3084 5832 3401 5891 nominibus
3436 5834 3757 5892 meruerint.
