4064 6262
245 318 327 370 157
1315 319 1743 379 TESTIMONIA
1782 319 1851 375 ΙΝ
1894 318 2045 373 VET.
2090 318 2389 374 INTERPR
3400 322 3505 380 I38

1274 440 1358 496 E1.
1394 442 1589 512 Ruﬁno
1628 441 1773 495 Hist.
1796 442 1924 496 εστι.
1967 442 2059 494 lib.
2095 457 2171 507 vr,
2206 458 2324 510 cap.
2354 441 2438 496 l5.

300 552 713 612 Famosissimns
767 556 895 615 illos
951 557 1169 614 codices
1222 561 1435 630 primus
1494 560 1807 631 composuit
1835 564 1879 621 Λ
1909 559 2165 629 scripsit,
2204 560 2275 614 ita
2312 566 2371 614 ut
2402 558 2580 628 primo
2622 558 2873 615 omnium
2909 559 3026 630 ipsa
3074 556 3300 615 Hebraea
3332 558 3498 614 verba

238 642 494 716 Origenes,
532 646 587 699 in
622 647 831 717 quibus
861 661 958 718 per
988 647 1235 719 singulas
1284 650 1632 704 eolumnulas
1663 664 1693 703 e
1725 665 1813 704 re-
1918 650 2203 707 Hebraicis
2242 652 2439 707 litteris
2468 660 2727 721 poneret,
2762 652 3006 708 secundo
3031 650 3087 706 in
3133 652 3251 706 loco
3284 666 3380 721 per
3408 664 3501 705 or-

236 742 378 811 gione
402 743 703 812 separatim
739 760 881 816 opus
914 744 1228 815 interpretis
1260 745 1697 817 uniuscujusque
1720 745 1817 801 de~
1918 747 2097 803 dinem
2126 748 2329 804 Graecis
2357 747 2571 802 litteris.

1141 865 1469 921 Philastrius
1496 866 1795 920 Brixieusis
1829 866 1904 921 De
1934 868 2241 933 hazresibus,
2283 884 2427 923 num.
2455 867 2543 923 90.

294 978 425 1036 Sunt
453 984 701 1040 haeretici
755 986 851 1055 qui
877 1027 893 1052 ,
953 986 1115 1042 sicuti
1171 986 1529 1058 Septuaginta
1578 987 1811 1042 duorum
1918 992 2041 1049 cuia
2072 993 2352 1060 concipiet,
2376 1000 2426 1045 et
2456 991 2629 1060 pariet
2656 989 2830 1060 ﬁlium
2854 1006 2873 1054 ;
2900 997 2952 1042 et
2973 1003 3161 1043 nomen
3189 986 3327 1057 ejus,
3356 1005 3379 1039 ‹
3404 1002 3500 1056 po-

232 1082 523 1177 sanctorum
567 1077 1219 1148 sapientissimorumque
1254 1080 1497 1134 virorum
1547 1079 1814 1149 interpre-
1918 1092 2029 1137 (ens
2078 1101 2199 1137 cum
2243 1082 2543 1137 hominibus
2600 1102 2619 1133 ι
2673 1080 2807 1147 Quae
2852 1080 3074 1151 quidem
3121 1080 3168 1136 si
3195 1080 3287 1151 pio
3330 1094 3498 1134 sensu

233 1170 470 1263 tationem
524 1179 860 1263 respuentes
883 1215 899 1235 .
951 1171 1162 1242 Aquilae
1216 1172 1505 1241 cujusdam
1563 1172 1807 1228 hominis
1917 1174 2169 1229 lectionis
2195 1183 2417 1245 accepta
2441 1172 2665 1240 fuerint,
2690 1171 2836 1245 quod
2865 1170 3021 1227 fortis
3041 1179 3096 1226 et
3117 1183 3309 1241 potens
3336 1186 3498 1225 nemo

234 1261 378 1315 unius
402 1259 643 1326 Pontici,
678 1262 774 1332 qui
810 1271 934 1334 post
965 1278 1143 1318 annos
1184 1264 1389 1318 multos
1421 1264 1811 1333 interpretatus
1915 1265 2020 1320 nisi
2056 1264 2310 1320 Christus
2343 1264 2487 1320 Deus
2512 1264 2607 1320 Dei
2642 1266 2712 1321 sit
2734 1263 2926 1331 Filius,
2961 1271 3108 1319 recte
3134 1262 3418 1331 intelligit;
3449 1261 3495 1316 si

230 1363 335 1415 es"
382 1353 805 1410 πάίῆωιίοηεω
849 1355 1179 1424 ευδεῖρῖυηι-
1230 1354 1333 1421 Qui
1383 1371 1508 1409 cum
1557 1354 1808 1425 quaedam
1914 1369 2097 1413 autem
2125 1359 2193 1413 de
2244 1374 2309 1411 eo
2357 1358 2609 1425 dubitat,
2642 1357 2945 1428 abjicienda
2991 1364 3045 1412 et
3078 1356 3379 1425 spernenda
3414 1366 3499 1409 est

231 1448 667 1515 Ρτπίεΐπείιιεῐθ,
714 1446 1039 1508 necessitate
1071 1456 1332 1518 urgente,
1364 1456 1498 1501 tunc
1547 1447 1808 1516 temporis
1909 1454 2036 1507 talis
2066 1452 2251 1508 editio.
2290 1451 2445 1509 Unde
2481 1452 2654 1508 Judaei
2697 1467 2806 1507 non
2852 1448 3210 1520 Septuaginta
3258 1448 3495 1499 duorum

228 1549 557 1607 cogerentur,
591 1538 939 1593 dissonantia
979 1546 1243 1609 putantur
1273 1538 1533 1593 dictasse.
1563 1534 1614 1593 ls
1645 1537 1811 1593 veluti
1912 1545 2392 1616 "mel-pretationes
2446 1545 2681 1608 habent,
2716 1543 2810 1614 qui
2861 1542 2930 1598 de
2976 1540 3137 1596 pauc
3180 1547 3235 1594 ει
3270 1538 3410 1592 Filio
3440 1542 3497 1589 ει

230 1629 335 1699 plus
358 1643 391 1684 a
427 1630 768 1701 quibusdam
806 1628 1009 1686 Iudaeis
1044 1631 1283 1685 maxime
1314 1630 1649 1685 intellexisse
1684 1630 1808 1685 lau-
1913 1645 2105 1691 sancto
2136 1634 2341 1706 Spiritu
2374 1635 2511 1690 bene
2544 1634 2862 1698 sentientes,
2902 1647 3067 1687 unam
3097 1630 3495 1696 substantiam,

230 1723 393 1788 datur,
419 1738 546 1779 cum
577 1724 654 1779 de
680 1723 843 1780 Patre
870 1733 924 1779 et
947 1723 1108 1789 Filio,
1140 1741 1247 1779 non
1281 1724 1441 1779 sicuti
1476 1723 1557 1778 illi
1594 1723 1810 1790 priores
1914 1729 2259 1784 divinitatem
2280 1767 2295 1789 ,
2343 1725 2685 1796 maiestatem
2739 1725 3099 1782 enuntiarunt
3128 1741 3141 1785 ;
3198 1724 3294 1778 sed
3347 1721 3497 1778 illius

230 1815 288 1871 de
310 1816 442 1887 lege,
465 1815 805 1881 dictaverit;
834 1815 1189 1887 Septuaginta
1208 1817 1353 1870 enim
1378 1816 1490 1869 duo
1514 1814 1807 1870 dixerunt:
1846 1802 1886 1857 Β
1915 1819 2159 1889 Aquilae,
2191 1819 2285 1890 qui
2319 1834 2425 1874 non
2462 1818 2538 1873 ita
2577 1826 2727 1874 recte
2760 1816 2927 1873 sentit
2952 1817 3021 1871 de
3050 1815 3190 1870 Filio
3219 1814 3314 1868 Dei
3339 1851 3356 1877 .
3397 1812 3497 1869 sed

234 1910 474 1963 Adm‘”
509 1908 809 1963 θοππίπνπδ
834 1950 849 1971 ν
909 1918 964 1963 ⁸⁸
1015 1909 1267 1963 adversus
1324 1905 1593 1962 ωπίδίυῐη
1655 1907 1812 1975 εἱειδὶ
1915 1912 2071 1983 quasi
2110 1911 2177 1967 de
2222 1911 2487 1982 propheta
2518 1910 2869 1966 nuntiaverit.
2904 1906 3059 1965 Unde
3097 1905 3497 1976 interpretatio-

231 2002 406 2072 Aquila
448 2004 959 2058 autemzAdvcraus
985 2002 1293 2067 Dominum,
1331 2010 1384 2056 et
1429 2001 1813 2068 adversus.un-
1918 2020 2017 2061 nes
2061 2006 2183 2075 ejus
2211 2005 2265 2059 in
2313 2005 2497 2059 medio
2527 2003 2793 2060 librorum
2839 2015 3120 2073 nunquam
3173 2008 3493 2070 ponuntur,

232 2105 359 2147 ctum
394 2097 531 2163 ejus.
578 2094 651 2149 Et
695 2096 897 2151 iterum
949 2094 1306 2165 Septuaginta
1352 2091 1464 2149 duo
1509 2092 1807 2147 dixerunt:
1915 2097 2011 2153 sed
2041 2096 2248 2151 deum
2294 2096 2550 2166 laevaeque
2582 2096 2978 2165 assignantur:
3013 2098 3070 2147 et
3112 2100 3174 2147 ut
3203 2089 3495 2145 contrariae

235 2187 352 2244 εστι
381 2188 525 2260 υίτθο
554 2189 842 2259 concipi“,
871 2197 920 2244 σε
943 2188 1114 2256 Pati“
1143 2187 1319 2255 ﬁlium
1342 2199 1362 2250 ἶ
1383 2194 1434 2239 ει
1462 2200 1650 2239 nomen
1670 2184 1807 2253 cit-'8.
1918 2199 1975 2246 et
2004 2204 2113 2245 non
2141 2190 2313 2261 plenae
2343 2189 2614 2250 veritatis,
2646 2188 2721 2243 ita
2749 2187 3002 2259 leguntur
3026 2198 3057 2241 a
3084 2184 3356 2256 plurimis,
3381 2190 3488 2239 etc.

239 2302 254 2334 ι
283 2284 414 2337 Deus
440 2283 749 2338 nobiscum.
786 2301 806 2336 ι
833 2282 1033 2354 Aquila
1059 2289 1242 2336 autem
1272 2278 1451 2335 dixit:
1484 2276 1619 2333 Ecce
1633 2278 1828 2347 juven-

1638 2366 1765 2423 Mox
1793 2385 1939 2423 num.
1974 2367 2065 2422 9i.

298 2480 387 2537 Est
419 2481 690 2548 tueresis',
723 2494 844 2548 quae
890 2482 1085 2535 iterum
1114 2486 1240 2549 post
1275 2475 1532 2548 Aquilam
1582 2476 1808 2547 triginta
1916 2484 2093 2532 tantes
2143 2476 2474 2548 Scripturas.
2510 2474 2602 2530 Isti
2653 2473 2877 2544 triginta
2907 2472 2963 2528 in
3007 2470 3195 2527 multis
3236 2468 3492 2541 Aquilam

238 2579 504 2632 hominum
565 2573 1073 2646 interpretationem
1120 2571 1359 2642 accipit,
1418 2586 1527 2627 non
1586 2572 1807 2627 illorum
1918 2576 2048 2625 sunt
2084 2568 2292 2632 secuti.
2333 2569 2475 2623 unde
2513 2567 2583 2622 ab
2609 2565 2852 2623 Ecclesia
2885 2562 3153 2620 catholica
3180 2572 3233 2618 et
3260 2564 3490 2617 istorum

238 2667 666 2723 beatissimorum
695 2661 1037 2734 septuaginta
1064 2661 1324 2726 duorum,
1358 2660 1454 2732 qui
1482 2660 1691 2732 integre
1722 2662 1811 2713 in-
1914 2673 2026 2715 non
2076 2660 2376 2729 suscipitur
2429 2656 2806 2730 interpretatio
2834 2698 2851 2725 ,
2898 2671 3021 2729 qua:
3072 2654 3383 2713 continetur
3432 2654 3489 2709 in

239 2757 526 2828 violaeque
554 2756 629 2811 de
652 2754 919 2809 Trinitate
951 2751 1251 2808 sentientes
1272 2792 1289 2818 ,
1338 2749 1597 2806 Ecclesiae
1622 2750 1813 2807 catho-
1913 2752 2069 2808 libris
2095 2752 2442 2807 authenticis.

242 2850 345 2905 licte
398 2851 743 2903 ﬁrmamenta
799 2842 1106 2901 certissima
1148 2842 1495 2898 tradiderunt
1542 2842 1813 2912 interpre-

1652 2953 1798 3010 Ibid.
1826 2971 1972 3012 num.
2004 2954 2094 3011 92.

304 3078 393 3135 Est
420 3078 651 3134 haeresis
680 3089 803 3146 quae
836 3074 1031 3129 iterum
1076 3087 1171 3127 sex
1201 3072 1446 3126 virorum
1475 3069 1787 3140 interpreta-
1913 3071 2001 3127 dis
2034 3065 2380 3139 interpretari
2402 3064 2746 3130 desiderant;
2776 3070 2831 3117 et
2860 3075 2969 3116 non
2996 3072 3225 3131 parvum
3247 3070 3488 3112 errorem

247 3174 428 3228 tionem
458 3178 654 3241 postea
681 3168 879 3224 editam
906 3166 1024 3221 vult
1054 3165 1229 3233 sequi,
1261 3176 1374 3217 non
1411 3161 1629 3217 illorum
1658 3160 1804 3231 prioa
1914 3160 2169 3226 incurrit,
2199 3159 2413 3215 diversa
2447 3155 2632 3211 itidem
2672 3160 2913 3214 sentiens
2953 3155 3022 3206 de
3066 3149 3169 3204 tide
3196 3146 3485 3203 catholica.

247 3280 352 3320 rum
379 3274 717 3328 sanctorum,
745 3261 840 3332 qui
879 3257 1229 3331 Septuaginta
1259 3255 1495 3311 duorum
1526 3253 1646 3309 aliis
1690 3269 1805 3307 mo-

1646 3344 1788 3399 Ibid.
1832 3358 1977 3398 num.
2010 3339 2101 3396 95.

310 3470 441 3527 Sunt
469 3468 715 3527 haeretici
749 3465 841 3522 alii
870 3465 965 3537 qui
989 3460 1382 3517 Theodotionis
1404 3466 1459 3512 et
1492 3454 1805 3528 Symmachi
1834 3459 1877 3518 c
1911 3460 2237 3524 sequuntur,
2268 3464 2378 3503 non
2408 3448 2557 3502 illam
2582 3442 3025 3501 beatissimorum
3051 3440 3297 3511 priorum
3321 3451 3488 3511 quam

251 3564 418 3620 itidem
467 3535 975 3631 interpretationem
1025 3554 1243 3610 diverso
1283 3548 1449 3606 modo
1495 3549 1797 3618 expositam
1909 3543 2153 3601 Ecclesia
2182 3542 2450 3599 catholica
2476 3540 2608 3596 colit
2631 3548 2686 3595 et
2716 3535 2988 3609 praedicat.

940 3669 1267 3740 Augustinus
1307 3663 1385 3719 De
1411 3663 1621 3717 civitate
1652 3660 1768 3727 Dei,
1788 3660 1825 3714 ι.
1858 3674 1948 3724 xv,
1971 3673 2087 3726 cap-
2118 3655 2213 3717 23,
2248 3663 2376 3709 tom.
2407 3651 2521 3717 Vll,
2549 3670 2602 3721 p.
2633 3650 2759 3706 408.

310 3774 493 3845 Aquila
548 3779 770 3835 autem,
804 3782 964 3840 quem
1007 3766 1359 3832 interpretem
1400 3757 1573 3814 Judaei
1605 3757 1816 3814 caeteris
1854 3763 2213 3825 anteponunt,
2259 3767 2369 3809 non
2420 3751 2647 3822 angelos
2691 3747 2818 3815 Dei,
2859 3760 2961 3802 nec
3000 3745 3143 3802 ﬁlios
3175 3742 3294 3810 Dei,
3322 3744 3417 3802 sed

255 3868 375 3937 ﬁlios
396 3870 616 3925 deorum
642 3867 1027 3936 interpretatus
1052 3872 1154 3917 est.

1116 3954 1253 4022 Aug.
1289 3949 1367 4004 De
1390 3952 1600 4004 civitate
1633 3944 1751 4012 Dei,
1777 3944 1813 3998 ι.
1852 3960 2008 4010 xvnt,
2036 3958 2147 4010 cap.
2186 3940 2278 4003 48,
2311 3954 2362 4007 p.
2399 3936 2521 3990 526.

313 4081 439 4139 Nam
474 4098 603 4139 cum
654 4079 856 4136 fuerint
897 4088 952 4131 et
982 4074 1074 4130 alii
1118 4075 1440 4143 interpretes
1470 4072 1563 4140 qui
1606 4083 1674 4123 ex
1707 4065 1810 4121 lle—
1908 4064 2079 4121 editio
2109 4066 2456 4129 nuncupatur
2491 4072 2499 4099 τ
2538 4055 2679 4108 bane
2703 4060 2883 4143 tamen
2912 4062 3035 4118 qua:
3057 4046 3203 4101 LXX
3229 4057 3333 4113 est,
3366 4057 3488 4103 tan-

255 4178 382 4234 brzra
410 4180 597 4248 lingua
638 4176 695 4229 in
743 4173 987 4233 Graecam
1012 4183 1168 4224 saera
1193 4138 1284 4221 illa
1322 4138 1539 4234 eloquia
1568 4170 1812 4216 transtu-
1909 4168 2074 4248 quam
2108 4152 2223 4245 sola
2252 4146 2559 4248 esseIt,nslic.
2584 4141 2788 4239 recepit
2820 4138 3091 4248 Ecclesiaz
3120 4154 3293 4238 eaque
3320 4148 3487 4194 utun-

256 4226 913 4333 l‘e—r'u‘ntjugcuthq-uila,
957 4230 1331 4331 Symmachus
1368 4302 1379 4321 λ
1428 4226 1753 4306 ’Τιιροιιοῑίο
1792 4266 1811 4314 ;
1912 4250 2001 4296 tur
2020 4236 2191 4293 Graeci
2219 4234 2402 4333 populi
2432 4229 2749 4295 Christiani,
2780 4242 3014 4298 quorum
3041 4226 3282 4298 plerique
3304 4238 3485 4284 utrum

258 4360 383 4416 sicut
403 4324 567 4415 etiam
603 4356 693 4411 illa
724 4324 809 4409 est
844 4324 1244 4422 interpretatio,
1275 4346 1433 4415 cujus
1467 4351 1659 4398 auctor
1706 4353 1815 4393 non
1913 4332 2019 4387 alia
2047 4329 2116 4384 sit
2148 4328 2330 4395 aliqua
2354 4324 2624 4395 ignorant.

260 4462 483 4525 apparet,
508 4460 566 4508 et
590 4449 663 4505 ob
689 4448 795 4503 hoc
837 4445 959 4503 sine
1006 4442 1230 4499 nomine
1271 4437 1581 4507 interpretis
1612 4433 1815 4499 Quinta

1216 4549 1300 4607 ἐκ
1330 4550 1588 4607 Chronico
1622 4540 1877 4601 Paschali
1899 4538 2029 4594 edit.
2062 4529 2273 4598 Cangii,
2302 4540 2355 4593 p.
2381 4521 2503 4578 255.

322 4658 428 4724 ις’.
484 4656 607 4711 Ἰνδ.
652 4652 731 4707 ιδ’.
785 4652 911 4705 Ὑπ.
961 4603 1291 4717 Αὑγουρίνοιο
1338 4603 1455 4696 ⁷κριι
1495 4634 1811 4710 Σεργιανοῦ.

1996 4625 2153 4678 Anno
2194 4616 2418 4675 Adriani
2450 4629 2580 4679 χινι,
2610 4609 2907 4668 indictione
2958 4623 3068 4675 xw,
3124 4626 3269 4669 coss.
3299 4603 3486 4674 Augu-

1956 4717 1963 4724 .
2100 4720 2110 4724 -
2131 4709 2163 4724 η
2270 4707 2387 4724 3-..-
2443 4702 2465 4724 Α
2484 4696 2859 4724 -..ζιΑΠΑ-υὼηι
2909 4709 3063 4724 anAn-
3088 4692 3484 4724 ᾹΑ-ἒρηῖἶηηυμ

271 4749 478 4815 Ἀκύλας
507 4745 853 4818 ὲγνωρίζετο,
899 4743 958 4806 ὃς
989 4738 1058 4813 ἦν
1093 4735 1353 4806 πενθερὸς
1408 4729 1691 4803 Ἀδριανοῦ
1716 4728 1811 4782 τοῦ

267 4840 527 4909 βασιλέως.
559 4836 669 4893 Ἦν
709 4837 769 4892 δὲ
799 4835 1000 4906 Ἕλλην
1056 4833 1131 4896 ὡς
1182 4828 1479 4899 Ἁδριανὸς,
1499 4825 1608 4878 ἀπὸ
1643 4822 1809 4876 Σινώ-

270 4948 357 5001 πης
384 4932 473 4986 τοῦ
503 4931 709 4984 Πόντου
744 4924 1088 4999 ὁρμώμενος.
1115 4921 1376 4989 Ὕστερον
1405 4916 1461 4970 δὲ
1490 4913 1812 4984 ἐϐαπτίσθη,

1923 4717 1965 4771 ri
1976 4729 2046 4769 no
2063 4720 2117 4765 et
2131 4707 2414 4777 Sergiano,
2432 4698 2627 4771 Aquila
2640 4696 2886 4759 ﬂorebat,
2909 4709 3063 4749 socer
3076 4693 3299 4748 Adriani
3312 4692 3487 4764 impe-

1846 4798 1890 4854 D
1920 4804 2133 4860 ratoris.
2156 4798 2289 4854 Erat
2311 4801 2489 4851 autem
2516 4787 2731 4863 gentilis
2749 4786 3115 4852 utAdrianus,
3134 4783 3335 4854 Sinope
3350 4784 3487 4838 urbe

1921 4896 2078 4951 Ponti
2110 4888 2396 4948 oriundus.
2432 4883 2627 4938 Postea
2658 4893 2789 4934 vero
2818 4878 2889 4932 ab
2922 4874 3183 4947 apostolis
3218 4874 3489 4939 eruditus,

1923 4988 2227 5057 baptizatus
2266 4990 2369 5036 est.
2406 4979 2535 5033 Erat
2578 4983 2760 5029 autem
2808 4980 3176 5034 astronomus,
3202 4977 3257 5022 et
3290 4967 3395 5021 hac
3424 4967 3493 5019 de

1922 5100 1981 5139 re
1996 5056 2291 5136 accusatus
2313 5090 2344 5128 a
2370 5068 2716 5132 Christianis,
2742 5080 2841 5119 nec
2869 5066 3273 5131 obtemperans.
3300 5056 3491 5128 Spreta

1923 5170 2266 5244 postmodum
2298 5162 2609 5220 Christiana
2642 5157 2922 5244 religione,
2957 5152 3261 5222 proselytus
3297 5150 3363 5204 ad
3394 5146 3496 5201 Ju-

1919 5243 2065 5321 daeos
2095 5257 2359 5322 accessit,
2390 5264 2444 5309 et
2487 5249 2849 5308 circumcisus
2879 5243 3102 5300 Iudaeus
3131 5243 3356 5298 effectus
3386 5248 3493 5305 est,

1920 5370 1974 5413 et
2002 5368 2198 5425 magno
2226 5350 2410 5405 labore
2433 5360 2622 5400 eorum
2651 5344 2891 5410 linguam
2917 5338 3164 5398 edoctus,
3191 5331 3493 5388 secundum

1920 5422 2209 5507 elementa,
2236 5443 2286 5497 id
2308 5448 2413 5504 est,
2433 5439 2498 5492 ad
2521 5436 2752 5491 litteram
2782 5428 3279 5500 interpretationem
3301 5422 3490 5483 edidit.

1923 5559 2031 5596 non
2060 5546 2205 5593 recto
2237 5534 2455 5604 quidem
2482 5530 2688 5590 animo,
2716 5526 2808 5581 sed
2841 5534 2899 5577 ut
2920 5524 3169 5592 quaedam
3202 5520 3495 5586 Scriptura:

1921 5636 2065 5688 dicta
2110 5633 2461 5701 perverteret.
2496 5615 2621 5675 llaec
2660 5626 2846 5673 narrat
2883 5613 3218 5684 Epiphanius
3260 5607 3494 5682 Cyprius

1926 5730 1979 5781 in
2007 5726 2146 5779 libro
2178 5720 2253 5775 De
2284 5715 2598 5791 ponderibus
2626 5723 2671 5765 et
2702 5710 2981 5764 mensuris.

3142 5823 3184 5883 5

273 5024 482 5088 πεισθεὶς
508 5022 614 5075 ὑπὸ
636 5020 744 5075 τῶν
775 5016 1105 5073 ἀποστόλων.
1126 5008 1237 5066 Ἦν
1263 5010 1321 5063 δὲ
1346 5009 1441 5062 καὶ
1462 5006 1812 5078 ἀστρονόμος,

271 5110 347 5162 καὶ
369 5110 756 5180 ἐγκαλούμενος
789 5106 917 5176 περὶ
942 5103 1133 5157 τούτου
1164 5099 1273 5154 ἀπὸ
1303 5098 1412 5152 τῶν
1443 5097 1543 5167 τῆς
1588 5095 1812 5167 Ἐκκλη-

274 5200 399 5264 631;,
432 5202 527 5254 καὶ
571 5199 647 5271 μὴ
676 5195 947 5262 πεισθεὶς,
988 5192 1280 5264 μετέπειτα
1316 5188 1387 5243 τὰ
1418 5189 1525 5241 τῶν
1552 5187 1815 5258 Χριστια-

274 5290 360 5343 νῶν
380 5291 665 5363 ἀθετήσας,
698 5285 1035 5360 προσήλυτός
1068 5300 1127 5336 τε
1169 5280 1462 5343 Ἰουδαίοις,
1496 5278 1818 5349 περιτέμνε-

278 5398 347 5436 ται
391 5385 654 5446 Ἰουδαῖος,
699 5381 793 5435 καὶ
835 5377 1087 5449 ὲμπόνως
1131 5373 1315 5445 μαθὼν
1350 5372 1447 5439 τὴν
1488 5369 1665 5423 αὐτῶν
1703 5368 1817 5420 διά-

281 5472 455 5536 λεκτον.
490 5475 627 5530 κατὰ
662 5474 899 5542 στοιχεῖα
933 5465 1227 5540 ἑρμηνείαν
1267 5464 1443 5532 ἐαυτῷ
1476 5464 1814 5532 ἡρμήνευσεν

281 5566 357 5619 sint
389 5567 529 5639 ὀρθῷ
558 5563 821 5635 λογισμῷ,
866 5561 981 5614 ἀλλ’
1021 5560 1168 5620 ὅπως
1210 5553 1510 5624 διαστρέφῃ
1554 5551 1675 5603 τινὰ
1706 5548 1815 5600 τῶν

282 5661 447 5730 ῥητῶν,
493 5659 672 5713 Ταῦτα
717 5657 923 5725 ἱστορεί
966 5651 1279 5719 Ἐπιφὰνιος
1322 5646 1567 5715 Κύπριος
1605 5644 1681 5706 εἰς
1727 5641 1816 5692 τὸν

281 5748 405 5822 λήιον
431 5750 703 5806 αὐτοῧ.τὸν
732 5744 874 5814 Περὶ
900 5739 1181 5809 σταθμῶν
1214 5738 1310 5790 καὶ
1338 5735 1587 5804 μέτρων.

561 5868 833 5925 Parant.
883 5858 1001 5917 Gn.
1042 5854 1176 5915 XV.
