3978 6288
229 441 317 497 διε
1445 420 1752 503 mmet

1898 445 1947 502 P.
1990 444 2079 503 IV.

226 558 303 613 τοῦ
326 556 474 627 ἁγίου
507 559 531 626 2
572 557 665 614 l8.
705 557 817 614 Kal
840 555 949 613 ἀπὸ
972 555 1069 611 τοῦ
1100 556 1335 629 αἵματος
1372 561 1628 635 ἐπιθήσει
1667 576 1729 618 -ι-
1758 564 1788 618 ὁ

225 652 379 723 ἱερεὺς
408 652 430 721 2
459 652 555 704 ἐπὶ
585 650 657 705 τὰ
678 650 884 723 κέρατα
906 649 1001 705 τοῦ
1029 652 1418 726 θυσιαστηρίου
1450 653 1560 708 τῶν
1591 653 1789 725 θυμια-

225 743 385 811 μῖιτων
411 755 474 797 -t-
502 741 606 813 τῆς
645 740 948 807 συνθέσεως
990 742 1013 811 2
1067 746 1096 798 ὅ
1122 744 1272 798 ἐστιν
1299 743 1527 799 ἐνώπιον
1555 745 1787 818 Κυρίου,

221 839 396 891 ὁὲστιν
422 834 515 889 ἐπὶ
542 837 645 907 τῆς
672 837 876 908 σκηιίὴς
918 835 1016 890 τοῦ
1069 838 1395 911 μαρτυρίου.
1430 839 1542 895 Kal
1584 840 1647 893 τὸ
1681 840 1790 895 πᾶν

221 921 340 998 αἷμα
364 927 543 998 ὲκχεεϊ
571 928 710 1000 πρὸς
740 929 843 999 τὴν
898 927 1055 999 βάσιν
1106 930 1201 984 τοῦ
1245 930 1634 1004 θυσιαστηρίου
1681 930 1791 985 τῶν

220 1021 607 1092 καρπωμάτων,
640 1020 702 1073 τὸ
750 1020 813 1074 ὃν
854 1022 992 1093 πρὸς
1048 1024 1116 1095 τῇ
1148 1022 1291 1094 θύρα
1316 1024 1417 1094 τῆς
1453 1024 1661 1094 σκηνῆς
1691 1024 1787 1078 τοῦ

223 1110 516 1180 μαρτυρίου.
545 1111 631 1166 l9.
662 1111 775 1165 Kal
802 1112 862 1166 τὸ
891 1115 997 1168 πᾶν
1039 1114 1207 1185 στέαρ
1233 1113 1400 1168 αὐτοῦ
1428 1115 1671 1187 περιελεί
1693 1116 1788 1169 ἀπ’

220 1199 384 1261 αὖτοῦ.
430 1202 527 1256 καὶ
575 1204 781 1257 ἀνοίσει
833 1204 928 1258 ἐπὶ
980 1205 1043 1259 τὸ
1094 1205 1501 1278 θυσιαστήριον.
1556 1204 1649 1261 20.
1678 1206 1791 1260 Kal

220 1293 808 1366 ποιήπιτδνμὸσχον.
890 1335 907 1351 .
992 1338 1003 1346 .
1088 1335 1101 1348 .
1186 1337 1199 1351 .
1284 1336 1297 1348 .
1383 1342 1390 1349 .
1478 1334 1493 1349 .
1576 1334 1590 1348 .
1675 1338 1688 1349 .
1775 1338 1788 1351 .

219 1479 299 1533 καὶ
325 1478 628 1545 ὲξιλάσεται
659 1482 791 1553 περὶ
814 1483 997 1537 αὐτῶν
1027 1486 1057 1537 ὁ
1104 1483 1304 1555 ἱερεὺς,
1337 1481 1431 1536 καὶ
1456 1482 1791 1554 ἀφεθήσεται

218 1575 381 1639 αὐτοῖς
407 1589 467 1631 σιν
495 1576 532 1645 ἡ
560 1574 804 1647 ἁμαρτία
842 1578 864 1645 2
892 1576 983 1630 2i.
1016 1574 1129 1630 Kal
1153 1572 1450 1628 ἐξοίσουσιν
1474 1573 1565 1627 τὸν
1591 1574 1792 1644 μόσχον

223 1681 275 1720 +
304 1665 419 1720 ὅλον
446 1667 470 1735 2
500 1666 610 1734 ἔξω
657 1668 760 1739 τῆς
789 1668 1165 1741 παρεμϐολῆς.
1218 1667 1329 1721 Kal
1357 1667 1793 1722 κατακαύσουσιν

217 1756 295 1809 τὸν
322 1757 537 1829 μόσχον,
566 1759 627 1812 ὃν
679 1760 881 1831 τρόπον
934 1758 1284 1815 κατέκαυσαν
1331 1761 1423 1816 τὸν
1473 1761 1677 1833 μόσχον
1701 1757 1791 1813 τὸν

218 1849 482 1921 πρότερον·
516 1850 794 1922 ἁμαρτίας
820 1852 1140 1923 συναγωγῆς
1170 1856 1337 1909 ἐστιν.

277 1940 358 1995 22.
397 1941 523 1996 Ἐὰν
548 1942 607 1996 δὲ
636 1944 666 1995 ὁ
698 1942 882 2015 ἄρχων
907 1944 1131 2017 ἁμάρτῃ
1154 1947 1251 2000 καὶ
1291 1944 1491 2018 ποιήσῃ
1524 1945 1653 2016 μίαν
1683 1946 1793 2000 ἀπὸ

218 2032 389 2087 πασῶν
412 2032 521 2087 τῶν
562 2033 791 2088 ἐντολῶν
840 2033 1049 2106 Κυρίου
1095 2031 1191 2088 τοῦ
1238 2034 1374 2090 Θεοῦ
1432 2035 1620 2101 αὐτοῦ,
1660 2036 1694 2106 ἢ
1728 2037 1791 2089 οὐ

218 2123 580 2196 ποιηθήσεται,
638 2125 930 2190 ἀκουσίως,
967 2126 1064 2181 καὶ
1118 2126 1510 2200 πλημμεληθῇ.
1556 2127 1649 2183 25.
1682 2128 1793 2181 Kal

217 2217 411 2289 γνωσθῇ
442 2219 598 2290 αὑτῷ
644 2222 679 2291 ἡ
727 2219 975 2291 ἁμαρτία
1013 2221 1082 2292 ἢν
1127 2221 1376 2292 ἥμαρτεν
1415 2221 1474 2273 ὲν
1502 2221 1663 2292 αὐτῇ*
1695 2219 1793 2275 καὶ

218 2308 565 2377 προσοίσειτὸ
588 2308 759 2380 δῶρον
783 2307 946 2363 αὑτοῦ
976 2309 1233 2382 χίμαρον.
1280 2350 1295 2364 .
1376 2348 1393 2363 .
1474 2352 1490 2364 .
1572 2349 1588 2364 .
1672 2350 1688 2365 .
1772 2349 1787 2364 .

219 2439 232 2453 0
305 2441 316 2451 ι
394 2438 412 2456 0
498 2443 507 2453 .
597 2442 611 2454 ο
691 2438 707 2453 0
787 2441 802 2455 0
889 2423 902 2456 ἑ
986 2441 1002 2457 0
1083 2443 1099 2457 ο
1182 2442 1218 2474 ab
1280 2445 1295 2460 .
1379 2442 1393 2456 0
1475 2441 1490 2456 0
1573 2441 1589 2456 0
1675 2441 1689 2452 η
1771 2442 1787 2457 0
1895 2448 1912 2465 ο

276 2491 361 2546 2i.
470 2492 569 2546 τοῦ
592 2492 850 2564 χιμάρου,
876 2496 971 2548 καὶ
997 2494 1293 2564 σφάξουσιν
1308 2494 1471 2548 αὐτὸν
1486 2496 1543 2548 ὲν
1559 2492 1708 2565 τόπῳ
1727 2485 1791 2547 οὗ

218 2581 492 2651 σφάζουσιν
515 2585 585 2639 τὰ
611 2585 1040 2657 ὁλοκαυτώματα
1070 2586 1302 2641 ἐνώπιον
1346 2588 1573 2657 κυρίων
1606 2585 1788 2659 ἁμαρ·

216 2676 322 2739 τίας
347 2676 513 2729 ἐστιν’
544 2675 637 2730 25.
661 2678 770 2730 Kal
802 2676 1055 2747 ἐπιθήσει
1107 2678 1135 2730 ὁ
1167 2678 1347 2751 ἱερεὺς
1378 2676 1489 2732 ἀπὸ
1511 2677 1607 2731 τοῦ
1628 2677 1793 2749 αἵμα-

218 2783 296 2832 τος
317 2766 406 2821 τοῦ
432 2769 534 2838 τῆς
564 2767 838 2838 ἁμαρτίας
865 2766 943 2839 τῷ
973 2768 1224 2840 δακτύλῳ
1247 2767 1435 2833 αὑτοῦ,
1466 2769 1560 2823 καὶ
1591 2783 1652 2825 σε·
1682 2769 1789 2823 δὼ-

221 2874 291 2913 σει
320 2858 344 2927 2
388 2860 482 2914 ἐπὶ
505 2855 579 2913 τὰ
604 2859 815 2930 κέρατα
859 2859 955 2913 τοῦ
984 2860 1375 2931 θυσιαστηρίου
1424 2859 1534 2915 τῶν
1560 2860 1792 2914 ὁλοκαυ-

219 2951 485 3020 τωμάτων,
512 2952 610 3006 καὶ
640 2952 748 3004 πᾶν
774 2952 837 3005 τὸ
864 2945 1006 3022 αἷμα
1053 2952 1221 3007 αὑτοῦ
1247 2955 1432 3024 ὲκχεεῖ
1482 2952 1637 3024 παρὰ
1688 2952 1790 3024 τὴν

222 3040 359 3112 βάσιν
382 3043 477 3099 τοῦ
506 3043 900 3116 θυσιαστηρίου
927 3043 1035 3098 τῶν
1062 3045 1552 3117 ὁλοκαυτωμάτων,
1566 3042 1659 3101 26.
1678 3043 1791 3099 Kal

219 3136 592 3211 πᾶντδστέαρ
628 3136 794 3191 αὐτοῦ
848 3136 1054 3191 ἀνοίσει
1106 3136 1199 3191 ἐπὶ
1252 3138 1315 3192 τὺ
1367 3135 1788 3208 θυσιαστήριον,

218 3225 385 3300 ὥσπερ
434 3227 499 3283 τὸ
551 3229 720 3300 στέαρ
758 3227 951 3294 θυσίας
984 3228 1279 3301 σωτηρίου.
1337 3228 1449 3283 Kal
1479 3228 1792 3296 ὲξιλάσεται

219 3319 1673 3391 περί.............οι

3354 447 3462 506 5-56

1892 562 2159 635 sanguine
2192 564 2437 634 imponet
2465 577 2528 621 οι-
2559 563 2818 623 sacerdos
2846 562 2871 635 2
2906 579 3073 636 super
3093 579 3299 619 cornua
3334 566 3476 619 alta-

1890 658 1970 711 ris
1999 656 2420 727 tliymiamatum
2446 667 2509 711 αι-
2548 654 2965 726 compositionis
3020 655 3045 721 2
3093 657 3239 725 quod
3266 665 3351 707 est
3383 671 3477 709 eoo

1891 762 2010 802 ram
2043 744 2297 814 Domino,
2325 747 2471 818 quod
2516 755 2600 802 est
2643 746 2704 802 iu
2750 746 3105 801 tabernaculo
3156 746 3476 802 testimonii.

1892 833 1960 891 Et
1991 852 2209 891 omnem
2239 838 2561 909 sanguinem
2587 836 2830 892 eﬂ‘undet
2857 836 2924 891 ad
2951 834 3127 891 basim
3158 836 3348 892 altaris
3375 838 3479 893 hoc

1893 928 2292 993 locaustorum,
2311 929 2460 999 quod
2478 938 2564 984 est
2586 930 2729 1000 apud
2751 930 2957 984 ostium
2980 930 3317 984 tabernaculi
3335 932 3479 985 testi-

1892 1021 2085 1076 monii.
2116 1020 2203 1076 l9.
2239 1020 2305 1075 Et
2333 1036 2554 1077 omnem
2579 1022 2795 1091 adipem
2828 1021 3038 1076 auferet
3066 1022 3190 1091 ejus
3212 1022 3283 1076 ab
3303 1037 3392 1089 eo,
3425 1030 3480 1076 et

1892 1113 2083 1198 oneret
2105 1128 2271 1185 super
2295 1114 2492 1171 altare.
2524 1112 2617 1170 20.
2643 1114 2713 1170 Et
2738 1111 2902 1171 faciet
2935 1114 3193 1171 vitulum.
3267 1150 3284 1168 .
3361 1150 3379 1168 .
3456 1151 3475 1167 .

1898 1252 1911 1267 ο
1992 1252 2007 1268 0
2088 1254 2101 1265 η
2178 1249 2196 1267 0
2277 1251 2294 1268 0
2382 1252 2395 1267 ρ
2475 1252 2491 1268 0
2581 1252 2596 1267 0
2677 1252 2691 1266 ο
2782 1251 2794 1265 ι
2875 1252 2893 1267 ο
2971 1250 2987 1265 0
3081 1248 3096 1264 0
3172 1248 3193 1266 ο
3269 1247 3286 1263 0
3363 1249 3379 1262 0
3456 1247 3477 1264 0

1890 1314 1947 1361 et
1973 1304 2363 1376 depropitiabit
2393 1318 2493 1375 pro
2541 1303 2625 1360 eis
2660 1303 2923 1361 sacerdos
2975 1311 3032 1357 et
3056 1301 3365 1357 dimittetur
3396 1300 3481 1356 eis

1896 1411 1960 1451 -ιο
1990 1408 2272 1468 peccatum
2319 1398 2340 1465 2
2384 1397 2474 1451 2i.
2510 1394 2578 1450 Et
2626 1396 2856 1451 eﬂ'erent
2884 1394 3113 1450 vitulum
3143 1406 3207 1450 -ι-
3238 1402 3411 1448 totum
3452 1393 3476 1461 2

1892 1495 2046 1540 extra
2069 1494 2271 1541 castra.
2299 1486 2366 1541 Et
2386 1484 2711 1541 combureut
2732 1484 2990 1550 vitulum,
3013 1483 3477 1554 quemadmodum

1893 1572 2318 1628 combusserunt
2346 1572 2578 1629 vitulum
2609 1572 2846 1644 priorem
2876 1589 2891 1628 :
2926 1570 3137 1645 peccati
3175 1571 3480 1645 Synagoga:

1892 1673 1998 1720 est.

1964 1948 2056 2002 22.
2087 1947 2144 2003 Si
2169 1954 2351 2003 autem
2378 1947 2635 2018 princeps
2657 1948 2983 2020 peccaverit,
3014 1958 3071 2006 et
3096 1948 3288 2006 fecerit
3309 1963 3482 2006 unum

1893 2038 1962 2095 de
1985 2039 2241 2095 omnibus
2268 2038 2543 2094 mandatis
2567 2037 2783 2094 Domini
2807 2038 2903 2095 Dei
2922 2041 3033 2108 sui,
3055 2041 3203 2112 quod
3232 2055 3343 2096 non
3364 2041 3479 2105 ﬂet,

1894 2147 2004 2186 non
2038 2141 2254 2200 sponte,
2286 2140 2340 2186 et
2374 2130 2692 2201 deliquerit,
2725 2130 2816 2186 23.
2852 2128 2919 2187 Et
2950 2131 3253 2188 innotuerit
3275 2132 3326 2188 ei
3349 2145 3480 2203 pec-

1893 2233 2097 2291 catum,
2131 2225 2276 2297 quod
2311 2224 2555 2295 peccavit
2575 2224 2633 2280 in
2664 2239 2751 2292 eo,
2782 2234 2837 2280 ct
2870 2224 3061 2280 oll‘cret
3089 2240 3293 2281 munus
3318 2239 3481 2281 suum

1894 2315 2428 2373 ltircum....
2605 2352 3480 2373 -.........

1961 2500 2100 2557 2i...
2128 2500 2288 2566 hirci,
2305 2510 2361 2556 et
2378 2500 2709 2571 jugulabunt
2724 2516 2849 2557 eum
2869 2500 2923 2555 in
2951 2498 3095 2565 loco,
3111 2498 3205 2556 ubi
3227 2500 3485 2571 jugulum

1893 2585 2337 2643 bolocautomata
2369 2602 2556 2643 coram
2592 2588 2826 2646 Domino
2859 2606 2874 2644 :
2908 2588 3121 2661 peccati
3162 2599 3267 2646 est.
3294 2587 3388 2645 25.
3419 2588 3484 2647 Et

1892 2674 2137 2744 imponet
2164 2676 2422 2731 sacerdos
2451 2676 2520 2732 de
2550 2678 2843 2749 sanguine,
2874 2678 2970 2750 qui
3014 2679 3225 2750 peccati
3258 2687 3365 2743 est.
3396 2678 3484 2736 di-

1891 2763 2007 2835 gito
2040 2780 2163 2829 suo,
2195 2774 2253 2821 et
2276 2779 2339 2822 -t-
2365 2765 2520 2823 dabit
2566 2767 2589 2837 2
2640 2784 2808 2841 super
2855 2785 3066 2826 cornua
3113 2770 3304 2827 altaris
3331 2770 3488 2826 holo-

1891 2866 2267 2912 cautomatum
2302 2877 2318 2914 ι
2348 2867 2405 2914 et
2452 2874 2674 2915 omnem
2741 2860 3069 2932 sanguinem
3128 2862 3249 2933 ejus
3308 2861 3489 2918 ell'un—

1893 2947 1982 3002 det
2011 2949 2078 3003 ad
2103 2948 2278 3005 basim
2314 2949 2508 3006 altaria
2562 2949 3066 3007 bolocautomatum
3102 2952 3237 3008 :26.
3260 2948 3328 3008 Et
3363 2968 3485 3007 om-

1893 3054 2019 3095 nem
2048 3039 2263 3110 adipem
2286 3041 2409 3107 ejus
2434 3040 2626 3097 oll'eret
2657 3057 2825 3113 super
2864 3043 3058 3111 altare,
3088 3042 3234 3100 sicut
3260 3043 3479 3116 adipem

1897 3132 2155 3190 sacriﬁcii
2188 3134 2467 3192 salutaris.
2494 3133 2563 3192 Et
2584 3134 2972 3208 depropitiabit
2992 3152 3115 3208 pro.
3177 3179 3192 3193 .
3271 3178 3289 3194 .
3369 3175 3387 3193 .
3476 3177 3486 3190 .

1905 3272 1915 3281 ι
1998 3266 2014 3281 0
2094 3268 2109 3281 ι
2381 3268 2397 3283 τ
2480 3268 2493 3281 0
2574 3267 2591 3283 0
2674 3267 2690 3284 0
2783 3269 2798 3285 0
2875 3266 2893 3284 0
2973 3273 2982 3284 ι
3066 3269 3085 3287 0
3169 3272 3181 3283 π
3278 3273 3284 3281 ι
3363 3264 3385 3290 δ
3470 3272 3486 3293 ι

2648 3357 2665 3374 0
2749 3361 2761 3374 ι
2848 3361 2857 3367 -
2946 3360 2958 3372 0
3040 3358 3053 3369 α
3138 3363 3154 3377 ι
3234 3362 3250 3375 ρ
3333 3366 3339 3374 ι

516 3503 926 3559 ΣῪΜΜΛΧΟΣ.
1817 3501 1894 3554 0'.
2759 3498 3167 3557 ΘΕΟΔΟΤῙΩΝ.

273 3669 325 3722 2.
369 3671 457 3724 Ἐν
487 3669 708 3742 ἀγνοίᾳ.
1386 3667 1443 3722 2.
1484 3666 1790 3728 Ἀκουσίως.

279 3759 329 3816 3.
1391 3758 1445 3813 3.
1478 3757 1586 3811 Τοῦ
1611 3758 1701 3811 τὸν
1729 3758 1790 3810 λα

1898 3757 2168 3829 ιμαρτεῖν.
2513 3756 2569 3811 3.

1392 3846 1532 3918 Περὶ
1556 3846 1654 3917 τῆς
1678 3844 1976 3916 ἁμαρτίας.
2022 3845 2270 3909 Ἀλλος,
2287 3843 2370 3905 είς

1332 3916 1420 3991 τὴν
1449 3916 1747 3989 ἁμαρτίαν.

282 4013 334 4072 4.
1388 4007 1445 4062 4.
1474 4005 1761 4079 Προσάξει.
1788 4006 2034 4070 Ἀλλος,
2067 4002 2366 4075 προσοίσει.
2510 4009 2565 4066 4,

279 4103 333 4162 θ·
1390 4096 1445 4151 6.
1468 4096 1626 4150 Κατὰ
1672 4094 1735 4147 τὸ
1781 4094 2200 4162 καταπέτασμα.
2235 4093 2373 4148 Ἀλρ
2512 4101 2561 4160 θ’

1319 4170 1451 4234 λος,
1492 4167 1589 4220 σὺν
1618 4164 1696 4235 τῷ
1746 4162 2024 4237 προσώπῳ
2070 4161 2166 4215 τοῦ
2203 4178 2370 4216 κατα-

1321 4239 1694 4308 πετάσματος.

282 4333 338 4395 7.
1335 4397 1344 4400 _
1392 4329 1447 4384 7.
1471 4331 1584 4400 Τῆς
1625 4326 1787 4381 συνθέ

1898 4343 1950 4391 ις.
1986 4326 2232 4390 Ἄλλος,
2260 4324 2370 4378 τῶν
2510 4329 2568 4385 7.

1322 4397 1655 4473 ἀρωμάτων.

1396 4500 1520 4554 Τῶν
1574 4496 2060 4568 ὁλοκαυτωμάτων.
2121 4496 2369 4568 Ἄλλος,

1322 4569 1422 4641 τῆς
1473 4564 1909 4631 ὁλοκαυτώσεως.
1959 4567 2238 4631 Ἀλλος,.
2271 4564 2372 4635 τῆς

1323 4641 1683 4712 καρπώσεως.

1398 4731 1587 4802 Παρὰ-λ
1612 4729 1710 4801 τὴν
1776 4728 1954 4799 βάσιν.
1989 4727 2237 4793 Ἄλλος,
2266 4726 2362 4779 ἐπὶ

1323 4800 1416 4855 τὸν
1440 4799 1709 4873 θεμέλιον.

507 4920 892 4979 εγιωΑειιυ
903 4919 963 4977 S.
1493 4917 1639 4974 LXX
1674 4917 1788 4973 lN'l’

1898 4915 2180 4972 PRETES.
2745 4912 3147 4975 THEODO’HO

289 5039 343 5096 2.
378 5039 440 5098 in
475 5042 805 5115 ignorantia.
1393 5037 1450 5092 2.
1471 5035 1591 5091 Non
1623 5047 1838 5108 sponte.
2515 5030 2572 5087 2.

294 5131 346 5186 5.
592 5168 595 5169 ν
1395 5127 1451 5182 3.
1489 5124 1561 5181 Ut
1594 5127 1827 5197 populus
1858 5133 2129 5197 peccaret.
2510 5128 2568 5186 3.

1395 5216 1505 5274 Pro
1525 5229 1765 5289 peccato.
1785 5218 1961 5281 Alius,
1986 5218 2040 5272 in
2057 5225 2360 5287 peccatum.

291 5310 342 5364 ι.
1398 5312 1454 5366 ὁ.
1481 5310 1747 5365 Adducet.
1773 5330 1790 5364 Α

1898 5327 1951 5377 a,
1974 5308 2201 5365 adferet.
2512 5306 2568 5363 ι.

293 5397 344 5457 Β.
1398 5399 1453 5455 6.
1466 5400 1550 5454 Ad
1564 5400 1790 5455 volumu‘

1899 5416 2073 5465 s,cum
2090 5399 2228 5458 facie
2239 5400 2365 5458 veli.
2509 5399 2567 5458 6.

307 5487 368 5551 7.
1398 5490 1917 5562 7.00mpositionis.
1946 5490 2124 5558 Alius,
2150 5506 2366 5548 aroma-
2505 5487 2564 5551 7.

1325 5570 1468 5619 tum.

1404 5650 1887 5708 Holocaustorum.
1917 5651 2030 5718 AL,
2066 5654 2364 5711 oblationis

1324 5722 1655 5779 holocausti.
1687 5723 1868 5793 Alias,
1890 5724 2203 5782 oblationis.

1394 5811 1477 5867 Ad
1542 5812 1741 5872 basim.
1798 5812 1973 5884 Αίίιιι,
2034 5814 2105 5871 ad
2165 5812 2369 5874 funda-

1322 5890 1593 5941 mentum.
