3978 6288
451 376 556 431 599

740 496 828 551 ΤΟ
857 498 1227 557 EBPAIKON.

1022 625 1161 703 .‘m‘:
1194 654 1353 703 mn:
1387 644 1422 697 4

1228 748 1424 799 auom

1224 833 1426 893 ττωεῦ

1145 1000 1358 1054 manu
1391 991 1426 1046 6

1015 1083 1421 1143 mannm7

1171 1187 1425 1237 ΠΠΞΒὩΠ

445 1275 616 1327 ττι-πίε)
653 1267 686 1320 8
764 1265 833 1319 Τὸ
878 1269 1127 1337 Σαμαρ.,
1166 1268 1492 1340 ὲπλατύνθη.

1014 1367 1197 1420 ἰε-πλυτ
1246 1343 1319 1418 x5
1355 1359 1416 1411 H

1236 3078 1416 3137 Παῦε)

1236 3090 1311 3137 τη.
1348 3088 1416 3133 59

554 3182 783 3235 ’ππ-ει
817 3178 916 3232 tm
950 3180 1113 3233 rima
1146 3088 1310 3233 n31?
1344 3169 1416 3224 42

556 3400 806 3460 VERSIO
840 3398 1164 3458 HEBRAICI
1194 3397 1403 3455 TEXT.

514 3523 568 3578 4.
603 3522 825 3578 Candor
845 3520 1025 3577 albus.

510 3616 778 3670 Claudere
804 3613 992 3671 faciet-

513 3711 565 3763 5.
596 3708 867 3779 Expandit
897 3724 977 3765 se.

512 3802 568 3857 6.
601 3801 946 3857 inhaerentia.

512 3890 567 3947 7.
604 3891 963 3946 Diﬂ‘undendo
988 3907 1047 3946 se
1079 3890 1376 3947 diffuderit.

511 3983 655 4041 Inlue
664 3986 856 4040 rentia.

510 4077 566 4132 8.
587 4077 810 4132 Diffudit
833 4092 913 4133 se.
939 4076 1327 4132 Sam.dilatata
1361 4074 1483 4131 fuit.

512 4168 601 4224 11.
634 4166 753 4223 Non
783 4167 1039 4223 claudere
1074 4167 1236 4224 faciet
1262 4183 1410 4222 eum.

512 4262 604 4317 15.
638 4258 846 4317 Versus
872 4269 976 4315 est.

516 4354 605 4408 15.
629 4353 772 4410 Caro
799 4354 944 4410 viva.

510 4514 600 4571 18.
638 4515 1019 4572 lnllammatio.

508 4608 598 4663 19.
632 4606 867 4665 Tumor:

508 4695 600 4751 21.
632 4695 934 4753 Recludere
966 4696 1132 4755 faciet
1158 4714 1307 4755 eum.

507 4857 601 4911 26.
637 4857 695 4912 In
733 4859 991 4915 candore.

512 4947 822 5005 Recludere
850 4949 1012 5008 faciet
1042 4968 1189 5009 eum.

504 5037 599 5092 28.
632 5039 871 5096 Candor.

510 5133 600 5187 30.
633 5134 952 5193 Cunvulsio.

503 5216 565 5270 51
579 5256 594 5270 ο
637 5226 940 5285 Recludere
969 5227 1153 5287 faciet.

504 5308 592 5362 '55-
627 5307 745 5363 COu
755 5318 1082 5377 vulsionem.

505 5399 595 5453 36.
627 5398 873 5467 Quaret,

510 5494 568 5549 In
604 5497 773 5563 pilum
798 5495 1026 5565 flavum.

505 5588 598 5643 38.
632 5588 849 5646 Carnis.

508 5678 597 5733 39.
636 5678 922 5750 Splendor.

509 5769 805 5859 ἐξέλξω
843 5790 1229 5845 gemmescens
1261 5786 1378 5859 ipsa
1433 5787 1489 5843 in

445 5840 657 5896 calvitie
683 5844 824 5897 eius.

1501 380 2001 454 ιιιιεΧᾹΡιοηυΜ
2044 386 2213 454 QUAE
2258 387 2712 450 SUPERSUNT.

1878 508 1966 563 ΤΟ
2000 509 2352 563 ΕΒΡΑΙΚΟΝ

1645 648 1678 701 4
1745 578 2089 651 ’Ἑλληνικοῖς
2126 579 2437 653 γράμμασι.

1641 831 1694 886 5.

1639 991 1694 1047 6.

1642 1087 1694 1141 7.

1647 1267 1704 1322 8.

1640 1359 1732 1415 11.

1634 1450 1726 1505 15.

1643 1541 1731 1595 15.

1642 1702 1737 1756 18.

1640 1793 1729 1847 19.

1636 1883 1729 1938 21-.

1633 2048 1731 2104 26.

1758 3393 2090 3452 VULGATA
2142 3394 2418 3451 LATINA.

1630 3516 1687 3572 4.
1717 3514 1932 3571 Lucens
1962 3514 2179 3573 candor.

1634 3605 1919 3661 Recludet.

1630 3698 1685 3753 5.
1718 3698 1986 3753 Creverit.

1630 3796 1684 3850 6.
1718 3794 1959 3851 Scabies.

1631 3892 1683 3946 7.
1726 3893 1927 3949 lterum
1957 3893 2109 3963 lepra
2141 3894 2395 3952 creverit.

1627 3981 1825 4055 Lepra.

1628 4076 1682 4129 8.
1712 4075 1973 4132 Creverit.

1629 4166 1717 4220 11.
1753 4164 1873 4222 Non
1905 4166 2168 4222 recludet.

1630 4256 1719 4311 l3.
1750 4257 1809 4313 In
1836 4259 2131 4314 candorem
2163 4275 2319 4315 versa
2345 4260 2436 4315 sit.

1635 4351 1723 4405 15.
1757 4349 1903 4406 Caro
1929 4351 2077 4405 viva.

1637 4510 1721 4566 18.
1755 4510 1944 4568 Ulcus.

1636 4597 1724 4652 19.
1747 4598 2010 4654 Cicatrix.

1629 4688 1721 4743 21.
1755 4688 2017 4746 Rccludet
2049 4704 2198 4747 eum.

1630 4850 1743 4907 26.
1769 4850 1956 4908 Vacat.

1630 4946 1898 5003 Recludet
1922 4964 2072 5004 eum.

1628 5045 1720 5101 28.
1766 5045 2006 5103 Candor.

1625 5138 1715 5195 30.
1767 5135 1953 5193 Vacat.

1627 5229 1718 5284 51.
1762 5228 2042 5289 Recludet.

1630 5326 1721 5381 33.
1779 5325 1966 5383 Vacat.

1633 5416 1725 5472 36.
1755 5417 1992 5484 Quzeret.

1631 5511 1876 5581 Capillus
1912 5513 1968 5567 in
1994 5512 2194 5571 ﬂavum
2215 5516 2479 5575 colorem.

1633 5602 1723 5657 38.
1752 5602 1810 5658 In
1846 5602 2004 5674 cujus
2041 5616 2183 5663 cute.

1638 5694 1726 5750 39.
1773 5695 2037 5753 Maculam
2068 5700 2269 5757 coloris
2297 5701 2531 5760 candidi.

1631 5786 1722 5843 42.
1760 5787 1961 5849 Calvus
1994 5800 2047 5849 et
2071 5793 2310 5851 mundus
2336 5802 2440 5851 est.

3075 508 3375 564 AKYAAZ'.

2767 649 2823 705 4.
2856 649 3140 721 Τηλαυγὲς
3170 650 3380 706 λευκόν.

2767 832 2801 887 5

2766 994 2833 1049 6..
2865 993 3226 1064 Ἐξανάδοσις.

2765 1087 2818 1141 7.
2869 1086 3154 1143 Ἑπιδῶσει
3174 1087 3366 1162 ἐπιδῷ.

2764 1264 2817 1321 8.
2866 1265 3192 1323 Ἐπέδωκεν.

2764 1358 2851 1413 11.
2889 1361 3006 1413 Οὐκ
3035 1359 3371 1415 ἀποκλείσει.

2770 1450 2862 1506 15.
2898 1451 3221 1523 Ἔστρεψεν.

2768 1543 2856 1597 15.

2767 1704 2857 1760 18.
2899 1704 3263 1773 Ἐξανάδοσις.

2773 1796 2862 1850 19.

2767 1885 2858 1937 21.

2766 2040 2855 2097 26.

2769 2204 2847 2273 Tn
2855 2203 3032 2276 ρήσει.

2768 2291 2841 2347 28

2765 2386 2856 2442 50.
2897 2385 3285 2459 ’Δπὸσπασμα.

2767 2477 2859 2534 51.

2767 2480 2802 2532 5
2843 2517 2859 2534 .

2764 2480 2853 2626 33.
2900 2572 3285 2646 Ἀπόσπασμα.

2771 2662 2863 2718 56.
2903 2666 3158 2737 Ζητήσει.

2766 2755 2865 2819 Εἰς
2888 2755 3143 2829 τρίχωμα
3172 2758 3236 2812 τὸ
3266 2755 3483 2823 ξανθόν.

2768 2916 2859 2973 38.

2774 3074 2863 3130 39.

2759 3167 2847 3222 12.

3079 3401 3364 3469 AQUiLA.

2761 3518 2815 3572 4.
2842 3517 3112 3576 Lucidum
3143 3521 3352 3579 album.

2766 3721 2821 3777 5.

2761 3812 2816 3869 6.
2848 3813 3097 3885 Eruptio.

2762 3906 2815 3961 7.
2843 3908 3178 3966 Accessione
3206 3916 3527 3975 accrevcrit.

2758 4090 2812 4145 8.
2844 4089 3115 4147 Accrevit.

2762 4181 2851 4235 11.
2881 4179 3002 4237 Non
3034 4183 3273 4240 claudet.

2762 4277 2851 4331 15.
2886 4275 3065 4334 Vertit
3093 4297 3173 4338 se.

2765 4368 2854 4422 15.

2761 4532 2849 4587 18.
2875 4532 3148 4594 Accretio.

2762 4627 2849 4682 19.

2756 4716 2847 4771 21.

2756 4874 2853 4930 26.

2757 4960 3069 5018 Custodiet.

2759 5051 2833 5106 28

2756 5142 2848 5200 50.
2882 5142 3128 5203 Avulsio.

2757 5236 2847 5292 3i.

2757 5330 2845 5385 33.
2881 5327 3254 5387 Avulsionem.

2757 5422 2848 5477 56.
2883 5422 3126 5488 Quaeret.

2757 5510 2817 5568 In
2846 5514 3168 5585 capillitium
3191 5515 3415 5575 ﬂavum.

2756 5604 2845 5660 58.

2754 5697 2844 5753 39.

2753 5796 2842 5852 42.
