4030 6294
557 372 661 429 619

557 502 677 539 esse
703 483 987 537 inferatur.

632 553 691 607 ν.
724 556 775 607 7.
806 554 1003 611 Ἀλλ..
1029 549 1126 617 τῆς
1159 545 1382 617 σαρκός·ζ
1408 541 1489 617 [2.x
1517 539 1828 617 Basiliensi.

635 624 693 676 ν.
726 624 777 676 8.
817 625 894 674 Ἀ.
917 610 1035 691 [ἐὰν
1060 610 1386 691 {cistellam}
1408 612 1556 666 Hanc
1585 610 1891 691 versionem
1914 621 2137 691 expres-

560 675 733 747 simus
769 675 838 747 ex
884 675 1072 743 Latina
1119 675 1335 754 Aquilae
1360 675 1830 754 interpretatione,
1857 693 2024 747 quam
2055 675 2138 730 af-

561 766 663 818 fert
695 762 938 831 lsycliins
972 761 1076 831 sic,
1109 750 1324 831 Aquila:
1358 756 1417 831 at:
1439 750 1815 831 ιιιρείι-ξριιιει-ἱεξ

632 815 808 885 v.15;
855 833 927 883 Τὸ
962 815 1121 898 σῶμα
1154 815 1319 879 αὑτοῦ
1359 815 1512 877 Wst
1544 815 1728 886 ζῶντι.
1776 818 1856 872 Ex
1900 815 2137 872 editione

564 905 825 959 Retitana.

1621 347 2096 407 llEXAPLORUM
2136 345 2227 413 QU
2238 346 2302 401 1E
2345 341 2781 401 SUPERSUNT.

3721 332 3825 385 620

2311 463 2375 517 γ.
2434 464 2522 517 19.
2569 463 2769 527 Ἀλλ..
2821 458 3185 530 μετακινήσει.
3238 454 3317 509 Ex
3362 452 3671 530 Basiliensi.
3715 450 3830 530 ’δτι-

2239 542 2470 603 quentes
2506 520 2931 603 verolectiones
2963 520 3148 603 Gfafce
3198 526 3570 603 expressimus
3606 520 3831 603 canisv-

2238 592 2401 665 chio,
2437 603 2529 670 qui
2572 602 2654 657 sic
2697 602 2903 655 habet:
2937 618 2956 651 ι
2987 597 3143 670 Quid
3177 592 3355 649 dixit:
3389 594 3597 670 Septem
3631 592 3830 670 dicitur

2240 662 2619 743 separati-itur?
2638 670 2913 743 quod_alii
2936 708 2951 733 ,
2982 662 3106 743 Erit
3125 668 3182 720 in
3208 667 3525 743 purgatione
3560 680 3681 715 sua.

2240 731 2370 798 vero
2401 731 2747 809 interpretes,
2781 740 2848 793 In
2875 731 3532 808 separationc'iniquitatis
3560 749 3697 789 ιω.
3723 731 3830 785 Alii

2240 823 2445 874 autem,
2485 811 2716 864 Miseria
2773 809 3078 864 ediderunt.
3116 827 3134 859 ι

2316 880 2379 937 ν.
2420 882 2613 937 20-25.
2665 880 2983 943 Lectiones,
3014 894 3135 949 quae
3161 875 3411 933 eamdem
3443 889 3632 930 vocem
3688 882 3835 933 rm:

1124 1060 1366 1118 CAPUT
1399 1057 1540 1115 XVI
1572 1051 1943 1119 LEVITICI,
1977 1048 2078 1105 EX
2111 1045 2373 1105 EODEM
2413 1045 2694 1104 CODICE
2719 1042 3079 1102 COLBERT.
3107 1042 3272 1098 3084.

638 1212 686 1264 1.
729 1208 797 1263 Et
835 1209 1051 1263 locutus
1080 1213 1168 1261 est
1196 1204 1461 1261 Dominus
1500 1202 1568 1257 ad
1594 1199 1816 1271 Moysen
1850 1207 2141 1269 postquam

566 1302 804 1357 defuncti
838 1306 965 1355 sunt
991 1298 1101 1353 duo
1130 1296 1226 1352 tllii
1255 1296 1476 1362 Aaron,
1509 1308 1635 1349 eum
1670 1290 1928 1347 offerrent
1959 1288 2140 1360 ignem

566 1397 803 1449 alienum
832 1403 958 1447 ante
991 1391 1305 1451 Dominum,
1338 1398 1392 1443 et
1415 1383 1614 1441 mortui
1640 1391 1789 1439 sunt.
1829 1381 1883 1437 2.
1913 1382 1977 1435 Et
2007 1378 2146 1434 dixit

569 1485 833 1540 Dominus
881 1483 948 1537 ad
994 1480 1211 1551 Moysen
1264 1497 1279 1533 :
1327 1476 1578 1548 Loquere
1606 1476 1674 1531 ad
1702 1475 1885 1529 Aaron
1919 1472 2141 1527 fratrem

572 1590 747 1644 tuum,
774 1586 829 1632 et
857 1592 924 1631 ne
953 1575 1287 1645 ingrediatur
1328 1572 1477 1627 omni
1503 1573 1639 1626 hora
1674 1570 1741 1626 ad
1770 1576 2021 1625 sanctum
2056 1568 2143 1621 in‘

571 1670 743 1726 terius
785 1668 1071 1723 velaminis
1110 1666 1177 1720 ad
1223 1662 1417 1719 faciem
1446 1661 1832 1733 propitiatorii,
1885 1659 2032 1731 quod
2061 1666 2147 1713 est

572 1775 737 1831 super
768 1774 952 1814 arcam
983 1772 1041 1811 οι-
1081 1757 1379 1812 testimonii
1410 1756 1432 1826 ζ
1469 1764 1524 1810 et
1551 1770 1661 1811 non
1692 1755 1982 1808 morietur.
2008 1748 2144 1806 Nam

574 1853 630 1906 in
678 1851 821 1906 nube
852 1849 1124 1920 apparebo
1157 1863 1317 1917 super
1345 1846 1803 1917 propitiatorium.
1843 1846 1898 1899 ὅ.
1937 1843 2030 1899 Sic
2062 1842 2146 1898 in-

570 1940 849 2012 gredietur
872 1939 1053 1993 Aaron
1083 1938 1138 1991 in
1170 1946 1419 1992 sanctum
1454 1936 1509 1991 in
1544 1935 1711 1990 vitulo
1741 1950 1804 1990 ex
1848 1935 2021 1988 bobus
2048 1948 2148 2004 pro

571 2038 817 2101 peccato,
840 2040 894 2084 et
923 2032 1145 2085 arietem
1176 2029 1230 2081 in
1257 2027 1637 2083 holocaustum
1676 2044 1690 2080 ‘.
1727 2027 1780 2080 4.
1810 2024 1876 2078 Et
1906 2024 2148 2078 tunicam

572 2125 770 2179 lineam
798 2122 1191 2178 sanctificatam
1214 2121 1421 2187 induet,
1440 2129 1498 2175 et
1524 2120 1788 2175 femorale
1817 2119 2023 2173 lineum
2045 2118 2150 2172 erit

574 2229 737 2284 super
769 2227 969 2282 corpus
991 2212 1133 2283 ejus,
1165 2220 1218 2266 et
1244 2224 1379 2265 zona
1416 2208 1560 2263 linea
1593 2208 1864 2277 cingetur,
1912 2214 1967 2259 et
1996 2204 2149 2258 cida-

574 2308 678 2360 rim
721 2304 922 2361 lineam
968 2304 1382 2373 circumponet:
1413 2300 1735 2356 vestimenta
1767 2306 1955 2353 sancta
1998 2304 2148 2351 sunt.

578 2396 645 2453 Et
669 2397 873 2453 lavabit
909 2412 1049 2469 aqua
1081 2404 1254 2458 totum
1284 2408 1485 2464 corpus
1518 2406 1703 2457 suum,
1735 2398 1792 2446 et
1814 2388 2005 2443 induet
2035 2402 2100 2441 ea
2132 2405 2146 2439 :

579 2489 633 2544 5.
670 2487 737 2543 Et
759 2505 791 2545 a
819 2501 1091 2560 synagoga
1124 2486 1362 2542 ﬁliorum
1390 2483 1555 2540 Israel
1604 2481 1836 2551 accipiet
1863 2480 2004 2535 duos
2032 2477 2150 2533 hir-

579 2598 675 2637 cos
696 2597 765 2637 ex
795 2581 975 2651 capris
1007 2594 1107 2651 pro
1132 2586 1376 2649 peccato,
1424 2575 1734 2631 etarietem
1757 2587 1932 2651 unum
1957 2571 2024 2625 ad
2051 2570 2151 2625 bo-

580 2641 905 2727 locaustum.
967 2641 1028 2725 6:
1051 2641 1350 2726 Et-ofl'eret
1389 2667 1571 2722 Aaron
1616 2641 1879 2730 vitulum,
1914 2665 2006 2736 qui
2051 2678 2153 2733 pro

580 2767 805 2830 peccato
834 2771 936 2812 suo
965 2773 978 2810 :
1010 2763 1066 2810 et
1090 2754 1330 2825 expiabit
1350 2767 1451 2825 pro
1475 2769 1537 2811 se
1558 2761 1613 2809 et
1636 2753 1802 2809 domo
1827 2766 1950 2807 sua.
2001 2748 2052 2803 7.
2087 2746 2153 2801 Et

582 2850 813 2919 accipiet
843 2849 983 2903 duos
1014 2847 1221 2912 hircos,
1254 2858 1310 2903 et
1341 2855 1540 2905 statuet
1571 2860 1669 2903 eos
1711 2855 1836 2899 ante
1864 2838 2151 2898 Dominum

583 2945 651 2997 ait
702 2942 900 2999 ostium
954 2939 1288 2996 tabernaculi
1339 2938 1653 2995 testimonii.
1709 2936 1763 2993 8.
1802 2934 1869 2990 Et
1913 2935 2156 3004 imponet

584 3039 764 3091 Aaron
787 3049 951 3103 supra
979 3035 1117 3088 duos
1148 3032 1332 3095 hircos
1359 3038 1534 3087 sortes
1580 3047 1594 3085 :
1627 3036 1829 3085 sortem
1861 3043 2024 3081 unam
2052 3023 2155 3078 Do-

586 3124 757 3187 mino,
809 3131 863 3176 et
920 3129 1122 3175 sortem
1174 3135 1337 3175 unam
1394 3118 1696 3174 emissario.
1758 3116 1811 3172 9.
1861 3116 1924 3169 Et
1967 3114 2155 3169 offeret

585 3218 766 3270 Aaron
815 3214 1026 3268 hircum
1062 3227 1227 3282 super
1272 3226 1432 3282 quem
1487 3209 1800 3279 supervenit
1831 3223 1994 3276 super
2026 3222 2152 3261 eum

585 3320 710 3360 sora
742 3302 995 3368 Domino,
1025 3313 1079 3358 et
1103 3302 1288 3357 oﬁeret
1320 3316 1415 3372 pro
1442 3311 1665 3370 peccato
1690 3319 1704 3354 :
1735 3299 1820 3354 10.
1850 3298 1916 3353 Et
1941 3298 2154 3352 hircum

586 3415 751 3469 super
796 3414 956 3469 quem
987 3396 1297 3468 supervenit
1342 3411 1506 3464 super
1534 3409 1659 3449 eum
1692 3408 1814 3448 sors
1860 3390 2153 3455 emissarii,

587 3497 792 3545 statuet
821 3490 1090 3545 viventem
1126 3496 1252 3543 ante
1280 3487 1594 3551 Dominum,
1627 3493 1689 3539 ut
1713 3484 2036 3554 propitietur
2059 3499 2155 3537 su-

586 3597 686 3651 per
707 3595 811 3648 eo;
842 3579 916 3635 ita
947 3588 1007 3634 ut
1036 3579 1248 3633 emittat
1267 3591 1391 3632 eum
1421 3577 1477 3631 in
1505 3574 1858 3631 emissionem
1886 3587 1950 3630 σε·
1973 3572 2158 3628 dimit-

588 3681 667 3728 tet
691 3687 816 3727 eum
866 3674 889 3742 ζ
938 3671 992 3726 in
1021 3671 1313 3728 desertum.
1374 3670 1462 3726 11.
1494 3668 1563 3725 Et
1584 3667 1775 3724 offeret
1806 3668 1986 3721 Aaron
2012 3666 2155 3719 vitu-

590 3765 705 3819 lum
726 3779 908 3829 suum,
926 3764 1020 3833 qui
1047 3778 1149 3833 pro
1176 3768 1419 3832 peccato,
1448 3769 1504 3816 et
1526 3759 1769 3832 expiabit
1785 3772 1885 3831 pro
1903 3773 1961 3813 se
1978 3764 2033 3812 et
2059 3769 2162 3825 pro

590 3861 754 3912 domo
776 3872 894 3913 sua.
930 3857 995 3911 Et
1012 3855 1281 3926 jugulabit
1308 3855 1536 3911 vitulum
1563 3870 1745 3917 suum,
1784 3852 1876 3923 qui
1904 3868 2003 3921 pro
2033 3865 2161 3920 pec-

592 3957 736 4003 cato.
795 3948 881 4001 12.
921 3945 984 4001 Ει
1013 3956 1188 4002 sumet
1245 3945 1584 4000 thuribulum
1618 3946 1834 4011 plenum
1861 3941 2160 3997 carbonum

594 4041 738 4111 ignis
768 4040 839 4094 ab
872 4039 1054 4103 altari,
1084 4036 1231 4108 quod
1257 4046 1343 4091 est
1361 4051 1547 4091 coram
1576 4034 1827 4089 Domino.
1883 4031 1951 4087 Et
1973 4031 2165 4102 imple-

591 4135 672 4188 bit
706 4142 900 4187 manus
950 4145 1080 4185 suas
1124 4130 1350 4183 incenso
1397 4126 1812 4198 compositionis
1840 4124 2090 4189 subtilis,
2113 4132 2167 4176 et

594 4224 791 4279 inferet
817 4222 958 4277 intra
990 4223 1254 4276 velamen.
1293 4222 1379 4276 l5.
1410 4221 1475 4275 Et
1504 4221 1745 4290 imponet
1769 4219 2051 4272 incensum
2082 4230 2167 4269 su-

596 4334 690 4387 per
717 4319 895 4386 ignem
925 4325 1050 4371 ante
1078 4313 1367 4369 Dominum
1404 4332 1417 4368 :
1447 4320 1503 4368 et
1527 4312 1735 4383 operiet
1754 4324 1925 4379 vapor
1953 4305 2163 4362 incensi

594 4408 1055 4479 propitiatorium,
1090 4409 1234 4478 quod
1266 4415 1352 4462 est
1395 4420 1557 4475 super
1600 4388 1934 4467 testimonia,
1969 4406 2024 4454 et
2052 4411 2165 4452 non

596 4501 879 4555 morietur.
915 4498 1002 4552 14.
1030 4496 1096 4553 Et
1117 4506 1295 4552 sumet
1323 4499 1389 4551 de
1415 4496 1681 4566 sanguine
1698 4492 1850 4549 vituli
1882 4512 1895 4546 :
1920 4499 1973 4547 et
1987 4496 2171 4561 asper‘

595 4601 685 4661 get
726 4591 897 4660 digito
946 4605 1048 4644 suo
1104 4604 1270 4656 super
1314 4586 1749 4657 propitiatorium
1781 4585 1850 4639 ad
1878 4584 2167 4648 orientem,

597 4684 895 4740 secundum
928 4682 1120 4736 faciem
1161 4680 1545 4752 propitiatorii.
1598 4677 1662 4732 Et
1692 4685 1945 4747 asperget
1970 4676 2193 4747 septies~

597 4776 664 4828 de
693 4774 958 4843 sanguine
987 4774 1156 4842 digito
1179 4786 1301 4825 suo.
1340 4770 1425 4826 15.
1449 4769 1515 4822 Et
1536 4769 1805 4839 jugulabit
1830 4768 2042 4821 hircum
2073 4775 2171 4836 pro

600 4876 845 4934 peccato,
894 4880 1018 4919 eum
1048 4864 1189 4932 quia
1215 4864 1413 4931 populo
1429 4870 1512 4915 est
1528 4875 1587 4917 οι-
1609 4872 1736 4914 ante
1753 4858 2045 4913 Dominum
2073 4859 2097 4927 ζ
2117 4866 2173 4912 et

599 4956 795 5011 inferet
809 4956 875 5010 de
902 4956 1165 5024 sanguine
1180 4954 1299 5023 ejus
1328 4954 1467 5007 intra
1490 4952 1754 5006 velamen.
1775 4950 1842 5005 Et
1864 4950 2167 5005 facietsan-

598 5050 817 5117 guinem
834 5047 953 5117 ejus
966 5045 1420 5117 quemadmodum
1436 5043 1560 5098 fecit
1575 5044 1895 5113 sanguinem
1907 5041 2061 5097 vituli
2082 5060 2095 5096 :
2113 5049 2168 5095 et

600 5148 847 5209 aspcrget
863 5138 1182 5208 sanguinem
1198 5138 1317 5206 ejus
1334 5152 1495 5206 super
1512 5135 1945 5205 propitiatorium
1968 5148 2167 5189 secun-

598 5231 728 5283 dum
752 5228 942 5284 faciem
964 5228 1345 5299 propitiatorii.
1384 5226 1469 5280 16.
1495 5225 1561 5279 Ει
1577 5225 2075 5295 expiabitsanctum
2097 5226 2167 5280 ab

600 5316 961 5371 immunditiis
1006 5314 1239 5369 filiorum
1271 5315 1457 5381 lsrael,
1487 5326 1541 5369 et
1569 5316 1638 5370 ab
1665 5316 1947 5386 injustitiis
1974 5331 2166 5371 eorum

600 5423 700 5475 pro
715 5408 971 5462 otnnibus
984 5409 1217 5477 peccatis
1232 5422 1420 5461 eorum
1442 5425 1457 5462 :
1470 5418 1524 5461 et
1544 5408 1624 5462 sic
1644 5408 1803 5462 faciet
1821 5408 2171 5464 tabernaculo

603 5498 920 5561 testimonii,
945 5498 1088 5567 quod
1119 5499 1443 5553 aediﬁcatum
1490 5499 1644 5553 estin
1675 5501 1775 5563 eis,
1796 5503 1847 5553 in
1867 5502 2044 5555 medio
2064 5501 2169 5555 im-

602 5589 880 5642 munditia:
896 5584 1105 5642 eorum.
1124 5588 1209 5643 17.
1230 5588 1294 5641 Ει
1309 5590 1487 5643 omnis
1506 5590 1669 5643 homo
1687 5606 1795 5645 non
1807 5592 1911 5645 erit
1928 5594 1981 5646 in
2000 5594 2171 5647 taber-

604 5680 800 5734 naculo
830 5680 1145 5743 testimonii,
1180 5681 1515 5751 ingrediente
1557 5682 1648 5735 illo
1668 5683 1733 5737 ad
1749 5685 2082 5753 expiandum
2118 5687 2173 5738 in

605 5780 811 5836 sancto,
844 5770 1013 5826 donec
1044 5773 1337 5828 exierit:ct
1366 5774 1606 5843 expiabit
1634 5790 1733 5845 pro
1755 5778 1959 5846 seipso,
1992 5787 2044 5833 et
2074 5792 2173 5847 pro

2316 1193 2365 1247 1.
2398 1191 2508 1245 Kal
2541 1190 2772 1261 ὲλᾶλησε
2814 1190 3017 1260 Κύριος
3058 1186 3196 1257 πρὸς
3224 1184 3432 1253 Μωσῆν
3486 1182 3623 1253 μετὰ
3653 1180 3724 1234 τδ
3750 1198 3839 1232 τε-

2241 1282 2502 1351 λευτῆσαι
2522 1281 2651 1343 τοὺς
2677 1278 2770 1331 δύο
2792 1279 2943 1341 υἱοὺς
2986 1274 3194 1346 ’Δαρὼν
3251 1276 3310 1326 ιν
3344 1272 3422 1342 τῷ
3453 1274 3837 1343 προσαγαγεῖν

2243 1375 2444 1437 αὐτοὺς
2476 1371 2592 1445 πῦρ
2620 1371 2899 1442 ἀλλότριον
2927 1369 3107 1423 ἔναντι
3143 1366 3370 1438 Κυρίου,
3412 1366 3506 1419 καὶ
3542 1363 3841 1433 ἐτελεύτη-

2245 1483 2365 1520 σαν.
2400 1465 2454 1520 2.
2478 1465 2589 1519 Kal
2610 1460 2762 1517 εἶπεν
2778 1462 2979 1533 Κύριος
3002 1459 3137 1532 πρὸς
3166 1459 3393 1529 Μωσῆψ
3416 1455 3662 1527 Λάλησον
3699 1454 3843 1526 πρὸς

2258 1556 2468 1628 ’Δαρὼν
2494 1556 2588 1611 τὸν
2612 1555 2840 1625 ἀδελφόν
2872 1572 2985 1619 σου,
3019 1552 3113 1607 καὶ
3154 1551 3229 1622 μὴ
3282 1547 3691 1620 είσπορευὲσθω
3730 1547 3842 1600 πᾶ-

2249 1666 2349 1704 σαν
2380 1649 2528 1722 ὥραν
2560 1649 2640 1711 είς
2666 1649 2727 1702 τὸ
2759 1648 2916 1716 ἅγιον
2964 1642 3230 1714 ἐσώτερον
3262 1642 3358 1696 τοῦ
3397 1642 3843 1711 καταπετάσμα-

2245 1759 2337 1807 τος
2363 1743 2444 1805 είς
2480 1742 2769 1813 πρόσωπον
2794 1738 2888 1793 τοῦ
2950 1736 3283 1809 ίλαστηρίου,
3339 1736 3369 1789 δ
3412 1737 3560 1788 εστιν
3613 1731 3714 1787 επὶ
3739 1732 3845 1802 τῆς

2247 1832 2483 1888 κιϐωτοῦ
2520 1848 2583 1889 +
2634 1832 2729 1888 τοῦ
2767 1828 3115 1904 μαρτυρίουζ
3150 1828 3245 1883 καὶ
3296 1830 3397 1883 οὐκ
3449 1827 3840 1883 ἀποθανεῖται.

2260 1929 2348 1983 Ἐν
2405 1927 2514 2000 γὰρ
2566 1925 2766 1999 νεφέλῃ
2838 1925 3147 1995 ὀφθήσομαι
3200 1921 3291 1975 ἐπὶ
3339 1919 3434 1974 τοῦ
3493 1917 3842 1991 ἱλαστηρίου.

2247 2020 2301 2073 3.
2328 2016 2516 2081 υῦτως
2546 2016 2912 2070 εἰσελεύσεται
2948 2014 3158 2081 Ἀαρὼν
3189 2015 3269 2077 εἰς
3297 2012 3357 2066 τὸ
3378 2012 3533 2081 ἆγιον
3566 2011 3626 2063 ὲν
3644 2010 3848 2081 μόσχῳ

2250 2111 2314 2161 ὲκ
2340 2107 2477 2178 βοῶν
2509 2108 2640 2178 περὶ
2679 2105 2982 2177 ἁμαρτίας,
3010 2104 3105 2158 καὶ
3155 2103 3311 2175 κριὸν
3334 2104 3413 2166 είς
3444 2099 3843 2171 ὀλοκαὺτωμα.

2250 2201 2305 2256 4.
2340 2204 2451 2256 Kal
2497 2201 2701 2270 χιτῶνα
2761 2197 2942 2252 λινοῦν
2991 2196 3327 2268 ἡγιασμένον
3383 2194 3688 2257 ἐνδύσεται,
3749 2193 3847 2245 καὶ

2250 2291 2568 2366 περισκελὶς
2599 2290 2777 2345 λινοῦν
2828 2290 2980 2344 ἔσται
3027 2288 3121 2344 ἐπὶ
3146 2287 3242 2341 τοῦ
3272 2285 3482 2360 χρωτὸς
3511 2284 3705 2352 αὐτοῦ,
3749 2302 3826 2340 κα

2254 2386 2400 2460 ζώνῃ
2425 2388 2543 2458 λινῇ
2568 2385 2821 2452 ζώσεται,
2870 2386 2966 2439 καὶ
2996 2383 3209 2455 κίδαριν
3252 2380 3405 2452 λινῆν
3454 2378 3844 2451 περιθήσιται,

2255 2484 2448 2554 ἱμάτια
2476 2481 2613 2551 ἆτιᾶ
2639 2481 2755 2534 ἔστι
2775 2498 2789 2509 ν
2821 2479 2917 2534 καὶ
2964 2477 3214 2532 λοῦσεται
3245 2473 3398 2529 ὕδατι
3448 2474 3559 2527 πᾶν
3588 2473 3654 2527 τὺ
3673 2470 3850 2545 σῶμα

2251 2576 2440 2639 αὐτοῦ,
2470 2576 2563 2628 καὶ
2585 2573 2863 2627 ἐνδύσεται
2886 2571 3045 2625 αὑτά·
3098 2569 3151 2625 5.
3188 2567 3299 2621 Καὶ
3346 2566 3499 2638 παρὰ
3556 2567 3659 2637 τῆς
3712 2582 3846 2621 συν-

2252 2666 2475 2737 αγωγῆς
2506 2664 2616 2718 τῶν
2637 2664 2768 2718 υἱῶν
2826 2662 3043 2736 Ἰσραὴλ
3067 2660 3338 2733 λήμψεται
3359 2660 3453 2713 δύο
3482 2659 3763 2733 χιμάρους
3788 2657 3849 2723 εξ

2252 2758 2424 2829 αἰγῶν
2446 2756 2572 2830 περὶ
2600 2756 2895 2830 ἁμαρτίας,
2932 2754 3027 2809 καὶ
3065 2753 3218 2826 κριὸν
3234 2752 3330 2806 ενα
3352 2753 3433 2815 είς
3452 2750 3845 2822 ὁλοκαύσωμα.

2253 2852 2305 2905 6.
2337 2851 2448 2911 Kal
2476 2849 2735 2921 προσάξει
2792 2846 3002 2921 Ἀαρὼν
3038 2834 3138 2901 ’τὸν
3196 2848 3396 2918 μόσχον
3448 2846 3542 2899 τὸν
3572 2848 3710 2918 περὶ
3746 2847 3849 2916 τῆς

2254 2942 2527 3013 ἁμαρτίας
2560 2942 2747 3008 αὑτοῦ,
2776 2942 2871 2996 καὶ
2913 2940 3218 3006 ἐξιλάσεται
3245 2941 3373 3011 περὶ
3400 2939 3588 3004 αὐτοῦ,
3624 2940 3728 2995 καὶ
3746 2939 3845 2994 τοῦ

2254 3036 2403 3088 οῐκου
2438 3032 2623 3087 αὑτοῦ.
2673 3034 2726 3088 7.
2783 3034 2895 3088 Kal
2948 3032 3218 3105 λήμψεται
3255 3034 3381 3094 τοὺς
3410 3032 3505 3085 δύο
3541 3033 3845 3104 χιμάρους,

2258 3127 2353 3181 καὶ
2388 3129 2570 3197 στήσει
2604 3127 2799 3191 αὐτοὺς
2831 3126 3009 3179 ἔναντι
3048 3124 3255 3196 Κυρίου
3317 3123 3468 3194 παρὰ
3511 3123 3613 3195 τὴν
3672 3123 3848 3194 θύραν

2257 3221 2361 3289 τῆς
2396 3222 2601 3291 σκηνῆς
2623 3218 2719 3273 τοῦ
2754 3217 3074 3290 μαρτυρίου.
3104 3215 3158 3269 8.
3193 3215 3303 3269 Kal
3334 3213 3583 3284 ἐπιθήσει
3629 3211 3849 3285 Ἀαρὼν

2256 3312 2350 3365 ἐπὶ
2371 3312 2496 3374 τοὺς
2520 3308 2613 3364 δύο
2644 3309 2910 3381 χιμάρους
2935 3308 3188 3379 κλήρους·
3238 3306 3437 3377 κλῆρον
3461 3306 3558 3359 ἕνα
3613 3304 3697 3375 τῷ
3730 3305 3850 3358 κυ-

2258 3404 2381 3476 ρίῳ,
2412 3403 2506 3456 καὶ
2537 3401 2736 3474 κλῆρον
2774 3401 2871 3453 ἕνα
2889 3400 2967 3471 τῷ
2994 3398 3387 3469 ἀποπομπαίῳ.
3414 3398 3468 3453 9.
3520 3397 3634 3452 Kal
3673 3413 3853 3467 προσ-

2258 3494 2375 3559 άξει
2412 3494 2618 3566 Ἀαρὼν
2644 3492 2736 3547 τὸν
2758 3492 2991 3564 χίμαρον
3039 3490 3126 3561 ἐφ’
3154 3490 3213 3546 δν
3240 3489 3474 3560 ἐπῆλθεν
3495 3489 3587 3542 ἐπ’
3618 3487 3791 3543 αὐτὸν
3816 3490 3849 3541 δ

2258 3586 2462 3656 κλῆρος
2498 3585 2574 3656 τῷ
2625 3585 2837 3656 Κυρίῳ,
2887 3582 2982 3637 καὶ
3034 3582 3311 3655 προσοίσει
3363 3581 3494 3654 περὶ
3535 3582 3844 3654 ἁμαρτιας.

2264 3677 2351 3732 10.
2384 3678 2493 3732 Kal
2544 3678 2638 3731 τὸν
2684 3677 2939 3748 χίμαρον,
2995 3677 3080 3745 ἐφ’
3107 3676 3166 3729 ὃν
3226 3675 3460 3745 ἐπῆλθεν
3506 3675 3593 3728 ἐπ’
3621 3675 3791 3730 αὑτὸν
3819 3678 3848 3729 ὁ

2262 3771 2461 3842 κλῆρος
2482 3770 2577 3825 τοῦ
2603 3769 3014 3839 ἀποπομπαίου,
3070 3770 3256 3840 στήσει
3306 3768 3482 3833 ζῶντα
3526 3768 3713 3823 ἔναντι
3741 3769 3858 3823 Κυ-

2266 3866 2406 3936 ρίου,
2440 3862 2533 3918 τοῦ
2589 3859 2943 3929 ἐξιλάσασθαι
2965 3863 3053 3917 ἐπ’
3074 3862 3262 3917 αὐτοῦ·
3291 3860 3433 3915 ὥστε
3464 3859 3854 3925 ἐξαποστεῖλαι

2264 3955 2424 4008 αὐτὸν
2459 3956 2540 4017 εἰς
2565 3954 2663 4026 τὴν
2698 3954 3033 4025 ἁποπομπὴν
3069 3968 3131 4008 -ιι-
3163 3954 3363 4025 ἀφήσει
3395 3950 3557 4006 αὐτὸν
3587 3951 3722 4020 ζείς
3749 3952 3853 4022 τὴν

2264 4047 2491 4117 ἔρημον.
2548 4046 2635 4099 11.
2681 4047 2790 4099 Kal
2840 4045 3103 4117 προσάξει
3145 4045 3353 4117 ’Δαρὼν
3402 4043 3495 4099 τὸν
3524 4045 3731 4117 μόσχον
3756 4044 3852 4099 τὸν

2267 4140 2394 4208 περὶ
2420 4141 2520 4210 τῆς
2551 4138 2826 4209 ἁμαρτίας
2855 4139 2946 4191 τὸν
2983 4138 3171 4202 αὐτοῦ,
3230 4139 3325 4192 καὶ
3381 4135 3692 4202 tendum
3717 4137 3849 4210 περὶ

2265 4229 2431 4282 αὑτοῦ
2457 4230 2551 4284 καὶ
2582 4230 2675 4283 τοῦ
2702 4228 2854 4282 οἴκου
2882 4228 3072 4293 αὐτοῦ,
3114 4228 3210 4282 καὶ
3265 4227 3461 4298 σφάξει
3512 4227 3606 4281 τὸν
3644 4228 3851 4299 μόσχον

2265 4322 2357 4374 τὸν
2389 4322 2517 4393 περὶ
2541 4321 2641 4391 τῆς
2667 4322 2940 4393 ἁμαρτίας
2962 4323 3053 4375 τὸν
3081 4319 3267 4375 αὐτοῦ.
3314 4319 3399 4374 12.
3435 4318 3545 4373 Kal
3569 4318 3849 4389 λήμψεται

2267 4415 2328 4467 τὸ
2356 4417 2578 4487 πυρεῖον
2604 4413 2812 4483 πλῆρες
2849 4412 3135 4484 ἀνθράκων
3158 4411 3338 4485 πυρὸς
3368 4410 3477 4465 dub
3519 4410 3616 4465 τοῦ
3652 4410 3848 4465 θυσια-

2270 4502 2490 4575 στηρίου
2520 4502 2613 4557 τοῦ
2640 4502 2901 4558 ἀπέναντι
2929 4501 3152 4573 Κυρίου.
3174 4500 3285 4556 Kal
3307 4500 3500 4571 πλήσει
3526 4500 3626 4564 τὰς
3658 4505 3847 4572 χεῖρας

2269 4593 2436 4648 αὑτοῦ
2468 4592 2811 4665 θυμιάματος
2859 4591 3160 4655 συνθέσεως
3214 4590 3435 4663 λεπτῆς,
3468 4593 3595 4645 καὶο
3622 4592 3848 4646 εἰσοίσει

2272 4687 2536 4758 ἐσώτερον
2560 4684 2655 4740 τοῦ
2697 4685 3205 4757 καταπετάσματος.
3258 4683 3345 4740 15.
3374 4684 3483 4738 Kal
3508 4683 3763 4755 ἐπιθήσει
3788 4683 3849 4738 τὸ

2272 4776 2520 4847 θυμίαμα
2563 4775 2658 4829 ἐπὶ
2687 4775 2749 4828 τὸ
2774 4774 2889 4846 πῦρ
2922 4774 3101 4830 ἔναντι
3132 4774 3362 4846 Κυρίου,
3396 4773 3491 4828 καὶ
3532 4772 3768 4843 καλύψει
3810 4774 3845 4844 ἠ

2270 4868 2433 4938 ἀτμὶς
2461 4868 2555 4921 τοῦ
2587 4866 2926 4939 ὼμίαματος
2948 4866 3011 4921 τὸ
3043 4865 3353 4937 ἱλαστήριον
3375 4866 3435 4918 τὸ
3464 4866 3555 4918 ἐπὶ
3572 4864 3685 4918 τῶν
3709 4880 3847 4936 μαρ-

2272 4959 2495 5030 τυρίων,
2520 4960 2613 5012 καὶ
2645 4958 2747 5012 οὐκ
2770 4946 3141 5012 ἀποθανεῖται.
3177 4957 3260 5009 14.
3298 4956 3407 5010 Kal
3438 4954 3714 5027 λήμψεται
3741 4954 3847 5009 ἀπὸ

2272 5048 2365 5102 τοῦ
2398 5049 2629 5119 αἵματος
2653 5047 2749 5102 τοῦ
2800 5048 3022 5118 μόσχου,
3054 5047 3148 5101 καὶ
3174 5050 3325 5117 ρανεῖ
3370 5045 3450 5116 τῷ
3476 5045 3729 5116 δακτύλῳ
3748 5045 3846 5100 αὐ·

2272 5139 2367 5192 τοῦ
2394 5140 2487 5193 επὶ
2507 5138 2570 5192 τὸ
2618 5139 2926 5210 ἱλαστήριον
2971 5139 3111 5193 κατὰ
3156 5136 3436 5201 ἀνατολὰς,
3496 5136 3640 5191 κατὰ
3676 5135 3844 5208 πρόσ-

2271 5248 2421 5285 ωπον
2435 5230 2530 5285 τοῦ
2555 5227 2745 5300 ίλαστη
2753 5229 2886 5303 ρίου·
2905 5228 2999 5281 καὶ
3028 5230 3177 5299 (lavet
3196 5228 3422 5309 ἑπτάκις
3437 5227 3543 5281 ἀπὸ
3569 5227 3662 5281 τοῦ
3680 5228 3843 5299 αἵμα-

2274 5335 2366 5381 τος
2403 5316 2479 5388 τῷ
2510 5316 2757 5387 δακτύλῳ
2785 5316 2969 5371 αὐτοῦ.
3000 5316 3086 5371 15.
3124 5317 3233 5370 Kal
3278 5315 3469 5384 σφάξει
3497 5318 3590 5370 τὸν
3614 5318 3843 5387 χίμαρον

2274 5410 2367 5461 τὸν
2396 5408 2521 5479 περὶ
2546 5408 2645 5476 τῆς
2673 5408 2949 5480 ἁμαρτίας
2978 5408 3068 5461 τὸν
3097 5407 3246 5479 παρὰ
3277 5407 3371 5460 τοῦ
3414 5406 3541 5461 λαοῦ
3571 5422 3633 5462 -ι-
3668 5409 3839 5463 ἔναντι

2276 5501 2482 5571 Κυρίου
2514 5501 2534 5567 ζ
2564 5499 2658 5552 καὶ
2684 5499 2902 5552 εἰσοίσει
2958 5498 3053 5551 τοῦ
3108 5498 3337 5569 αἵματος
3370 5498 3533 5552 αὐτοῦ
3580 5499 3839 5569 ἐσώτερον

2276 5593 2369 5645 τοῦ
2405 5592 2908 5661 καταπετάσματος.
2946 5591 3057 5645 Kal
3098 5592 3311 5662 ποιήσει
3334 5590 3393 5644 τὸ
3424 5584 3563 5661 αἷμα
3595 5589 3755 5645 αὑτοῦ
3780 5587 3838 5643 ὃν

2264 5686 2465 5757 τρόπον
2495 5684 2752 5753 ἐποίησεν
2806 5683 2870 5736 τὸ
2901 5680 3036 5755 αἷμα
3069 5682 3164 5737 τοῦ
3202 5685 3405 5754 μόσχου
3460 5686 3553 5737 καὶ
3609 5685 3756 5753 ρανεί
3779 5677 3837 5733 τὺ

2264 5772 2405 5848 αἷμα
2436 5775 2601 5830 αὑτοῦ
2628 5776 2719 5829 ἐπὶ
2748 5775 2809 5829 τὸ
2862 5776 3194 5846 ἱλαστήριον,
3242 5776 3382 5830 κατὰ
3412 5777 3705 5844 πρόσωπον
3744 5768 3833 5825 τοῦ
