3832 6214
180 521 1013 578 ﬁ

1166 564 1185 569 _
1233 559 1276 563 _
1317 555 1820 564 v.______.c--h-_
1847 558 1872 561 _
1903 558 1936 563 _.
1959 558 1994 562 -_
2021 558 2274 563 ---π-ν
2293 558 2382 562 ....-
2405 557 2884 563 ᾑρηῇηηρ
3151 560 3176 562 η

463 795 1992 986 HEXAPLORUM
2120 803 3127 989 OBIGENIS

1183 1206 1514 1343 QUzE
1603 1206 2442 1328 SUPERSUNT

179 1520 450 1576 IULTIS
495 1519 841 1573 mannos
866 1519 1212 1574 AUCTIORA
1239 1516 1429 1581 QUAM
1457 1520 1498 1571 Α
1526 1520 1871 1587 ηΑΜιΝΙο
1891 1516 2179 1572 noema
2205 1521 2292 1573 ET
2314 1513 2587 1575 10mm
2615 1512 2867 1575 DRUSIO
2886 1515 3094 1575 EDITA
3123 1512 3433 1578 Eventu

629 1774 712 1818 EX
760 1768 1222 1818 IANUSCRIPTIS
1266 1772 1346 1815 ΕΤ
1389 1772 1472 1815 EX
1519 1772 1722 1817 LIBRIS
1764 1771 1970 1818 EDITIS
2010 1768 2207 1819 BRUIT
2242 1766 2324 1819 ΕΤ
2366 1771 2549 1821 NOTIS
2590 1768 3006 1821 ILLUSTRAVIT

983 2020 1097 2107 ι).
1173 2019 1534 2109 BERN.
1591 2018 1739 2107 DE
1814 1960 2649 2114 MONTFAUCON

858 2293 1207 2349 IONACHUS
1249 2291 1715 2348 BENEDICTINUS
1758 2291 1803 2345 Ε
1862 2290 2389 2346 CONGBEGATIONE
2448 2296 2499 2347 S.
2545 2292 2767 2349 MAURI.

1397 2521 1633 2587 (Parisiis
1651 2520 1792 2583 1715,
1815 2523 1846 2571 2
1868 2522 1963 2571 vol.
1989 2524 2200 2575 ila-tolio.
2213 2527 2235 2589 )

1775 2779 1845 2800 ..ἥδ

993 3000 1586 3098 EPISTOLA
1656 2997 2643 3106 NUNCUPATORIA.

1761 3308 1830 3328 Ἀ

262 3515 768 3591 Eminentissimo
805 3524 971 3587 D.D.
1014 3524 1246 3587 Caesari
1288 3522 1655 3600 d’Es'rntns,
1704 3520 2019 3588 cardinali
2053 3527 2341 3605 episcopo
2368 3521 2732 3601 Albanensi,
2764 3527 2912 3591 duci
2950 3544 3023 3592 ac
3060 3532 3211 3612 pari
3240 3526 3447 3597 From

180 3633 317 3708 cia,
351 3632 673 3712 regiorum
699 3630 993 3693 ordinum
1027 3628 1535 3703 commendatori,
1564 3630 1631 3693 S.
1664 3628 2019 3692 Germania
2047 3630 2263 3692 Pratis
2296 3629 2528 3706 abbati,
2567 3638 2687 3695 etc.

259 3788 406 3851 Non
430 3787 543 3849 diu
573 3784 954 3867 multumque
988 3787 1280 3865 cogitavi,
1310 3788 1415 3850 cui
1449 3788 1627 3849 hasce
1655 3785 2125 3849 lucubrationes
2160 3803 2620 3865 nuncuparem;
2656 3787 2829 3851 adest
2864 3788 3094 3869 quippe
3135 3791 3305 3851 domi
3340 3788 3444 3852 cui

183 3890 445 3953 similem
472 3892 634 3973 foris
655 3893 904 3970 frustra
934 3908 1264 3972 quarerem
1294 3912 1314 3952 :
1345 3892 1660 3985 siquidem.
1678 3892 1746 3952 in
1778 3899 1835 3952 te
1862 3911 2013 3963 uno,
2048 3890 2554 3952 Eminentissime
2582 3892 2964 3967 Cardinalis,
3000 3895 3207 3954 omnia
3238 3892 3445 3974 splen-

185 3998 330 4061 dent
366 3999 627 4060 virtutis
665 3995 1139 4077 litterarumque
1177 4008 1560 4071 ornamenta,
1598 3997 1807 4058 omnia
1844 3996 2069 4076 optimi
2108 3997 2470 4059 Mcecenatis
2517 3997 2815 4077 insignia,
2855 3999 3031 4079 cujus
3056 4007 3265 4077 partes
3294 4005 3444 4060 sunt

185 4098 502 4162 litteratos
544 4098 964 4161 benevolentia
1019 4100 1362 4179 complecti,
1406 4101 1633 4182 ofﬁciis
1666 4103 1992 4182 prosequi,
2029 4098 2307 4179 exemplo
2350 4101 2688 4163 concitare.
2719 4103 2822 4163 En
2851 4102 2973 4165 tibi
3005 4102 3441 4183 Hexap‘lorum

185 4203 477 4282 Origenis
498 4213 745 4280 partem
773 4198 993 4282 offero,
1045 4221 1178 4283 qua:
1202 4211 1352 4282 post
1385 4203 1757 4265 diuturnum
1786 4221 1925 4265 cum
1960 4201 2179 4265 blattis
2210 4212 2266 4264 et
2295 4203 2482 4264 tineis
2523 4202 2885 4283 conﬂictum
2915 4205 3165 4282 emergit
3204 4205 3445 4267 demum

186 4320 242 4370 et
268 4301 571 4387 auspiciis
600 4309 729 4370 tuis
764 4308 833 4368 in
875 4305 1069 4368 lucem
1088 4307 1336 4386 prodit.

261 4415 566 4477 Arbitror
604 4428 712 4493 ego
743 4423 824 4486 te,
859 4412 967 4473 Vir
992 4411 1390 4491 amplissime,
1434 4412 1835 4492 antiquitatis
1855 4413 2210 4493 praesertim
2234 4409 2661 4473 ecclesiastica
2693 4409 3245 4483 studiosissimum,
3276 4409 3446 4473 haud
3464 4418 3470 4425 '

186 4513 404 4577 leviter
457 4515 959 4594 indignaturum,
1012 4513 1181 4595 quod
1225 4515 1609 4592 posterioris
1663 4515 1778 4576 aevi
1831 4515 2174 4593 scriptores
2229 4530 2388 4592 opus
2441 4523 2567 4574 tam
2628 4513 2870 4590 ingens,
2914 4520 3007 4573 tot
3051 4511 3348 4573 laudibus
3404 4524 3445 4571 α

186 4621 418 4701 priscis
458 4616 592 4681 illis
619 4617 914 4680 Ecclesia:
954 4616 1318 4679 doctoribus
1346 4615 1738 4688 celebratum,
1791 4631 2013 4692 magno
2059 4632 2172 4673 suo
2205 4612 2498 4674 dedecore
2527 4612 2631 4673 .ita'
2674 4611 2936 4673 interire
2964 4612 3140 4688 passi
3165 4611 3317 4681 sint,
3369 4618 3442 4671 ut

186 4726 442 4787 nonnisi
470 4743 704 4786 summo
733 4722 946 4786 labore
977 4731 1030 4784 et
1062 4723 1380 4785 industria
1396 4722 1575 4784 hasce
1603 4722 1733 4802 ejus
1760 4716 2065 4800 reliquias
2095 4716 2704 4796 extremwperniciei
2717 4716 2853 4797 jam
2865 4713 3203 4793 proximas
3233 4729 3445 4773 eruere

233 4827 599 4889 otuerimus.

233 4845 599 4889 otuerimus.

184 4845 227 4908 ρ
268 4928 443 4994 Illud
467 4938 672 4991 autem
698 4926 948 4989 minime
970 4934 1332 4986 eventurum
1360 4932 1515 4997 erat,
1538 4920 1833 4984 Ecclesite
1851 4920 2152 5000 Princeps
2177 4919 2422 4992 eximie,
2443 4919 2501 4979 si
2528 4918 2625 4979 tui
2649 4914 2880 4977 similes
2894 4915 3224 4995 postremis
3250 4926 3443 4976 swcu-

191 5037 271 5099 iis
299 5032 642 5096 Ecclesium
671 5041 725 5093 et
748 5026 1194 5108 rempublicam
1224 5023 1601 5087 litterariam
1631 5031 2079 5089 exornassem;
2137 5021 2268 5082 υἰνί
2307 5019 2546 5081 scilicet
2592 5019 2704 5099 qui
2749 5016 2992 5079 litteras
3022 5017 3446 5097 ingenuasque

188 5148 378 5211 artes,
408 5147 519 5199 aut
548 5135 841 5216 ﬂorentes
881 5130 1266 5201 conservare,
1298 5136 1409 5188 aut
1440 5125 1709 5187 labentes
1744 5123 1978 5201 erigere
2001 5129 2280 5201 possent.
2312 5118 2433 5181 Sed
2475 5119 2643 5199 quod
2669 5134 2793 5178 (eoo
2820 5124 3040 5216 nostro
3075 5116 3446 5216 providente

186 5210 456 5303 Numine
481 5210 866 5303 conceditur,
905 5230 974 5292 id
1013 5229 1081 5290 in
1120 5225 1338 5288 multis
1362 5223 1649 5286 tetatibus
1679 5222 1959 5299 reperire
1999 5218 2169 5281 haud
2201 5220 2293 5279 ita
2318 5215 2507 5298 facile
2527 5216 2746 5299 fuerit.
2801 5212 2970 5289 Quot
3017 5212 3178 5273 enim
3218 5210 3446 5272 saecula

183 5356 558 5424 percurrere
594 5352 749 5415 opus
782 5332 923 5405 erit,
952 5340 1026 5391 ut
1053 5327 1237 5390 talem
1266 5325 1581 5405 tantisque
1603 5321 1855 5385 dotibus
1880 5320 2185 5399 insignem
2212 5319 2420 5380 virum
2447 5317 2868 5384 inveniamus:
2903 5313 3131 5424 virum,
3165 5312 3441 5424 inquam,

189 5413 282 5509 ita
308 5443 492 5507 rebus
513 5438 606 5503 vel
626 5413 812 5521 quam
841 5433 1135 5495 maximis
1165 5430 1454 5511 gerendis
1482 5437 1722 5502 natum,
1763 5425 2014 5488 dicendi
2038 5422 2471 5504 scribendique
2498 5430 2623 5481 tam
2642 5418 2957 5498 peritum;
2993 5413 3224 5475 litteris
3253 5414 3444 5521 disci-

182 5549 504 5629 plinisque
532 5517 814 5608 omnibus
834 5547 926 5608 sic
948 5542 1266 5607 excultum
1281 5563 1302 5613 ;
1331 5541 1539 5603 virum
1565 5537 1850 5620 denique,
1885 5535 1996 5616 qui
2021 5550 2206 5615 quam
2229 5550 2293 5593 se
2322 5548 2561 5610 cunque
2591 5528 2659 5589 in
2682 5532 2923 5605 partem
2965 5520 3223 5597 dederit,
3257 5517 3446 5607 facile

182 5653 480 5731 princeps
491 5649 687 5730 fuerit
709 5649 739 5708 ?

265 5723 427 5821 Nam
451 5723 548 5812 vel
577 5770 616 5811 a
638 5752 843 5830 primo
865 5747 1222 5833 juventutis
1260 5745 1420 5829 ﬂore
1456 5742 1629 5825 apud
1656 5746 1715 5805 έν
1742 5755 1982 5821 semper
2008 5735 2272 5802 virtutis
2303 5751 2485 5817 quam
2513 5730 2714 5797 (etatis
2744 5727 2867 5811 fuit
2899 5744 3119 5892 curius
3157 5723 3443 5794 celerior.

505 5859 741 5892 θυι-..Λα
808 5856 902 5892 l1-
964 5854 1083 5892 YV
2062 5855 2092 5873 "

504 5859 776 5920 Ρηειοι..
808 5856 926 5918 Gn.
964 5854 1108 5918 XV.
2062 5855 2092 5873 ⁴

1356 6096 1895 6174 omam“?
