  <div class='ocr_page' id='page_1' title='image "/cluster/home/n/w/nwhite01/storage/ocr_20150623/15/nnc1.0046978852/013.png"; bbox 0 0 3832 6214; ppageno 0'>
   <div class='ocr_carea' id='block_1_1' title="bbox 403 328 3665 400">
    <p class='ocr_par' dir='ltr' id='par_1_1' title="bbox 403 328 3665 400">
     <span class='ocr_line' id='line_1_1' title="bbox 403 328 3665 400; baseline -0.001 -12"><span class='ocrx_word' id='word_1_1' title='bbox 403 334 464 390; x_wconf 77' lang='grc' dir='ltr'>Η</span> <span class='ocrx_word' id='word_1_2' title='bbox 1552 328 1893 385; x_wconf 76' lang='lat' dir='ltr'><strong><em>EPISTULA</em></strong></span> <span class='ocrx_word' id='word_1_3' title='bbox 1930 328 2501 390; x_wconf 79' lang='lat' dir='ltr'><strong><em>NUNCUPATORIA.</em></strong></span> <span class='ocrx_word' id='word_1_4' title='bbox 3590 345 3665 400; x_wconf 63' lang='lat' dir='ltr'><strong><em>g2</em></strong></span> 
     </span>
    </p>
   </div>
   <div class='ocr_carea' id='block_1_2' title="bbox 396 446 3661 545">
    <p class='ocr_par' dir='ltr' id='par_1_2' title="bbox 396 446 3661 545">
     <span class='ocr_line' id='line_1_2' title="bbox 396 446 3661 545; baseline 0.003 -29"><span class='ocrx_word' id='word_1_5' title='bbox 396 455 645 516; x_wconf 86' lang='lat' dir='ltr'><strong><em>Summo</em></strong></span> <span class='ocrx_word' id='word_1_6' title='bbox 686 453 916 533; x_wconf 91' lang='lat' dir='ltr'><strong><em>quippe</em></strong></span> <span class='ocrx_word' id='word_1_7' title='bbox 950 450 1086 513; x_wconf 91' lang='lat' dir='ltr'><strong><em>loco</em></strong></span> <span class='ocrx_word' id='word_1_8' title='bbox 1109 459 1297 512; x_wconf 86' lang='lat' dir='ltr'><strong><em>natus</em></strong></span> <span class='ocrx_word' id='word_1_9' title='bbox 1344 458 1397 511; x_wconf 90' lang='lat' dir='ltr'><strong><em>et</em></strong></span> <span class='ocrx_word' id='word_1_10' title='bbox 1441 451 1625 512; x_wconf 79' lang='lat' dir='ltr'><strong><em>avita:</em></strong></span> <span class='ocrx_word' id='word_1_11' title='bbox 1656 446 1880 528; x_wconf 70' lang='lat' dir='ltr'><strong><em>gloriae</em></strong></span> <span class='ocrx_word' id='word_1_12' title='bbox 1904 469 2155 523; x_wconf 91' lang='lat' dir='ltr'><strong><em>memor,</em></strong></span> <span class='ocrx_word' id='word_1_13' title='bbox 2188 453 2494 531; x_wconf 84' lang='lat' dir='ltr'><strong><em>majorum</em></strong></span> <span class='ocrx_word' id='word_1_14' title='bbox 2521 459 2777 515; x_wconf 89' lang='lat' dir='ltr'><strong><em>tuorum</em></strong></span> <span class='ocrx_word' id='word_1_15' title='bbox 2800 457 3067 536; x_wconf 80' lang='lat' dir='ltr'><strong><em>vestigia</em></strong></span> <span class='ocrx_word' id='word_1_16' title='bbox 3088 477 3223 521; x_wconf 72' lang='lat' dir='ltr'><strong><em>non&#39;</em></strong></span> <span class='ocrx_word' id='word_1_17' title='bbox 3246 462 3429 525; x_wconf 90' lang='lat' dir='ltr'><strong><em>modo</em></strong></span> <span class='ocrx_word' id='word_1_18' title='bbox 3461 482 3661 545; x_wconf 73' lang='lat' dir='ltr'><strong><em>sequi,</em></strong></span> 
     </span>
    </p>
   </div>
   <div class='ocr_carea' id='block_1_3' title="bbox 398 545 3664 629">
    <p class='ocr_par' dir='ltr' id='par_1_3' title="bbox 398 545 3664 629">
     <span class='ocr_line' id='line_1_3' title="bbox 398 545 3664 629; baseline 0.002 -12"><span class='ocrx_word' id='word_1_19' title='bbox 398 554 505 617; x_wconf 91' lang='lat' dir='ltr'><strong><em>sed</em></strong></span> <span class='ocrx_word' id='word_1_20' title='bbox 535 556 720 616; x_wconf 87' lang='lat' dir='ltr'><strong><em>etiam</em></strong></span> <span class='ocrx_word' id='word_1_21' title='bbox 741 562 1123 615; x_wconf 88' lang='lat' dir='ltr'><strong><em>antevertere</em></strong></span> <span class='ocrx_word' id='word_1_22' title='bbox 1151 550 1480 612; x_wconf 74' lang='lat' dir='ltr'><strong><em>studuisti.</em></strong></span> <span class='ocrx_word' id='word_1_23' title='bbox 1513 550 1682 609; x_wconf 86' lang='lat' dir='ltr'><strong><em>Hinc</em></strong></span> <span class='ocrx_word' id='word_1_24' title='bbox 1714 545 2127 626; x_wconf 78' lang='lat' dir='ltr'><strong><em>episcopalem</em></strong></span> <span class='ocrx_word' id='word_1_25' title='bbox 2150 559 2376 610; x_wconf 88' lang='lat' dir='ltr'><strong><em>nactus</em></strong></span> <span class='ocrx_word' id='word_1_26' title='bbox 2404 550 2771 629; x_wconf 85' lang='lat' dir='ltr'><strong><em>dignitatem</em></strong></span> <span class='ocrx_word' id='word_1_27' title='bbox 2798 551 2984 615; x_wconf 85' lang='lat' dir='ltr'><strong><em>rebus</em></strong></span> <span class='ocrx_word' id='word_1_28' title='bbox 3010 555 3307 621; x_wconf 68' lang='lat' dir='ltr'><strong><em>Ecclesiae</em></strong></span> <span class='ocrx_word' id='word_1_29' title='bbox 3339 559 3435 623; x_wconf 93' lang='lat' dir='ltr'><strong><em>vel</em></strong></span> <span class='ocrx_word' id='word_1_30' title='bbox 3454 567 3664 625; x_wconf 64' lang='lat' dir='ltr'><strong><em>mari-</em></strong></span> 
     </span>
    </p>
   </div>
   <div class='ocr_carea' id='block_1_4' title="bbox 400 647 3663 741">
    <p class='ocr_par' dir='ltr' id='par_1_4' title="bbox 400 647 3663 741">
     <span class='ocr_line' id='line_1_4' title="bbox 400 647 3663 741; baseline 0.002 -25"><span class='ocrx_word' id='word_1_31' title='bbox 400 656 517 716; x_wconf 90' lang='lat' dir='ltr'><strong><em>mis</em></strong></span> <span class='ocrx_word' id='word_1_32' title='bbox 555 653 994 731; x_wconf 78' lang='lat' dir='ltr'><strong><em>componendis</em></strong></span> <span class='ocrx_word' id='word_1_33' title='bbox 1022 668 1273 728; x_wconf 83' lang='lat' dir='ltr'><strong><em>operam</em></strong></span> <span class='ocrx_word' id='word_1_34' title='bbox 1295 666 1425 709; x_wconf 92' lang='lat' dir='ltr'><strong><em>non</em></strong></span> <span class='ocrx_word' id='word_1_35' title='bbox 1454 649 1660 709; x_wconf 90' lang='lat' dir='ltr'><strong><em>minus</em></strong></span> <span class='ocrx_word' id='word_1_36' title='bbox 1689 648 2000 725; x_wconf 77' lang='lat' dir='ltr'><strong><em>sagaciter</em></strong></span> <span class='ocrx_word' id='word_1_37' title='bbox 2022 665 2207 728; x_wconf 87' lang='lat' dir='ltr'><strong><em>quam</em></strong></span> <span class='ocrx_word' id='word_1_38' title='bbox 2229 647 2501 728; x_wconf 76' lang='lat' dir='ltr'><strong><em>feliciter</em></strong></span> <span class='ocrx_word' id='word_1_39' title='bbox 2526 651 2777 715; x_wconf 78' lang='lat' dir='ltr'><strong><em>dedisti.</em></strong></span> <span class='ocrx_word' id='word_1_40' title='bbox 2808 654 3045 717; x_wconf 82' lang='lat' dir='ltr'><strong><em>Deinde</em></strong></span> <span class='ocrx_word' id='word_1_41' title='bbox 3057 661 3477 735; x_wconf 89' lang='lat' dir='ltr'><strong><em>promeritum</em></strong></span> <span class='ocrx_word' id='word_1_42' title='bbox 3498 680 3663 741; x_wconf 85' lang='lat' dir='ltr'><strong><em>pur—</em></strong></span> 
     </span>
    </p>
   </div>
   <div class='ocr_carea' id='block_1_5' title="bbox 397 752 3662 843">
    <p class='ocr_par' dir='ltr' id='par_1_5' title="bbox 397 752 3662 843">
     <span class='ocr_line' id='line_1_5' title="bbox 397 752 3662 843; baseline 0.002 -23"><span class='ocrx_word' id='word_1_43' title='bbox 397 777 575 839; x_wconf 73' lang='lat' dir='ltr'><strong><em>pura:</em></strong></span> <span class='ocrx_word' id='word_1_44' title='bbox 601 759 865 837; x_wconf 88' lang='lat' dir='ltr'><strong><em>adeptus</em></strong></span> <span class='ocrx_word' id='word_1_45' title='bbox 892 758 1210 826; x_wconf 83' lang='lat' dir='ltr'><strong><em>honorem,</em></strong></span> <span class='ocrx_word' id='word_1_46' title='bbox 1233 772 1306 813; x_wconf 91' lang='lat' dir='ltr'><strong><em>ac</em></strong></span> <span class='ocrx_word' id='word_1_47' title='bbox 1329 752 1717 830; x_wconf 80' lang='lat' dir='ltr'><strong><em>gravissimis</em></strong></span> <span class='ocrx_word' id='word_1_48' title='bbox 1743 752 1924 830; x_wconf 86' lang='lat' dir='ltr'><strong><em>regni</em></strong></span> <span class='ocrx_word' id='word_1_49' title='bbox 1945 752 2217 830; x_wconf 89' lang='lat' dir='ltr'><strong><em>negotiis</em></strong></span> <span class='ocrx_word' id='word_1_50' title='bbox 2245 753 2418 831; x_wconf 91' lang='lat' dir='ltr'><strong><em>apud</em></strong></span> <span class='ocrx_word' id='word_1_51' title='bbox 2439 764 2685 816; x_wconf 68' lang='lat' dir='ltr'><strong><em>exteras</em></strong></span> <span class='ocrx_word' id='word_1_52' title='bbox 2706 758 2986 820; x_wconf 90' lang='lat' dir='ltr'><strong><em>nationes</em></strong></span> <span class='ocrx_word' id='word_1_53' title='bbox 3013 762 3363 823; x_wconf 82' lang='lat' dir='ltr'><strong><em>tractandis</em></strong></span> <span class='ocrx_word' id='word_1_54' title='bbox 3383 783 3421 823; x_wconf 92' lang='lat' dir='ltr'><strong><em>a</em></strong></span> <span class='ocrx_word' id='word_1_55' title='bbox 3441 781 3662 843; x_wconf 89' lang='lat' dir='ltr'><strong><em>regum</em></strong></span> 
     </span>
    </p>
   </div>
   <div class='ocr_carea' id='block_1_6' title="bbox 395 853 3663 943">
    <p class='ocr_par' dir='ltr' id='par_1_6' title="bbox 395 853 3663 943">
     <span class='ocr_line' id='line_1_6' title="bbox 395 853 3663 943; baseline 0.001 -22"><span class='ocrx_word' id='word_1_56' title='bbox 395 860 670 921; x_wconf 71' lang='lat' dir='ltr'><strong><em>maximo</em></strong></span> <span class='ocrx_word' id='word_1_57' title='bbox 703 859 1059 938; x_wconf 88' lang='lat' dir='ltr'><strong><em>deputatus,</em></strong></span> <span class='ocrx_word' id='word_1_58' title='bbox 1092 856 1331 919; x_wconf 81' lang='lat' dir='ltr'><strong><em>nullam</em></strong></span> <span class='ocrx_word' id='word_1_59' title='bbox 1356 856 1633 934; x_wconf 74' lang='lat' dir='ltr'><strong><em>Europa:</em></strong></span> <span class='ocrx_word' id='word_1_60' title='bbox 1654 853 1974 917; x_wconf 74' lang='lat' dir='ltr'><strong><em>catholica:</em></strong></span> <span class='ocrx_word' id='word_1_61' title='bbox 2003 855 2316 933; x_wconf 86' lang='lat' dir='ltr'><strong><em>regionem</em></strong></span> <span class='ocrx_word' id='word_1_62' title='bbox 2349 858 2590 937; x_wconf 89' lang='lat' dir='ltr'><strong><em>insigni</em></strong></span> <span class='ocrx_word' id='word_1_63' title='bbox 2617 877 2825 921; x_wconf 90' lang='lat' dir='ltr'><strong><em>rerum</em></strong></span> <span class='ocrx_word' id='word_1_64' title='bbox 2841 871 3157 940; x_wconf 91' lang='lat' dir='ltr'><strong><em>gestarum</em></strong></span> <span class='ocrx_word' id='word_1_65' title='bbox 3193 863 3525 943; x_wconf 80' lang='lat' dir='ltr'><strong><em>splendore</em></strong></span> <span class='ocrx_word' id='word_1_66' title='bbox 3551 890 3663 932; x_wconf 71' lang='grc' dir='ltr'><strong><em>τα.</em></strong></span> 
     </span>
    </p>
   </div>
   <div class='ocr_carea' id='block_1_7' title="bbox 399 958 3653 1045">
    <p class='ocr_par' dir='ltr' id='par_1_7' title="bbox 399 958 3653 1045">
     <span class='ocr_line' id='line_1_7' title="bbox 399 958 3653 1045; baseline 0.004 -26"><span class='ocrx_word' id='word_1_67' title='bbox 399 978 577 1020; x_wconf 88' lang='lat' dir='ltr'><strong><em>cuam</em></strong></span> <span class='ocrx_word' id='word_1_68' title='bbox 605 958 945 1039; x_wconf 83' lang='lat' dir='ltr'><strong><em>reliquisti.</em></strong></span> <span class='ocrx_word' id='word_1_69' title='bbox 975 960 1234 1021; x_wconf 83' lang='lat' dir='ltr'><strong><em>Manent</em></strong></span> <span class='ocrx_word' id='word_1_70' title='bbox 1263 958 1565 1039; x_wconf 85' lang='lat' dir='ltr'><strong><em>hodieque</em></strong></span> <span class='ocrx_word' id='word_1_71' title='bbox 1604 959 1828 1031; x_wconf 60' lang='lat' dir='ltr'><strong><em>Romae,</em></strong></span> <span class='ocrx_word' id='word_1_72' title='bbox 1854 973 1972 1034; x_wconf 90' lang='lat' dir='ltr'><strong><em>per</em></strong></span> <span class='ocrx_word' id='word_1_73' title='bbox 2001 966 2195 1019; x_wconf 90' lang='lat' dir='ltr'><strong><em>totam</em></strong></span> <span class='ocrx_word' id='word_1_74' title='bbox 2225 960 2503 1035; x_wconf 87' lang='lat' dir='ltr'><strong><em>Italiam,</em></strong></span> <span class='ocrx_word' id='word_1_75' title='bbox 2541 962 2609 1022; x_wconf 88' lang='lat' dir='ltr'><strong><em>in</em></strong></span> <span class='ocrx_word' id='word_1_76' title='bbox 2640 962 2995 1040; x_wconf 81' lang='lat' dir='ltr'><strong><em>Germania,</em></strong></span> <span class='ocrx_word' id='word_1_77' title='bbox 3024 967 3362 1045; x_wconf 85' lang='lat' dir='ltr'><strong><em>Hispania,</em></strong></span> <span class='ocrx_word' id='word_1_78' title='bbox 3393 968 3653 1033; x_wconf 83' lang='lat' dir='ltr'><strong><em>Lusita-</em></strong></span> 
     </span>
    </p>
   </div>
   <div class='ocr_carea' id='block_1_8' title="bbox 397 1057 3662 1146">
    <p class='ocr_par' dir='ltr' id='par_1_8' title="bbox 397 1057 3662 1146">
     <span class='ocr_line' id='line_1_8' title="bbox 397 1057 3662 1146; baseline 0.001 -28"><span class='ocrx_word' id='word_1_79' title='bbox 397 1061 529 1130; x_wconf 86' lang='lat' dir='ltr'><strong><em>nia,</em></strong></span> <span class='ocrx_word' id='word_1_80' title='bbox 580 1061 826 1137; x_wconf 87' lang='lat' dir='ltr'><strong><em>egregia</em></strong></span> <span class='ocrx_word' id='word_1_81' title='bbox 874 1060 1198 1139; x_wconf 61' lang='lat' dir='ltr'><strong><em>sapientia</em></strong></span> <span class='ocrx_word' id='word_1_82' title='bbox 1241 1059 1620 1141; x_wconf 83' lang='lat' dir='ltr'><strong><em>virtutisque</em></strong></span> <span class='ocrx_word' id='word_1_83' title='bbox 1658 1068 1779 1120; x_wconf 68' lang='lat' dir='ltr'><strong><em>tua:</em></strong></span> <span class='ocrx_word' id='word_1_84' title='bbox 1815 1057 2117 1136; x_wconf 87' lang='lat' dir='ltr'><strong><em>vestigia;</em></strong></span> <span class='ocrx_word' id='word_1_85' title='bbox 2162 1076 2294 1138; x_wconf 76' lang='lat' dir='ltr'><strong><em>qua:</em></strong></span> <span class='ocrx_word' id='word_1_86' title='bbox 2345 1062 2552 1122; x_wconf 87' lang='lat' dir='ltr'><strong><em>omnia</em></strong></span> <span class='ocrx_word' id='word_1_87' title='bbox 2597 1063 2657 1123; x_wconf 88' lang='lat' dir='ltr'><strong><em>si</em></strong></span> <span class='ocrx_word' id='word_1_88' title='bbox 2687 1080 2809 1142; x_wconf 91' lang='lat' dir='ltr'><strong><em>pro</em></strong></span> <span class='ocrx_word' id='word_1_89' title='bbox 2861 1066 2956 1126; x_wconf 88' lang='lat' dir='ltr'><strong><em>rei</em></strong></span> <span class='ocrx_word' id='word_1_90' title='bbox 2991 1065 3299 1146; x_wconf 80' lang='lat' dir='ltr'><strong><em>dignitate</em></strong></span> <span class='ocrx_word' id='word_1_91' title='bbox 3343 1087 3662 1135; x_wconf 70' lang='grc' dir='ltr'><strong><em>νεοεηεεη</em></strong></span> 
     </span>
    </p>
   </div>
   <div class='ocr_carea' id='block_1_9' title="bbox 397 1160 754 1237">
    <p class='ocr_par' dir='ltr' id='par_1_9' title="bbox 397 1160 754 1237">
     <span class='ocr_line' id='line_1_9' title="bbox 397 1160 754 1237; baseline 0 -18"><span class='ocrx_word' id='word_1_92' title='bbox 397 1160 754 1237; x_wconf 86' lang='lat' dir='ltr'><strong><em>aggrediar,</em></strong></span> 
     </span>
    </p>
   </div>
   <div class='ocr_carea' id='block_1_10' title="bbox 1503 1309 2714 1383">
    <p class='ocr_par' dir='ltr' id='par_1_10' title="bbox 1503 1309 2714 1383">
     <span class='ocr_line' id='line_1_10' title="bbox 1503 1309 2714 1383; baseline 0.002 -17"><span class='ocrx_word' id='word_1_93' title='bbox 1503 1350 1540 1383; x_wconf 93' lang='lat'><strong><em>._</em></strong></span> <span class='ocrx_word' id='word_1_94' title='bbox 1564 1351 1579 1365; x_wconf 95' lang='lat'><strong><em>.</em></strong></span> <span class='ocrx_word' id='word_1_95' title='bbox 1604 1352 1636 1383; x_wconf 16' lang='grc' dir='ltr'><strong><em>ί.</em></strong></span> <span class='ocrx_word' id='word_1_96' title='bbox 1665 1350 1695 1383; x_wconf 82' lang='lat'><strong><em>_.</em></strong></span> <span class='ocrx_word' id='word_1_97' title='bbox 1740 1350 1756 1365; x_wconf 94' lang='lat'><strong><em>.</em></strong></span> <span class='ocrx_word' id='word_1_98' title='bbox 1794 1311 2080 1383; x_wconf 87' lang='lat' dir='ltr'><strong><em>cupidum,</em></strong></span> <span class='ocrx_word' id='word_1_99' title='bbox 2111 1309 2273 1366; x_wconf 76' lang='lat' dir='ltr'><strong><em>Pater</em></strong></span> <span class='ocrx_word' id='word_1_100' title='bbox 2303 1311 2529 1382; x_wconf 74' lang='lat' dir='ltr'><strong><em>optime,</em></strong></span> <span class='ocrx_word' id='word_1_101' title='bbox 2572 1312 2714 1370; x_wconf 87' lang='lat' dir='ltr'><strong><em>vires</em></strong></span> 
     </span>
    </p>
   </div>
   <div class='ocr_carea' id='block_1_11' title="bbox 1513 1381 1817 1437">
    <p class='ocr_par' dir='ltr' id='par_1_11' title="bbox 1513 1381 1817 1437">
     <span class='ocr_line' id='line_1_11' title="bbox 1513 1381 1817 1437; baseline 0.007 -3"><span class='ocrx_word' id='word_1_102' title='bbox 1513 1381 1773 1437; x_wconf 81' lang='lat' dir='ltr'><strong><em>Deﬁcient</em></strong></span> <span class='ocrx_word' id='word_1_103' title='bbox 1804 1399 1817 1436; x_wconf 88' lang='lat'><strong>:</strong></span> 
     </span>
    </p>
   </div>
   <div class='ocr_carea' id='block_1_12' title="bbox 396 1514 3654 1607">
    <p class='ocr_par' dir='ltr' id='par_1_12' title="bbox 396 1514 3654 1607">
     <span class='ocr_line' id='line_1_12' title="bbox 396 1514 3654 1607; baseline 0.002 -24"><span class='ocrx_word' id='word_1_104' title='bbox 396 1514 503 1585; x_wconf 85' lang='lat' dir='ltr'><strong><em>sed</em></strong></span> <span class='ocrx_word' id='word_1_105' title='bbox 531 1522 948 1604; x_wconf 88' lang='lat' dir='ltr'><strong><em>eloquentiori</em></strong></span> <span class='ocrx_word' id='word_1_106' title='bbox 976 1522 1133 1584; x_wconf 89' lang='lat' dir='ltr'><strong><em>hanc</em></strong></span> <span class='ocrx_word' id='word_1_107' title='bbox 1153 1518 1423 1601; x_wconf 88' lang='lat' dir='ltr'><strong><em>palmam</em></strong></span> <span class='ocrx_word' id='word_1_108' title='bbox 1449 1517 1735 1600; x_wconf 86' lang='lat' dir='ltr'><strong><em>relinquo</em></strong></span> <span class='ocrx_word' id='word_1_109' title='bbox 1753 1540 1774 1588; x_wconf 88' lang='lat'><strong><em>;</em></strong></span> <span class='ocrx_word' id='word_1_110' title='bbox 1826 1519 1979 1581; x_wconf 87' lang='lat' dir='ltr'><strong><em>mihi</em></strong></span> <span class='ocrx_word' id='word_1_111' title='bbox 2014 1520 2174 1581; x_wconf 89' lang='lat' dir='ltr'><strong><em>enim</em></strong></span> <span class='ocrx_word' id='word_1_112' title='bbox 2208 1520 2276 1581; x_wconf 88' lang='lat' dir='ltr'><strong><em>id</em></strong></span> <span class='ocrx_word' id='word_1_113' title='bbox 2316 1529 2467 1581; x_wconf 86' lang='lat' dir='ltr'><strong><em>esset</em></strong></span> <span class='ocrx_word' id='word_1_114' title='bbox 2490 1522 2862 1599; x_wconf 71' lang='lat' dir='ltr'><strong><em>periculosae</em></strong></span> <span class='ocrx_word' id='word_1_115' title='bbox 2879 1526 3137 1604; x_wconf 89' lang='lat' dir='ltr'><strong><em>plenum</em></strong></span> <span class='ocrx_word' id='word_1_116' title='bbox 3181 1546 3338 1607; x_wconf 88' lang='lat' dir='ltr'><strong><em>opus</em></strong></span> <span class='ocrx_word' id='word_1_117' title='bbox 3369 1530 3535 1606; x_wconf 65' lang='lat' dir='ltr'><strong><em>aleae,</em></strong></span> <span class='ocrx_word' id='word_1_118' title='bbox 3588 1542 3654 1596; x_wconf 74' lang='lat' dir='ltr'><strong><em>et</em></strong></span> 
     </span>
    </p>
   </div>
   <div class='ocr_carea' id='block_1_13' title="bbox 394 1622 2501 1702">
    <p class='ocr_par' dir='ltr' id='par_1_13' title="bbox 394 1622 2501 1702">
     <span class='ocr_line' id='line_1_13' title="bbox 394 1622 2501 1702; baseline 0 -17"><span class='ocrx_word' id='word_1_119' title='bbox 394 1624 651 1686; x_wconf 90' lang='lat' dir='ltr'><strong><em>aliunde</em></strong></span> <span class='ocrx_word' id='word_1_120' title='bbox 682 1633 774 1687; x_wconf 90' lang='lat' dir='ltr'><strong><em>tot</em></strong></span> <span class='ocrx_word' id='word_1_121' title='bbox 812 1624 1102 1687; x_wconf 84' lang='lat' dir='ltr'><strong><em>laudibus</em></strong></span> <span class='ocrx_word' id='word_1_122' title='bbox 1136 1625 1363 1702; x_wconf 89' lang='lat' dir='ltr'><strong><em>dignus</em></strong></span> <span class='ocrx_word' id='word_1_123' title='bbox 1392 1624 1504 1684; x_wconf 76' lang='lat' dir='ltr'><strong><em>vix</em></strong></span> <span class='ocrx_word' id='word_1_124' title='bbox 1531 1622 1706 1685; x_wconf 86' lang='lat' dir='ltr'><strong><em>laudi</em></strong></span> <span class='ocrx_word' id='word_1_125' title='bbox 1726 1623 1967 1685; x_wconf 85' lang='lat' dir='ltr'><strong><em>aditum</em></strong></span> <span class='ocrx_word' id='word_1_126' title='bbox 1995 1624 2322 1685; x_wconf 87' lang='lat' dir='ltr'><strong><em>concedere</em></strong></span> <span class='ocrx_word' id='word_1_127' title='bbox 2342 1623 2501 1685; x_wconf 90' lang='lat' dir='ltr'><strong><em>soles</em></strong></span> 
     </span>
    </p>
   </div>
   <div class='ocr_carea' id='block_1_14' title="bbox 482 1718 3653 1804">
    <p class='ocr_par' dir='ltr' id='par_1_14' title="bbox 482 1718 3653 1804">
     <span class='ocr_line' id='line_1_14' title="bbox 482 1718 3653 1804; baseline 0.002 -17"><span class='ocrx_word' id='word_1_128' title='bbox 482 1727 702 1787; x_wconf 80' lang='lat' dir='ltr'><strong><em>Verum</em></strong></span> <span class='ocrx_word' id='word_1_129' title='bbox 731 1726 799 1788; x_wconf 90' lang='lat' dir='ltr'><strong><em>id</em></strong></span> <span class='ocrx_word' id='word_1_130' title='bbox 823 1718 976 1787; x_wconf 84' lang='lat' dir='ltr'><strong><em>mihi</em></strong></span> <span class='ocrx_word' id='word_1_131' title='bbox 1010 1744 1049 1785; x_wconf 92' lang='lat' dir='ltr'><strong><em>a</em></strong></span> <span class='ocrx_word' id='word_1_132' title='bbox 1076 1725 1377 1787; x_wconf 86' lang='lat' dir='ltr'><strong><em>modestia</em></strong></span> <span class='ocrx_word' id='word_1_133' title='bbox 1425 1735 1536 1785; x_wconf 91' lang='lat' dir='ltr'><strong><em>tua</em></strong></span> <span class='ocrx_word' id='word_1_134' title='bbox 1599 1725 1932 1802; x_wconf 87' lang='lat' dir='ltr'><strong><em>impetrare</em></strong></span> <span class='ocrx_word' id='word_1_135' title='bbox 1958 1720 2160 1793; x_wconf 87' lang='lat' dir='ltr'><strong><em>liceat,</em></strong></span> <span class='ocrx_word' id='word_1_136' title='bbox 2192 1723 2692 1786; x_wconf 88' lang='lat' dir='ltr'><strong><em>Eminentissime</em></strong></span> <span class='ocrx_word' id='word_1_137' title='bbox 2722 1726 3101 1804; x_wconf 77' lang='lat' dir='ltr'><strong><em>Cardinalis,</em></strong></span> <span class='ocrx_word' id='word_1_138' title='bbox 3142 1740 3212 1792; x_wconf 90' lang='lat' dir='ltr'><strong><em>ut</em></strong></span> <span class='ocrx_word' id='word_1_139' title='bbox 3247 1732 3369 1794; x_wconf 89' lang='lat' dir='ltr'><strong><em>duo</em></strong></span> <span class='ocrx_word' id='word_1_140' title='bbox 3406 1742 3653 1799; x_wconf 83' lang='lat' dir='ltr'><strong><em>tantum</em></strong></span> 
     </span>
    </p>
   </div>
   <div class='ocr_carea' id='block_1_15' title="bbox 392 1825 3650 1913">
    <p class='ocr_par' dir='ltr' id='par_1_15' title="bbox 392 1825 3650 1913">
     <span class='ocr_line' id='line_1_15' title="bbox 392 1825 3650 1913; baseline 0.003 -22"><span class='ocrx_word' id='word_1_141' title='bbox 392 1848 777 1909; x_wconf 83' lang='lat' dir='ltr'><strong><em>summopere</em></strong></span> <span class='ocrx_word' id='word_1_142' title='bbox 802 1830 1111 1904; x_wconf 89' lang='lat' dir='ltr'><strong><em>miranda,</em></strong></span> <span class='ocrx_word' id='word_1_143' title='bbox 1146 1847 1412 1909; x_wconf 89' lang='lat' dir='ltr'><strong><em>quorum</em></strong></span> <span class='ocrx_word' id='word_1_144' title='bbox 1434 1829 1608 1890; x_wconf 82' lang='lat' dir='ltr'><strong><em>testis</em></strong></span> <span class='ocrx_word' id='word_1_145' title='bbox 1632 1829 1732 1909; x_wconf 89' lang='lat' dir='ltr'><strong><em>fui</em></strong></span> <span class='ocrx_word' id='word_1_146' title='bbox 1758 1825 2070 1901; x_wconf 85' lang='lat' dir='ltr'><strong><em>oculatus,</em></strong></span> <span class='ocrx_word' id='word_1_147' title='bbox 2101 1828 2220 1888; x_wconf 90' lang='lat' dir='ltr'><strong><em>huc</em></strong></span> <span class='ocrx_word' id='word_1_148' title='bbox 2254 1826 2532 1906; x_wconf 75' lang='lat' dir='ltr'><strong><em>afferam.</em></strong></span> <span class='ocrx_word' id='word_1_149' title='bbox 2580 1829 2864 1891; x_wconf 91' lang='lat' dir='ltr'><strong><em>Primum</em></strong></span> <span class='ocrx_word' id='word_1_150' title='bbox 2890 1843 2979 1895; x_wconf 91' lang='lat' dir='ltr'><strong><em>est</em></strong></span> <span class='ocrx_word' id='word_1_151' title='bbox 3009 1842 3066 1895; x_wconf 89' lang='lat' dir='ltr'><strong><em>te</em></strong></span> <span class='ocrx_word' id='word_1_152' title='bbox 3092 1836 3181 1896; x_wconf 89' lang='lat' dir='ltr'><strong><em>ita</em></strong></span> <span class='ocrx_word' id='word_1_153' title='bbox 3205 1837 3439 1913; x_wconf 71' lang='lat' dir='ltr'><strong><em>patria:</em></strong></span> <span class='ocrx_word' id='word_1_154' title='bbox 3465 1838 3650 1901; x_wconf 88' lang='lat' dir='ltr'><strong><em>rebus</em></strong></span> 
     </span>
    </p>
   </div>
   <div class='ocr_carea' id='block_1_16' title="bbox 391 1927 3648 2017">
    <p class='ocr_par' dir='ltr' id='par_1_16' title="bbox 391 1927 3648 2017">
     <span class='ocr_line' id='line_1_16' title="bbox 391 1927 3648 2017; baseline 0.002 -21"><span class='ocrx_word' id='word_1_155' title='bbox 391 1949 630 2011; x_wconf 83' lang='lat' dir='ltr'><strong><em>semper</em></strong></span> <span class='ocrx_word' id='word_1_156' title='bbox 666 1931 1059 2011; x_wconf 90' lang='lat' dir='ltr'><strong><em>advigilasse,</em></strong></span> <span class='ocrx_word' id='word_1_157' title='bbox 1098 1938 1172 1991; x_wconf 92' lang='lat' dir='ltr'><strong><em>ut</em></strong></span> <span class='ocrx_word' id='word_1_158' title='bbox 1202 1938 1403 1991; x_wconf 91' lang='lat' dir='ltr'><strong><em>tamen</em></strong></span> <span class='ocrx_word' id='word_1_159' title='bbox 1437 1939 1818 2004; x_wconf 76' lang='lat' dir='ltr'><strong><em>exterarum,</em></strong></span> <span class='ocrx_word' id='word_1_160' title='bbox 1852 1927 2025 2005; x_wconf 91' lang='lat' dir='ltr'><strong><em>apud</em></strong></span> <span class='ocrx_word' id='word_1_161' title='bbox 2048 1945 2202 2007; x_wconf 92' lang='lat' dir='ltr'><strong><em>quos</em></strong></span> <span class='ocrx_word' id='word_1_162' title='bbox 2232 1930 2482 2006; x_wconf 91' lang='lat' dir='ltr'><strong><em>negotia</em></strong></span> <span class='ocrx_word' id='word_1_163' title='bbox 2508 1930 2783 2009; x_wconf 87' lang='lat' dir='ltr'><strong><em>gerebas,</em></strong></span> <span class='ocrx_word' id='word_1_164' title='bbox 2824 1932 3064 1993; x_wconf 90' lang='lat' dir='ltr'><strong><em>animos</em></strong></span> <span class='ocrx_word' id='word_1_165' title='bbox 3118 1935 3237 1997; x_wconf 88' lang='lat' dir='ltr'><strong><em>tibi</em></strong></span> <span class='ocrx_word' id='word_1_166' title='bbox 3280 1937 3648 2017; x_wconf 89' lang='lat' dir='ltr'><strong><em>devincires,</em></strong></span> 
     </span>
    </p>
   </div>
   <div class='ocr_carea' id='block_1_17' title="bbox 394 2026 3651 2117">
    <p class='ocr_par' dir='ltr' id='par_1_17' title="bbox 394 2026 3651 2117">
     <span class='ocr_line' id='line_1_17' title="bbox 394 2026 3651 2117; baseline 0.001 -20"><span class='ocrx_word' id='word_1_167' title='bbox 394 2050 452 2098; x_wconf 84' lang='lat' dir='ltr'><strong><em>et</em></strong></span> <span class='ocrx_word' id='word_1_168' title='bbox 483 2055 584 2098; x_wconf 87' lang='lat' dir='ltr'><strong><em>eos</em></strong></span> <span class='ocrx_word' id='word_1_169' title='bbox 611 2043 743 2096; x_wconf 86' lang='lat' dir='ltr'><strong><em>tum</em></strong></span> <span class='ocrx_word' id='word_1_170' title='bbox 764 2034 1013 2115; x_wconf 84' lang='lat' dir='ltr'><strong><em>officiis,</em></strong></span> <span class='ocrx_word' id='word_1_171' title='bbox 1040 2041 1171 2093; x_wconf 88' lang='lat' dir='ltr'><strong><em>tum</em></strong></span> <span class='ocrx_word' id='word_1_172' title='bbox 1191 2029 1437 2093; x_wconf 90' lang='lat' dir='ltr'><strong><em>dicendi</em></strong></span> <span class='ocrx_word' id='word_1_173' title='bbox 1467 2030 1674 2107; x_wconf 87' lang='lat' dir='ltr'><strong><em>lepore</em></strong></span> <span class='ocrx_word' id='word_1_174' title='bbox 1695 2030 1786 2089; x_wconf 90' lang='lat' dir='ltr'><strong><em>ita</em></strong></span> <span class='ocrx_word' id='word_1_175' title='bbox 1815 2027 1933 2090; x_wconf 84' lang='lat' dir='ltr'><strong><em>tibi</em></strong></span> <span class='ocrx_word' id='word_1_176' title='bbox 1955 2026 2345 2103; x_wconf 89' lang='lat' dir='ltr'><strong><em>conciliares,</em></strong></span> <span class='ocrx_word' id='word_1_177' title='bbox 2374 2039 2446 2091; x_wconf 91' lang='lat' dir='ltr'><strong><em>ut</em></strong></span> <span class='ocrx_word' id='word_1_178' title='bbox 2468 2032 2792 2109; x_wconf 90' lang='lat' dir='ltr'><strong><em>optimates</em></strong></span> <span class='ocrx_word' id='word_1_179' title='bbox 2814 2042 2868 2093; x_wconf 91' lang='lat' dir='ltr'><strong><em>et</em></strong></span> <span class='ocrx_word' id='word_1_180' title='bbox 2889 2033 3088 2097; x_wconf 89' lang='lat' dir='ltr'><strong><em>aulici</em></strong></span> <span class='ocrx_word' id='word_1_181' title='bbox 3111 2046 3169 2096; x_wconf 91' lang='lat' dir='ltr'><strong><em>te</em></strong></span> <span class='ocrx_word' id='word_1_182' title='bbox 3192 2039 3374 2117; x_wconf 90' lang='lat' dir='ltr'><strong><em>quasi</em></strong></span> <span class='ocrx_word' id='word_1_183' title='bbox 3399 2039 3651 2101; x_wconf 90' lang='lat' dir='ltr'><strong><em>Patrem</em></strong></span> 
     </span>
    </p>
   </div>
   <div class='ocr_carea' id='block_1_18' title="bbox 391 2128 3648 2219">
    <p class='ocr_par' dir='ltr' id='par_1_18' title="bbox 391 2128 3648 2219">
     <span class='ocr_line' id='line_1_18' title="bbox 391 2128 3648 2219; baseline 0.001 -19"><span class='ocrx_word' id='word_1_184' title='bbox 391 2138 487 2200; x_wconf 93' lang='lat' dir='ltr'><strong><em>vel</em></strong></span> <span class='ocrx_word' id='word_1_185' title='bbox 522 2139 955 2218; x_wconf 84' lang='lat' dir='ltr'><strong><em>propinquum</em></strong></span> <span class='ocrx_word' id='word_1_186' title='bbox 989 2142 1418 2212; x_wconf 88' lang='lat' dir='ltr'><strong><em>agnoscerent.</em></strong></span> <span class='ocrx_word' id='word_1_187' title='bbox 1462 2130 1869 2207; x_wconf 75' lang='lat' dir='ltr'><strong><em>Quamobrem</em></strong></span> <span class='ocrx_word' id='word_1_188' title='bbox 1899 2130 1967 2190; x_wconf 88' lang='lat' dir='ltr'><strong><em>in</em></strong></span> <span class='ocrx_word' id='word_1_189' title='bbox 1994 2128 2175 2190; x_wconf 87' lang='lat' dir='ltr'><strong><em>nulla</em></strong></span> <span class='ocrx_word' id='word_1_190' title='bbox 2198 2132 2326 2209; x_wconf 88' lang='lat' dir='ltr'><strong><em>fere</em></strong></span> <span class='ocrx_word' id='word_1_191' title='bbox 2349 2130 2624 2209; x_wconf 73' lang='lat' dir='ltr'><strong><em>Europa:</em></strong></span> <span class='ocrx_word' id='word_1_192' title='bbox 2657 2133 2974 2197; x_wconf 67' lang='lat' dir='ltr'><strong><em>catholicae</em></strong></span> <span class='ocrx_word' id='word_1_193' title='bbox 3000 2137 3253 2216; x_wconf 87' lang='lat' dir='ltr'><strong><em>regione</em></strong></span> <span class='ocrx_word' id='word_1_194' title='bbox 3279 2142 3648 2219; x_wconf 84' lang='lat' dir='ltr'><strong><em>peregrinus</em></strong></span> 
     </span>
    </p>
   </div>
   <div class='ocr_carea' id='block_1_19' title="bbox 394 2227 3649 2317">
    <p class='ocr_par' dir='ltr' id='par_1_19' title="bbox 394 2227 3649 2317">
     <span class='ocr_line' id='line_1_19' title="bbox 394 2227 3649 2317; baseline 0 -13"><span class='ocrx_word' id='word_1_195' title='bbox 394 2241 803 2305; x_wconf 74' lang='lat' dir='ltr'><strong><em>existimaris.</em></strong></span> <span class='ocrx_word' id='word_1_196' title='bbox 832 2238 1016 2316; x_wconf 85' lang='lat' dir='ltr'><strong><em>Quod</em></strong></span> <span class='ocrx_word' id='word_1_197' title='bbox 1043 2238 1122 2310; x_wconf 85' lang='lat' dir='ltr'><strong><em>si,</em></strong></span> <span class='ocrx_word' id='word_1_198' title='bbox 1148 2244 1220 2297; x_wconf 90' lang='lat' dir='ltr'><strong><em>ut</em></strong></span> <span class='ocrx_word' id='word_1_199' title='bbox 1249 2236 1338 2296; x_wconf 89' lang='lat' dir='ltr'><strong><em>ait</em></strong></span> <span class='ocrx_word' id='word_1_200' title='bbox 1368 2231 1602 2293; x_wconf 89' lang='lat' dir='ltr'><strong><em>Orator</em></strong></span> <span class='ocrx_word' id='word_1_201' title='bbox 1635 2227 1740 2310; x_wconf 91' lang='lat' dir='ltr'><strong><em>(a),</em></strong></span> <span class='ocrx_word' id='word_1_202' title='bbox 1775 2252 1805 2286; x_wconf 76' lang='grc' dir='ltr'><strong><em>α</em></strong></span> <span class='ocrx_word' id='word_1_203' title='bbox 1834 2248 1964 2290; x_wconf 90' lang='lat' dir='ltr'><strong><em>non</em></strong></span> <span class='ocrx_word' id='word_1_204' title='bbox 2000 2231 2337 2310; x_wconf 87' lang='lat' dir='ltr'><strong><em>quidquam</em></strong></span> <span class='ocrx_word' id='word_1_205' title='bbox 2380 2250 2457 2291; x_wconf 79' lang='lat' dir='ltr'><strong><em>ea:</em></strong></span> <span class='ocrx_word' id='word_1_206' title='bbox 2484 2232 2666 2293; x_wconf 90' lang='lat' dir='ltr'><strong><em>rebus</em></strong></span> <span class='ocrx_word' id='word_1_207' title='bbox 2693 2234 2978 2296; x_wconf 86' lang='lat' dir='ltr'><strong><em>humanis</em></strong></span> <span class='ocrx_word' id='word_1_208' title='bbox 3013 2247 3097 2299; x_wconf 90' lang='lat' dir='ltr'><strong><em>est</em></strong></span> <span class='ocrx_word' id='word_1_209' title='bbox 3122 2237 3495 2317; x_wconf 65' lang='lat' dir='ltr'><strong><em>praeclarius</em></strong></span> <span class='ocrx_word' id='word_1_210' title='bbox 3536 2255 3649 2304; x_wconf 91' lang='lat' dir='ltr'><strong><em>aut</em></strong></span> 
     </span>
    </p>
   </div>
   <div class='ocr_carea' id='block_1_20' title="bbox 389 2331 3647 2424">
    <p class='ocr_par' dir='ltr' id='par_1_20' title="bbox 389 2331 3647 2424">
     <span class='ocr_line' id='line_1_20' title="bbox 389 2331 3647 2424; baseline -0 -19"><span class='ocrx_word' id='word_1_211' title='bbox 389 2343 817 2424; x_wconf 63' lang='lat' dir='ltr'><strong><em>praestantius,</em></strong></span> <span class='ocrx_word' id='word_1_212' title='bbox 869 2357 1049 2420; x_wconf 89' lang='lat' dir='ltr'><strong><em>quam</em></strong></span> <span class='ocrx_word' id='word_1_213' title='bbox 1085 2337 1157 2399; x_wconf 93' lang='lat' dir='ltr'><strong><em>de</em></strong></span> <span class='ocrx_word' id='word_1_214' title='bbox 1198 2333 1520 2414; x_wconf 86' lang='lat' dir='ltr'><strong><em>republica</em></strong></span> <span class='ocrx_word' id='word_1_215' title='bbox 1549 2332 1694 2393; x_wconf 87' lang='lat' dir='ltr'><strong><em>bene</em></strong></span> <span class='ocrx_word' id='word_1_216' title='bbox 1726 2331 1971 2407; x_wconf 87' lang='lat' dir='ltr'><strong><em>mereri,</em></strong></span> <span class='ocrx_word' id='word_1_217' title='bbox 2001 2340 2329 2410; x_wconf 57' lang='lat' dir='ltr'><strong><em>uquantus</em></strong></span> <span class='ocrx_word' id='word_1_218' title='bbox 2379 2332 2523 2394; x_wconf 89' lang='lat' dir='ltr'><strong><em>hinc</em></strong></span> <span class='ocrx_word' id='word_1_219' title='bbox 2560 2333 2687 2395; x_wconf 91' lang='lat' dir='ltr'><strong><em>tuis</em></strong></span> <span class='ocrx_word' id='word_1_220' title='bbox 2736 2332 3026 2397; x_wconf 88' lang='lat' dir='ltr'><strong><em>laudibus</em></strong></span> <span class='ocrx_word' id='word_1_221' title='bbox 3062 2339 3345 2401; x_wconf 90' lang='lat' dir='ltr'><strong><em>cumulus</em></strong></span> <span class='ocrx_word' id='word_1_222' title='bbox 3385 2341 3647 2417; x_wconf 87' lang='lat' dir='ltr'><strong><em>accedit,</em></strong></span> 
     </span>
    </p>
   </div>
   <div class='ocr_carea' id='block_1_21' title="bbox 392 2431 3651 2529">
    <p class='ocr_par' dir='ltr' id='par_1_21' title="bbox 392 2431 3651 2529">
     <span class='ocr_line' id='line_1_21' title="bbox 392 2431 3651 2529; baseline -0.001 -21"><span class='ocrx_word' id='word_1_223' title='bbox 392 2446 560 2529; x_wconf 89' lang='lat' dir='ltr'><strong><em>quod</em></strong></span> <span class='ocrx_word' id='word_1_224' title='bbox 585 2462 712 2504; x_wconf 88' lang='lat' dir='ltr'><strong><em>non</em></strong></span> <span class='ocrx_word' id='word_1_225' title='bbox 740 2441 1016 2521; x_wconf 88' lang='lat' dir='ltr'><strong><em>patriam</em></strong></span> <span class='ocrx_word' id='word_1_226' title='bbox 1039 2438 1220 2499; x_wconf 90' lang='lat' dir='ltr'><strong><em>modo</em></strong></span> <span class='ocrx_word' id='word_1_227' title='bbox 1248 2445 1442 2508; x_wconf 91' lang='lat' dir='ltr'><strong><em>tuam,</em></strong></span> <span class='ocrx_word' id='word_1_228' title='bbox 1481 2433 1587 2495; x_wconf 89' lang='lat' dir='ltr'><strong><em>sed</em></strong></span> <span class='ocrx_word' id='word_1_229' title='bbox 1613 2431 1774 2493; x_wconf 89' lang='lat' dir='ltr'><strong><em>alias</em></strong></span> <span class='ocrx_word' id='word_1_230' title='bbox 1803 2433 1985 2495; x_wconf 89' lang='lat' dir='ltr'><strong><em>etiam</em></strong></span> <span class='ocrx_word' id='word_1_231' title='bbox 2002 2433 2288 2492; x_wconf 89' lang='lat' dir='ltr'><strong><em>nationes</em></strong></span> <span class='ocrx_word' id='word_1_232' title='bbox 2323 2433 2578 2494; x_wconf 89' lang='lat' dir='ltr'><strong><em>summis</em></strong></span> <span class='ocrx_word' id='word_1_233' title='bbox 2609 2433 2917 2513; x_wconf 81' lang='lat' dir='ltr'><strong><em>beneﬁciis</em></strong></span> <span class='ocrx_word' id='word_1_234' title='bbox 2942 2440 3651 2519; x_wconf 44' lang='lat' dir='ltr'><strong><em>exornaverispLusita-r</em></strong></span> 
     </span>
    </p>
   </div>
   <div class='ocr_carea' id='block_1_22' title="bbox 389 2530 3649 2619">
    <p class='ocr_par' dir='ltr' id='par_1_22' title="bbox 389 2530 3649 2619">
     <span class='ocr_line' id='line_1_22' title="bbox 389 2530 3649 2619; baseline -0.001 -10"><span class='ocrx_word' id='word_1_235' title='bbox 389 2550 559 2610; x_wconf 88' lang='lat' dir='ltr'><strong><em>niam</em></strong></span> <span class='ocrx_word' id='word_1_236' title='bbox 589 2545 753 2617; x_wconf 80' lang='lat' dir='ltr'><strong><em>dico,</em></strong></span> <span class='ocrx_word' id='word_1_237' title='bbox 791 2540 1145 2611; x_wconf 88' lang='lat' dir='ltr'><strong><em>Bavariam,</em></strong></span> <span class='ocrx_word' id='word_1_238' title='bbox 1185 2534 1464 2602; x_wconf 87' lang='lat' dir='ltr'><strong><em>Italiam;</em></strong></span> <span class='ocrx_word' id='word_1_239' title='bbox 1491 2551 1627 2614; x_wconf 73' lang='lat' dir='ltr'><strong><em>qua:</em></strong></span> <span class='ocrx_word' id='word_1_240' title='bbox 1656 2541 1901 2594; x_wconf 90' lang='lat' dir='ltr'><strong><em>tantum</em></strong></span> <span class='ocrx_word' id='word_1_241' title='bbox 1930 2533 2283 2594; x_wconf 81' lang='lat' dir='ltr'><strong><em>ornamenti</em></strong></span> <span class='ocrx_word' id='word_1_242' title='bbox 2307 2530 2404 2594; x_wconf 86' lang='lat' dir='ltr'><strong><em>vel</em></strong></span> <span class='ocrx_word' id='word_1_243' title='bbox 2426 2534 2717 2611; x_wconf 65' lang='lat' dir='ltr'><strong><em>praesidii</em></strong></span> <span class='ocrx_word' id='word_1_244' title='bbox 2745 2535 2814 2596; x_wconf 88' lang='lat' dir='ltr'><strong><em>in</em></strong></span> <span class='ocrx_word' id='word_1_245' title='bbox 2842 2538 3120 2601; x_wconf 87' lang='lat' dir='ltr'><strong><em>amicitia</em></strong></span> <span class='ocrx_word' id='word_1_246' title='bbox 3146 2550 3329 2619; x_wconf 89' lang='lat' dir='ltr'><strong><em>atque</em></strong></span> <span class='ocrx_word' id='word_1_247' title='bbox 3359 2546 3649 2607; x_wconf 83' lang='lat' dir='ltr'><strong><em>auctori-</em></strong></span> 
     </span>
    </p>
   </div>
   <div class='ocr_carea' id='block_1_23' title="bbox 392 2635 2581 2728">
    <p class='ocr_par' dir='ltr' id='par_1_23' title="bbox 392 2635 2581 2728">
     <span class='ocr_line' id='line_1_23' title="bbox 392 2635 2581 2728; baseline -0.007 -13"><span class='ocrx_word' id='word_1_248' title='bbox 392 2664 519 2715; x_wconf 89' lang='lat' dir='ltr'><strong><em>tate</em></strong></span> <span class='ocrx_word' id='word_1_249' title='bbox 544 2660 679 2724; x_wconf 92' lang='lat' dir='ltr'><strong><em>tua,</em></strong></span> <span class='ocrx_word' id='word_1_250' title='bbox 709 2654 1009 2728; x_wconf 89' lang='lat' dir='ltr'><strong><em>quantum</em></strong></span> <span class='ocrx_word' id='word_1_251' title='bbox 1039 2641 1342 2703; x_wconf 88' lang='lat' dir='ltr'><strong><em>commodi</em></strong></span> <span class='ocrx_word' id='word_1_252' title='bbox 1368 2638 1714 2717; x_wconf 91' lang='lat' dir='ltr'><strong><em>repositum</em></strong></span> <span class='ocrx_word' id='word_1_253' title='bbox 1740 2636 1807 2697; x_wconf 90' lang='lat' dir='ltr'><strong><em>in</em></strong></span> <span class='ocrx_word' id='word_1_254' title='bbox 1834 2635 2216 2713; x_wconf 75' lang='lat' dir='ltr'><strong><em>benignitate</em></strong></span> <span class='ocrx_word' id='word_1_255' title='bbox 2233 2648 2581 2699; x_wconf 87' lang='lat' dir='ltr'><strong><em>senserunt.</em></strong></span> 
     </span>
    </p>
   </div>
   <div class='ocr_carea' id='block_1_24' title="bbox 467 2739 3652 2829">
    <p class='ocr_par' dir='ltr' id='par_1_24' title="bbox 467 2739 3652 2829">
     <span class='ocr_line' id='line_1_24' title="bbox 467 2739 3652 2829; baseline -0.001 -15"><span class='ocrx_word' id='word_1_256' title='bbox 467 2752 753 2815; x_wconf 84' lang='lat' dir='ltr'><strong><em>Alterum</em></strong></span> <span class='ocrx_word' id='word_1_257' title='bbox 780 2746 949 2829; x_wconf 87' lang='lat' dir='ltr'><strong><em>quod</em></strong></span> <span class='ocrx_word' id='word_1_258' title='bbox 980 2745 1133 2807; x_wconf 88' lang='lat' dir='ltr'><strong><em>mihi</em></strong></span> <span class='ocrx_word' id='word_1_259' title='bbox 1152 2754 1470 2821; x_wconf 89' lang='lat' dir='ltr'><strong><em>stuporem</em></strong></span> <span class='ocrx_word' id='word_1_260' title='bbox 1497 2758 1654 2818; x_wconf 68' lang='lat' dir='ltr'><strong><em>sape</em></strong></span> <span class='ocrx_word' id='word_1_261' title='bbox 1679 2741 1986 2818; x_wconf 88' lang='lat' dir='ltr'><strong><em>ingentem</em></strong></span> <span class='ocrx_word' id='word_1_262' title='bbox 2011 2739 2229 2800; x_wconf 86' lang='lat' dir='ltr'><strong><em>attulit</em></strong></span> <span class='ocrx_word' id='word_1_263' title='bbox 2261 2739 2426 2802; x_wconf 87' lang='lat' dir='ltr'><strong><em>illud</em></strong></span> <span class='ocrx_word' id='word_1_264' title='bbox 2460 2751 2570 2816; x_wconf 90' lang='lat' dir='ltr'><strong><em>est,</em></strong></span> <span class='ocrx_word' id='word_1_265' title='bbox 2599 2741 2767 2822; x_wconf 89' lang='lat' dir='ltr'><strong><em>quod</em></strong></span> <span class='ocrx_word' id='word_1_266' title='bbox 2783 2741 3181 2821; x_wconf 89' lang='lat' dir='ltr'><strong><em>amplissimis</em></strong></span> <span class='ocrx_word' id='word_1_267' title='bbox 3205 2745 3345 2809; x_wconf 88' lang='lat' dir='ltr'><strong><em>licet</em></strong></span> <span class='ocrx_word' id='word_1_268' title='bbox 3375 2751 3652 2810; x_wconf 88' lang='lat' dir='ltr'><strong><em>muneri-</em></strong></span> 
     </span>
    </p>
   </div>
   <div class='ocr_carea' id='block_1_25' title="bbox 391 2837 3652 2932">
    <p class='ocr_par' dir='ltr' id='par_1_25' title="bbox 391 2837 3652 2932">
     <span class='ocr_line' id='line_1_25' title="bbox 391 2837 3652 2932; baseline -0.002 -15"><span class='ocrx_word' id='word_1_269' title='bbox 391 2857 505 2918; x_wconf 91' lang='lat' dir='ltr'><strong><em>bus</em></strong></span> <span class='ocrx_word' id='word_1_270' title='bbox 536 2871 651 2932; x_wconf 90' lang='lat' dir='ltr'><strong><em>per</em></strong></span> <span class='ocrx_word' id='word_1_271' title='bbox 686 2858 888 2912; x_wconf 85' lang='lat' dir='ltr'><strong><em>totum</em></strong></span> <span class='ocrx_word' id='word_1_272' title='bbox 923 2847 1065 2907; x_wconf 69' lang='lat' dir='ltr'><strong><em>vita:</em></strong></span> <span class='ocrx_word' id='word_1_273' title='bbox 1095 2840 1483 2904; x_wconf 89' lang='lat' dir='ltr'><strong><em>curriculum</em></strong></span> <span class='ocrx_word' id='word_1_274' title='bbox 1504 2841 1905 2920; x_wconf 87' lang='lat' dir='ltr'><strong><em>perfunctus,</em></strong></span> <span class='ocrx_word' id='word_1_275' title='bbox 1937 2837 2101 2899; x_wconf 88' lang='lat' dir='ltr'><strong><em>nihil</em></strong></span> <span class='ocrx_word' id='word_1_276' title='bbox 2132 2839 2415 2900; x_wconf 87' lang='lat' dir='ltr'><strong><em>obstante</em></strong></span> <span class='ocrx_word' id='word_1_277' title='bbox 2444 2859 2652 2901; x_wconf 87' lang='lat' dir='ltr'><strong><em>rerum</em></strong></span> <span class='ocrx_word' id='word_1_278' title='bbox 2674 2842 3056 2919; x_wconf 86' lang='lat' dir='ltr'><strong><em>agendarum</em></strong></span> <span class='ocrx_word' id='word_1_279' title='bbox 3083 2843 3260 2919; x_wconf 89' lang='lat' dir='ltr'><strong><em>mole,</em></strong></span> <span class='ocrx_word' id='word_1_280' title='bbox 3296 2844 3652 2911; x_wconf 89' lang='lat' dir='ltr'><strong><em>litterarum</em></strong></span> 
     </span>
    </p>
   </div>
   <div class='ocr_carea' id='block_1_26' title="bbox 393 2943 3646 3033">
    <p class='ocr_par' dir='ltr' id='par_1_26' title="bbox 393 2943 3646 3033">
     <span class='ocr_line' id='line_1_26' title="bbox 393 2943 3646 3033; baseline -0.003 -12"><span class='ocrx_word' id='word_1_281' title='bbox 393 2958 631 3021; x_wconf 90' lang='lat' dir='ltr'><strong><em>cultum</em></strong></span> <span class='ocrx_word' id='word_1_282' title='bbox 647 2970 964 3033; x_wconf 86' lang='lat' dir='ltr'><strong><em>nunquam</em></strong></span> <span class='ocrx_word' id='word_1_283' title='bbox 992 2946 1427 3010; x_wconf 87' lang='lat' dir='ltr'><strong><em>intermiseris.</em></strong></span> <span class='ocrx_word' id='word_1_284' title='bbox 1457 2944 1579 3007; x_wconf 86' lang='lat' dir='ltr'><strong><em>Nec</em></strong></span> <span class='ocrx_word' id='word_1_285' title='bbox 1599 2952 1839 3004; x_wconf 87' lang='lat' dir='ltr'><strong><em>tantum</em></strong></span> <span class='ocrx_word' id='word_1_286' title='bbox 1864 2944 2001 3004; x_wconf 89' lang='lat' dir='ltr'><strong><em>dico</em></strong></span> <span class='ocrx_word' id='word_1_287' title='bbox 2027 2953 2085 3003; x_wconf 90' lang='lat' dir='ltr'><strong><em>te</em></strong></span> <span class='ocrx_word' id='word_1_288' title='bbox 2113 2943 2182 3004; x_wconf 92' lang='lat' dir='ltr'><strong><em>id</em></strong></span> <span class='ocrx_word' id='word_1_289' title='bbox 2205 2945 2579 3021; x_wconf 77' lang='lat' dir='ltr'><strong><em>prwstitisse</em></strong></span> <span class='ocrx_word' id='word_1_290' title='bbox 2607 2945 2775 3025; x_wconf 89' lang='lat' dir='ltr'><strong><em>quod</em></strong></span> <span class='ocrx_word' id='word_1_291' title='bbox 2800 2945 2999 3007; x_wconf 89' lang='lat' dir='ltr'><strong><em>solent</em></strong></span> <span class='ocrx_word' id='word_1_292' title='bbox 3021 2946 3138 3009; x_wconf 88' lang='lat' dir='ltr'><strong><em>alii</em></strong></span> <span class='ocrx_word' id='word_1_293' title='bbox 3163 2949 3472 3027; x_wconf 88' lang='lat' dir='ltr'><strong><em>sapientes</em></strong></span> <span class='ocrx_word' id='word_1_294' title='bbox 3498 2952 3646 3021; x_wconf 84' lang='lat' dir='ltr'><strong><em>viri.</em></strong></span> 
     </span>
    </p>
   </div>
   <div class='ocr_carea' id='block_1_27' title="bbox 389 3042 3652 3141">
    <p class='ocr_par' dir='ltr' id='par_1_27' title="bbox 389 3042 3652 3141">
     <span class='ocr_line' id='line_1_27' title="bbox 389 3042 3652 3141; baseline -0.004 -19"><span class='ocrx_word' id='word_1_295' title='bbox 389 3059 664 3141; x_wconf 85' lang='lat' dir='ltr'><strong><em>publicis</em></strong></span> <span class='ocrx_word' id='word_1_296' title='bbox 683 3054 953 3133; x_wconf 88' lang='lat' dir='ltr'><strong><em>negotiis</em></strong></span> <span class='ocrx_word' id='word_1_297' title='bbox 985 3048 1288 3129; x_wconf 84' lang='lat' dir='ltr'><strong><em>deputati,</em></strong></span> <span class='ocrx_word' id='word_1_298' title='bbox 1318 3047 1426 3127; x_wconf 87' lang='lat' dir='ltr'><strong><em>qui</em></strong></span> <span class='ocrx_word' id='word_1_299' title='bbox 1443 3045 1553 3106; x_wconf 88' lang='lat' dir='ltr'><strong><em>ubi</em></strong></span> <span class='ocrx_word' id='word_1_300' title='bbox 1579 3064 1616 3104; x_wconf 91' lang='lat' dir='ltr'><strong><em>a</em></strong></span> <span class='ocrx_word' id='word_1_301' title='bbox 1644 3042 1832 3105; x_wconf 91' lang='lat' dir='ltr'><strong><em>solito</em></strong></span> <span class='ocrx_word' id='word_1_302' title='bbox 1861 3060 2112 3103; x_wconf 88' lang='lat' dir='ltr'><strong><em>munere</em></strong></span> <span class='ocrx_word' id='word_1_303' title='bbox 2144 3052 2390 3133; x_wconf 83' lang='lat' dir='ltr'><strong><em>vacant,</em></strong></span> <span class='ocrx_word' id='word_1_304' title='bbox 2417 3045 2499 3106; x_wconf 88' lang='lat' dir='ltr'><strong><em>ad</em></strong></span> <span class='ocrx_word' id='word_1_305' title='bbox 2520 3043 2892 3106; x_wconf 87' lang='lat' dir='ltr'><strong><em>litterariam</em></strong></span> <span class='ocrx_word' id='word_1_306' title='bbox 2919 3048 3425 3110; x_wconf 77' lang='lat' dir='ltr'><strong><em>exercitationem</em></strong></span> <span class='ocrx_word' id='word_1_307' title='bbox 3445 3060 3652 3111; x_wconf 84' lang='lat' dir='ltr'><strong><em>trans-</em></strong></span> 
     </span>
    </p>
   </div>
   <div class='ocr_carea' id='block_1_28' title="bbox 394 3141 3651 3236">
    <p class='ocr_par' dir='ltr' id='par_1_28' title="bbox 394 3141 3651 3236">
     <span class='ocr_line' id='line_1_28' title="bbox 394 3141 3651 3236; baseline -0.004 -12"><span class='ocrx_word' id='word_1_308' title='bbox 394 3173 563 3236; x_wconf 90' lang='lat' dir='ltr'><strong><em>eunt,</em></strong></span> <span class='ocrx_word' id='word_1_309' title='bbox 597 3158 693 3221; x_wconf 84' lang='lat' dir='ltr'><strong><em>vel</em></strong></span> <span class='ocrx_word' id='word_1_310' title='bbox 720 3175 842 3217; x_wconf 90' lang='lat' dir='ltr'><strong><em>usu</em></strong></span> <span class='ocrx_word' id='word_1_311' title='bbox 873 3153 1179 3215; x_wconf 88' lang='lat' dir='ltr'><strong><em>librorum</em></strong></span> <span class='ocrx_word' id='word_1_312' title='bbox 1226 3146 1594 3210; x_wconf 88' lang='lat' dir='ltr'><strong><em>solitudinis</em></strong></span> <span class='ocrx_word' id='word_1_313' title='bbox 1625 3145 1873 3205; x_wconf 65' lang='lat' dir='ltr'><strong><em>taedium</em></strong></span> <span class='ocrx_word' id='word_1_314' title='bbox 1898 3141 2156 3222; x_wconf 88' lang='lat' dir='ltr'><strong><em>fallunt,</em></strong></span> <span class='ocrx_word' id='word_1_315' title='bbox 2201 3142 2369 3223; x_wconf 90' lang='lat' dir='ltr'><strong><em>quod</em></strong></span> <span class='ocrx_word' id='word_1_316' title='bbox 2391 3155 2595 3204; x_wconf 81' lang='lat' dir='ltr'><strong><em>tamen</em></strong></span> <span class='ocrx_word' id='word_1_317' title='bbox 2623 3145 2826 3220; x_wconf 88' lang='lat' dir='ltr'><strong><em>ipsum</em></strong></span> <span class='ocrx_word' id='word_1_318' title='bbox 2858 3154 2944 3206; x_wconf 89' lang='lat' dir='ltr'><strong><em>est</em></strong></span> <span class='ocrx_word' id='word_1_319' title='bbox 2979 3147 3045 3206; x_wconf 90' lang='lat' dir='ltr'><strong><em>in</em></strong></span> <span class='ocrx_word' id='word_1_320' title='bbox 3073 3166 3293 3226; x_wconf 90' lang='lat' dir='ltr'><strong><em>magna</em></strong></span> <span class='ocrx_word' id='word_1_321' title='bbox 3325 3146 3509 3210; x_wconf 90' lang='lat' dir='ltr'><strong><em>laude</em></strong></span> <span class='ocrx_word' id='word_1_322' title='bbox 3532 3167 3651 3228; x_wconf 89' lang='lat' dir='ltr'><strong><em>po-</em></strong></span> 
     </span>
    </p>
   </div>
   <div class='ocr_carea' id='block_1_29' title="bbox 389 3246 3652 3335">
    <p class='ocr_par' dir='ltr' id='par_1_29' title="bbox 389 3246 3652 3335">
     <span class='ocr_line' id='line_1_29' title="bbox 389 3246 3652 3335; baseline -0.005 -7"><span class='ocrx_word' id='word_1_323' title='bbox 389 3266 692 3331; x_wconf 86' lang='lat' dir='ltr'><strong><em>nendum;</em></strong></span> <span class='ocrx_word' id='word_1_324' title='bbox 734 3261 840 3322; x_wconf 92' lang='lat' dir='ltr'><strong><em>sed</em></strong></span> <span class='ocrx_word' id='word_1_325' title='bbox 868 3260 960 3319; x_wconf 90' lang='lat' dir='ltr'><strong><em>ita</em></strong></span> <span class='ocrx_word' id='word_1_326' title='bbox 981 3272 1218 3335; x_wconf 83' lang='lat' dir='ltr'><strong><em>semper</em></strong></span> <span class='ocrx_word' id='word_1_327' title='bbox 1247 3258 1673 3330; x_wconf 89' lang='lat' dir='ltr'><strong><em>comparatum</em></strong></span> <span class='ocrx_word' id='word_1_328' title='bbox 1699 3248 1895 3328; x_wconf 89' lang='lat' dir='ltr'><strong><em>fuisse</em></strong></span> <span class='ocrx_word' id='word_1_329' title='bbox 1930 3246 2224 3320; x_wconf 88' lang='lat' dir='ltr'><strong><em>demiror,</em></strong></span> <span class='ocrx_word' id='word_1_330' title='bbox 2258 3255 2328 3308; x_wconf 91' lang='lat' dir='ltr'><strong><em>ut</em></strong></span> <span class='ocrx_word' id='word_1_331' title='bbox 2362 3247 2434 3308; x_wconf 90' lang='lat' dir='ltr'><strong><em>de</em></strong></span> <span class='ocrx_word' id='word_1_332' title='bbox 2462 3248 2679 3327; x_wconf 91' lang='lat' dir='ltr'><strong><em>quovis</em></strong></span> <span class='ocrx_word' id='word_1_333' title='bbox 2713 3246 3108 3323; x_wconf 75' lang='lat' dir='ltr'><strong><em>litteratum,</em></strong></span> <span class='ocrx_word' id='word_1_334' title='bbox 3134 3269 3243 3310; x_wconf 86' lang='lat' dir='ltr'><strong><em>seu</em></strong></span> <span class='ocrx_word' id='word_1_335' title='bbox 3284 3268 3496 3326; x_wconf 69' lang='lat' dir='ltr'><strong><em>sacrm,</em></strong></span> <span class='ocrx_word' id='word_1_336' title='bbox 3544 3269 3652 3311; x_wconf 89' lang='lat' dir='ltr'><strong><em>seu</em></strong></span> 
     </span>
    </p>
   </div>
   <div class='ocr_carea' id='block_1_30' title="bbox 390 3350 3653 3452">
    <p class='ocr_par' dir='ltr' id='par_1_30' title="bbox 390 3350 3653 3452">
     <span class='ocr_line' id='line_1_30' title="bbox 390 3350 3653 3452; baseline -0.006 -20"><span class='ocrx_word' id='word_1_337' title='bbox 390 3373 675 3452; x_wconf 73' lang='lat' dir='ltr'><strong><em>profana:</em></strong></span> <span class='ocrx_word' id='word_1_338' title='bbox 703 3382 922 3445; x_wconf 90' lang='lat' dir='ltr'><strong><em>genere</em></strong></span> <span class='ocrx_word' id='word_1_339' title='bbox 952 3360 1340 3442; x_wconf 89' lang='lat' dir='ltr'><strong><em>loquendum,</em></strong></span> <span class='ocrx_word' id='word_1_340' title='bbox 1367 3353 1793 3419; x_wconf 89' lang='lat' dir='ltr'><strong><em>disserendum</em></strong></span> <span class='ocrx_word' id='word_1_341' title='bbox 1813 3350 1908 3411; x_wconf 88' lang='lat' dir='ltr'><strong><em>vel</em></strong></span> <span class='ocrx_word' id='word_1_342' title='bbox 1934 3350 2327 3412; x_wconf 88' lang='lat' dir='ltr'><strong><em>scribendum</em></strong></span> <span class='ocrx_word' id='word_1_343' title='bbox 2348 3352 2564 3432; x_wconf 84' lang='lat' dir='ltr'><strong><em>fuerit,</em></strong></span> <span class='ocrx_word' id='word_1_344' title='bbox 2584 3369 2712 3411; x_wconf 90' lang='lat' dir='ltr'><strong><em>non</em></strong></span> <span class='ocrx_word' id='word_1_345' title='bbox 2732 3353 2936 3413; x_wconf 90' lang='lat' dir='ltr'><strong><em>minus</em></strong></span> <span class='ocrx_word' id='word_1_346' title='bbox 2959 3353 3240 3429; x_wconf 73' lang='lat' dir='ltr'><strong><em>expedite</em></strong></span> <span class='ocrx_word' id='word_1_347' title='bbox 3262 3361 3314 3414; x_wconf 90' lang='lat' dir='ltr'><strong><em>et</em></strong></span> <span class='ocrx_word' id='word_1_348' title='bbox 3342 3354 3653 3432; x_wconf 91' lang='lat' dir='ltr'><strong><em>sagaciter</em></strong></span> 
     </span>
    </p>
   </div>
   <div class='ocr_carea' id='block_1_31' title="bbox 391 3448 3653 3548">
    <p class='ocr_par' dir='ltr' id='par_1_31' title="bbox 391 3448 3653 3548">
     <span class='ocr_line' id='line_1_31' title="bbox 391 3448 3653 3548; baseline -0.006 -14"><span class='ocrx_word' id='word_1_349' title='bbox 391 3448 524 3535; x_wconf 27' lang='lat' dir='ltr'><strong><em>hac.</em></strong></span> <span class='ocrx_word' id='word_1_350' title='bbox 542 3469 761 3548; x_wconf 87' lang='lat' dir='ltr'><strong><em>egeris,</em></strong></span> <span class='ocrx_word' id='word_1_351' title='bbox 806 3482 989 3545; x_wconf 88' lang='lat' dir='ltr'><strong><em>quam</em></strong></span> <span class='ocrx_word' id='word_1_352' title='bbox 1016 3456 1391 3540; x_wconf 83' lang='lat' dir='ltr'><strong><em>peritissimi</em></strong></span> <span class='ocrx_word' id='word_1_353' title='bbox 1416 3455 1643 3536; x_wconf 89' lang='lat' dir='ltr'><strong><em>quique</em></strong></span> <span class='ocrx_word' id='word_1_354' title='bbox 1671 3452 1906 3513; x_wconf 87' lang='lat' dir='ltr'><strong><em>artium</em></strong></span> <span class='ocrx_word' id='word_1_355' title='bbox 1937 3460 1991 3511; x_wconf 87' lang='lat' dir='ltr'><strong><em>et</em></strong></span> <span class='ocrx_word' id='word_1_356' title='bbox 2015 3448 2498 3530; x_wconf 85' lang='lat' dir='ltr'><strong><em>disciplinarum</em></strong></span> <span class='ocrx_word' id='word_1_357' title='bbox 2527 3450 2818 3528; x_wconf 87' lang='lat' dir='ltr'><strong><em>magistri</em></strong></span> <span class='ocrx_word' id='word_1_358' title='bbox 2846 3471 2867 3509; x_wconf 90' lang='lat'><strong><em>:</em></strong></span> <span class='ocrx_word' id='word_1_359' title='bbox 2892 3451 3042 3511; x_wconf 86' lang='lat' dir='ltr'><strong><em>adeo</em></strong></span> <span class='ocrx_word' id='word_1_360' title='bbox 3074 3461 3143 3511; x_wconf 93' lang='lat' dir='ltr'><strong><em>ut</em></strong></span> <span class='ocrx_word' id='word_1_361' title='bbox 3173 3454 3283 3532; x_wconf 92' lang='lat' dir='ltr'><strong><em>qui</em></strong></span> <span class='ocrx_word' id='word_1_362' title='bbox 3310 3461 3369 3512; x_wconf 90' lang='lat' dir='ltr'><strong><em>te</em></strong></span> <span class='ocrx_word' id='word_1_363' title='bbox 3399 3454 3653 3532; x_wconf 89' lang='lat' dir='ltr'><strong><em>negotia</em></strong></span> 
     </span>
    </p>
   </div>
   <div class='ocr_carea' id='block_1_32' title="bbox 397 3553 3649 3650">
    <p class='ocr_par' dir='ltr' id='par_1_32' title="bbox 397 3553 3649 3650">
     <span class='ocr_line' id='line_1_32' title="bbox 397 3553 3649 3650; baseline -0.005 -16"><span class='ocrx_word' id='word_1_364' title='bbox 397 3571 492 3634; x_wconf 85' lang='lat' dir='ltr'><strong><em>vel</em></strong></span> <span class='ocrx_word' id='word_1_365' title='bbox 524 3570 895 3650; x_wconf 83' lang='lat' dir='ltr'><strong><em>gravissima</em></strong></span> <span class='ocrx_word' id='word_1_366' title='bbox 924 3574 1103 3627; x_wconf 89' lang='lat' dir='ltr'><strong><em>tanta</em></strong></span> <span class='ocrx_word' id='word_1_367' title='bbox 1127 3560 1386 3623; x_wconf 85' lang='lat' dir='ltr'><strong><em>solertia</em></strong></span> <span class='ocrx_word' id='word_1_368' title='bbox 1411 3565 1783 3621; x_wconf 90' lang='lat' dir='ltr'><strong><em>tractantem</em></strong></span> <span class='ocrx_word' id='word_1_369' title='bbox 1802 3563 2148 3630; x_wconf 86' lang='lat' dir='ltr'><strong><em>cernerent,</em></strong></span> <span class='ocrx_word' id='word_1_370' title='bbox 2189 3553 2396 3613; x_wconf 87' lang='lat' dir='ltr'><strong><em>omnia</em></strong></span> <span class='ocrx_word' id='word_1_371' title='bbox 2420 3554 2859 3632; x_wconf 87' lang='lat' dir='ltr'><strong><em>posthabuisse</em></strong></span> <span class='ocrx_word' id='word_1_372' title='bbox 2901 3564 3221 3632; x_wconf 88' lang='lat' dir='ltr'><strong><em>putarent,</em></strong></span> <span class='ocrx_word' id='word_1_373' title='bbox 3270 3573 3391 3635; x_wconf 90' lang='lat' dir='ltr'><strong><em>quo</em></strong></span> <span class='ocrx_word' id='word_1_374' title='bbox 3440 3574 3649 3617; x_wconf 85' lang='lat' dir='ltr'><strong><em>rerum</em></strong></span> 
     </span>
    </p>
   </div>
   <div class='ocr_carea' id='block_1_33' title="bbox 392 3654 3647 3751">
    <p class='ocr_par' dir='ltr' id='par_1_33' title="bbox 392 3654 3647 3751">
     <span class='ocr_line' id='line_1_33' title="bbox 392 3654 3647 3751; baseline -0.005 -17"><span class='ocrx_word' id='word_1_375' title='bbox 392 3672 802 3751; x_wconf 90' lang='lat' dir='ltr'><strong><em>gerendarum</em></strong></span> <span class='ocrx_word' id='word_1_376' title='bbox 816 3666 1112 3747; x_wconf 89' lang='lat' dir='ltr'><strong><em>peritiam</em></strong></span> <span class='ocrx_word' id='word_1_377' title='bbox 1138 3678 1560 3743; x_wconf 88' lang='lat' dir='ltr'><strong><em>assequerere;</em></strong></span> <span class='ocrx_word' id='word_1_378' title='bbox 1582 3659 1691 3739; x_wconf 90' lang='lat' dir='ltr'><strong><em>qui</em></strong></span> <span class='ocrx_word' id='word_1_379' title='bbox 1718 3675 1862 3718; x_wconf 90' lang='lat' dir='ltr'><strong><em>vero</em></strong></span> <span class='ocrx_word' id='word_1_380' title='bbox 1886 3657 1959 3718; x_wconf 90' lang='lat' dir='ltr'><strong><em>de</em></strong></span> <span class='ocrx_word' id='word_1_381' title='bbox 1988 3656 2313 3734; x_wconf 89' lang='lat' dir='ltr'><strong><em>omnigena</em></strong></span> <span class='ocrx_word' id='word_1_382' title='bbox 2340 3654 2700 3717; x_wconf 89' lang='lat' dir='ltr'><strong><em>litteratura</em></strong></span> <span class='ocrx_word' id='word_1_383' title='bbox 2716 3655 3111 3717; x_wconf 88' lang='lat' dir='ltr'><strong><em>disserentem</em></strong></span> <span class='ocrx_word' id='word_1_384' title='bbox 3126 3657 3443 3729; x_wconf 88' lang='lat' dir='ltr'><strong><em>audirent,</em></strong></span> <span class='ocrx_word' id='word_1_385' title='bbox 3463 3666 3520 3719; x_wconf 91' lang='lat' dir='ltr'><strong><em>te</em></strong></span> <span class='ocrx_word' id='word_1_386' title='bbox 3544 3668 3647 3719; x_wconf 89' lang='lat' dir='ltr'><strong><em>to-</em></strong></span> 
     </span>
    </p>
   </div>
   <div class='ocr_carea' id='block_1_34' title="bbox 392 3759 3290 3841">
    <p class='ocr_par' dir='ltr' id='par_1_34' title="bbox 392 3759 3290 3841">
     <span class='ocr_line' id='line_1_34' title="bbox 392 3759 3290 3841; baseline -0.006 -1"><span class='ocrx_word' id='word_1_387' title='bbox 392 3788 520 3840; x_wconf 86' lang='lat' dir='ltr'><strong><em>tam</em></strong></span> <span class='ocrx_word' id='word_1_388' title='bbox 556 3784 795 3838; x_wconf 72' lang='lat' dir='ltr'><strong><em>atatem</em></strong></span> <span class='ocrx_word' id='word_1_389' title='bbox 823 3774 885 3834; x_wconf 86' lang='lat' dir='ltr'><strong><em>in</em></strong></span> <span class='ocrx_word' id='word_1_390' title='bbox 914 3769 1270 3832; x_wconf 87' lang='lat' dir='ltr'><strong><em>litterarum</em></strong></span> <span class='ocrx_word' id='word_1_391' title='bbox 1298 3766 1510 3828; x_wconf 87' lang='lat' dir='ltr'><strong><em>studio</em></strong></span> <span class='ocrx_word' id='word_1_392' title='bbox 1546 3763 1937 3835; x_wconf 90' lang='lat' dir='ltr'><strong><em>contrivisse,</em></strong></span> <span class='ocrx_word' id='word_1_393' title='bbox 1975 3771 2311 3841; x_wconf 73' lang='lat' dir='ltr'><strong><em>cateraque</em></strong></span> <span class='ocrx_word' id='word_1_394' title='bbox 2345 3761 2551 3821; x_wconf 89' lang='lat' dir='ltr'><strong><em>omnia</em></strong></span> <span class='ocrx_word' id='word_1_395' title='bbox 2577 3759 2924 3838; x_wconf 75' lang='lat' dir='ltr'><strong><em>neglexisse</em></strong></span> <span class='ocrx_word' id='word_1_396' title='bbox 2953 3760 3290 3822; x_wconf 89' lang='lat' dir='ltr'><strong><em>crederent.</em></strong></span> 
     </span>
    </p>
   </div>
   <div class='ocr_carea' id='block_1_35' title="bbox 471 3860 3652 3958">
    <p class='ocr_par' dir='ltr' id='par_1_35' title="bbox 471 3860 3652 3958">
     <span class='ocr_line' id='line_1_35' title="bbox 471 3860 3652 3958; baseline -0.007 -18"><span class='ocrx_word' id='word_1_397' title='bbox 471 3878 591 3940; x_wconf 90' lang='lat' dir='ltr'><strong><em>Sed</em></strong></span> <span class='ocrx_word' id='word_1_398' title='bbox 614 3896 797 3958; x_wconf 90' lang='lat' dir='ltr'><strong><em>quam</em></strong></span> <span class='ocrx_word' id='word_1_399' title='bbox 824 3874 1002 3936; x_wconf 90' lang='lat' dir='ltr'><strong><em>bonis</em></strong></span> <span class='ocrx_word' id='word_1_400' title='bbox 1033 3871 1251 3932; x_wconf 90' lang='lat' dir='ltr'><strong><em>avibus</em></strong></span> <span class='ocrx_word' id='word_1_401' title='bbox 1272 3872 1504 3950; x_wconf 89' lang='lat' dir='ltr'><strong><em>factum</em></strong></span> <span class='ocrx_word' id='word_1_402' title='bbox 1534 3876 1644 3940; x_wconf 88' lang='lat' dir='ltr'><strong><em>est,</em></strong></span> <span class='ocrx_word' id='word_1_403' title='bbox 1672 3875 1744 3928; x_wconf 90' lang='lat' dir='ltr'><strong><em>ut</em></strong></span> <span class='ocrx_word' id='word_1_404' title='bbox 1766 3885 1844 3926; x_wconf 72' lang='lat' dir='ltr'><strong><em>ea:</em></strong></span> <span class='ocrx_word' id='word_1_405' title='bbox 1865 3867 2061 3927; x_wconf 88' lang='lat' dir='ltr'><strong><em>tantis</em></strong></span> <span class='ocrx_word' id='word_1_406' title='bbox 2087 3864 2494 3944; x_wconf 88' lang='lat' dir='ltr'><strong><em>undequaque</em></strong></span> <span class='ocrx_word' id='word_1_407' title='bbox 2516 3866 2819 3943; x_wconf 87' lang='lat' dir='ltr'><strong><em>susceptis</em></strong></span> <span class='ocrx_word' id='word_1_408' title='bbox 2836 3860 3221 3945; x_wconf 78' lang='lat' dir='ltr'><strong><em>feliciterque</em></strong></span> <span class='ocrx_word' id='word_1_409' title='bbox 3246 3860 3435 3938; x_wconf 91' lang='lat' dir='ltr'><strong><em>gestis</em></strong></span> <span class='ocrx_word' id='word_1_410' title='bbox 3461 3876 3652 3939; x_wconf 85' lang='lat' dir='ltr'><strong><em>nego-</em></strong></span> 
     </span>
    </p>
   </div>
   <div class='ocr_carea' id='block_1_36' title="bbox 393 3962 3651 4054">
    <p class='ocr_par' dir='ltr' id='par_1_36' title="bbox 393 3962 3651 4054">
     <span class='ocr_line' id='line_1_36' title="bbox 393 3962 3651 4054; baseline -0.008 -8"><span class='ocrx_word' id='word_1_411' title='bbox 393 3985 505 4047; x_wconf 88' lang='lat' dir='ltr'><strong><em>tiis</em></strong></span> <span class='ocrx_word' id='word_1_412' title='bbox 534 3982 615 4043; x_wconf 90' lang='lat' dir='ltr'><strong><em>ad</em></strong></span> <span class='ocrx_word' id='word_1_413' title='bbox 642 3999 758 4041; x_wconf 90' lang='lat' dir='ltr'><strong><em>nos</em></strong></span> <span class='ocrx_word' id='word_1_414' title='bbox 784 3986 1099 4054; x_wconf 89' lang='lat' dir='ltr'><strong><em>receptum</em></strong></span> <span class='ocrx_word' id='word_1_415' title='bbox 1130 3972 1418 4036; x_wconf 87' lang='lat' dir='ltr'><strong><em>haberes!</em></strong></span> <span class='ocrx_word' id='word_1_416' title='bbox 1448 3966 1834 4029; x_wconf 81' lang='lat' dir='ltr'><strong><em>[mmortales</em></strong></span> <span class='ocrx_word' id='word_1_417' title='bbox 1862 3984 2006 4027; x_wconf 91' lang='lat' dir='ltr'><strong><em>sane</em></strong></span> <span class='ocrx_word' id='word_1_418' title='bbox 2038 3964 2281 4043; x_wconf 88' lang='lat' dir='ltr'><strong><em>gratias</em></strong></span> <span class='ocrx_word' id='word_1_419' title='bbox 2309 3965 2599 4027; x_wconf 89' lang='lat' dir='ltr'><strong><em>habemus</em></strong></span> <span class='ocrx_word' id='word_1_420' title='bbox 2621 3965 2937 4026; x_wconf 86' lang='lat' dir='ltr'><strong><em>Ludovico</em></strong></span> <span class='ocrx_word' id='word_1_421' title='bbox 2970 3963 3228 4039; x_wconf 89' lang='lat' dir='ltr'><strong><em>Magno,</em></strong></span> <span class='ocrx_word' id='word_1_422' title='bbox 3264 3962 3375 4041; x_wconf 89' lang='lat' dir='ltr'><strong><em>qui</em></strong></span> <span class='ocrx_word' id='word_1_423' title='bbox 3399 3971 3458 4020; x_wconf 92' lang='lat' dir='ltr'><strong><em>te</em></strong></span> <span class='ocrx_word' id='word_1_424' title='bbox 3485 3969 3651 4020; x_wconf 88' lang='lat' dir='ltr'><strong><em>acta-</em></strong></span> 
     </span>
    </p>
   </div>
   <div class='ocr_carea' id='block_1_37' title="bbox 395 4060 3645 4158">
    <p class='ocr_par' dir='ltr' id='par_1_37' title="bbox 395 4060 3645 4158">
     <span class='ocr_line' id='line_1_37' title="bbox 395 4060 3645 4158; baseline -0.008 -14"><span class='ocrx_word' id='word_1_425' title='bbox 395 4099 536 4144; x_wconf 85' lang='lat' dir='ltr'><strong><em>rum</em></strong></span> <span class='ocrx_word' id='word_1_426' title='bbox 562 4100 772 4142; x_wconf 87' lang='lat' dir='ltr'><strong><em>rerum</em></strong></span> <span class='ocrx_word' id='word_1_427' title='bbox 798 4077 1008 4158; x_wconf 90' lang='lat' dir='ltr'><strong><em>gloria</em></strong></span> <span class='ocrx_word' id='word_1_428' title='bbox 1037 4073 1298 4147; x_wconf 90' lang='lat' dir='ltr'><strong><em>clarum,</em></strong></span> <span class='ocrx_word' id='word_1_429' title='bbox 1329 4072 1516 4152; x_wconf 82' lang='lat' dir='ltr'><strong><em>hujus</em></strong></span> <span class='ocrx_word' id='word_1_430' title='bbox 1544 4070 1806 4131; x_wconf 70' lang='lat' dir='ltr'><strong><em>casnobii</em></strong></span> <span class='ocrx_word' id='word_1_431' title='bbox 1828 4069 2175 4130; x_wconf 89' lang='lat' dir='ltr'><strong><em>antistitem</em></strong></span> <span class='ocrx_word' id='word_1_432' title='bbox 2205 4068 2639 4136; x_wconf 88' lang='lat' dir='ltr'><strong><em>constituerit;</em></strong></span> <span class='ocrx_word' id='word_1_433' title='bbox 2660 4086 2781 4147; x_wconf 89' lang='lat' dir='ltr'><strong><em>qua</em></strong></span> <span class='ocrx_word' id='word_1_434' title='bbox 2803 4069 2870 4128; x_wconf 92' lang='lat' dir='ltr'><strong><em>in</em></strong></span> <span class='ocrx_word' id='word_1_435' title='bbox 2899 4083 2966 4126; x_wconf 91' lang='lat' dir='ltr'><strong><em>re</em></strong></span> <span class='ocrx_word' id='word_1_436' title='bbox 2982 4064 3190 4125; x_wconf 90' lang='lat' dir='ltr'><strong><em>nescio</em></strong></span> <span class='ocrx_word' id='word_1_437' title='bbox 3219 4081 3304 4122; x_wconf 90' lang='lat' dir='ltr'><strong><em>an</em></strong></span> <span class='ocrx_word' id='word_1_438' title='bbox 3317 4060 3470 4141; x_wconf 86' lang='lat' dir='ltr'><strong><em>plus</em></strong></span> <span class='ocrx_word' id='word_1_439' title='bbox 3493 4060 3645 4132; x_wconf 86' lang='lat' dir='ltr'><strong><em>tuis,</em></strong></span> 
     </span>
    </p>
   </div>
   <div class='ocr_carea' id='block_1_38' title="bbox 392 4163 3646 4255">
    <p class='ocr_par' dir='ltr' id='par_1_38' title="bbox 392 4163 3646 4255">
     <span class='ocr_line' id='line_1_38' title="bbox 392 4163 3646 4255; baseline -0.008 -8"><span class='ocrx_word' id='word_1_440' title='bbox 392 4184 896 4249; x_wconf 84' lang='lat' dir='ltr'><strong><em>Eminentissime</em></strong></span> <span class='ocrx_word' id='word_1_441' title='bbox 921 4177 1302 4249; x_wconf 90' lang='lat' dir='ltr'><strong><em>Cardinalis,</em></strong></span> <span class='ocrx_word' id='word_1_442' title='bbox 1334 4193 1516 4255; x_wconf 90' lang='lat' dir='ltr'><strong><em>quam</em></strong></span> <span class='ocrx_word' id='word_1_443' title='bbox 1542 4175 1779 4234; x_wconf 90' lang='lat' dir='ltr'><strong><em>nostris</em></strong></span> <span class='ocrx_word' id='word_1_444' title='bbox 1811 4172 2144 4233; x_wconf 89' lang='lat' dir='ltr'><strong><em>commodis</em></strong></span> <span class='ocrx_word' id='word_1_445' title='bbox 2159 4172 2591 4251; x_wconf 76' lang='lat' dir='ltr'><strong><em>prospexerit.</em></strong></span> <span class='ocrx_word' id='word_1_446' title='bbox 2626 4170 2792 4231; x_wconf 86' lang='lat' dir='ltr'><strong><em>Hinc</em></strong></span> <span class='ocrx_word' id='word_1_447' title='bbox 2814 4168 2927 4229; x_wconf 88' lang='lat' dir='ltr'><strong><em>illa</em></strong></span> <span class='ocrx_word' id='word_1_448' title='bbox 2955 4166 3150 4247; x_wconf 76' lang='lat' dir='ltr'><strong><em>effusa</em></strong></span> <span class='ocrx_word' id='word_1_449' title='bbox 3176 4167 3244 4227; x_wconf 90' lang='lat' dir='ltr'><strong><em>in</em></strong></span> <span class='ocrx_word' id='word_1_450' title='bbox 3269 4163 3646 4224; x_wconf 89' lang='lat' dir='ltr'><strong><em>monasterio</em></strong></span> 
     </span>
    </p>
   </div>
   <div class='ocr_carea' id='block_1_39' title="bbox 395 4266 3647 4359">
    <p class='ocr_par' dir='ltr' id='par_1_39' title="bbox 395 4266 3647 4359">
     <span class='ocr_line' id='line_1_39' title="bbox 395 4266 3647 4359; baseline -0.007 -11"><span class='ocrx_word' id='word_1_451' title='bbox 395 4297 615 4349; x_wconf 89' lang='lat' dir='ltr'><strong><em>nostro</em></strong></span> <span class='ocrx_word' id='word_1_452' title='bbox 641 4285 885 4359; x_wconf 79' lang='lat' dir='ltr'><strong><em>lcetitia,</em></strong></span> <span class='ocrx_word' id='word_1_453' title='bbox 919 4285 1060 4346; x_wconf 86' lang='lat' dir='ltr'><strong><em>hinc</em></strong></span> <span class='ocrx_word' id='word_1_454' title='bbox 1090 4280 1196 4342; x_wconf 88' lang='lat' dir='ltr'><strong><em>ille</em></strong></span> <span class='ocrx_word' id='word_1_455' title='bbox 1220 4278 1486 4358; x_wconf 90' lang='lat' dir='ltr'><strong><em>plausus</em></strong></span> <span class='ocrx_word' id='word_1_456' title='bbox 1523 4277 1796 4337; x_wconf 88' lang='lat' dir='ltr'><strong><em>omnium</em></strong></span> <span class='ocrx_word' id='word_1_457' title='bbox 1829 4274 2139 4337; x_wconf 90' lang='lat' dir='ltr'><strong><em>sodalium</em></strong></span> <span class='ocrx_word' id='word_1_458' title='bbox 2165 4276 2237 4337; x_wconf 95' lang='lat' dir='ltr'><strong><em>de</em></strong></span> <span class='ocrx_word' id='word_1_459' title='bbox 2259 4284 2437 4337; x_wconf 90' lang='lat' dir='ltr'><strong><em>tanta</em></strong></span> <span class='ocrx_word' id='word_1_460' title='bbox 2466 4277 2729 4356; x_wconf 80' lang='lat' dir='ltr'><strong><em>fortuna</em></strong></span> <span class='ocrx_word' id='word_1_461' title='bbox 2756 4273 2879 4335; x_wconf 90' lang='lat' dir='ltr'><strong><em>sibi</em></strong></span> <span class='ocrx_word' id='word_1_462' title='bbox 2906 4282 3120 4333; x_wconf 90' lang='lat' dir='ltr'><strong><em>mutuo</em></strong></span> <span class='ocrx_word' id='word_1_463' title='bbox 3148 4266 3647 4349; x_wconf 85' lang='lat' dir='ltr'><strong><em>gratulantium;</em></strong></span> 
     </span>
    </p>
   </div>
   <div class='ocr_carea' id='block_1_40' title="bbox 390 4369 3642 4474">
    <p class='ocr_par' dir='ltr' id='par_1_40' title="bbox 390 4369 3642 4474">
     <span class='ocr_line' id='line_1_40' title="bbox 390 4369 3642 4474; baseline -0.008 -19"><span class='ocrx_word' id='word_1_464' title='bbox 390 4400 520 4474; x_wconf 67' lang='lat' dir='ltr'><strong><em>qua</em></strong></span> <span class='ocrx_word' id='word_1_465' title='bbox 547 4396 615 4454; x_wconf 91' lang='lat' dir='ltr'><strong><em>in</em></strong></span> <span class='ocrx_word' id='word_1_466' title='bbox 644 4411 711 4452; x_wconf 93' lang='lat' dir='ltr'><strong><em>re</em></strong></span> <span class='ocrx_word' id='word_1_467' title='bbox 746 4408 887 4459; x_wconf 76' lang='lat' dir='ltr'><strong><em>non</em></strong></span> <span class='ocrx_word' id='word_1_468' title='bbox 919 4397 1134 4469; x_wconf 90' lang='lat' dir='ltr'><strong><em>partes</em></strong></span> <span class='ocrx_word' id='word_1_469' title='bbox 1180 4385 1304 4448; x_wconf 90' lang='lat' dir='ltr'><strong><em>tuli</em></strong></span> <span class='ocrx_word' id='word_1_470' title='bbox 1330 4384 1743 4463; x_wconf 77' lang='lat' dir='ltr'><strong><em>pdsteriores.</em></strong></span> <span class='ocrx_word' id='word_1_471' title='bbox 1783 4381 2032 4461; x_wconf 87' lang='lat' dir='ltr'><strong><em>Ecquid</em></strong></span> <span class='ocrx_word' id='word_1_472' title='bbox 2065 4381 2225 4441; x_wconf 89' lang='lat' dir='ltr'><strong><em>enim</em></strong></span> <span class='ocrx_word' id='word_1_473' title='bbox 2264 4379 2689 4442; x_wconf 87' lang='lat' dir='ltr'><strong><em>litteratorum</em></strong></span> <span class='ocrx_word' id='word_1_474' title='bbox 2719 4379 2900 4440; x_wconf 74' lang='lat' dir='ltr'><strong><em>coetui</em></strong></span> <span class='ocrx_word' id='word_1_475' title='bbox 2936 4376 3087 4455; x_wconf 88' lang='lat' dir='ltr'><strong><em>plus</em></strong></span> <span class='ocrx_word' id='word_1_476' title='bbox 3128 4374 3349 4454; x_wconf 89' lang='lat' dir='ltr'><strong><em>gaudii</em></strong></span> <span class='ocrx_word' id='word_1_477' title='bbox 3397 4369 3642 4452; x_wconf 76' lang='lat' dir='ltr'><strong><em>afferat,</em></strong></span> 
     </span>
    </p>
   </div>
   <div class='ocr_carea' id='block_1_41' title="bbox 393 4474 3646 4578">
    <p class='ocr_par' dir='ltr' id='par_1_41' title="bbox 393 4474 3646 4578">
     <span class='ocr_line' id='line_1_41' title="bbox 393 4474 3646 4578; baseline -0.008 -19"><span class='ocrx_word' id='word_1_478' title='bbox 393 4517 578 4578; x_wconf 85' lang='lat' dir='ltr'><strong><em>quam</em></strong></span> <span class='ocrx_word' id='word_1_479' title='bbox 605 4516 744 4558; x_wconf 89' lang='lat' dir='ltr'><strong><em>cum</em></strong></span> <span class='ocrx_word' id='word_1_480' title='bbox 771 4495 891 4557; x_wconf 87' lang='lat' dir='ltr'><strong><em>sibi</em></strong></span> <span class='ocrx_word' id='word_1_481' title='bbox 919 4493 1267 4573; x_wconf 88' lang='lat' dir='ltr'><strong><em>principem</em></strong></span> <span class='ocrx_word' id='word_1_482' title='bbox 1290 4509 1329 4550; x_wconf 92' lang='lat' dir='ltr'><strong><em>a</em></strong></span> <span class='ocrx_word' id='word_1_483' title='bbox 1350 4506 1565 4567; x_wconf 90' lang='lat' dir='ltr'><strong><em>regum</em></strong></span> <span class='ocrx_word' id='word_1_484' title='bbox 1591 4485 2052 4565; x_wconf 90' lang='lat' dir='ltr'><strong><em>sapientissimo</em></strong></span> <span class='ocrx_word' id='word_1_485' title='bbox 2086 4485 2405 4563; x_wconf 88' lang='lat' dir='ltr'><strong><em>designari</em></strong></span> <span class='ocrx_word' id='word_1_486' title='bbox 2440 4484 2835 4562; x_wconf 88' lang='lat' dir='ltr'><strong><em>conspiciunt</em></strong></span> <span class='ocrx_word' id='word_1_487' title='bbox 2867 4500 3020 4553; x_wconf 86' lang='lat' dir='ltr'><strong><em>eum,</em></strong></span> <span class='ocrx_word' id='word_1_488' title='bbox 3052 4497 3228 4560; x_wconf 90' lang='lat' dir='ltr'><strong><em>quem</em></strong></span> <span class='ocrx_word' id='word_1_489' title='bbox 3258 4476 3408 4555; x_wconf 87' lang='lat' dir='ltr'><strong><em>ipsi,</em></strong></span> <span class='ocrx_word' id='word_1_490' title='bbox 3444 4474 3500 4535; x_wconf 89' lang='lat' dir='ltr'><strong><em>si</em></strong></span> <span class='ocrx_word' id='word_1_491' title='bbox 3532 4490 3646 4552; x_wconf 81' lang='lat' dir='ltr'><strong><em>pe-</em></strong></span> 
     </span>
    </p>
   </div>
   <div class='ocr_carea' id='block_1_42' title="bbox 392 4582 3062 4678">
    <p class='ocr_par' dir='ltr' id='par_1_42' title="bbox 392 4582 3062 4678">
     <span class='ocr_line' id='line_1_42' title="bbox 392 4582 3062 4678; baseline -0.006 -20"><span class='ocrx_word' id='word_1_492' title='bbox 392 4617 500 4658; x_wconf 88' lang='lat' dir='ltr'><strong><em>nes</em></strong></span> <span class='ocrx_word' id='word_1_493' title='bbox 541 4616 604 4658; x_wconf 91' lang='lat' dir='ltr'><strong><em>se</em></strong></span> <span class='ocrx_word' id='word_1_494' title='bbox 633 4598 764 4678; x_wconf 86' lang='lat' dir='ltr'><strong><em>ejus</em></strong></span> <span class='ocrx_word' id='word_1_495' title='bbox 793 4596 888 4656; x_wconf 91' lang='lat' dir='ltr'><strong><em>rei</em></strong></span> <span class='ocrx_word' id='word_1_496' title='bbox 925 4593 1266 4655; x_wconf 88' lang='lat' dir='ltr'><strong><em>arbitrium</em></strong></span> <span class='ocrx_word' id='word_1_497' title='bbox 1288 4590 1535 4671; x_wconf 83' lang='lat' dir='ltr'><strong><em>fuisset,</em></strong></span> <span class='ocrx_word' id='word_1_498' title='bbox 1568 4586 1879 4648; x_wconf 90' lang='lat' dir='ltr'><strong><em>communi</em></strong></span> <span class='ocrx_word' id='word_1_499' title='bbox 1902 4586 2175 4646; x_wconf 89' lang='lat' dir='ltr'><strong><em>omnium</em></strong></span> <span class='ocrx_word' id='word_1_500' title='bbox 2210 4583 2449 4646; x_wconf 90' lang='lat' dir='ltr'><strong><em>calculo</em></strong></span> <span class='ocrx_word' id='word_1_501' title='bbox 2481 4584 2603 4647; x_wconf 88' lang='lat' dir='ltr'><strong><em>sibi</em></strong></span> <span class='ocrx_word' id='word_1_502' title='bbox 2623 4582 3062 4662; x_wconf 78' lang='lat' dir='ltr'><strong><em>cooptassent?</em></strong></span> 
     </span>
    </p>
   </div>
   <div class='ocr_carea' id='block_1_43' title="bbox 471 4681 3649 4767">
    <p class='ocr_par' dir='ltr' id='par_1_43' title="bbox 471 4681 3649 4767">
     <span class='ocr_line' id='line_1_43' title="bbox 471 4681 3649 4767; baseline -0.007 -7"><span class='ocrx_word' id='word_1_503' title='bbox 471 4700 552 4760; x_wconf 86' lang='lat' dir='ltr'><strong><em>In</em></strong></span> <span class='ocrx_word' id='word_1_504' title='bbox 586 4690 1266 4760; x_wconf 85' lang='lat' dir='ltr'><strong><em>San-Germanensibus</em></strong></span> <span class='ocrx_word' id='word_1_505' title='bbox 1319 4701 1524 4753; x_wconf 89' lang='lat' dir='ltr'><strong><em>autem</em></strong></span> <span class='ocrx_word' id='word_1_506' title='bbox 1556 4687 1792 4749; x_wconf 71' lang='lat' dir='ltr'><strong><em>(edibus</em></strong></span> <span class='ocrx_word' id='word_1_507' title='bbox 1828 4686 1983 4761; x_wconf 88' lang='lat' dir='ltr'><strong><em>illis,</em></strong></span> <span class='ocrx_word' id='word_1_508' title='bbox 2012 4704 2146 4767; x_wconf 68' lang='lat' dir='ltr'><strong><em>quae</em></strong></span> <span class='ocrx_word' id='word_1_509' title='bbox 2175 4695 2270 4747; x_wconf 91' lang='lat' dir='ltr'><strong><em>tot</em></strong></span> <span class='ocrx_word' id='word_1_510' title='bbox 2294 4687 2664 4765; x_wconf 87' lang='lat' dir='ltr'><strong><em>principum</em></strong></span> <span class='ocrx_word' id='word_1_511' title='bbox 2693 4682 3076 4746; x_wconf 86' lang='lat' dir='ltr'><strong><em>domicilium</em></strong></span> <span class='ocrx_word' id='word_1_512' title='bbox 3103 4684 3385 4762; x_wconf 86' lang='lat' dir='ltr'><strong><em>fuerunt,</em></strong></span> <span class='ocrx_word' id='word_1_513' title='bbox 3432 4699 3543 4743; x_wconf 89' lang='lat' dir='ltr'><strong><em>ceu</em></strong></span> <span class='ocrx_word' id='word_1_514' title='bbox 3579 4681 3649 4741; x_wconf 89' lang='lat' dir='ltr'><strong><em>in</em></strong></span> 
     </span>
    </p>
   </div>
   <div class='ocr_carea' id='block_1_44' title="bbox 395 4779 3644 4876">
    <p class='ocr_par' dir='ltr' id='par_1_44' title="bbox 395 4779 3644 4876">
     <span class='ocr_line' id='line_1_44' title="bbox 395 4779 3644 4876; baseline -0.008 -14"><span class='ocrx_word' id='word_1_515' title='bbox 395 4819 538 4865; x_wconf 84' lang='lat' dir='ltr'><strong><em>arce</em></strong></span> <span class='ocrx_word' id='word_1_516' title='bbox 563 4797 658 4859; x_wconf 85' lang='lat' dir='ltr'><strong><em>vel</em></strong></span> <span class='ocrx_word' id='word_1_517' title='bbox 692 4794 943 4876; x_wconf 87' lang='lat' dir='ltr'><strong><em>specula</em></strong></span> <span class='ocrx_word' id='word_1_518' title='bbox 973 4794 1237 4873; x_wconf 89' lang='lat' dir='ltr'><strong><em>quadam</em></strong></span> <span class='ocrx_word' id='word_1_519' title='bbox 1266 4791 1681 4861; x_wconf 74' lang='lat' dir='ltr'><strong><em>constitutus,</em></strong></span> <span class='ocrx_word' id='word_1_520' title='bbox 1710 4786 2210 4846; x_wconf 86' lang='lat' dir='ltr'><strong><em>Eminentissime</em></strong></span> <span class='ocrx_word' id='word_1_521' title='bbox 2239 4784 2622 4859; x_wconf 84' lang='lat' dir='ltr'><strong><em>Cardinalis,</em></strong></span> <span class='ocrx_word' id='word_1_522' title='bbox 2660 4784 2741 4844; x_wconf 86' lang='lat' dir='ltr'><strong><em>iis</em></strong></span> <span class='ocrx_word' id='word_1_523' title='bbox 2777 4781 3058 4844; x_wconf 89' lang='lat' dir='ltr'><strong><em>omnibus</em></strong></span> <span class='ocrx_word' id='word_1_524' title='bbox 3082 4779 3283 4861; x_wconf 85' lang='lat' dir='ltr'><strong><em>fulges</em></strong></span> <span class='ocrx_word' id='word_1_525' title='bbox 3314 4794 3644 4841; x_wconf 85' lang='lat' dir='ltr'><strong><em>ornamen-</em></strong></span> 
     </span>
    </p>
   </div>
   <div class='ocr_carea' id='block_1_45' title="bbox 397 4884 3648 4981">
    <p class='ocr_par' dir='ltr' id='par_1_45' title="bbox 397 4884 3648 4981">
     <span class='ocr_line' id='line_1_45' title="bbox 397 4884 3648 4981; baseline -0.006 -19"><span class='ocrx_word' id='word_1_526' title='bbox 397 4904 504 4977; x_wconf 91' lang='lat' dir='ltr'><strong><em>tis,</em></strong></span> <span class='ocrx_word' id='word_1_527' title='bbox 534 4900 760 4981; x_wconf 86' lang='lat' dir='ltr'><strong><em>quibus</em></strong></span> <span class='ocrx_word' id='word_1_528' title='bbox 792 4896 941 4959; x_wconf 89' lang='lat' dir='ltr'><strong><em>olim</em></strong></span> <span class='ocrx_word' id='word_1_529' title='bbox 971 4896 1181 4957; x_wconf 88' lang='lat' dir='ltr'><strong><em>varias</em></strong></span> <span class='ocrx_word' id='word_1_530' title='bbox 1213 4894 1490 4970; x_wconf 66' lang='lat' dir='ltr'><strong><em>Europa:</em></strong></span> <span class='ocrx_word' id='word_1_531' title='bbox 1515 4901 1725 4970; x_wconf 89' lang='lat' dir='ltr'><strong><em>gentes</em></strong></span> <span class='ocrx_word' id='word_1_532' title='bbox 1781 4888 2168 4962; x_wconf 59' lang='lat' dir='ltr'><strong><em>il‘lustrabas,</em></strong></span> <span class='ocrx_word' id='word_1_533' title='bbox 2218 4888 2503 4969; x_wconf 91' lang='lat' dir='ltr'><strong><em>quodque</em></strong></span> <span class='ocrx_word' id='word_1_534' title='bbox 2539 4884 2823 4948; x_wconf 86' lang='lat' dir='ltr'><strong><em>mirabile</em></strong></span> <span class='ocrx_word' id='word_1_535' title='bbox 2865 4887 3039 4947; x_wconf 91' lang='lat' dir='ltr'><strong><em>dictu</em></strong></span> <span class='ocrx_word' id='word_1_536' title='bbox 3070 4894 3179 4959; x_wconf 90' lang='lat' dir='ltr'><strong><em>est,</em></strong></span> <span class='ocrx_word' id='word_1_537' title='bbox 3223 4902 3421 4944; x_wconf 90' lang='lat' dir='ltr'><strong><em>annos</em></strong></span> <span class='ocrx_word' id='word_1_538' title='bbox 3448 4900 3648 4962; x_wconf 88' lang='lat' dir='ltr'><strong><em>prope</em></strong></span> 
     </span>
    </p>
   </div>
   <div class='ocr_carea' id='block_1_46' title="bbox 396 4984 3649 5076">
    <p class='ocr_par' dir='ltr' id='par_1_46' title="bbox 396 4984 3649 5076">
     <span class='ocr_line' id='line_1_46' title="bbox 396 4984 3649 5076; baseline -0.008 -8"><span class='ocrx_word' id='word_1_539' title='bbox 396 5005 727 5068; x_wconf 88' lang='lat' dir='ltr'><strong><em>Nestoreos</em></strong></span> <span class='ocrx_word' id='word_1_540' title='bbox 757 5018 1051 5072; x_wconf 89' lang='lat' dir='ltr'><strong><em>emensus,</em></strong></span> <span class='ocrx_word' id='word_1_541' title='bbox 1084 5000 1296 5060; x_wconf 88' lang='lat' dir='ltr'><strong><em>divina</em></strong></span> <span class='ocrx_word' id='word_1_542' title='bbox 1316 4995 1583 5076; x_wconf 89' lang='lat' dir='ltr'><strong><em>quadam</em></strong></span> <span class='ocrx_word' id='word_1_543' title='bbox 1611 4990 1925 5053; x_wconf 86' lang='lat' dir='ltr'><strong><em>celeritate</em></strong></span> <span class='ocrx_word' id='word_1_544' title='bbox 1958 4991 2198 5068; x_wconf 88' lang='lat' dir='ltr'><strong><em>ingenii</em></strong></span> <span class='ocrx_word' id='word_1_545' title='bbox 2234 4991 2601 5070; x_wconf 86' lang='lat' dir='ltr'><strong><em>dicendique</em></strong></span> <span class='ocrx_word' id='word_1_546' title='bbox 2632 4990 2834 5068; x_wconf 89' lang='lat' dir='ltr'><strong><em>copia,</em></strong></span> <span class='ocrx_word' id='word_1_547' title='bbox 2860 4988 3023 5048; x_wconf 87' lang='lat' dir='ltr'><strong><em>sicut</em></strong></span> <span class='ocrx_word' id='word_1_548' title='bbox 3054 4984 3202 5048; x_wconf 91' lang='lat' dir='ltr'><strong><em>olim</em></strong></span> <span class='ocrx_word' id='word_1_549' title='bbox 3231 4985 3335 5046; x_wconf 88' lang='lat' dir='ltr'><strong><em>ille</em></strong></span> <span class='ocrx_word' id='word_1_550' title='bbox 3365 4984 3649 5045; x_wconf 75' lang='lat' dir='ltr'><strong><em>Carnea.</em></strong></span> 
     </span>
    </p>
   </div>
   <div class='ocr_carea' id='block_1_47' title="bbox 398 5087 3649 5179">
    <p class='ocr_par' dir='ltr' id='par_1_47' title="bbox 398 5087 3649 5179">
     <span class='ocr_line' id='line_1_47' title="bbox 398 5087 3649 5179; baseline -0.006 -11"><span class='ocrx_word' id='word_1_551' title='bbox 398 5108 524 5179; x_wconf 89' lang='lat' dir='ltr'><strong><em>des,</em></strong></span> <span class='ocrx_word' id='word_1_552' title='bbox 586 5106 860 5166; x_wconf 87' lang='lat' dir='ltr'><strong><em>omnium</em></strong></span> <span class='ocrx_word' id='word_1_553' title='bbox 886 5102 967 5162; x_wconf 90' lang='lat' dir='ltr'><strong><em>ad</em></strong></span> <span class='ocrx_word' id='word_1_554' title='bbox 994 5114 1052 5165; x_wconf 90' lang='lat' dir='ltr'><strong><em>te</em></strong></span> <span class='ocrx_word' id='word_1_555' title='bbox 1078 5103 1315 5162; x_wconf 90' lang='lat' dir='ltr'><strong><em>animos</em></strong></span> <span class='ocrx_word' id='word_1_556' title='bbox 1354 5097 1663 5159; x_wconf 89' lang='lat' dir='ltr'><strong><em>convertis</em></strong></span> <span class='ocrx_word' id='word_1_557' title='bbox 1695 5104 1749 5156; x_wconf 90' lang='lat' dir='ltr'><strong><em>et</em></strong></span> <span class='ocrx_word' id='word_1_558' title='bbox 1779 5095 1977 5173; x_wconf 88' lang='lat' dir='ltr'><strong><em>rapis.</em></strong></span> <span class='ocrx_word' id='word_1_559' title='bbox 2015 5095 2096 5153; x_wconf 90' lang='lat' dir='ltr'><strong><em>Te</em></strong></span> <span class='ocrx_word' id='word_1_560' title='bbox 2121 5112 2279 5173; x_wconf 67' lang='lat' dir='ltr'><strong><em>saepe</em></strong></span> <span class='ocrx_word' id='word_1_561' title='bbox 2311 5096 2378 5157; x_wconf 89' lang='lat' dir='ltr'><strong><em>in</em></strong></span> <span class='ocrx_word' id='word_1_562' title='bbox 2407 5113 2697 5155; x_wconf 88' lang='lat' dir='ltr'><strong><em>consessu</em></strong></span> <span class='ocrx_word' id='word_1_563' title='bbox 2745 5092 3135 5153; x_wconf 90' lang='lat' dir='ltr'><strong><em>eruditorum</em></strong></span> <span class='ocrx_word' id='word_1_564' title='bbox 3174 5089 3548 5166; x_wconf 81' lang='lat' dir='ltr'><strong><em>suspicimus</em></strong></span> <span class='ocrx_word' id='word_1_565' title='bbox 3573 5087 3649 5148; x_wconf 87' lang='lat' dir='ltr'><strong><em>de</em></strong></span> 
     </span>
    </p>
   </div>
   <div class='ocr_carea' id='block_1_48' title="bbox 397 5180 3648 5289">
    <p class='ocr_par' dir='ltr' id='par_1_48' title="bbox 397 5180 3648 5289">
     <span class='ocr_line' id='line_1_48' title="bbox 397 5180 3648 5289; baseline -0.006 -20"><span class='ocrx_word' id='word_1_566' title='bbox 397 5210 618 5289; x_wconf 84' lang='lat' dir='ltr'><strong><em>quovis</em></strong></span> <span class='ocrx_word' id='word_1_567' title='bbox 664 5206 1020 5268; x_wconf 86' lang='lat' dir='ltr'><strong><em>litterarum</em></strong></span> <span class='ocrx_word' id='word_1_568' title='bbox 1066 5223 1282 5284; x_wconf 89' lang='lat' dir='ltr'><strong><em>genere</em></strong></span> <span class='ocrx_word' id='word_1_569' title='bbox 1310 5205 1402 5265; x_wconf 88' lang='lat' dir='ltr'><strong><em>ita</em></strong></span> <span class='ocrx_word' id='word_1_570' title='bbox 1421 5201 1629 5280; x_wconf 87' lang='lat' dir='ltr'><strong><em>perite</em></strong></span> <span class='ocrx_word' id='word_1_571' title='bbox 1664 5198 2083 5272; x_wconf 88' lang='lat' dir='ltr'><strong><em>disserentem,</em></strong></span> <span class='ocrx_word' id='word_1_572' title='bbox 2129 5205 2200 5258; x_wconf 91' lang='lat' dir='ltr'><strong><em>ut</em></strong></span> <span class='ocrx_word' id='word_1_573' title='bbox 2240 5198 2562 5276; x_wconf 89' lang='lat' dir='ltr'><strong><em>fateantur</em></strong></span> <span class='ocrx_word' id='word_1_574' title='bbox 2597 5213 2799 5255; x_wconf 90' lang='lat' dir='ltr'><strong><em>omnes</em></strong></span> <span class='ocrx_word' id='word_1_575' title='bbox 2824 5180 2886 5253; x_wconf 83' lang='lat' dir='ltr'><strong><em>te</em></strong></span> <span class='ocrx_word' id='word_1_576' title='bbox 2917 5209 3044 5251; x_wconf 93' lang='lat' dir='ltr'><strong><em>non</em></strong></span> <span class='ocrx_word' id='word_1_577' title='bbox 3066 5193 3269 5251; x_wconf 87' lang='lat' dir='ltr'><strong><em>minus</em></strong></span> <span class='ocrx_word' id='word_1_578' title='bbox 3296 5189 3648 5250; x_wconf 80' lang='lat' dir='ltr'><strong><em>eruditione</em></strong></span> 
     </span>
    </p>
   </div>
   <div class='ocr_carea' id='block_1_49' title="bbox 397 5289 3644 5393">
    <p class='ocr_par' dir='ltr' id='par_1_49' title="bbox 397 5289 3644 5393">
     <span class='ocr_line' id='line_1_49' title="bbox 397 5289 3644 5393; baseline -0.008 -20"><span class='ocrx_word' id='word_1_579' title='bbox 397 5330 582 5393; x_wconf 90' lang='lat' dir='ltr'><strong><em>quam</em></strong></span> <span class='ocrx_word' id='word_1_580' title='bbox 616 5312 922 5390; x_wconf 90' lang='lat' dir='ltr'><strong><em>dignitate</em></strong></span> <span class='ocrx_word' id='word_1_581' title='bbox 958 5310 1194 5389; x_wconf 88' lang='lat' dir='ltr'><strong><em>primas</em></strong></span> <span class='ocrx_word' id='word_1_582' title='bbox 1219 5318 1441 5370; x_wconf 88' lang='lat' dir='ltr'><strong><em>tenere.</em></strong></span> <span class='ocrx_word' id='word_1_583' title='bbox 1467 5306 1625 5369; x_wconf 90' lang='lat' dir='ltr'><strong><em>Nam</em></strong></span> <span class='ocrx_word' id='word_1_584' title='bbox 1652 5305 1779 5365; x_wconf 86' lang='lat' dir='ltr'><strong><em>sive</em></strong></span> <span class='ocrx_word' id='word_1_585' title='bbox 1813 5305 1885 5366; x_wconf 92' lang='lat' dir='ltr'><strong><em>de</em></strong></span> <span class='ocrx_word' id='word_1_586' title='bbox 1911 5304 2183 5367; x_wconf 87' lang='lat' dir='ltr'><strong><em>historia</em></strong></span> <span class='ocrx_word' id='word_1_587' title='bbox 2214 5310 2266 5362; x_wconf 89' lang='lat' dir='ltr'><strong><em>et</em></strong></span> <span class='ocrx_word' id='word_1_588' title='bbox 2296 5298 2696 5380; x_wconf 87' lang='lat' dir='ltr'><strong><em>geographia,</em></strong></span> <span class='ocrx_word' id='word_1_589' title='bbox 2745 5298 2872 5357; x_wconf 89' lang='lat' dir='ltr'><strong><em>sive</em></strong></span> <span class='ocrx_word' id='word_1_590' title='bbox 2896 5296 2968 5357; x_wconf 91' lang='lat' dir='ltr'><strong><em>de</em></strong></span> <span class='ocrx_word' id='word_1_591' title='bbox 2994 5294 3178 5355; x_wconf 90' lang='lat' dir='ltr'><strong><em>rebus</em></strong></span> <span class='ocrx_word' id='word_1_592' title='bbox 3216 5289 3644 5393; x_wconf 82' lang='lat' dir='ltr'><strong><em>ecclesiasticis</em></strong></span> 
     </span>
    </p>
   </div>
   <div class='ocr_carea' id='block_1_50' title="bbox 401 5390 3642 5489">
    <p class='ocr_par' dir='ltr' id='par_1_50' title="bbox 401 5390 3642 5489">
     <span class='ocr_line' id='line_1_50' title="bbox 401 5390 3642 5489; baseline -0.008 -16"><span class='ocrx_word' id='word_1_593' title='bbox 401 5390 454 5473; x_wconf 75' lang='lat' dir='ltr'><strong><em>et</em></strong></span> <span class='ocrx_word' id='word_1_594' title='bbox 487 5413 806 5473; x_wconf 88' lang='lat' dir='ltr'><strong><em>canonicis</em></strong></span> <span class='ocrx_word' id='word_1_595' title='bbox 828 5419 1078 5489; x_wconf 92' lang='lat' dir='ltr'><strong><em>agatur,</em></strong></span> <span class='ocrx_word' id='word_1_596' title='bbox 1103 5408 1321 5489; x_wconf 78' lang='lat' dir='ltr'><strong><em>parem</em></strong></span> <span class='ocrx_word' id='word_1_597' title='bbox 1343 5411 1410 5471; x_wconf 89' lang='lat' dir='ltr'><strong><em>in</em></strong></span> <span class='ocrx_word' id='word_1_598' title='bbox 1441 5407 1728 5468; x_wconf 84' lang='lat' dir='ltr'><strong><em>omnibus</em></strong></span> <span class='ocrx_word' id='word_1_599' title='bbox 1757 5404 2116 5489; x_wconf 90' lang='lat' dir='ltr'><strong><em>facultatem</em></strong></span> <span class='ocrx_word' id='word_1_600' title='bbox 2157 5401 2427 5474; x_wconf 74' lang='lat' dir='ltr'><strong><em>exhibes,</em></strong></span> <span class='ocrx_word' id='word_1_601' title='bbox 2462 5402 2530 5461; x_wconf 90' lang='lat' dir='ltr'><strong><em>in</em></strong></span> <span class='ocrx_word' id='word_1_602' title='bbox 2551 5397 2752 5473; x_wconf 90' lang='lat' dir='ltr'><strong><em>nulla,</em></strong></span> <span class='ocrx_word' id='word_1_603' title='bbox 2784 5406 2854 5457; x_wconf 93' lang='lat' dir='ltr'><strong><em>ut</em></strong></span> <span class='ocrx_word' id='word_1_604' title='bbox 2886 5399 2977 5458; x_wconf 91' lang='lat' dir='ltr'><strong><em>ita</em></strong></span> <span class='ocrx_word' id='word_1_605' title='bbox 3013 5396 3232 5468; x_wconf 88' lang='lat' dir='ltr'><strong><em>dicam,</em></strong></span> <span class='ocrx_word' id='word_1_606' title='bbox 3252 5392 3435 5489; x_wconf 80' lang='lat' dir='ltr'><strong><em>orbis</em></strong></span> <span class='ocrx_word' id='word_1_607' title='bbox 3469 5390 3642 5451; x_wconf 87' lang='lat' dir='ltr'><strong><em>litte-</em></strong></span> 
     </span>
    </p>
   </div>
   <div class='ocr_carea' id='block_1_51' title="bbox 399 5487 3640 5589">
    <p class='ocr_par' dir='ltr' id='par_1_51' title="bbox 399 5487 3640 5589">
     <span class='ocr_line' id='line_1_51' title="bbox 399 5487 3640 5589; baseline -0.007 -16"><span class='ocrx_word' id='word_1_608' title='bbox 399 5511 565 5573; x_wconf 89' lang='lat' dir='ltr'><strong><em>rarii</em></strong></span> <span class='ocrx_word' id='word_1_609' title='bbox 605 5518 790 5589; x_wconf 91' lang='lat' dir='ltr'><strong><em>parte</em></strong></span> <span class='ocrx_word' id='word_1_610' title='bbox 833 5487 1073 5588; x_wconf 82' lang='lat' dir='ltr'><strong><em>hospes.</em></strong></span> <span class='ocrx_word' id='word_1_611' title='bbox 1104 5487 1263 5570; x_wconf 63' lang='lat' dir='ltr'><strong><em>Tum</em></strong></span> <span class='ocrx_word' id='word_1_612' title='bbox 1307 5508 1365 5569; x_wconf 90' lang='lat' dir='ltr'><strong><em>si</em></strong></span> <span class='ocrx_word' id='word_1_613' title='bbox 1392 5506 1474 5567; x_wconf 90' lang='lat' dir='ltr'><strong><em>ad</em></strong></span> <span class='ocrx_word' id='word_1_614' title='bbox 1512 5487 1959 5567; x_wconf 83' lang='lat' dir='ltr'><strong><em>mansuetiores</em></strong></span> <span class='ocrx_word' id='word_1_615' title='bbox 1987 5503 2203 5565; x_wconf 88' lang='lat' dir='ltr'><strong><em>Musas</em></strong></span> <span class='ocrx_word' id='word_1_616' title='bbox 2234 5511 2293 5563; x_wconf 92' lang='lat' dir='ltr'><strong><em>te</em></strong></span> <span class='ocrx_word' id='word_1_617' title='bbox 2314 5501 2570 5581; x_wconf 87' lang='lat' dir='ltr'><strong><em>referas,</em></strong></span> <span class='ocrx_word' id='word_1_618' title='bbox 2615 5496 2886 5569; x_wconf 78' lang='lat' dir='ltr'><strong><em>ercas,</em></strong></span> <span class='ocrx_word' id='word_1_619' title='bbox 2923 5493 3182 5556; x_wconf 89' lang='lat' dir='ltr'><strong><em>Latinas</em></strong></span> <span class='ocrx_word' id='word_1_620' title='bbox 3222 5487 3640 5571; x_wconf 81' lang='lat' dir='ltr'><strong><em>Gallicasque,</em></strong></span> 
     </span>
    </p>
   </div>
   <div class='ocr_carea' id='block_1_52' title="bbox 398 5593 2971 5692">
    <p class='ocr_par' dir='ltr' id='par_1_52' title="bbox 398 5593 2971 5692">
     <span class='ocr_line' id='line_1_52' title="bbox 398 5593 2971 5692; baseline -0.006 -18"><span class='ocrx_word' id='word_1_621' title='bbox 398 5612 707 5674; x_wconf 76' lang='lat' dir='ltr'><strong><em>memoria:</em></strong></span> <span class='ocrx_word' id='word_1_622' title='bbox 731 5609 1033 5692; x_wconf 89' lang='lat' dir='ltr'><strong><em>felicitate</em></strong></span> <span class='ocrx_word' id='word_1_623' title='bbox 1042 5610 1324 5690; x_wconf 82' lang='lat' dir='ltr'><strong><em>juvenes,</em></strong></span> <span class='ocrx_word' id='word_1_624' title='bbox 1354 5608 1594 5687; x_wconf 86' lang='lat' dir='ltr'><strong><em>ingenii</em></strong></span> <span class='ocrx_word' id='word_1_625' title='bbox 1620 5605 1969 5669; x_wconf 89' lang='lat' dir='ltr'><strong><em>acrimonia</em></strong></span> <span class='ocrx_word' id='word_1_626' title='bbox 1998 5603 2277 5666; x_wconf 87' lang='lat' dir='ltr'><strong><em>eruditos</em></strong></span> <span class='ocrx_word' id='word_1_627' title='bbox 2305 5598 2610 5682; x_wconf 89' lang='lat' dir='ltr'><strong><em>quoslibet</em></strong></span> <span class='ocrx_word' id='word_1_628' title='bbox 2633 5593 2971 5659; x_wconf 88' lang='lat' dir='ltr'><strong><em>antecellis.</em></strong></span> 
     </span>
    </p>
   </div>
   <div class='ocr_carea' id='block_1_53' title="bbox 477 5738 1100 5816">
    <p class='ocr_par' dir='ltr' id='par_1_53' title="bbox 477 5738 1100 5816">
     <span class='ocr_line' id='line_1_53' title="bbox 477 5738 1100 5816; baseline -0.003 -21"><span class='ocrx_word' id='word_1_629' title='bbox 477 5741 555 5816; x_wconf 75' lang='grc' dir='ltr'><strong><em>(ι)</em></strong></span> <span class='ocrx_word' id='word_1_630' title='bbox 608 5740 725 5798; x_wconf 82' lang='lat' dir='ltr'><strong><em>Cic.</em></strong></span> <span class='ocrx_word' id='word_1_631' title='bbox 770 5738 925 5796; x_wconf 84' lang='lat' dir='ltr'><strong><em>Fam.</em></strong></span> <span class='ocrx_word' id='word_1_632' title='bbox 959 5755 1011 5807; x_wconf 77' lang='grc' dir='ltr'><strong><em>ι,</em></strong></span> <span class='ocrx_word' id='word_1_633' title='bbox 1046 5738 1100 5793; x_wconf 84' lang='grc'><strong>5.</strong></span> 
     </span>
    </p>
   </div>
  </div>
