3832 6214
195 329 273 385 l3
1639 337 2033 400 PREFATIO.
3408 359 3477 413 M

276 449 548 530 Stupent
575 472 721 514 sane
748 455 799 516 ii
817 473 972 535 quos
993 457 1079 519 ad
1100 459 1490 521 consortium
1514 462 1614 522 tui
1634 481 1885 523 evocare
1908 465 2216 543 dignaris,
2247 467 2673 532 litteratorum
2689 474 2991 553 princeps
3010 471 3472 551 amabilissime,

197 561 255 613 et
291 555 554 615 rediisse
579 567 814 634 putant
861 556 976 618 illa
1016 568 1299 637 tempora
1340 562 1567 641 quibus
1601 566 1766 625 inter
1796 567 2122 644 principes
2155 571 2328 630 viros
2359 573 2426 632 in
2457 576 2625 634 omni
2657 592 2876 652 genere
2902 577 3196 638 micabas.
3251 575 3477 642 Omnia

194 659 433 736 quippe
464 661 530 719 in
552 670 611 720 te
631 659 924 739 ﬂoridam
957 661 1234 724 redolent
1257 675 1532 734 (etatem;
1565 667 1726 728 bona
1749 668 2061 742 valetudo,
2095 691 2332 734 summa
2360 678 2592 754 gratia,
2629 688 2843 739 tantus
2873 677 2981 740 ille
3012 681 3078 740 in
3087 681 3363 761 jocando
3391 681 3476 742 lc-

190 777 339 840 pos,
373 764 464 825 sic
493 774 868 842 temperatus
894 775 967 826 ut
989 766 1154 828 nihil
1163 770 1353 847 jocus
1381 769 1456 829 de
1481 773 1793 848 gravitate
1825 772 2137 855 decerpat.
2167 779 2293 854 Qui
2317 791 2375 842 te
2398 779 2581 842 talem
2599 784 2833 858 vident,
2868 785 2936 846 id
2953 803 3016 845 se
3041 785 3244 850 oculis
3265 785 3474 850 obser-

193 881 349 924 vare
376 874 602 944 putant
635 864 802 946 quod
828 867 1078 946 quidam
1110 887 1140 928 e
1167 871 1478 931 veteribus
1500 870 1670 933 dixit
1698 892 1712 928 :

3475 961 3482 987 l

1120 1033 1164 1088 A
1187 1034 1353 1091 certis
1389 1035 1549 1090 annis
1579 1053 1755 1093 aevum
1787 1053 2036 1095 remeare
2067 1051 2348 1112 peractum

273 1217 438 1294 Quis
470 1217 670 1296 igitur
697 1217 957 1299 Origeni
985 1222 1310 1302 fortunam
1338 1239 1465 1280 non
1491 1221 1853 1300 gratuletur
1885 1244 2082 1299 suam,
2116 1229 2227 1306 qui
2257 1229 2324 1290 in
2348 1232 2876 1308 praestantissima
2908 1235 3183 1316 Operam
3213 1257 3473 1302 suorum

188 1331 382 1398 parte
401 1339 559 1398 pene
573 1322 888 1384 redivivus
915 1325 1279 1402 conspectui
1304 1325 1559 1386 sistitur
1584 1338 1693 1388 tuo
1711 1331 1739 1387 ?
1760 1348 1832 1389 ac
1856 1330 1966 1410 qui
1997 1331 2164 1391 inter
2185 1335 2299 1394 aevi
2321 1336 2425 1395 sui
2454 1335 2852 1399 Christianos
2879 1340 3146 1419 palmam
3165 1345 3472 1406 eruditio-

195 1427 300 1486 nis
337 1425 589 1501 tulerat,
609 1430 744 1509 jam
775 1437 854 1501 te,
889 1430 1246 1490 litterarum
1287 1428 1491 1504 decus,
1547 1441 1893 1510 patronum
1934 1435 2151 1512 ambit,
2195 1447 2266 1498 ut
2299 1441 2605 1518 auspiciis
2634 1443 2763 1502 tuis
2805 1462 2882 1503 ea:
2913 1446 3184 1507 tenebris
3218 1448 3330 1509 ubi
3359 1449 3472 1510 diu

198 1527 471 1591 latuerat
497 1531 776 1606 eductus,
809 1533 893 1595 ad
913 1534 1306 1595 eruditorum
1339 1535 1545 1596 orbem
1564 1535 1783 1618 faciles
1820 1541 2034 1602 aditus
2063 1543 2362 1620 reperiat,
2397 1555 2603 1606 cert-us
2626 1549 2982 1625 patrocinii
3001 1552 3100 1611 tui
3117 1554 3388 1630 pignore
3409 1573 3474 1616 se

194 1634 266 1694 in
312 1634 652 1712 pristinam
698 1652 825 1694 non
852 1651 1254 1700 reversurum
1281 1636 1633 1717 caliginem.
1673 1641 1862 1702 Hunc
1905 1640 2011 1702 ille
2026 1644 2160 1722 jam
2192 1639 2477 1706 laborum
2505 1647 2785 1726 fructum
2826 1659 3165 1729 exspectat.
3200 1652 3470 1727 Quantis

199 1737 361 1796 enim
389 1735 726 1798 sudoribus
751 1739 1185 1819 Hexaplorum
1214 1753 1267 1804 et
1301 1743 1713 1823 Octaplorum
1755 1763 1912 1824 opus
1941 1746 2199 1809 molitus
2228 1751 2335 1825 sit,
2371 1753 2545 1813 testis
2570 1746 2665 1811 vel
2695 1754 2896 1832 ipsius
2921 1756 3128 1833 operis
3159 1757 3464 1830 conditio,

197 1841 375 1900 testis
399 1850 450 1900 et
475 1842 922 1922 Hieronymus,
948 1847 1058 1925 qui
1075 1844 1399 1926 Origenem
1427 1855 1778 1929 χαλκᾶντιρον
1799 1850 2099 1930 appellat,
2135 1857 2283 1933 quia
2302 1854 2539 1917 scilicet
2567 1859 2808 1919 viscera
2848 1863 3034 1940 quasi
3065 1880 3232 1921 aenea
3262 1863 3336 1925 ob
3369 1881 3471 1923 as-

196 1943 560 2004 siduitatem
593 1947 908 2010 scribendi
932 1950 1153 2012 habere
1179 1954 1532 2031 putabatur
1560 1972 1575 2012 :
1606 1955 1674 2015 in
1705 1957 1886 2036 cujus
1935 1956 2306 2037 colligendis
2337 1960 2624 2042 reliquiis
2657 1963 2852 2024 multo
2880 1963 3091 2027 labore
3117 1966 3470 2030 diuturnis-

197 2065 315 2128 que
336 2049 582 2128 vigiliis
612 2055 1018 2130 exercitatus,
1054 2074 1215 2135 pene
1245 2061 1455 2140 factus
1483 2079 1618 2120 sum
1649 2071 1704 2121 et
1739 2061 1871 2138 ipse
1895 2066 2244 2144 χαλκέντερος
2285 2084 2304 2123 :
2341 2068 2709 2146 fortunatus
2749 2083 2951 2130 tamen
2992 2072 3052 2132 si
3090 2073 3270 2134 hasce
3305 2093 3468 2135 meas

199 2151 670 2217 lucubrationes
695 2157 934 2220 lubenti
959 2163 1166 2224 animo
1198 2166 1546 2243 acceperis;
1575 2167 1994 2245 fortunatior,
2015 2169 2074 2230 si
2097 2170 2180 2232 ad
2200 2169 2596 2246 diuturnum,
2621 2182 2694 2234 ut
2723 2191 2927 2252 spero,
2954 2184 3212 2254 tempus,
3245 2188 3467 2256 patro.

198 2257 363 2318 cinio
397 2269 506 2320 tuo
537 2262 638 2322 uti
669 2279 944 2342 pergam.

1538 2565 1630 2627 Fr.
1671 2570 2002 2644 iBsnsmous
2043 2591 2111 2630 ne
2151 2571 2540 2644 Mourrwcos,

1337 2637 1641 2700 Monachus
1667 2643 2054 2704 Benedictinus
2083 2663 2114 2702 e
2161 2637 2582 2722 congregatione
2609 2649 2797 2708 Sancti
2830 2653 3024 2710 Mauri.

993 2889 3442 2924 WW1:

1391 3058 2271 3193 PRfEFATIO.

1770 3348 1842 3368 ὡ

264 3478 412 3538 inter
431 3480 809 3552 praestantiora
834 3479 1086 3552 Origenis
1111 3495 1276 3552 opera
1310 3481 1611 3552 principem
1641 3482 1888 3538 obtinere
1906 3480 2088 3538 locum
2120 3480 2364 3554 Hexapla
2381 3483 2494 3550 illa,
2524 3490 2678 3539 tanto
2699 3484 2884 3542 labore
2910 3486 3204 3560 studioque
3235 3491 3460 3547 concinb

193 3585 340 3644 nata,
380 3577 620 3631 fatentur
644 3576 842 3631 eruditi
876 3578 1080 3647 quique
1112 3586 1224 3631 tum
1258 3587 1488 3643 veteres,
1515 3587 1631 3632 tum
1666 3580 2017 3633 recentiores.
2059 3577 2196 3632 Cum
2225 3579 2370 3632 cnim
2401 3578 2609 3632 homini
2639 3578 2952 3636 Christiano
2981 3582 3118 3637 nihil
3147 3583 3216 3640 ad
3251 3596 3457 3642 rectam

191 3674 350 3728 tidem
376 3674 720 3729 statuendam
750 3689 1040 3744 moresque
1077 3673 1456 3729 inl‘ormandos
1494 3674 1857 3744 opportunius
1889 3674 2286 3729 sitdivinarum
2317 3673 2726 3745 Scripturarum
2770 3676 3148 3749 intelligentia,
3171 3681 3292 3751 ejus
3326 3698 3461 3740 sane

189 3770 411 3826 utilitati
427 3779 559 3826 tunc
573 3772 773 3842 optime
787 3773 1095 3828 consultum
1113 3781 1334 3842 putatur
1354 3786 1477 3826 cum
1492 3771 1770 3842 quidpiam
1791 3772 1845 3825 in
1873 3772 2053 3827 lucem
2071 3772 2252 3827 editur
2262 3772 2330 3827 ad
2344 3773 2634 3828 reseranda
2657 3773 2952 3844 Scriptura:
2969 3792 3168 3834 arcana
3181 3788 3237 3834 et
3250 3779 3318 3833 ad
3335 3780 3459 3850 ejus

187 3863 412 3918 intimos
438 3879 635 3919 sensus
658 3865 1022 3935 explorandos
1047 3865 1540 3920 accommodatum.
1567 3863 1710 3930 Quid
1746 3879 1930 3919 autem
1963 3879 2029 3920 eo
2064 3865 2118 3918 in
2159 3879 2357 3936 genere
2383 3866 2728 3934 accuratius,
2761 3869 2892 3938 quid
2929 3873 2997 3925 ad
3027 3868 3324 3940 Scriptura:
3370 3889 3460 3928 sa-

184 3973 297 4013 cra:
322 3969 557 4014 mentem
578 3961 923 4030 aperiendam
955 3961 1297 4017 commodius
1318 3961 1521 4015 eximio
1549 3960 1640 4016 illo
1663 3959 2028 4030 Hexaplorum
2047 3970 2101 4017 et
2121 3960 2465 4031 Octaptorum
2481 3965 2681 4032 opere?
2706 3963 2780 4019 lbi
2802 3981 3039 4033 namque
3058 4006 3072 4031 ,
3100 3977 3296 4038 praeter
3311 3967 3457 4024 LXX

185 4053 549 4124 lnterpretum
589 4055 902 4121 editionem,
936 4064 1047 4110 tres
1094 4056 1216 4110 aliae
1260 4055 1757 4125 interpretationes,
1801 4070 1832 4108 a
1869 4054 2046 4110 doctis
2077 4055 2211 4110 viris
2245 4055 2462 4125 Aquila,
2507 4054 2836 4126 Symmacho
2862 4067 2917 4113 et
2945 4059 3314 4119 Theodotione
3339 4064 3458 4119 cla-'-

187 4149 415 4216 boratai,
454 4150 510 4204 in
557 4151 812 4206 omnibus
860 4149 1138 4206 Hebraica:
1189 4149 1483 4223 Scriptura:
1516 4151 1670 4206 libris
1705 4151 2131 4220 comparebant;
2172 4150 2225 4205 in
2258 4151 2415 4206 libris
2459 4151 2625 4206 etiam
2659 4169 2767 4207 non
2803 4155 2992 4222 paucis
3030 4156 3196 4212 trium
3229 4158 3459 4230 insuper

190 4241 426 4297 aliorum
457 4242 810 4313 interpretum
836 4256 1234 4314 anonymorum
1263 4242 1531 4297 editiones
1560 4257 1590 4296 e
1620 4240 1839 4312 regione
1866 4241 2092 4296 aderant
2135 4256 2245 4295 uno
2279 4241 2382 4296 sub
2427 4252 2649 4312 aspectu
2679 4244 2867 4313 positae
2892 4262 2907 4311 ;
2932 4244 3006 4299 ita
3029 4254 3088 4300 ut
3114 4261 3301 4302 earum
3331 4264 3457 4304 om-

187 4340 342 4394 nium
374 4340 621 4406 lectione,
668 4349 721 4394 et
762 4348 951 4394 mutuo
982 4338 1124 4394 facta
1163 4338 1594 4409 comparatione,
1629 4337 1675 4392 si
1720 4353 1828 4407 qua
1860 4337 2095 4392 obscura
2125 4342 2180 4392 et
2209 4335 2453 4392 difficilia
2488 4349 2875 4403 occurrerent,
2911 4339 3072 4409 longe
3107 4339 3322 4398 facilius
3350 4344 3447 4398 tali

186 4432 437 4488 subsidio
469 4432 908 4502 explanarentur.
936 4429 1073 4485 Hinc
1098 4429 1302 4486 factum
1334 4440 1418 4485 est
1445 4439 1503 4483 ut
1529 4429 1701 4484 sancti
1746 4427 1955 4493 Patres,
1986 4443 2049 4482 ac
2091 4440 2302 4484 veteres
2336 4428 2632 4496 scriptores
2666 4428 3022 4484 ecclesiastici
3050 4445 3188 4500 pene
3221 4446 3412 4489 omnes
3437 4465 3455 4500 ,

186 4526 336 4596 iique
363 4526 598 4580 maxime
623 4525 716 4594 qui
751 4525 926 4580 doctis
955 4525 1008 4578 in
1045 4539 1257 4579 sacram
1296 4523 1633 4591 Scripturam
1672 4521 2086 4577 commentariis
2117 4522 2384 4584 claruere,
2423 4517 2792 4588 Ilemaplorum
2820 4519 3073 4592 Origenis
3116 4538 3277 4578 usum
3320 4539 3458 4592 prae-

187 4623 555 4692 stantiamque
584 4621 788 4693 passim
819 4621 1216 4676 commendent.
1249 4619 1518 4676 Eusebius
1549 4635 1764 4688 nempe,
1792 4618 2096 4685 Diodorus,
2141 4618 2592 4690 Chrysostomus,
2624 4617 3025 4686 Theodoretus,
3055 4618 3356 4691 Procopius
3402 4632 3458 4676 et

185 4717 316 4782 alii;
351 4716 598 4784 interque
628 4713 854 4768 Latinos
877 4712 1261 4784 Hieronymus,
1294 4713 1385 4782 qui
1418 4728 1522 4766 non
1555 4712 1610 4766 in
1640 4710 2064 4767 Commentariis
2098 4712 2261 4765 modo
2293 4711 2407 4765 suis
2451 4725 2552 4780 ope
2593 4711 2809 4768 illorum
2835 4721 3092 4781 perpetuo
3123 4714 3320 4781 utitur,
3358 4716 3451 4770 sed

183 4811 352 4865 etiam
380 4810 435 4862 in
470 4807 784 4863 adornanda
809 4806 1008 4861 eximia
1035 4807 1121 4860 illa
1148 4806 1383 4862 editione
1413 4805 1629 4870 Latina,
1665 4821 1828 4876 quam
1865 4805 2028 4860 hodie
2070 4804 2354 4876 Vulgatam
2383 4805 2754 4875 appellamus,
2805 4805 3247 4878 frequentissime
3277 4809 3454 4880 Aqui-

188 4904 297 4958 lam
332 4903 416 4957 vel
442 4901 854 4973 Symmachum,
881 4901 1063 4956 rarius
1091 4899 1521 4956 Theodotionem
1549 4901 1754 4956 aliasve
1777 4901 2043 4956 editiones
2075 4903 2340 4971 sequitur.

260 4996 319 5052 Si
347 4998 476 5068 quid
515 5012 758 5067 unquam
784 4997 1190 5051 immortalitate
1227 4995 1450 5066 dignum
1481 4997 1742 5052 emissum
1775 4997 1828 5050 in
1868 4997 2044 5050 lucem
2083 4995 2282 5063 fuerit,
2309 4999 2355 5052 si
2381 5013 2488 5067 qua
2528 4997 2835 5053 lucubratio
2862 5015 2891 5052 a
2917 5007 3224 5070 temporum
3251 5001 3452 5072 injuria

182 5091 450 5147 vindicari
475 5092 756 5156 meruerit,
785 5091 900 5146 haec
933 5106 1066 5147 sane
1104 5099 1223 5146 erat
1255 5100 1337 5146 tot
1371 5099 1526 5160 parta
1569 5090 1788 5161 vigiliis,
1819 5090 2120 5156 laboribus,
2153 5092 2480 5161 sumptibus.
2524 5092 2614 5157 At,
2643 5092 2779 5161 proh
2811 5091 2998 5148 dolor!
3036 5109 3066 5147 a
3090 5093 3306 5148 smculis
3329 5095 3452 5162 plus

183 5203 348 5259 quam
379 5197 502 5242 octo
535 5187 769 5258 ingentis
797 5188 956 5242 molis
983 5203 1122 5257 opus
1145 5187 1220 5242 ita
1253 5187 1430 5257 periit,
1465 5195 1520 5241 ut
1545 5203 1613 5242 ne
1640 5187 1904 5256 particula
1933 5186 2154 5256 quidem
2187 5187 2327 5256 ejus,
2364 5196 2424 5241 ut
2461 5186 2636 5242 fuerat
2669 5187 2737 5242 ab
2763 5187 2997 5258 Origene
3020 5188 3406 5242 concinnatum
3432 5230 3447 5254 ,

181 5283 250 5337 ad
288 5297 386 5336 nos
408 5297 578 5352 usque
605 5282 901 5348 devenerit,
926 5297 1026 5337 nec
1050 5298 1174 5352 spes
1203 5283 1452 5338 videatur
1481 5297 1603 5337 esse
1628 5283 1905 5352 quidpiam
1936 5299 2176 5351 unquam
2199 5298 2561 5346 emersurum,
2590 5298 2700 5353 quo
2723 5291 2870 5337 tanta
2895 5283 3108 5352 jactura
3139 5285 3447 5350 sarciatur.;

181 5390 212 5429 a
246 5383 488 5443 tempore
539 5384 722 5429 autem
768 5374 955 5429 amissi
987 5374 1170 5443 operis
1219 5374 1429 5444 aliquot
1460 5373 1717 5428 efﬂuxere
1755 5373 1986 5438 saecula,
2023 5374 2341 5444 ignorantiae
2369 5373 2608 5428 tenebris
2641 5374 2776 5426 adeo
2818 5374 3041 5436 obruta,-
3066 5382 3215 5426 utne
3252 5388 3449 5428 sensus

179 5471 403 5542 quidem
438 5471 713 5540 importati
741 5470 926 5524 damni
976 5485 1140 5540 penes
1181 5471 1429 5525 homines
1461 5471 1650 5534 etiam,
1689 5478 1749 5524 ut
1801 5470 1894 5524 illa
1928 5480 2111 5536 aetate,
2147 5471 2338 5526 doctos
2371 5486 2491 5526 esse
2531 5471 2823 5524 videretur.
2859 5471 2928 5524 At
2971 5481 3089 5539 post
3117 5479 3445 5537 restaurata,

179 5568 447 5638 proximis
485 5567 721 5631 saeculis,
753 5567 1054 5621 litterarum
1086 5567 1464 5636 bonarumque
1495 5566 1692 5620 artium
1720 5568 1899 5622 studia
1924 5609 1938 5632 ,
1967 5567 2060 5621 ubi
2090 5575 2336 5622 veterum
2373 5567 2594 5635 scripta,
2624 5581 2744 5635 quae
2763 5565 2854 5618 diu
2884 5565 3172 5634 jacuerant
3197 5565 3443 5620 interitui

181 5658 451 5726 proxima.
482 5672 513 5710 e
558 5658 666 5711 situ
707 5658 973 5713 vindicari
1023 5667 1076 5713 et
1127 5659 1181 5712 in
1231 5659 1505 5729 publicum
1555 5660 1728 5714 emitti
1760 5668 2076 5728 cmperunt,
2117 5676 2224 5714 non
2255 5657 2475 5714 defuere
2500 5658 2602 5712 viri
2634 5658 2726 5728 qui
2751 5658 2819 5712 de
2851 5658 3226 5713 restaurandis
3261 5658 3445 5712 sinon

182 5749 465 5821 Hes-aptis,
504 5750 868 5820 Hexaplorum
915 5752 1104 5806 saltem
1147 5753 1380 5818 laciniis,
1410 5753 1734 5823 cogitarent.
1781 5752 1884 5820 Qui
1914 5769 2041 5807 vero
2067 5755 2276 5823 primus
2311 5754 2387 5807 rei
2431 5767 2650 5807 manum
2681 5751 2924 5805 admovit
2948 5751 3249 5806 Flaminius
3278 5750 3445 5806 Nobis

184 5843 308 5910 lius,
343 5845 398 5899 in
421 5845 609 5902 Bibliis
637 5843 839 5902 Graecis
869 5845 1052 5903 Romae
1076 5847 1224 5905 cusis
1253 5863 1397 5904 anno
1427 5847 1589 5914 1587,
1624 5847 1825 5904 multas
1855 5847 2064 5918 Aquilae
2083 5889 2098 5918 ,
2134 5845 2470 5919 Symmachi,
2495 5855 2547 5900 et
2575 5841 2970 5901 Theodotionis
2991 5845 3327 5912 aliozumque
3356 5842 3444 5899 in“
