3832 6214
419 345 487 404 ,δ
1834 333 2227 391 PREFATIO.
3592 351 3658 404 te

417 467 711 532 terpretum
741 455 999 512 lectiones
1034 453 1179 530 notis
1206 452 1454 515 inseruit,
1483 458 1751 521 quotquot
1771 451 2020 506 videlicet
2041 461 2152 505 tum
2171 466 2235 504 ex
2267 449 2527 506 Romanis
2554 451 2856 518 codicibus,
2883 465 2997 510 tum
3027 471 3094 512 ex
3123 465 3364 512 veterum
3393 457 3546 514 libris
3568 477 3661 516 cx-

417 571 638 627 cerpere
670 563 914 625 potuerat
935 551 1128 606 Petrus
1159 549 1399 603 Morinus
1415 547 1712 609 Parisinus,
1747 555 1802 600 ut
1828 562 1894 600 ex
1928 547 2169 615 ejusdem
2206 545 2398 598 Morini
2425 548 2664 615 epistolis
2689 549 3028 620 aliorumque
3051 551 3374 605 testimoniis
3396 555 3661 622 arguitur.

487 651 603 707 Sub
636 651 751 705 haec
776 648 1011 704 Joannes
1028 647 1257 701 Drusius
1277 645 1464 699 eadem
1498 643 1612 713 ipsa
1642 658 1764 713 quae
1786 641 2085 696 Flaminius
2115 642 2374 703 ediderat,
2404 656 2510 696 non
2542 629 2731 711 paucis
2757 645 3161 701 accessionibus
3188 647 3510 717 locupletata
3537 665 3663 708 cu

424 745 655 802 eruditis
689 743 831 798 notis
860 741 1147 808 descripsit
1174 758 1187 794 :
1221 747 1276 793 at
1301 754 1422 792 cum
1448 736 1558 792 fato
1587 744 1996 806 praeoccupatus
2028 750 2089 788 ea
2118 734 2170 787 in
2205 735 2478 803 publicum
2514 735 2673 790 edere
2703 753 2808 790 non
2840 737 3119 806 potuisset,
3153 746 3276 808 post
3306 739 3425 808 ejus
3452 739 3661 795 obitum

411 840 721 912 publicandi
752 853 937 894 curam
972 839 1209 905 suscepit
1263 833 1506 887 Sixtinus
1537 833 1761 885 Amama
1806 829 2196 884 Hebraicarum
2221 829 2518 883 litterarum
2557 828 2874 887 Franekerze
2897 832 3174 902 professor
3206 850 3496 910 z'opusque
3518 837 3662 891 Arn-

413 936 604 990 bemiae
638 934 833 1003 proliit
867 949 1010 986 anno
1037 931 1192 994 l622,
1227 931 1327 984 boc
1355 929 1510 982 titulo
1543 945 1556 981 :
1606 925 1844 980 Veterum
1871 927 2219 994 interpretum
2246 924 2548 979 Graecorum
2598 928 2653 980 in
2701 936 2865 980 totum
2897 927 3050 982 Vetus
3079 928 3464 984 Testamentum
3502 929 3667 1000 Frag-

413 1041 606 1096 menta,
631 1031 870 1091 collecta,
895 1045 1042 1081 versa
1064 1035 1110 1079 et
1129 1027 1266 1080 notis
1286 1025 1557 1077 illustrata
1579 1039 1611 1075 a
1636 1020 1844 1075 Joanne
1867 1020 2083 1086 Drusio,
2111 1021 2307 1089 linguw
2329 1030 2526 1074 sancta:
2549 1022 2600 1074 in
2623 1022 2914 1076 illustrium
2952 1023 3148 1079 Frisiw
3177 1027 3423 1078 ordinum
3460 1025 3666 1080 Acade-

412 1127 540 1190 mia,
561 1125 686 1178 dum
710 1125 916 1186 viveret,
939 1121 1250 1192 professore.
1291 1117 1472 1172 Drusii
1505 1117 1659 1170 labor
1690 1132 1719 1170 a
1752 1116 1982 1169 laudatis
2018 1115 2151 1169 viris
2201 1115 2451 1169 laudatus
2477 1153 2492 1178 ,
2523 1115 2821 1171 litterarum
2862 1133 3138 1173 sacrarum
3169 1120 3429 1175 studiosis
3463 1135 3665 1190 magno

414 1219 538 1274 usui
579 1218 698 1271 fuit.
728 1215 885 1270 Hunc
907 1230 1006 1285 ego
1035 1215 1230 1268 librum
1261 1211 1571 1281 frequenter
1611 1210 1761 1264 adire
1795 1210 2032 1264 solebam
2053 1250 2068 1273 ,
2095 1218 2390 1279 antequam
2431 1210 2497 1264 de
2532 1210 2684 1265 novis
2725 1212 3128 1268 accessionibus
3161 1212 3425 1269 faciendis
3449 1215 3662 1284 cOgita-

411 1331 526 1369 rem
557 1330 572 1367 :
607 1322 660 1368 et
683 1311 919 1365 mirabar
943 1309 1172 1365 subinde
1194 1324 1259 1362 ex
1281 1317 1430 1361 tanto
1452 1321 1614 1376 opere
1643 1305 1777 1360 adeo
1807 1320 1978 1375 pauca
1998 1319 2283 1374 superesse
2314 1304 2639 1374 fragmenta.
2660 1305 2797 1359 Cum
2832 1316 3012 1361 autem
3043 1309 3358 1364 evolvendis
3383 1311 3667 1366 codicibus

412 1406 615 1462 Grzecis
667 1403 884 1459 solitam
940 1402 1124 1456 darem
1155 1414 1398 1469 operam,
1447 1397 1559 1467 jam
1591 1397 1722 1450 anni
1746 1405 1874 1452 sunt
1910 1397 2196 1468 plusquam
2222 1397 2412 1468 viginti
2449 1406 2593 1465 tres,
2629 1414 2740 1453 rem
2761 1439 2776 1463 ,
2817 1416 3004 1469 quam,
3029 1415 3180 1472 p0tut
3207 1403 3624 1472 diligentissime
3645 1445 3662 1470 ,

413 1518 533 1558 sum
557 1517 812 1571 egressus
845 1517 856 1553 :
895 1507 1006 1552 tum
1043 1497 1088 1552 si
1117 1512 1224 1567 qua
1273 1504 1516 1550 veterum
1570 1494 1919 1562 interpretum
1963 1494 2078 1548 loca
2146 1493 2197 1547 in
2253 1495 2640 1564 manuscriptis
2677 1505 3047 1561 occurrerent,
3084 1499 3266 1552 statim
3297 1498 3363 1552 ad
3403 1499 3664 1556 Drusium

411 1591 792 1661 properabam,
824 1597 882 1643 ut
904 1588 1236 1658 explorarem
1271 1603 1337 1640 an
1370 1586 1653 1641 observata
1683 1585 1936 1655 editaque
1968 1599 2173 1640 essent.
2213 1583 2368 1639 Brevi
2393 1595 2573 1640 autem
2605 1588 2846 1657 comperi
2877 1589 3045 1642 multa
3074 1589 3433 1658 praetermissa
3458 1588 3664 1659 fuisse,

409 1687 523 1740 imo
545 1701 610 1741 ex
636 1685 748 1756 jam
784 1684 1084 1739 observatis
1109 1692 1161 1736 et
1190 1681 1350 1738 editis
1382 1697 1487 1736 non
1512 1695 1682 1749 pauca
1702 1696 1822 1735 esse
1852 1696 1973 1748 quae
2014 1696 2179 1733 manu
2223 1680 2430 1735 medica
2477 1691 2714 1750 egerent.
2750 1678 2887 1736 llinc
2932 1683 3114 1737 omnia
3149 1683 3455 1738 describere
3495 1684 3663 1752 coepi,

408 1779 780 1852 paulatimque
805 1788 916 1832 tum
954 1777 1006 1830 in
1039 1775 1233 1842 Gallia,
1276 1783 1386 1828 tum
1415 1774 1469 1827 in
1500 1773 1670 1838 Italia,
1705 1782 1758 1827 et
1784 1772 2131 1843 potissimum
2162 1771 2368 1837 Romae,
2405 1782 2611 1827 tantam
2652 1773 2945 1829 lectionum
2973 1775 3165 1830 silvam
3200 1775 3410 1844 reperi,
3437 1788 3495 1831 ut
3521 1776 3666 1831 Dru-

410 1877 563 1931 siana
590 1873 836 1930 collectio
867 1881 1067 1928 nostra:
1083 1879 1397 1940 comparata
1427 1886 1496 1926 ne
1531 1871 1798 1926 decimam
1837 1869 2079 1939 quidem,
2121 1870 2231 1922 imo
2283 1884 2352 1923 ne
2390 1869 2656 1924 decimam
2687 1871 2933 1940 quintam
2961 1872 3078 1942 ejus
3111 1883 3315 1942 partem
3346 1875 3659 1944 attingeret.

408 1973 728 2043 Quanquam
759 1985 867 2024 non
895 1969 949 2022 in
975 1968 1230 2022 omnibus
1262 1965 1556 2037 Scriptura:
1597 1981 1767 2022 sacra:
1799 1965 1955 2019 libris
1985 1967 2210 2034 aequalis
2253 1965 2514 2020 offeratur
2538 1967 2831 2022 lectionum
2870 1970 3086 2026 messis.
3114 1968 3245 2024 Nam
3274 1971 3327 2024 in
3365 1969 3663 2026 Pentateu-

407 2067 533 2128 cbo,
567 2065 611 2120 si
643 2076 968 2118 annumeres
1005 2076 1067 2114 ea
1102 2075 1223 2130 quae
1249 2059 1302 2112 in
1326 2057 1634 2128 Appendice
1660 2073 1726 2112 ex
1761 2057 1947 2112 codice
1977 2055 2314 2110 Coisliniano
2349 2057 2733 2127 adjunximus,
2769 2075 2838 2114 ne
2873 2060 3184 2115 vicesimam
3206 2064 3422 2132 quidem
3447 2075 3667 2119 nostra-

408 2173 528 2212 rum
567 2165 775 2227 partem
803 2163 1020 2226 aequant
1043 2153 1320 2208 Drusianae
1366 2153 1645 2208 lectiones.
1681 2151 1738 2206 ln
1785 2152 1939 2206 libris
1963 2149 2129 2206 Josue
2161 2151 2487 2207 ctJudicum
2508 2169 2648 2223 pene
2679 2155 2814 2209 nihil
2857 2155 3020 2212 habet
3060 2156 3310 2222 Drusius,
3347 2159 3440 2212 ubi
3472 2174 3572 2214 nos
3599 2159 3661 2212 in

408 2250 636 2320 singulis
660 2265 796 2320 pene
821 2248 1101 2304 versiculis
1124 2247 1382 2302 lectiones
1410 2247 1755 2316 proferimus.
1783 2249 1842 2300 ln
1876 2247 2028 2300 libris
2056 2245 2286 2316 Regum,
2313 2249 2548 2304 maxime
2567 2249 2618 2303 in
2649 2251 2827 2318 primo
2855 2259 2909 2306 et
2932 2253 3193 2318 secundo,
3213 2256 3301 2307 vix
3323 2254 3665 2324 quinquage-

407 2344 602 2398 simam
639 2353 948 2398 nostrorum
991 2343 1311 2412 particulam
1339 2343 1678 2397 exbibetille.
1708 2343 1763 2396 ln
1797 2343 1934 2397 libro
1955 2341 2058 2396 Job
2079 2343 2267 2398 multis
2299 2345 2542 2413 partibus
2575 2344 2900 2401 Drusianam
2925 2357 3145 2418 superat
3174 2359 3358 2403 nostra
3389 2350 3658 2415 collectio,

406 2441 714 2510 pariterque
745 2439 798 2492 in
829 2437 1082 2502 Psalmis,
1103 2454 1334 2508 quorum
1369 2439 1523 2493 multi
1549 2454 1684 2508 pene
1707 2448 1878 2493 totum
1914 2437 2302 2510 Symmachum
2332 2449 2741 2509 reprtesentant.
2771 2441 2828 2496 In
2879 2439 3208 2508 Proverbiis,
3241 2428 3567 2499 Ecclesiaste
3605 2454 3662 2498 et

405 2536 646 2592 Canticis
676 2550 783 2589 non
820 2535 989 2589 multa
1032 2533 1358 2604 proferimus
1401 2549 1561 2589 nova.
1597 2533 1792 2588 Verum
1825 2535 1877 2588 in
1907 2535 2182 2606 prophetis
2215 2534 2491 2599 omnibus,
2521 2535 2793 2606 praecipue
2819 2551 2947 2592 vero
2979 2537 3032 2591 in
3063 2537 3299 2592 Jeremia
3321 2581 3335 2604 ,
3381 2537 3662 2593 Ezechiele

404 2640 462 2686 et.
491 2631 790 2685 minoribus
831 2630 1128 2699 prophetis,
1167 2638 1246 2684 tot
1271 2630 1512 2684 nondum
1546 2631 1830 2686 observata
1865 2642 2200 2701 comparent,
2227 2640 2286 2686 ut
2315 2631 2582 2686 Drusiana
2608 2632 2853 2687 collectio
2879 2634 2946 2688 iis
2976 2634 3168 2689 obruta
3216 2634 3461 2688 videatur
3507 2649 3654 2689 esse.

475 2724 570 2778 llis
602 2727 673 2780 ita
704 2725 1052 2794 comparatis,
1075 2724 1141 2778 de
1167 2725 1328 2778 modo
1354 2726 1715 2780 concinnandi
1747 2727 2048 2796 edendiquc
2074 2727 2253 2796 operis
2296 2741 2404 2780 non
2431 2742 2538 2780 una
2565 2726 2668 2782 fuit
2697 2729 2996 2783 amicorum
3042 2731 3330 2785 sententia.
3371 2731 3475 2784 Alii
3511 2730 3659 2784 enim

407 2821 657 2876 volebant
689 2830 860 2874 totum
913 2820 1240 2875 llebraicum
1273 2819 1358 2873 edi
1405 2829 1611 2874 textum
1655 2837 1776 2876 cum
1812 2822 2257 2891 interpretatione
2287 2822 2394 2874 τῶν
2417 2821 2492 2886 Ο’,
2515 2822 2703 2877 eadem
2727 2840 2953 2894 prorsus
2980 2826 3236 2881 methodo
3261 2842 3368 2897 qua
3398 2826 3658 2897 Origenes

403 2913 664 2975 ediderat,
692 2911 763 2966 ita
801 2919 859 2964 ut
891 2925 980 2964 sex
1006 2909 1204 2978 ubique
1252 2910 1518 2964 columnae
1547 2911 1821 2975 adessent,
1848 2919 1900 2963 et
1923 2910 2094 2964 sicubi
2138 2911 2369 2964 aliorum
2403 2912 2759 2982 interpretum
2797 2914 3065 2970 editiones
3091 2915 3410 2981 deficerent,
3452 2932 3661 2972 vacuus

405 3008 478 3062 ibi
512 3008 664 3062 locus
692 3007 1106 3074 relinqueretur.
1138 3007 1206 3058 At
1244 3019 1331 3058 me
1364 3005 1682 3070 reluctante,
1708 3013 1761 3058 et
1792 3015 1997 3075 quanto
2028 3005 2388 3060 litteratorum
2421 3007 2789 3072 incommodo,
2825 3011 3152 3080 quantisque
3204 3012 3509 3082 sumptibus
3547 3022 3658 3066 tam

403 3104 643 3157 immane
680 3116 817 3169 opus
860 3099 1199 3170 proditurum
1227 3107 1370 3152 esset
1393 3099 1678 3166 objiciente
1715 3099 1811 3169 (α),
1847 3099 1929 3154 vel
1955 3099 2115 3154 iidem
2146 3101 2247 3168 ipsi
2275 3101 2366 3170 qui
2397 3101 2501 3156 tale
2527 3103 2814 3158 consilium
2842 3106 3098 3160 dederant
3120 3147 3135 3172 ,
3169 3117 3416 3162 auctores
3438 3109 3657 3164 demum

403 3198 641 3260 fuerunt,
676 3206 734 3250 ut
760 3197 811 3250 in
846 3196 1020 3266 primo
1077 3195 1254 3250 solum
1287 3193 1562 3248 Geneseos
1594 3194 1790 3264 capite,
1823 3195 1981 3263 quasi
2027 3211 2126 3264 pro
2153 3195 2475 3264 specimine,
2509 3197 2850 3268 Origcniana:
2872 3201 3140 3256 columna}
3170 3203 3421 3259 adessent
3455 3223 3467 3258 :
3508 3220 3572 3259 ac
3602 3206 3658 3260 in

403 3291 756 3362 sequentibus
785 3291 978 3344 deinde
1000 3289 1289 3358 capitibus,
1317 3304 1380 3343 ea
1405 3289 1580 3344 solum
1611 3289 1728 3344 loca
1766 3289 2089 3345 aﬂ‘errentur
2141 3291 2195 3345 in
2245 3293 2503 3357 medium,
2523 3310 2757 3364 quorum
2792 3297 3166 3366 interpretatio
3199 3300 3312 3354 sive
3354 3302 3654 3355 secundum

400 3384 676 3454 Aquilam,
730 3383 843 3437 sive
881 3383 1178 3436 secundum
1227 3380 1364 3435 alios
1393 3389 1604 3450 reperta
1621 3380 1844 3437 fuisset:
1883 3382 1958 3436 ita
2006 3390 2067 3436 ut
2117 3382 2378 3437 lectiones
2419 3385 2524 3438 illae
2557 3401 2681 3439 cum
2737 3384 2981 3448 Hebraeo,
3012 3386 3156 3442 LXX
3186 3388 3574 3460 lnterpretibus
3603 3398 3660 3445 et

401 3479 632 3548 Vulgata
666 3487 1012 3548 comparatae,
1041 3492 1152 3531 uno
1178 3476 1282 3532 sub
1303 3486 1524 3547 aspectu
1549 3475 1810 3548 iacerent,
1843 3485 1897 3532 ct
1929 3478 2148 3548 quidem
2181 3479 2370 3536 eodem
2402 3479 2612 3548 ordine,
2632 3490 2897 3550 quantum
2931 3481 3145 3550 licebat,
3176 3498 3284 3553 quo
3318 3485 3387 3538 ab
3426 3485 3659 3555 Origene

401 3574 455 3632 in
488 3571 746 3642 Hexaplis
779 3573 967 3643 posita:
995 3571 1228 3626 fuerant.

471 3667 787 3738 Compendii
812 3683 940 3722 vero
971 3683 1156 3732 causa,
1187 3669 1277 3724 ubi
1299 3668 1409 3723 duo
1433 3669 1518 3724 vel
1551 3677 1659 3724 tres
1688 3668 1771 3724 vel
1803 3669 1984 3738 plures
2015 3669 2338 3740 interpretes
2381 3672 2572 3726 eodem
2602 3687 2831 3742 prorsus
2859 3673 3028 3728 modo
3047 3681 3286 3739 vertunt,
3317 3690 3379 3729 ac
3402 3673 3519 3728 sine
3546 3673 3661 3730 ullo

400 3761 486 3816 vel
520 3761 748 3816 minimo
782 3761 1121 3824 discrimine,
1158 3771 1288 3816 tunc
1311 3763 1616 3817 versionem
1648 3777 1755 3816 non
1784 3763 2080 3832 repetimus
2127 3764 2194 3818 ad
2238 3765 2504 3834 singulos,
2541 3773 2600 3819 ut
2642 3764 2846 3820 fecerat
2873 3765 3135 3835 Origenes
3157 3808 3170 3830 ,
3195 3766 3288 3821 sed
3318 3767 3535 3820 nomina
3557 3783 3657 3822 eo-

400 3870 522 3909 rum
551 3855 646 3925 qui
678 3854 925 3910 similiter
953 3853 1286 3922 interpretati
1311 3851 1549 3918 fuerant,
1578 3868 1606 3906 a
1634 3852 1806 3922 prima
1833 3853 2011 3906 solum
2041 3853 2280 3908 nominis
2303 3854 2503 3921 littera,
2533 3855 2911 3925 praemittimus
2938 3857 3038 3911 hoc
3075 3865 3232 3924 pacto
3256 3858 3345 3919 Α.,
3377 3857 3462 3919 Σ.,
3495 3856 3555 3910 Θ.
3593 3858 3659 3910 ἐν

398 3949 514 4010 τοῖς
543 3946 845 4019 μυκτῆρσιν
878 3944 1040 4001 αὐτοῦ
1068 3944 1158 4008 Α..
1187 3942 1270 4012 S.,
1305 3943 1432 4012 Tb.,
1461 3946 1514 3998 in
1545 3945 1764 3999 naribus
1794 3944 1906 4013 ejus

2145 3947 2239 4000 ica:
2269 3945 2538 4010 lectionis,
2571 3957 2622 4002 et
2649 3947 3152 4017 interpretationutn
3187 3946 3656 4019 Graecarum,quze

401 4039 547 4094 illam
579 4050 904 4109 sequuntur,
932 4039 1238 4094 versionem
1275 4038 1524 4093 Latinam
1557 4039 1612 4093 in
1665 4039 1836 4093 altera
1895 4039 2146 4092 columna
2175 4055 2205 4094 e
2254 4039 2474 4110 regione
2513 4041 2784 4110 ponimus,
2818 4042 3106 4112 subiuncta
3137 4042 3305 4096 altero
3341 4043 3660 4098 charactere

401 4131 630 4202 Vulgata
657 4131 870 4195 Latina,
903 4139 963 4184 ut
983 4131 1145 4184 etiam
1177 4128 1362 4184 erce
1386 4129 1624 4198 imperiti
1656 4129 1759 4182 hac
1793 4136 1982 4181 nostra
2007 4127 2325 4182 collectione
2357 4130 2434 4183 uti
2464 4131 2700 4184 valeant.

466 4223 586 4278 Non
615 4224 839 4278 deerant
871 4221 963 4290 qui
986 4221 1180 4274 vellent
1222 4219 1491 4290 integrum
1537 4219 1622 4273 edi
1672 4227 1884 4273 textum
1917 4215 2185 4271 Biblicum
2213 4258 2228 4282 ,
2257 4218 2348 4272 alii
2374 4218 2734 4285 Hebraicum,
2772 4219 2863 4274 alii
2902 4217 3068 4284 LXX,
3089 4220 3178 4274 alii
3208 4236 3336 4276 vero
3366 4221 3656 4293 Vulgatarn

396 4319 667 4384 Latinam,
704 4327 763 4372 ut
792 4319 998 4373 scilicet
1021 4318 1114 4386 qui
1151 4313 1406 4385 Ilexaplis
1437 4315 1662 4379 nostris,
1703 4315 1796 4368 ubi
1831 4322 2014 4368 textus
2048 4312 2255 4383 integer
2297 4315 2596 4370 secundum
2639 4316 2840 4369 nullam
2886 4315 3175 4370 editionem
3213 4317 3397 4381 adest,
3426 4318 3503 4370 uti
3541 4319 3657 4370 vel-

398 4415 530 4479 lent,
557 4413 629 4467 ibi
663 4421 840 4466 tamen
868 4420 1034 4465 totam
1063 4409 1356 4481 Scriptura:
1378 4409 1573 4464 seriem
1602 4407 1899 4463 secundum
1930 4408 2171 4477 aliquam
2205 4422 2270 4461 ex
2309 4408 2639 4462 editionibus
2672 4408 2739 4462 ad
2772 4423 2993 4462 manum
3028 4408 3310 4462 baberent.
3353 4406 3430 4462 Ne
3459 4408 3654 4476 multa,

398 4507 501 4562 hoc
523 4507 650 4561 item
676 4506 964 4560 consilium
1012 4506 1377 4575 respuendum
1425 4503 1553 4559 duxi
1588 4503 1894 4572 :siquidem
1928 4518 2017 4557 res
2053 4503 2127 4556 ita
2176 4503 2498 4558 concinnata
2547 4511 2665 4569 est,
2695 4513 2755 4557 ut
2783 4505 3018 4574 quisque
3041 4504 3325 4559 commode
3353 4506 3546 4573 possit,
3567 4505 3658 4560 vel

398 4597 746 4661 llebraicum,
770 4597 852 4650 vel
887 4595 1027 4648 LXX
1064 4596 1405 4665 interpretes,
1435 4595 1520 4649 vel
1542 4593 1825 4663 Vulgatam
1850 4591 2120 4658 Latinam,
2146 4594 2230 4648 vel
2251 4594 2470 4648 demum
2504 4593 2803 4665 Polyglotta
2829 4596 2966 4664 ipsa,
2989 4596 3090 4652 hac
3114 4605 3377 4666 praesente
3396 4606 3653 4666 etaperta

399 4687 765 4757 IIexaplorunt
797 4685 1133 4750 collectione,
1158 4686 1460 4754 perlegere;
1494 4694 1656 4754 atque
1684 4683 1773 4738 ubi
1809 4691 2104 4752 suppetunt
2137 4691 2377 4736 veterum
2419 4684 2772 4752 interpretum
2801 4685 3082 4754 lectiones,
3127 4687 3343 4742 easdem
3389 4702 3510 4742 cum
3545 4704 3612 4742 eo
3635 4728 3652 4753 ,

398 4797 560 4850 quem
593 4798 704 4851 pra:
731 4781 984 4835 manibus
1013 4780 1234 4843 habent,
1263 4776 1557 4848 Scriptura:
1585 4786 1732 4832 textu
1773 4775 2042 4842 conferre,
2073 4784 2134 4830 ut
2159 4776 2396 4845 plurium
2425 4776 2781 4847 interpretum
2822 4778 3026 4833 auxilio
3053 4794 3138 4834 res
3175 4779 3356 4833 minus
3395 4781 3535 4834 tritae
3563 4779 3648 4832 vel

401 4877 644 4930 obscurae
677 4875 888 4930 facilius
917 4873 1139 4944 intelligi
1169 4879 1390 4942 queant.

473 4970 715 5040 Singulis
753 4969 1022 5040 capitibus
1053 4978 1210 5023 notas
1233 4966 1574 5036 subjicimus,
1607 4965 1698 5020 ubi
1732 4965 1909 5036 primo
1927 4966 2128 5022 dicitur
2152 4967 2424 5022 undenam
2453 4965 2716 5021 lectiones
2739 4975 2980 5022 veterum
3000 4969 3354 5038 interpretum
3379 4977 3652 5037 excerpta:

400 5069 620 5124 fuerint.
652 5067 854 5121 Deinde
897 5067 943 5120 si
971 5082 1076 5136 qua
1107 5067 1174 5119 ad
1226 5079 1410 5119 veram
1441 5063 1726 5118 lectionem
1769 5063 2117 5117 asserendam
2153 5075 2422 5133 oportuna
2447 5071 2757 5132 suppetant,
2781 5077 2842 5117 ea
2889 5064 3036 5119 clare
3081 5079 3179 5134 pro
3216 5063 3434 5118 modulo
3461 5074 3652 5118 nostro

397 5164 748 5234 proferimus.
770 5163 911 5217 Loca
930 5161 1148 5215 Patrum
1166 5175 1229 5215 ac
1249 5169 1488 5214 veterum
1511 5160 1835 5229 scriptorum
1859 5159 2141 5214 selectiora
2165 5159 2474 5229 adjicimus,
2500 5172 2688 5212 eorum
2717 5158 2952 5213 maxime
2979 5174 3211 5228 quorum
3239 5173 3424 5227 opera,
3454 5165 3650 5226 praeter

398 5253 829 5324 ἀποσπασμάτια.
843 5253 1051 5322 (exigua
1065 5251 1381 5320 fragmenta)
1396 5265 1517 5319 qua:
1534 5251 1587 5303 in
1605 5248 1822 5304 Catenis
1835 5249 2218 5318 manuscriptis
2242 5258 2554 5320 supersunt,
2575 5249 2847 5318 deperdita
2865 5260 3011 5305 sunt.
3029 5249 3230 5304 Horum
3252 5266 3379 5304 vero
3397 5249 3646 5305 festivam

398 5348 610 5417 copiam
628 5345 1017 5400 animadvertet
1037 5343 1283 5397 eruditus
1315 5342 1503 5408 lector,
1530 5343 1830 5412 praasertim
1858 5344 1909 5396 in
1935 5343 2324 5400 Pentateucbo.
2353 5345 2398 5396 A
2429 5345 2816 5414 prolixioribus
2845 5343 3318 5412 explanationibus
3341 5341 3646 5410 compendii

399 5456 566 5496 causa
598 5438 980 5494 abstinuimus.
1015 5433 1130 5490 Non
1151 5438 1294 5491 enim
1326 5437 1382 5490 in
1409 5437 1689 5507 proposito
1727 5439 1884 5494 nobis
1920 5438 2021 5493 fuit
2049 5440 2437 5495 commentaria
2458 5456 2593 5494 nova
2624 5440 2679 5493 in
2715 5438 3049 5508 Scripturam
3085 5452 3298 5492 sacram
3328 5436 3513 5498 edere,
3549 5436 3645 5491 sed

395 5551 462 5592 ea
496 5535 671 5590 solum
712 5532 902 5588 afferre
926 5547 1048 5602 quae
1069 5541 1309 5587 veterum
1336 5533 1693 5602 interpretum
1741 5533 2064 5590 lectionibus
2099 5536 2180 5590 vel
2211 5535 2467 5590 eruendis
2490 5535 2571 5590 vel
2611 5533 2998 5590 conﬁrmandis
3033 5532 3340 5588 necessaria
3363 5540 3539 5585 erant.
3565 5531 3641 5585 Ex

463 5658 532 5724 (ιι)
561 5655 917 5724 Primigenlum
944 5655 1166 5704 ordinem
1182 5657 1543 5724 ,__partitionem
1583 5659 1775 5724 scilicet
1816 5660 1867 5707 in
1908 5660 2156 5724 columnas
2180 5672 2287 5716 sex,
2315 5657 2375 5708 ab
2389 5661 2505 5724 ipso
2525 5658 2743 5724 Origene
2769 5657 3067 5724 institutum,
3091 5656 3400 5704 retinuimus.
3436 5651 3646 5724 Grandis

397 5718 572 5784 Iit-ique
607 5718 1019 5784 labor,isnmptus
1059 5719 1345 5780 grandiores
1360 5718 1377 5784 l_
1399 5733 1522 5780 quos
1545 5727 1708 5768 tamen
1733 5723 1782 5784 in
1820 5728 2026 5782 gratiam
2054 5723 2295 5784 lectorum
2329 5718 2943 5784 sub’eundos'receplmus.
2969 5720 3224 5772 Prooeuut
3261 5730 3381 5778 ergo
3424 5718 3646 5777 egregia

400 5783 623 5845 reliquiae
646 5795 742 5831 non
761 5783 861 5845 jam
882 5779 1080 5832 nomine
1105 5793 1266 5844 tenus,
1292 5781 1382 5831 sed
1406 5779 1522 5832 vere
1549 5793 1704 5842 tiara,
1727 5779 2021 5834 distributa.
2049 5783 2182 5835 Εοιτ.
2209 5783 2420 5835 Pauor"
