3832 6214
191 337 255 393 Π
1595 331 1979 387 PREFATIO.
3349 334 3415 389 l8

192 451 369 508 Drusii
397 452 540 506 notis
567 465 660 506 eas
687 451 983 518 delegimus
1009 457 1062 504 et
1092 447 1498 516 exscripsimus,
1531 463 1653 516 quas
1683 448 1927 502 utiliores
1962 463 2082 503 esse
2111 448 2449 503 videbantur.
2483 448 2632 505 Licet
2657 450 2803 504 enim
2835 450 2924 507 ille
2947 451 3152 507 strenui
3175 453 3409 522 scripto-

190 549 265 603 ris
299 561 497 600 munus
523 542 842 612 impleverit,
868 539 1238 610 grammaticis
1262 547 1440 592 tamen
1471 539 1946 604 adnotationibus,
1983 554 2081 608 pro
2106 554 2254 593 more
2279 555 2381 594 suo
2401 581 2416 606 ,
2452 541 2631 594 omnia
2656 541 2722 595 ad
2755 558 3010 597 nauseam
3037 559 3208 610 usque
3237 545 3415 614 reple-

191 639 286 704 vit,
322 637 395 690 ita
446 642 506 688 ut
551 650 637 688 res
690 632 913 686 omnino
946 632 1103 686 tritas
1125 638 1181 685 et
1213 629 1412 699 cuique
1455 630 1671 701 pervias
1715 630 1919 699 passim
1959 629 2146 684 aﬂerat
2178 645 2378 701 :quam
2409 645 2522 684 rem
2545 631 2648 701 ipsi
2674 671 2690 698 ,
2711 646 2811 687 nec
2837 633 2953 687 sine
2984 633 3246 700 ludibrio,
3281 632 3415 688 vitio

184 729 428 785 vertebat
446 725 715 796 Josephus
747 725 1006 794 Scaliger.

254 820 567 875 Euitionum
598 817 865 882 ordinem,
892 830 1053 885 quem
1074 813 1331 884 Origenes
1351 812 1675 877 instituerat,
1708 814 2031 869 servandum
2065 813 2191 868 duxi
2214 853 2228 876 ,
2259 813 2331 868 ita
2369 823 2426 867 ut
2457 813 2631 883 primo
2657 814 2864 869 locetur
2887 813 3183 870 Hebraicus
3211 824 3412 881 textus,

181 917 378 973 deinde
407 914 621 985 Aquila,
667 921 791 982 post
848 909 1228 982 Symmachus,
1260 919 1452 979 quarto
1484 910 1603 965 loco
1635 908 1798 974 LXX,
1830 918 2103 979 postremo
2149 908 2449 962 Theodotio
2481 927 2495 962 :
2533 916 2695 977 atque
2737 909 2824 963 ubi
2854 918 2962 963 tres
2993 909 3112 963 aliae
3151 909 3416 964 editiones

182 1013 394 1084 quinta,
427 1019 578 1066 sexta
601 1018 654 1063 et
683 1007 910 1078 septima
933 1007 1218 1073 habentur,
1255 1005 1360 1060 illae
1383 1006 1691 1061 novissima:
1721 1006 1964 1058 omnium
1997 1012 2289 1073 ponantur.
2319 1002 2548 1062 Hebraei.
2574 1002 2935 1067 Samaritani,
2967 1010 3021 1056 et
3052 1001 3174 1074 Syri
3201 1002 3419 1058 Graecas

181 1107 674 1176 interpretationes,
695 1119 816 1174 quae
847 1117 1232 1171 nonnunquam
1267 1111 1580 1165 occurrunt,
1611 1115 1822 1169 semper
1848 1108 1968 1169 post
1999 1098 2320 1153 Hchraicum
2349 1109 2551 1152 textum
2582 1105 2635 1151 et
2663 1106 2790 1151 ante
2814 1098 2950 1152 alias
2974 1096 3237 1152 editiones
3259 1097 3411 1153 Grae-

182 1216 276 1255 cas
309 1201 570 1254 locamus.
606 1195 883 1251 Hebraicm
903 1195 1160 1249 lectiones
1194 1193 1310 1248 sine
1335 1193 1548 1263 punctis
1576 1193 2016 1261 motionihusque
2055 1191 2425 1246 Massoreticis
2461 1190 2550 1244 hic
2594 1204 2806 1258 semper
2838 1192 3192 1246 scribuntur:
3225 1203 3324 1243 nec
3351 1187 3420 1241 li-

180 1295 372 1349 berum
403 1293 506 1347 fuit
534 1307 692 1348 secus
716 1307 894 1359 agere,
920 1288 1045 1359 quia
1076 1297 1217 1343 notae
1244 1289 1345 1343 illa:
1371 1288 1733 1343 Massoreticae
1761 1288 2057 1356 saepissime
2079 1287 2144 1341 ad
2174 1287 2342 1342 alium
2375 1300 2596 1342 sensum
2623 1286 3008 1352 determinant,
3031 1287 3416 1356 diversumque

178 1389 250 1442 ab
277 1403 343 1442 eo
362 1401 521 1457 quem
553 1386 627 1439 illi
645 1383 813 1439 secuti
845 1393 991 1439 sunt.
1012 1382 1286 1437 Lineolam
1305 1391 1483 1434 tamen
1499 1379 1751 1448 Maccaph
1776 1381 1998 1443 dictam,
2019 1388 2076 1433 ut
2099 1379 2152 1432 in
2184 1379 2544 1436 Massoreticis
2566 1381 2715 1436 libris
2737 1389 3048 1448 usurpatur,
3081 1381 3413 1436 retinendam

177 1480 334 1541 duxi,
365 1478 490 1548 quia
524 1478 643 1546 ejus
673 1475 908 1544 aliquam
934 1475 1197 1528 rationem
1230 1473 1489 1529 habuisse
1509 1473 1758 1528 videntur
1795 1483 2003 1528 veteres
2026 1473 2137 1538 illi,
2175 1479 2236 1525 ut
2265 1487 2333 1527 ex
2370 1473 2547 1526 verbis
2573 1470 2853 1528 Hebraicis
2883 1471 3066 1528 Graece
3093 1473 3412 1543 descriptis,

176 1587 304 1643 quae
337 1578 649 1639 supersunt,
679 1567 943 1638 liquidum
967 1569 1203 1622 videtur.

251 1661 504 1718 Hebraici
538 1670 716 1715 textus
744 1659 990 1714 Latinam
1021 1657 1520 1728 interpretationem
1543 1655 1827 1722 dedimus,
1858 1658 2073 1727 qualem
2123 1657 2320 1713 dedere
2355 1657 2548 1713 Santes
2581 1656 2858 1729 Pagninus
2891 1659 2972 1712 vel
3016 1657 3174 1714 Arias
3203 1657 3415 1714 Monta-

177 1771 328 1808 nus:
366 1769 490 1807 [iam
521 1753 842 1808 alterutrum
884 1751 996 1805 fere
1050 1751 1363 1820 sequimur;
1398 1750 1471 1804 ita
1501 1759 1679 1803 tamen
1714 1757 1771 1803 ut
1800 1751 2027 1819 quando
2056 1751 2130 1804 illi
2155 1753 2322 1806 nimio
2363 1751 2616 1821 scrupulo
2666 1751 3136 1822 interpretationes
3182 1752 3416 1807 ellerunt

176 1849 464 1911 barbaras,
516 1855 570 1902 et
592 1863 714 1917 qua:
744 1848 835 1900 vix
867 1845 1234 1915 intelligantur
1255 1883 1269 1907 ,
1303 1844 1438 1896 alias
1479 1842 1873 1897 substituamus
1911 1844 2130 1911 paulum
2163 1845 2521 1915 elegantiores
2541 1853 2594 1898 et
2626 1844 2905 1899 clariores.
2937 1843 3038 1898 Vix
3075 1845 3219 1897 enim
3256 1860 3413 1914 aequo

173 1943 366 1996 animo
395 1941 558 2004 feras,
584 1939 811 2009 exempli
848 1955 1034 2001 causa,
1064 1953 1177 2002 eos,
1217 1937 1308 1991 ubi
1341 1944 1423 2022 ηδε
1454 1950 1552 2004 pro
1572 1938 1656 1988 ira
1695 1934 1974 2000 accipitur,
2003 1936 2145 2004 quod
2163 1937 2362 2005 passim
2389 1937 2670 2006 contingit,
2702 1954 2888 1990 nasum
2910 1945 3136 1998 vertere,
3156 1945 3208 1990 et
3226 1952 3412 1989 nasum

173 2036 298 2100 Dei,
320 2049 419 2104 pro
449 2035 535 2086 ira
567 2032 662 2086 Dei
695 2033 897 2100 ubique
922 2029 1286 2099 interpretari,
1316 2037 1377 2083 ut
1406 2036 1597 2083 caetera
1625 2036 1829 2082 taceam
1858 2027 2188 2096 κακοζηλίας
2220 2029 2484 2097 exempla.
2517 2027 2749 2084 Nomina
2779 2045 2908 2084 vero
2939 2031 3154 2098 propria
3181 2045 3287 2082 non
3327 2044 3415 2084 se-

172 2128 416 2182 cundum
443 2125 844 2180 Massoreticam
869 2122 1175 2185 lectionem,
1204 2120 1298 2174 sed
1330 2129 1388 2175 ut
1412 2129 1620 2175 veteres
1649 2119 1926 2190 legebant,
1961 2128 2022 2173 ut
2055 2119 2348 2188 plurimum
2383 2121 2776 2191 exprimimus;
2807 2122 2853 2176 si
2881 2136 3038 2178 secus
3063 2121 3306 2189 accidat,
3329 2121 3412 2176 vel

176 2220 388 2274 incuria
417 2219 501 2273 vel
531 2220 682 2288 lapsu
710 2217 1167 2288 typographorum
1194 2215 1414 2269 accidit.

245 2309 556 2367 Asteriscos
585 2322 635 2366 et
687 2312 874 2364 obelos
913 2309 1270 2379 apposuimus
1290 2348 1306 2374 ,
1340 2309 1654 2379 ubicunque
1703 2309 1758 2363 in
1790 2309 2174 2378 manuscriptis
2219 2309 2567 2365 notabantur.
2598 2309 2834 2365 Caeteros
2860 2320 3061 2374 autem,
3089 2311 3180 2382 qui
3205 2309 3410 2382 passim

169 2404 607 2461 occurrebantin
636 2402 891 2471 Hexaplis
923 2402 1288 2472 Origenianis,
1309 2415 1559 2470 quosque
1581 2400 1693 2470 jam
1721 2401 2006 2455 restituere
2025 2400 2404 2455 difﬁcillimum
2433 2412 2593 2467 esset,
2615 2417 2720 2456 non
2747 2391 3137 2472 perquirendos
3165 2420 3285 2460 esse
3309 2422 3411 2474 pu-

173 2499 435 2555 tavimus.
462 2496 620 2564 Nam,
652 2505 711 2550 ut
732 2495 907 2551 fusius
929 2497 982 2549 in
1012 2495 1469 2551 Praeliminaribus
1499 2495 1729 2561 dicetur,
1758 2495 2145 2551 asteriscorum
2176 2497 2411 2550 maxima
2437 2513 2562 2565 pars
2585 2497 2748 2566 hujus
2777 2497 2989 2567 generis
3021 2507 3194 2565 erant,
3227 2511 3284 2554 ut
3313 2517 3413 2570 pa-

171 2608 298 2646 rum
337 2592 462 2646 inde
495 2591 633 2646 lucis
670 2590 737 2645 ad
779 2589 1081 2643 litterarum
1113 2587 1498 2642 Hebraicarum
1536 2587 1943 2657 intelligentiam
1985 2587 2284 2642 accederet.
2323 2588 2600 2656 Siquidem
2630 2598 2780 2642 tanto
2816 2589 3072 2658 scrupulo
3098 2588 3312 2643 fuerant
3339 2591 3411 2644 ab

169 2686 408 2757 Origene
435 2686 641 2756 positi,
693 2694 751 2739 ut
798 2683 882 2738 vel
932 2698 1096 2753 quam
1125 2682 1377 2737 minimas
1401 2682 1693 2752 particulas
1728 2682 2185 2751 Hebraismosque
2214 2698 2425 2745 omnes,
2456 2683 2547 2751 qui
2581 2681 2768 2737 Graeca
2803 2683 2984 2753 lingua
3017 2699 3124 2738 non
3156 2693 3415 2753 poterant

168 2784 441 2841 concinne
497 2779 789 2846 enuntiari,
838 2779 1040 2848 quique
1075 2777 1207 2831 nihil
1240 2778 1305 2832 ad
1353 2793 1573 2832 sensum
1623 2776 1928 2844 faciebant,
1959 2777 2266 2846 importuna
2301 2778 2557 2849 ἀκριϐείᾳ
2590 2787 2856 2834 notarent.
2898 2778 3051 2835 Tunc
3072 2795 3202 2835 vero
3234 2783 3412 2836 solum

164 2875 420 2932 asterisci
442 2884 495 2929 et
522 2890 582 2929 ea
615 2890 735 2944 quae
761 2873 1036 2928 asteriscis
1058 2873 1438 2927 indicabantur
1470 2873 1620 2927 utilia
1641 2883 1813 2939 erant,
1845 2888 1967 2927 cum
1995 2873 2266 2928 clausulas
2289 2883 2384 2928 aut
2414 2874 2574 2928 verba
2607 2889 2637 2927 a
2666 2873 2806 2928 LXX
2846 2873 3233 2944 lnterprctibus
3272 2892 3414 2947 pra:-

167 2973 426 3029 termissa
461 2972 789 3027 exhibebant
818 2989 832 3025 :
870 2970 1033 3039 hujus
1060 2979 1240 3024 autem
1276 2971 1489 3040 generis
1519 2969 1808 3024 asteriscos
1837 2985 2054 3024 summo
2103 2970 2284 3025 studio
2317 2970 2740 3040 perquisivimus
2761 3012 2776 3037 ,
2807 2973 2901 3041 qui
2935 2972 2979 3027 si
3009 2989 3131 3027 cum
3165 2973 3287 3029 aliis
3319 2989 3413 3029 su-

165 3066 524 3136 pervacaneis
559 3074 966 3134 comparentur,
1017 3065 1333 3134 paucissimi
1379 3075 1525 3120 sunt.
1557 3063 1705 3120 Obeli
1747 3075 1948 3129 autem,
1995 3081 2058 3120 ea
2089 3081 2210 3134 qua:
2238 3066 2292 3119 in
2322 3065 2462 3118 LXX
2493 3065 2881 3136 lnterpretibus
2911 3068 3286 3123 redundabant
3318 3071 3414 3124 ad-

165 3173 442 3225 notantes,
499 3161 849 3231 assequendaa
911 3159 1318 3230 Scripturarum
1371 3161 1558 3227 menti,
1615 3171 1676 3216 ut
1728 3161 2020 3230 plurimum
2052 3161 2242 3216 saltem
2265 3200 2278 3224 ,
2308 3176 2498 3230 parum
2533 3162 2927 3217 conducebant.
2963 3164 3326 3228 Quamobrem
3361 3168 3413 3221 id

161 3259 405 3311 maxime
425 3256 759 3323 curavimus,
783 3265 842 3310 ut
864 3272 1026 3326 quam
1059 3256 1321 3325 plurimas
1344 3271 1626 3324 possemus
1647 3267 1892 3310 veterum
1920 3257 2272 3325 interpretum
2304 3257 2560 3311 lectiones
2584 3258 2830 3312 studioso
2852 3259 3036 3313 lectori
3069 3260 3408 3317 oli'erremus.

239 3351 430 3407 Sicubi
468 3367 632 3422 porro
664 3352 973 3422 hujusmodi
1009 3351 1269 3407 lectiones
1296 3350 1486 3406 Latine
1515 3359 1723 3406 tantum
1755 3352 1835 3406 vel
1865 3352 1933 3406 ab
1962 3349 2290 3422 Hieronymo
2316 3350 2398 3405 vel
2423 3352 2491 3406 ab
2522 3352 2792 3423 Hesychio
2816 3351 3137 3420 afferuntur,
3167 3369 3232 3408 ex
3263 3353 3414 3408 Lati-

161 3448 253 3504 nis
284 3449 473 3504 Graeca
501 3447 680 3502 facere
702 3448 820 3504 sine
851 3447 1086 3516 alicujus
1109 3462 1212 3502 ms.
1245 3447 1567 3502 auctoritate
1600 3456 1876 3502 tentavere
1913 3446 2131 3516 quidam
2170 3462 2183 3498 :
2210 3445 2507 3516 Graecaque
2554 3446 2868 3517 hujusmodi
2898 3446 3223 3518 fragmenta,
3255 3451 3412 3520 quasi

161 3559 488 3614 germanum
518 3543 747 3613 Aquilae,
809 3541 1145 3614 Symmachi,
1197 3541 1583 3597 Theodotionis
1629 3551 1685 3598 et
1733 3543 1962 3597 aliorum
1993 3551 2198 3597 textum
2220 3583 2235 3608 ,
2270 3543 2324 3597 in
2361 3543 2536 3597 lucem
2571 3544 2892 3599 emiserunt.
2925 3544 2998 3600 Ex
3039 3547 3238 3616 talique
3273 3563 3412 3602 ausu

163 3638 492 3705 plerumque
525 3637 722 3692 accidit
750 3646 807 3692 ut
841 3637 1000 3707 longe
1030 3637 1302 3705 disparata
1328 3652 1427 3706 pro
1456 3637 1599 3692 veris
1629 3637 2048 3704 substituantur,
2078 3639 2221 3707 quod
2249 3637 2548 3708 saepissime
2577 3638 2782 3707 experti
2814 3654 3026 3704 sumus,
3054 3656 3176 3696 cum
3201 3651 3412 3712 reperta

162 3746 295 3784 vera
326 3731 576 3794 lectione,
603 3731 747 3786 illius
769 3731 884 3785 sine
916 3731 1236 3786 auctoritate
1257 3730 1463 3785 codicis
1494 3729 1726 3798 alicujus
1755 3730 2065 3785 substitute:
2094 3729 2294 3800 \ngsia
2323 3731 2620 3799 conspicua
2645 3731 2764 3784 fuit.
2788 3730 2898 3786 Nec
2926 3733 3171 3801 improbo
3205 3742 3410 3800 tamen,

163 3828 392 3895 quando
423 3828 759 3896 exploratum
800 3835 882 3880 est
916 3841 984 3880 ex
1013 3826 1213 3896 quibus
1239 3824 1442 3880 Graecis
1471 3825 1654 3880 verbis
1686 3824 1875 3878 Latina
1905 3827 2214 3891 manarint,
2247 3825 2292 3880 si
2330 3835 2460 3880 tunc
2488 3826 2603 3895 ipsa
2627 3826 2812 3882 Graeca
2859 3828 3023 3882 verba
3056 3828 3362 3884 iudicentur
3393 3847 3410 3886 :

163 3917 398 3986 exempli
425 3931 610 3981 causa,
647 3917 691 3972 si
720 3916 843 3986 quis
865 3925 1108 3971 veterum
1159 3916 1363 3971 diceret
1407 3915 1616 3985 Aquilae
1646 3916 1930 3970 lectionem
1978 3917 2058 3972 sic
2088 3919 2306 3983 habere,
2346 3927 2395 3970 et
2425 3918 2481 3970 in
2508 3919 2716 3970 nomine
2734 3917 2850 3986 ejus
2885 3929 3059 3987 gentes
3087 3921 3412 3989 sperabunt,

163 4002 302 4066 tunc
327 4012 444 4066 sine
473 4011 714 4081 periculo
754 4011 861 4065 dici
890 4019 1074 4080 posset
1101 4009 1287 4065 Graeca
1321 4009 1404 4064 sic
1437 4009 1676 4064 habuissc

1898 4027 1926 4063 ν
1953 4010 2030 4081 τῷ
2052 4011 2273 4080 ὀνόματι
2303 4009 2468 4063 αὐτοῦ
2496 4009 2564 4063 τὰ
2592 4010 2719 4081 ἔθνη
2743 4009 3005 4064 ὲλπιοῦσι.
3038 4011 3107 4066 At
3135 4013 3225 4066 illo
3246 4014 3411 4066 etiam

163 4118 305 4160 casu
336 4085 639 4160 monendus
671 4114 813 4159 esset
846 4105 1017 4160 lector
1040 4104 1226 4158 Graeca
1248 4119 1311 4159 ex
1341 4103 1549 4160 Latinis
1582 4103 1723 4160 facta
1764 4104 1953 4172 fuisse,
1983 4106 2130 4174 quod
2159 4106 2322 4159 etiam
2353 4120 2566 4159 summa
2600 4105 2860 4175 religione
2886 4107 3237 4176 prmstitimus
3266 4126 3278 4160 :
3308 4109 3411 4162 hu-

162 4195 516 4268 jusmodique
537 4197 654 4250 loca
681 4210 892 4265 semper
916 4195 1131 4250 uncinis
1155 4195 1499 4261 inclusimus,
1549 4210 1674 4250 cum
1702 4197 1784 4250 vel
1808 4212 1874 4250 ex
1905 4195 2116 4251 Latinis
2155 4194 2296 4250 facta
2318 4236 2332 4261 ,
2360 4197 2444 4250 vel
2473 4197 2694 4252 aliunde
2719 4197 2885 4252 dubia
2915 4198 3072 4253 nobis
3099 4213 3222 4253 esse
3257 4199 3408 4255 vide-

166 4293 392 4347 bantur.

275 4381 577 4438 Monendus
627 4390 711 4436 est
767 4383 1032 4437 candidus
1075 4383 1265 4449 lector,
1313 4391 1373 4436 ut
1412 4397 1536 4462 cum
1582 4382 1700 4437 loca
1762 4383 2007 4452 quaedam
2044 4383 2096 4436 in
2133 4381 2500 4437 Pentateucho
2533 4383 2818 4438 consulere
2851 4382 3110 4449 voluerit,
3144 4396 3250 4437 non
3287 4398 3407 4438 eam

167 4479 353 4544 modo,
376 4493 496 4548 qum
522 4479 576 4532 in
607 4478 871 4548 principio
897 4479 1074 4547 posita
1113 4486 1216 4544 est,
1270 4477 1632 4546 llemaplorum
1661 4477 2061 4540 collectionem,
2099 4478 2192 4532 sed
2245 4477 2409 4532 etiam
2451 4477 2814 4547 Appendicem
2850 4493 3064 4548 semper
3093 4479 3254 4533 adeat
3286 4497 3300 4532 :
3335 4479 3409 4533 ibi

167 4590 406 4644 namque
430 4574 661 4644 plurima
710 4573 943 4642 reperiet
971 4574 1214 4627 nondum
1260 4573 1545 4628 observata
1581 4573 1738 4628 nobis
1771 4589 1895 4627 cum
1926 4572 2352 4627 Pentateuchum
2395 4571 2702 4638 ederemus,
2728 4573 3020 4642 aliquando
3051 4572 3218 4626 etiam
3253 4559 3411 4641 plura

165 4685 330 4740 quam
358 4685 412 4722 in
443 4668 710 4738 principio
736 4656 1118 4738 posueramus.
1149 4666 1432 4723 Lectiones
1481 4669 1552 4722 ibi
1592 4669 1794 4735 multae,
1829 4669 1996 4739 ignoti
2030 4677 2187 4723 antea
2223 4667 2566 4738 interpretis,
2606 4684 2708 4722 suo
2753 4669 2966 4724 auctori
3005 4669 3408 4736 restituuntur;

164 4763 286 4818 alia:
315 4774 472 4818 secus
505 4763 691 4832 positae
717 4762 1095 4817 emendantur.
1120 4761 1272 4818 Hanc
1293 4771 1472 4818 autem
1507 4763 1851 4820 Collectionis
1887 4773 2087 4819 nostra:
2112 4773 2322 4834 partem
2352 4764 2472 4818 ideo
2500 4763 2554 4817 in
2585 4764 2721 4830 fine,
2746 4763 3076 4834 Appendicis
3111 4779 3264 4818 more
3285 4804 3298 4828 ,
3326 4763 3408 4818 lo-

163 4859 429 4923 cavimus,
455 4860 584 4929 quia
612 4858 680 4913 ad
713 4859 1096 4914 bibliothecam
1126 4858 1536 4925 Coislinianam,
1568 4875 1632 4914 ex
1664 4860 1820 4930 cujus
1848 4861 2033 4916 codice
2061 4859 2357 4930 perinsigni
2383 4860 2643 4914 lectiones
2682 4859 2801 4914 illas
2825 4859 3155 4928 posteriores
3177 4857 3410 4912 mutuati

162 4972 376 5020 sumus,
407 4956 612 5010 aditum
645 4956 930 5026 impetrare
960 4955 1304 5025 nequivimus
1323 4955 1421 5027 (α),
1450 4958 1619 5011 donec
1647 4958 1701 5010 in
1723 4956 1842 5026 ejus
1865 4955 2266 5025 possessionem
2290 4955 2500 5009 veniret
2527 4954 2928 5008 illustrissimus
2955 4953 3106 5007 Dom.
3142 4952 3409 5008 Henricus

161 5051 392 5107 Carolus
418 5052 490 5106 du
517 5051 785 5106 Cambout
808 5051 874 5106 de
895 5050 1123 5116 Coislin,
1158 5052 1267 5107 dux
1297 5061 1350 5108 et
1397 5069 1495 5123 par
1520 5053 1766 5108 Francia;
1785 5094 1799 5118 ,
1823 5053 2115 5122 episcopus
2143 5050 2422 5118 Metensis,
2460 5050 2810 5106 Coisliniana:
2842 5049 3064 5104 familiai
3091 5050 3279 5113 decus,
3313 5049 3409 5117 qui

162 5163 262 5218 pro
293 5148 476 5201 innata
511 5146 884 5201 beneficientia
917 5147 1132 5202 codices
1178 5148 1338 5204 nobis
1390 5151 1458 5204 ad
1513 5159 1705 5203 nutum
1759 5147 2144 5217 suppeditavit.
2171 5145 2296 5202 Haec
2327 5161 2494 5216 porro
2537 5146 2862 5200 bibliotheca
2905 5145 3407 5213 manuscriptorum

158 5240 473 5296 Graecorum
504 5238 657 5308 copia
689 5241 896 5309 paucis,
925 5241 1239 5310 praestantia
1265 5258 1390 5297 vero
1419 5251 1472 5298 et
1497 5243 1822 5314 antiquitate
1847 5242 1980 5297 nulli
2010 5242 2278 5297 concedit.
2314 5240 2519 5296 Horum
2557 5242 2864 5311 catalogum
2908 5239 3247 5310 peramplum
3284 5252 3408 5308 pre-

159 5336 425 5406 tiosisque
447 5334 723 5390 anecdotis
753 5335 888 5391 bene
911 5337 1096 5392 multis
1119 5337 1443 5394 instructum
1483 5339 1584 5394 sub
1619 5339 1737 5409 ejus
1771 5339 2031 5407 auspiciis
2066 5353 2344 5408 paramus,
2374 5338 2684 5408 propediem
2711 5337 2765 5389 in
2797 5336 2972 5390 lucem
3006 5333 3297 5388 edendum.

229 5433 401 5487 Solita
436 5448 563 5502 erga
597 5449 697 5488 nos
721 5433 1054 5488 humanitate
1083 5449 1296 5503 semper
1333 5449 1466 5490 usus
1499 5442 1582 5490 est
1608 5435 2012 5490 illustrissimus
2048 5435 2216 5490 abbas
2245 5436 2310 5489 de
2339 5433 2597 5500 Louvois,
2623 5431 2970 5486 Bibliotheca:
3005 5428 3185 5499 Regize
3213 5425 3408 5498 praefe-

155 5539 299 5596 ctus,
330 5529 422 5599 qui
453 5545 551 5599 pro
578 5538 706 5585 voto
730 5530 888 5584 nobis
911 5530 1088 5599 regios
1124 5531 1339 5585 codices
1362 5531 1588 5598 obtulit,
1619 5546 1854 5600 quorum
1885 5546 2045 5586 usum
2082 5530 2308 5600 singulae
2347 5529 2516 5583 ferme
2558 5527 2720 5598 hujus
2765 5527 2943 5596 operis
2975 5529 3183 5594 paginae
3208 5521 3404 5577 testiﬁ-

155 5634 370 5679 cantur.
405 5623 614 5680 Ofliciis
647 5627 774 5680 item
806 5627 920 5681 suis
941 5642 1040 5681 nos
1073 5628 1319 5682 certatim
1353 5629 1626 5697 prosecuti
1657 5638 1784 5686 sunt
1810 5670 1823 5693 ,
1852 5626 1915 5682 V.
1941 5627 2024 5683 Cl.
2051 5627 2308 5683 Nicolaus
2338 5625 2612 5689 Clemens,
2660 5624 2726 5678 de
2746 5623 2904 5692 cujus
2926 5623 3076 5676 obitu
3108 5620 3401 5674 admodum

219 5719 290 5781 (α)
310 5719 580 5788 Lectione?
603 5719 1106 5788 COdiCis_Coisliti_iani,
1130 5736 1252 5788 «pas
1277 5724 1324 5770 in
1351 5725 1624 5788 appendice
1650 5725 1929 5788 conjeeerat
1951 5723 2382 5784 Montefalconius,
2425 5721 2484 5771 ad
2509 5723 2774 5786 capitulum
2817 5719 3219 5782 unumquodque,
3263 5728 3403 5777 cujus

157 5789 290 5842 sunt,
326 5784 625 5834 revocandas
644 5785 938 5836 curavimus.
967 5784 1104 5836 Eorr.
1140 5784 1350 5835 Pnnon.
1383 5784 1398 5851 ξ
