3832 6214
434 345 508 408 to
577 395 581 398 .
719 322 723 327 ’
1794 338 2311 423 PBAZLIMINARIA
3612 386 3687 445 ω

435 465 732 537 doluimus,
758 478 813 525 et
840 471 1244 530 eruditissimus
1293 474 1533 534 Joannes
1562 477 1865 550 Boivinius,
1918 484 2219 541 litterarum
2260 489 2500 545 omnium
2526 531 2541 556 ,
2576 493 2923 568 maximeque
2953 498 3284 572 Graecarum,
3330 504 3521 562 notitia
3547 509 3686 565 cele-

435 558 575 615 bris.

504 654 853 711 Bibliothecae
878 657 1203 716 Colbertina:
1234 662 1523 722 thesauros
1548 668 1708 724 nobis
1743 671 1955 740 aperuit
1984 675 2473 743 praestantissimus
2498 679 2670 738 abbas
2709 684 2778 739 de
2802 683 3120 760 Seignelay,
3153 690 3381 761 ejusque
3410 691 3567 763 jussu
3589 710 3687 753 eo-

430 749 580 807 dices
608 751 766 807 nobis
795 767 894 820 pro
923 763 1048 810 voto
1076 759 1440 815 commodavit
1469 759 1531 815 V.
1553 760 1635 817 Cl.
1664 763 1734 819 du
1766 764 1999 834 Chesne,
2027 768 2271 839 ejusdem
2298 772 2636 831 bibliothecae
2660 787 2864 834 custos.
2894 749 3338 840 Petus'tissi-mui-n
3377 749 3687 856 pulcherri-

431 862 691 917 mumque
717 846 1108 918 Prophetarum
1137 853 1397 919 codicem,
1425 866 1646 927 rogante
1670 858 1960 918 Maecenate
1993 874 2178 920 nostro
2220 867 2656 927 eminentissimo
2690 873 2957 929 cardinali
3001 875 3301 946 d’Estrées,
3333 846 3516 936 adiit.
3574 882 3681 939 PP.

429 942 654 999 Jesuitis
686 944 752 997 ad
780 954 1016 1014 quatuor
1040 948 1216 1003 solum
1246 949 1362 1006 dies
1394 952 1803 1023 impetravimus
1836 976 1849 1011 :
1878 959 2140 1030 pluraque
2166 961 2290 1017 inde
2309 966 2616 1035 excerpturi
2640 982 2882 1036 eramus,
2912 970 2958 1025 si
2976 971 3375 1028 diuturniorem
3397 975 3450 1030 in
3474 991 3541 1031 eo
3558 992 3686 1047 ope-

432 1051 551 1092 ram
575 1052 777 1107 ponere
805 1038 1071 1097 licuisset.
1097 1043 1311 1101 Gratias
1336 1047 1463 1102 item
1487 1049 1752 1108 habemus
1775 1054 2044 1111 maximas
2069 1057 2388 1115 doctissimo
2416 1062 2686 1134 nobisque
2717 1065 3052 1123 amicissimo
3075 1066 3327 1124 Michaeli
3350 1069 3590 1142 Lequien
3615 1090 3681 1131 ex

432 1130 625 1186 ordine
647 1132 1085 1202 praedicatorum,
1107 1139 1201 1206 qui
1231 1138 1504 1198 Francisci
1535 1141 1848 1202 Comhelisii
1902 1150 2134 1207 schedas
2164 1153 2322 1210 nobis
2355 1156 2554 1213 obtulit
2572 1130 2765 1226 ,_unde
2793 1176 2904 1217 non
2939 1164 3274 1234 spernendas
3300 1166 3358 1221 in
3386 1130 3580 1225 Genesi
3623 1179 3681 1227 et

430 1223 617 1282 Exodo
646 1236 888 1285 veterum
913 1230 1174 1288 lectiones
1200 1238 1593 1305 excerpsimus.

498 1319 559 1377 ln
608 1321 761 1379 Italia
804 1341 914 1381 non
954 1342 1129 1397 pauca
1166 1344 1233 1384 ex
1264 1331 1543 1390 codicibus
1573 1333 1851 1396 Vaticanis
1892 1343 2124 1398 mutuati
2169 1358 2362 1402 sumus
2384 1386 2398 1411 ,
2438 1346 2596 1419 longe
2620 1343 2778 1419 plur'a
2813 1352 3093 1409 collecturi
3118 1354 3165 1411 si
3193 1356 3500 1414 liberiorem
3526 1361 3683 1417 nobis

427 1416 637 1473 aditum
662 1418 882 1477 fecisset
913 1422 962 1478 is
994 1423 1088 1494 qui
1108 1435 1220 1480 tum
1251 1427 1620 1486 celeberrimas
1642 1433 1789 1490 illius
1816 1434 2168 1495 Bibliotheca:
2206 1449 2394 1497 custos
2419 1416 2557 1498 erat.
2588 1416 2758 1501 hlulto
2799 1447 3119 1518 ampliorem
3137 1449 3447 1527 lectionum
3469 1454 3679 1523 copiam

427 1516 793 1584 suppeditavit
822 1517 1150 1577 bibliotheca
1184 1519 1302 1583 RR.
1325 1522 1431 1579 PP.
1471 1524 1529 1581 S.
1558 1520 1745 1584 Basilii
1792 1529 1999 1599 Romae,
2026 1535 2185 1605 cujus
2231 1537 2452 1595 codices
2494 1555 2593 1610 pro
2632 1550 2761 1597 voto
2791 1543 2860 1599 ad
2887 1516 3112 1599 manum
3137 1518 3364 1617 semper
3393 1516 3683 1606 habuimus

427 1608 692 1666 beneﬁcio
739 1615 1179 1672 reverendissimi
1223 1616 1286 1672 P.
1325 1617 1471 1676 Petri
1522 1623 1790 1693 Mennitii,
1824 1628 1990 1685 totius
2036 1631 2248 1688 ordinis
2286 1608 2528 1705 praefecti
2559 1638 2862 1708 generalis,
2886 1639 2979 1710 qui
3004 1641 3201 1696 studiis
3230 1642 3435 1699 nostris
3468 1657 3684 1714 semper

427 1702 580 1772 lavit,
611 1714 667 1762 et
690 1708 1008 1780 rogantibus
1037 1728 1320 1784 nunquam
1344 1715 1540 1775 defuit.

427 1931 2293 1968 -—-—-——————___.__._____________

851 2112 1730 2272 PRIlLlIIIINAIIIII
1850 2121 1979 2274 IN
2058 2125 2597 2286 IIEXIIPIA
2703 2127 3239 2290 IIIIIGIINIS

1556 2561 1937 2654 CAPUT
2010 2567 2534 2657 PRIMUM.

1006 2748 1098 2810 De
1161 2750 1604 2830 Tetraplorum
1657 2760 1848 2834 a'que
1887 2754 2327 2835 Hexaplorum
2367 2756 2740 2821 nominibus
2772 2768 2833 2821 et
2857 2757 3079 2824 forma.

418 2904 462 2958 ι
481 2904 1506 2994 32’232‘1’9;filietﬂlﬁm,reri:
1529 2917 1757 2994 £9919?-
1797 2917 1861 2994 Πς
1884 2918 1983 2969 αυτ
2001 2919 2231 2994 τθιεξριε
2254 2924 2303 2994 et
2346 2919 2574 2994 Ηξιθριςι
2602 2920 3210 2994 ρι’ῑεειιςει.ιάρτιιεενενίι-
3240 2925 3430 2994 ῙίῙ;.Α¹¹
3453 2928 3677 2992 Hexam-

481 2968 620 3053 p‘rius
641 2968 785 3053 quam
795 2969 1066 3053 ‘Telt‘rapla.
1086 2968 1288 3053 Eértur'n
1312 2975 1762 3053 v'idetur'Tetrapla
1784 2983 2085 3053 priusquam
2111 2968 2593 3053 ﬁbxaplahadornat—a
2612 2968 2790 3053 alia;
2800 2968 3675 3053 iv.‘ﬁﬁgﬁéﬁiﬁérgfit'éiab'ill'ﬁ

481 3031 772 3122 militaverit.
883 3031 1222 3122 Qu‘aTratlonS
1242 3031 1821 3122 'l‘etriaplabllexaplare't
1850 3031 2064 3122 Q‘ctapla.
2096 3031 2422 3122 digesserith
2435 3031 3675 3122 itemque;lblu’neapl_5.jl.lIn;quibus

484 3090 626 3174 leibris
649 3090 1156 3174 treszalias‘editlioues
1178 3090 1418 3174 Hexaplis
1437 3090 1707 3174 addiderit;
1723 3103 1827 3152 VII.
1842 3090 2093 3174 _Deruo.tis
2116 3090 2178 3152 ἱιῖ
2191 3090 3674 3174 uirgjgjbgs'iiéﬁpﬁﬁiﬁfzﬁ'driééﬁe‘ﬁbéiﬁai’iiilf."ﬂ

484 3120 570 3140 um
583 3120 626 3140 Ia
650 3120 749 3141 ιιω
767 3120 888 3143 alma
908 3120 1156 3146 cuxuuuca
1178 3120 1418 3160 ncxapus
1437 3120 1698 3152 aumuerlt.
1731 3120 1827 3152 Vll.
1863 3120 1941 3152 U8
1964 3120 2093 3152 DOUS
2116 3120 2166 3152 lu
2191 3120 2491 3166 marginibus
2514 3120 2688 3219 Πεδιεὸ

480 3151 773 3227 §amaritani
798 3161 850 3227 et
870 3157 991 3227 Syri
1004 3158 1245 3227 lectiones
1267 3162 1319 3211 in
1340 3163 1642 3226 marginibus
1664 3164 2000 3227 Hexaplorum
2025 3166 2276 3215 locaverit.
2323 3165 2405 3217 1X.
2432 3166 2607 3217 Utrum

2688 3170 2875 3232 rigenis
2901 3170 3126 3234 tempore
3164 3170 3455 3225 Sainaritani
3480 3183 3537 3226 et
3562 3177 3675 3239 Syri

478 3215 660 3264 Graecas
690 3217 948 3267 versiones
966 3218 1169 3270 fuerint.

522 3319 564 3374 l.
602 3320 967 3393 Tetraplarum
993 3335 1044 3380 et
1073 3325 1433 3399 Hexaplorum
1471 3333 1618 3386 varia
1647 3335 1880 3388 nomina.
2015 3338 2066 3398 Α
2094 3333 2438 3388 emendatum
2467 3332 2638 3390 fuisse
2661 3334 2735 3407 μὴ
2766 3337 2832 3409 τῇ
2860 3334 2999 3418 Σιὼν
3024 3375 3040 3402 ,
3078 3340 3317 3409 nunquid
3352 3338 3504 3396 Siom'
3524 3384 3539 3408 ,
3572 3358 3671 3398 ex-

488 3410 622 3478 Quce
640 3412 708 3468 de
739 3413 1117 3489 Tetraplorum
1179 3427 1233 3475 et
1269 3420 1635 3494 Hexaplorum
1678 3427 1994 3484 nominibus
2097 3432 2295 3492 puncta
2329 3424 2504 3478 littera
2530 3442 2582 3495 ρ.
2612 3424 2863 3496 Tetrapla
2901 3414 3064 3498 igitur
3094 3431 3485 3502 Τετρασέλιδον
3512 3473 3527 3498 ,
3565 3433 3671 3489 Ile-

417 3503 616 3559 dicturi
640 3522 854 3573 sumus,
883 3510 1149 3580 nondum,
1183 3523 1241 3568 ut
1277 3528 1444 3586 puto,
1485 3517 1776 3573 observata
1817 3517 1991 3586 luere,

415 3610 587 3665 quare
620 3599 707 3653 vel
754 3599 871 3669 ipsa
918 3602 1153 3658 novitate
1185 3606 1449 3674 placitura
1508 3624 1629 3665 esse
1659 3611 1992 3679 sperandum

414 3696 517 3742 est.
551 3687 803 3761 Tetrapla
827 3704 880 3748 et
918 3693 1179 3765 Hexapla,
1214 3698 1294 3753 sic
1326 3699 1381 3753 in
1428 3700 1626 3769 plurali
1670 3703 1990 3772 exprimun-

414 3788 505 3833 tur
525 3780 594 3835 ab
618 3780 872 3853 Origene,
906 3785 1165 3853 Eusebio,
1199 3788 1501 3860 Epiphanio
1543 3802 1598 3847 et
1634 3791 1987 3867 Hieronymo,

412 3870 729 3942 Τετραπλᾶ,
765 3874 1026 3944 Ἐξαπλᾶ,
1052 3881 1414 3952 videnturque
1431 3884 1504 3938 ita
1530 3885 1783 3954 primitus
1806 3887 1992 3957 appel-

412 3964 521 4018 lata
555 3964 743 4023 fuisse.
792 3967 987 4025 Verum
1016 3972 1109 4026 alii
1143 3976 1465 4043 posterioris
1502 3979 1603 4032 εθνί
1628 3978 1801 4035 Graeci
1852 3981 1990 4035 scri-

409 4065 594 4127 plores
626 4058 967 4131 frequentius
996 4065 1349 4137 Τετραπλοῦν
1375 4078 1430 4124 et
1470 4071 1770 4138 Ἐξαπλοῦν
1795 4074 1849 4128 in
1875 4076 1989 4131 sino

410 4149 585 4218 gulari
613 4151 885 4218 dicebant,
936 4154 1242 4227 Tetraplum
1274 4160 1528 4217 videlicet
1580 4171 1635 4218 et
1661 4162 1984 4236 Hexaplum,

413 4249 471 4294 ut
499 4243 700 4311 passim
731 4246 1137 4307 animadvertas
1167 4252 1224 4307 in
1262 4255 1407 4309 notis
1441 4255 1604 4326 hujus
1648 4259 1848 4327 operis.
1896 4258 1987 4316 Sic

410 4331 465 4384 in
493 4342 620 4387 nota
649 4335 717 4389 ad
745 4337 997 4394 ultimum
1031 4353 1195 4421 caput
1227 4345 1351 4399 libri
1376 4344 1421 4399 Il
1452 4345 1660 4418 Regum
1684 4389 1698 4414 ,
1731 4351 1790 4403 ὲν
1820 4350 1876 4404 δὲ
1908 4351 1988 4422 τῷ

419 4420 689 4513 Ἐξοιπλῷ,
735 4430 829 4481 καὶ
856 4433 969 4495 τοϊς
1015 4433 1428 4508 ἀκριϐεστέροις
1471 4440 1582 4493 τῶν
1612 4420 1983 4513 ἀντιγράφων,

407 4511 464 4565 in
489 4511 731 4584 Hexaplo
763 4529 941 4572 autem
968 4529 1017 4574 et
1040 4522 1096 4575 in
1118 4525 1539 4580 accuratioribus
1571 4511 1982 4598 exemplaribus,

405 4612 512 4659 etc.
550 4602 613 4659 Et
651 4606 779 4661 alibi
812 4607 1143 4679 frequenter,
1172 4616 1412 4671 maxime
1454 4619 1510 4673 in
1552 4619 1710 4675 libris
1751 4619 1982 4692 Regum.

2094 3516 2256 3586 xapla
2283 3532 2410 3571 vero
2472 3516 2848 3583 Ἐξασέλιδον,
2902 3522 3183 3590 sextuplex
3230 3523 3484 3579 columna
3524 3525 3673 3581 dice—

2086 3601 2314 3675 "bantur,
2350 3617 2409 3662 ut
2436 3608 2621 3664 videas
2649 3612 2704 3664 in
2738 3621 2865 3665 nota
2899 3612 2969 3667 ad
3009 3628 3128 3684 cap.
3160 3630 3190 3667 v
3222 3614 3462 3671 Michatae
3492 3636 3506 3672 :
3542 3619 3669 3689 quia

2094 3696 2345 3768 Tetrapla
2387 3696 2659 3769 Origenis,
2691 3710 2928 3770 quatuor
2952 3704 3232 3762 versiones
3255 3707 3485 3778 Aquilae,
3511 3709 3673 3781 Sym-

2093 3791 2294 3858 machi,
2330 3790 2471 3845 LXX
2493 3792 2852 3862 luterpretum
2876 3803 2930 3849 et
2959 3794 3351 3856 Theodotionis
3381 3816 3478 3871 per
3518 3804 3673 3858 colu-

2093 3896 2250 3938 mnas
2274 3899 2306 3938 e
2332 3884 2554 3955 regione
2589 3886 2801 3955 positas
2842 3888 3382 3961 complectebantur;
3430 3892 3671 3966 Hexapla

2091 3988 2221 4029 vero
2255 3982 2464 4030 textum
2494 3975 2821 4033 Hebraicum
2849 3980 3046 4037 litteris
3077 3980 3359 4040 Hebraicis
3382 4027 3398 4053 ,
3437 3994 3490 4041 et
3519 4001 3551 4041 c
3585 4003 3671 4042 re-

2090 4064 2251 4136 gione
2269 4069 2516 4136 proxime
2535 4069 2787 4125 eumdem
2806 4071 2984 4141 ipsum
3007 4071 3212 4130 Graecis
3232 4075 3461 4143 litteris;
3480 4086 3671 4146 postea

2088 4166 2325 4228 quatuor
2349 4159 2568 4217 Graecas
2600 4162 3078 4232 interpretationes
3108 4167 3302 4222 eodem
3347 4184 3459 4239 quo
3501 4186 3671 4240 supra

2089 4251 2197 4305 ritu
2226 4252 2454 4317 locatas,
2482 4253 2835 4310 exhibebant.
2871 4255 3027 4320 Σελὶς
3058 4269 3241 4313 autem
3278 4260 3550 4330 signiﬁcat
3576 4279 3672 4333 pa-

2088 4343 2292 4414 ginam,
2324 4346 2699 4416 τετρασέλιδον
2728 4347 2982 4420 paginam
3027 4351 3525 4420 quadruplicatam,
3565 4368 3667 4407 seu

2086 4447 2322 4507 quatuor
2374 4440 2778 4505 columnarum,
2847 4441 3154 4507 ὲξασὲλιδον
3205 4458 3337 4499 vero
3407 4447 3666 4516 paginam

2088 4531 2540 4600 sextuplicatam,
2596 4534 2711 4588 sive
2760 4549 2858 4590 sex
2914 4536 3313 4591 columnarum.
3364 4535 3435 4591 Ut
3480 4548 3665 4595 autem

2083 4622 2361 4693 τετραπλᾶ
2390 4624 2784 4695 τετρασέλιδον,
2817 4636 2872 4681 et
2908 4626 3117 4694 ἐξαπλᾶ
3154 4626 3456 4694 ὲξασέλιδον
3496 4646 3667 4687 voca-

405 4694 650 4751 ludicant
674 4708 854 4754 autem
887 4702 1179 4777 Τετραπλᾶ
1212 4723 1306 4762 seu
1338 4710 1709 4781 Τετραπλοῢν,
1739 4685 1982 4782 quadru-

2088 4685 2302 4778 bautur,
2336 4715 2415 4770 sic
2435 4685 2773 4781 είὸκταπλᾶ,
2805 4718 3169 4785 ὀκτασέλιδον,
3221 4720 3336 4775 sive
3370 4736 3508 4790 opus
3539 4733 3666 4778 octo

402 4787 619 4855 plicem,
668 4790 907 4857 Ἐξαπλᾶ
939 4811 1071 4851 vero
1121 4813 1216 4853 seu
1258 4799 1591 4868 Ἐξαπλοῦν,
1626 4804 1981 4873 sextuplicem

404 4877 702 4949 Scriptura
728 4891 958 4951 textum,
998 4904 1107 4944 uno
1129 4902 1424 4961 conspectu
1456 4896 1733 4965 positum,
1770 4909 1830 4952 ut
1859 4899 1981 4968 plus

400 4970 555 5047 ribus
585 4971 727 5029 infra
760 4981 1258 5046 repraesentabitur.
1291 4982 1417 5040 Haec
1465 5002 1630 5057 porro
1662 4990 1977 5061 signiﬁcan-

398 5061 509 5117 tius
537 5078 567 5118 a
599 5063 802 5121 Graecis
821 5071 1139 5128 auctoribus
1169 5090 1279 5129 non
1297 5077 1488 5145 paucis
1520 5090 1785 5135 vocantur
1809 5083 1973 5136 etiam

397 5155 806 5226 Terpaaélwov,
844 5161 959 5217 sive
991 5165 1329 5236 quadruplex
1371 5169 1646 5225 columna.
1691 5170 1785 5228 Sic
1829 5174 1975 5227 enim

397 5246 628 5303 habetur
654 5249 708 5303 in
743 5253 890 5308 notis
929 5253 995 5311 ad
1020 5257 1213 5325 psalm.
1242 5275 1441 5316 txxxvt
1467 5277 1534 5318 ex
1559 5263 1746 5320 codice
1778 5263 1976 5320 Coisli-

398 5340 563 5396 uiano
592 5360 607 5396 :
638 5344 837 5417 Μήτηρ
860 5346 999 5402 Σιὼν
1026 5349 1086 5402 τὸ
1124 5366 1154 5422 ρ
1176 5352 1317 5409 κατὰ
1346 5353 1667 5427 προσθήκην
1691 5356 1870 5410 ἔκειτο
1893 5359 1976 5421 εἰς

392 5430 494 5519 τὴν
522 5431 631 5487 τῶν
662 5436 718 5489 0'
749 5439 808 5492 ἐν
846 5437 925 5509 τῷ
951 5440 1324 5516 Τετρασελίδῳ
1344 5462 1358 5475 ·
1394 5446 1453 5499 ὲν
1500 5446 1556 5500 δὲ
1597 5446 1676 5519 τῷ
1719 5450 1976 5504 Ὀκτασε-

393 5518 538 5593 λίδῳ,
566 5524 641 5597 μὴ
670 5530 736 5598 τῇ
773 5528 911 5585 Σιὼν
937 5532 1105 5603 ἤγουν
1135 5533 1258 5605 δίχα
1281 5535 1376 5589 τοῦ
1411 5537 1508 5608 ρὦ
1546 5518 1668 5605 Quo
1701 5539 1976 5610 signiﬁca-

394 5623 503 5681 tur,
531 5617 586 5671 in
614 5617 973 5689 Tetraselido,
1006 5626 1123 5681 sive
1160 5627 1216 5681 in
1257 5626 1511 5698 Tetraplo
1538 5629 1682 5683 LXX
1717 5633 1976 5687 habuisse

390 5705 679 5769 lectionem
712 5710 859 5767 illam
889 5715 1157 5784 vitiatam,
1188 5719 1390 5797 Μήτηρ
1419 5719 1577 5787 Σιὼν,
1602 5721 1777 5777 Mater
1806 5722 1937 5779 Sion
1955 5741 1999 5801 ;¹

391 5801 449 5858 in
482 5798 793 5860 Octaselido
833 5817 1014 5864 autem
1051 5810 1167 5867 sive
1200 5811 1256 5867 in
1295 5810 1521 5885 Octaplo
1568 5814 1643 5870 ita
1690 5816 1887 5873 lectum
1922 5826 1977 5874 et

2081 4806 2483 4873 columnarum,
2509 4816 2569 4862 ut
2591 4809 2774 4864 videas
2797 4811 2850 4865 iu
2873 4820 3000 4865 nota
3028 4811 3095 4865 ad
3127 4811 3397 4882 psalmum
3434 4829 3662 4869 Lxxxvl.
3708 4810 3714 4814 ’

2080 4890 2289 4955 Dieitur
2322 4910 2504 4956 autem
2526 4917 2667 4973 opus
2700 4912 2826 4959 octo
2858 4905 3264 4972 columnarum,
3297 4905 3426 4975 quia
3466 4916 3666 4976 praeter

2080 5005 2173 5046 sex
2219 4999 2549 5047 memoratas
2595 4991 2882 5060 editiones,
2911 4995 3034 5050 dure
3083 4995 3204 5051 alia:
3241 4994 3570 5064 quibusdam
3604 4998 3665 5054 in

2082 5079 2237 5141 libris
2280 5089 2580 5137 memorato
2612 5082 2989 5138 columnarum
3029 5085 3139 5141 situ
3188 5087 3663 5155 repraesentabat)-

2082 5179 2189 5229 llll‘o

2154 5263 2333 5319 Semel
2362 5264 2490 5320 item
2521 5265 2574 5319 in
2606 5265 2751 5321 notis
2779 5264 2847 5319 ad
2879 5263 3155 5333 Hesaiam,
3188 5282 3310 5338 cap.
3352 5284 3435 5335 ιιι,
3469 5269 3524 5337 ᾗ.
3561 5269 3660 5335 24,

2082 5355 2311 5426 legimus
2338 5356 2735 5424 ¹ιιξεντωισὲλιδον,
2771 5357 2873 5411 hoc
2897 5367 2981 5415 est
3007 5361 3250 5430 quinque
3271 5363 3661 5418 columnarum

2077 5464 2235 5518 opus.
2268 5446 2404 5502 Nota
2443 5457 2623 5503 autem
2681 5449 2798 5503 haec
2825 5450 3004 5519 prodit
3031 5467 3099 5506 ex
3145 5453 3347 5525 insigni
3378 5471 3482 5509 ms.
3535 5453 3657 5509 RR.

2077 5539 2183 5595 PP.
2207 5538 2559 5607 Jesuitarum,
2579 5549 2633 5595 et
2657 5543 2737 5596 sic
2770 5543 2930 5597 habet
2965 5562 2976 5596 :
3001 5546 3049 5597 οὶ
3074 5546 3134 5598 Γ.
3164 5546 3332 5617 στίχοι
3356 5550 3404 5601 οἱ
3433 5547 3662 5601 ὑποκεί-

2079 5648 2231 5701 μενοι
2259 5633 2359 5685 οὐκ
2380 5630 2587 5685 ἔκειντο
2618 5634 2676 5686 ὲν
2706 5632 2784 5704 τῷ
2804 5635 3188 5707 πεντασελίδῳ,
3218 5639 3337 5691 οὐδὲ
3374 5639 3663 5710 Ὠριγένης

2078 5723 2440 5799 ἐξηγούμενος
2460 5725 2665 5778 τούτων
2691 5727 2953 5800 ἐμνήσθη.
2992 5730 3045 5783 Id
3070 5740 3156 5784 est
3188 5749 3200 5784 :
3243 5729 3366 5785 Tres
3387 5732 3662 5800 subjuncu'

2080 5819 2321 5876 versiculi
2353 5835 2456 5874 non
2478 5829 2626 5875 erant
2658 5820 2711 5873 in
2734 5818 3092 5887 Pentasclido,
3122 5823 3227 5876 sive
3249 5823 3301 5876 in
3334 5821 3471 5877 libro
3496 5824 3659 5895 quin-
