3832 6214
245 290 308 345 21
1445 292 1516 347 IN
1554 291 1875 348 HEXAPLA
1911 288 2258 347 ORIGENIS.
3416 295 3491 352 22

244 424 343 482 que
369 409 738 466 columnan
766 429 783 467 :
811 428 971 483 neque
992 428 1172 468 eorum
1198 415 1433 469 meminit
1484 415 1736 487 Origenes
1766 416 1820 468 in
1850 420 1897 477 Α
1959 412 2022 468 ll.
2051 412 2160 468 Cur
2190 411 2438 478 Tetrapla
2464 420 2513 467 et
2550 411 2793 481 Hexapla
2818 409 3067 483 Origenes
3097 410 3453 467 adornaverat.

244 502 573 569 expositione
594 519 714 556 sua.
752 503 881 558 lnde
903 504 1202 574 profectum
1234 504 1466 561 fortasse
1494 523 1691 562 nomen
1713 518 1814 575 est,

244 591 393 661 quod
424 592 633 648 librarii
661 594 885 664 quldam
907 595 1226 653 Hebraicam
1250 597 1515 655 Hebraice
1557 601 1814 670 scriptam

242 681 579 749 columnam,
608 700 716 740 non
749 688 949 743 usitata
977 689 1081 744 sibi
1109 691 1488 749 characterem
1514 693 1690 751 forma
1722 696 1817 751 de-

242 773 441 839 territi,
472 775 528 829 in
571 777 846 833 nonnullis
894 781 1300 850 exemplaribus
1344 786 1812 854 praetermiserim,

242 863 486 934 satisque
512 865 804 922 habuerint
835 868 1161 928 Hebraicum
1197 882 1401 930 textum
1445 876 1636 935 Graeco
1683 881 1815 936 cha-

240 963 451 1011 ractere
498 969 931 1027 repraesentare:
971 963 1130 1033 cujus
1170 967 1249 1021 rei
1280 969 1591 1039 exemplum
1643 970 1814 1028 habeo

238 1059 364 1101 mus
389 1046 446 1101 in
482 1049 675 1106 codice
708 1050 1025 1120 Barberino,
1052 1054 1207 1113 Oseaz
1238 1075 1319 1126 xt,
1357 1060 1409 1126 1,
1446 1062 1538 1117 ubi
1571 1063 1815 1135 quinque

237 1137 616 1197 columnarum
666 1143 1030 1216 fragmentum
1077 1150 1299 1207 effertur
1336 1169 1563 1224 prorsus
1607 1157 1811 1213 omissa

237 1227 509 1289 Hebraica
550 1238 864 1309 scriptione.
931 1241 990 1298 Si
1046 1246 1171 1314 quis
1231 1260 1413 1302 autem
1492 1251 1808 1319 reluctetur,

236 1333 292 1376 et
313 1324 497 1414 dicat,
539 1343 645 1383 non
698 1330 820 1388 ideo
868 1336 1242 1392 πεντασέλιδον
1287 1341 1506 1407 vocari,
1562 1345 1707 1414 quod
1754 1346 1808 1400 in

236 1412 565 1481 quibusdam
595 1417 749 1476 libris
774 1420 1036 1480 Hebraica
1060 1428 1329 1497 scriptura
1356 1412 1810 1499 prorsusomissa

236 1501 423 1569 fuerit,
457 1509 552 1563 sed
584 1512 729 1580 quod
761 1512 815 1567 in
839 1517 1157 1573 recensione
1180 1520 1558 1576 columnarum
1592 1522 1812 1580 Hebrai-

235 1611 337 1653 cus
368 1607 572 1665 textus,
605 1605 775 1658 semel
808 1604 1109 1676 Hebraicis,
1134 1619 1432 1683 posteaque
1466 1617 1631 1671 semel
1659 1616 1807 1673 Grae-

234 1685 318 1739 cis
346 1686 542 1743 litteris
570 1689 899 1763 descriptus,
929 1712 1030 1766 pro
1057 1714 1165 1754 una
1197 1708 1407 1756 tantum
1431 1705 1686 1761 columna
1735 1711 1807 1764 sit

1988 503 2109 569 Quo
2144 513 2322 558 autem
2371 502 2600 557 consilio
2630 500 2880 571 Tetrapla
2914 510 2969 557 et
2998 501 3236 572 Hexapla
3265 504 3489 557 concin-

1918 596 2129 650 naverit
2175 593 2459 666 Origenes,
2493 595 2728 664 explicat
2767 592 3133 665 Hieronymus
3175 593 3493 664 praefatione

1917 686 1971 740 in
2003 687 2171 742 libros
2195 686 2682 756 Paralipomenwn,
2717 686 2801 742 his
2830 685 3014 741 verbis
3045 702 3060 738 :
3096 685 3166 738 Et
3196 695 3334 740 certe
3366 684 3493 740 Ori-

1915 794 2064 849 genes
2099 794 2200 833 non
2235 778 2406 832 solum
2441 779 2766 848 exemplaria
2793 778 3083 848 composuit
3111 789 3338 848 quatuor
3377 777 3493 831 edi-

1916 870 2138 936 tionum,
2171 885 2199 924 e
2220 870 2424 940 regione
2449 868 2662 939 singula
2694 869 2848 925 verba
2877 868 3209 932 describens;
3254 877 3310 920 ut
3351 884 3488 922 unus

1914 962 2225 1016 dissentiens
2256 962 2461 1028 statim,
2489 965 2693 1017 ueteris
2724 963 2863 1016 inter
2911 978 2966 1016 se
3014 959 3488 1027 consentientibus,

1914 1062 2212 1123 arguatur;
2246 1051 2356 1119 sed,
2380 1054 2519 1123 quod
2545 1053 2764 1123 majoris
2786 1053 3030 1108 audacia:
3049 1062 3148 1119 est,
3178 1054 3234 1107 in
3262 1050 3491 1107 editione

1862 1138 1867 1143 ”
1912 1140 2064 1196 LXX
2094 1142 2462 1197 Theodotionis
2491 1144 2773 1197 editionem
2812 1143 3059 1209 miscuit,
3105 1145 3372 1199 asteriscis
3401 1146 3493 1200 de-

1910 1236 2127 1306 signans
2163 1252 2281 1307 quae
2306 1237 2480 1289 minus
2510 1246 2632 1289 ante
2663 1235 2895 1304 fuerant,
2934 1244 2985 1289 et
3015 1235 3233 1306 virgulis
3280 1253 3398 1307 qua:
3418 1254 3490 1317 ἐκ

1910 1329 2173 1399 superﬂuo
2200 1329 2512 1384 videbantur
2549 1329 2814 1399 apposita.
2846 1326 2917 1383 Ut
2950 1328 3114 1400 igitur
3145 1329 3387 1399 prudens
3411 1329 3491 1385 le—

1910 1424 2031 1472 ctor
2075 1434 2141 1473 ex
2176 1419 2470 1473 multarum
2502 1418 3013 1487 interpretationum
3043 1419 3330 1475 collatione
3359 1432 3488 1488 pos-

1910 1516 1993 1561 set
2022 1523 2273 1578 quaenam
2303 1510 2483 1564 verior
2525 1509 2818 1579 explicatio
2869 1517 3016 1565 esset
3059 1509 3485 1580 deprehendere,

1907 1600 2029 1656 illas
2051 1617 2242 1657 omnes
2271 1603 2541 1658 editiones
2573 1618 2684 1657 uno
2731 1611 3030 1672 conspectu
3063 1603 3263 1659 locavit
3303 1604 3487 1677 Orige-

1909 1707 2028 1759 nes,
2052 1702 2111 1748 ut
2144 1692 2408 1749 Hebraice
2432 1693 2669 1763 imperiti
2705 1703 2928 1764 possent
2956 1694 3195 1764 plurium
3237 1696 3380 1752 inter
3426 1712 3489 1753 se

233 1774 482 1845 habitus,
516 1780 646 1836 huic
666 1799 775 1838 non
807 1785 1099 1842 admodum
1133 1795 1449 1863 repugnabo
1482 1813 1495 1850 ε
1528 1812 1655 1853 nam
1682 1799 1810 1855 licet
1842 1781 1883 1836 Β
1912 1785 2364 1841 consentientium
2385 1787 2764 1841 auctoritatem
2788 1786 3062 1856 amplecti.
3083 1786 3187 1842 Sed
3217 1790 3345 1860 quia
3369 1790 3488 1847 haec

231 1879 303 1922 ex
326 1868 715 1928 Hebraicarum
740 1876 1045 1934 litterarum
1069 1883 1369 1940 omissione
1389 1889 1655 1946 accidisse
1688 1907 1812 1949 sus-

229 1959 407 2028 picer,
436 1973 492 2018 ut
526 1964 578 2019 id
615 1973 732 2021 tuto
775 1968 1045 2027 allirmare
1075 1976 1281 2043 possim
1304 2017 1319 2042 ,
1364 1982 1615 2052 exempla
1666 2000 1810 2041 nova

229 2049 530 2111 desiderari
563 2072 670 2113 non
705 2059 951 2117 dilliteor.

306 2140 695 2216 Hexaplorum,
726 2151 995 2221 ὲξαπλῶν,
1024 2171 1222 2214 nomen
1253 2175 1319 2216 ex
1347 2171 1541 2220 natura
1573 2180 1670 2222 sua
1715 2170 1810 2224 ad-

225 2233 515 2303 jectivum,
561 2242 897 2301 substantive
926 2249 1132 2318 passim
1181 2264 1478 2324 usurpatur
1516 2274 1544 2312 a
1607 2258 1810 2318 Graecis

232 2327 631 2422 scriptoribus;
686 2336 979 2406 aliquando
1013 2342 1177 2397 etiam
1224 2345 1510 2415 adjective.
1562 2348 1652 2412 Sic
1686 2351 1807 2422 Epi-

228 2418 505 2511 phanius,
545 2424 685 2480 libro
728 2427 803 2482 De
851 2431 1190 2500 ponderibus,
1230 2437 1497 2503 Ἐξαπλὰς
1522 2438 1671 2511 (sic)
1710 2418 1808 2508 ἑὰς

227 2508 492 2579 Βίϐλους,
520 2512 844 2587 Sextuplices
889 2520 1076 2577 Libros
1101 2570 1115 2592 ,
1154 2534 1212 2581 ut
1241 2508 1605 2599 Hexaplorum
1638 2532 1807 2591 libros

228 2600 484 2660 indicet:
531 2617 586 2663 et
640 2610 695 2665 in
751 2616 1130 2675 vetustissimo
1177 2622 1568 2691 prOphetarum
1620 2624 1808 2679 codice

224 2694 668 2786 penes
699 2699 938 2761 Jrsuitas
969 2707 1165 2778 legitur
1198 2710 1467 2777 ἑξαπλοῦς
1512 2714 1802 2786 Ἱερεμίας,

225 2784 513 2852 sextuplex
541 2785 842 2858 Jeremias,
875 2809 905 2848 a
937 2799 1221 2867 sextuplici
1258 2802 1535 2859 columna.
1583 2784 1664 2858 Ex
1699 2805 1806 2861 fre-

223 2876 418 2967 quenti
446 2892 609 2947 porro
636 2882 749 2948 illa,
792 2901 914 2955 quae
937 2888 991 2942 in
1024 2891 1299 2963 plerisque
1326 2897 1569 2967 antiquis
1612 2912 1803 2952 exem-

224 2966 477 3034 plaribus
507 2977 767 3040 occurrit,
815 2977 1184 3052 Hexaplorum
1233 2966 1548 3059 mentione,
1599 2991 1803 3048 factum

226 3059 521 3157 videturgut
552 3067 783 3136 librarii,
816 3075 953 3146 πρὸς
978 3078 1383 3155 ᾁντιδιαστολὴν
1414 3082 1800 3157 Hexaplorum,

1910 1876 2022 1931 veri
2048 1890 2246 1931 sensus
2297 1875 2627 1945 assequendi
2652 1875 2761 1943 via,
2796 1876 3003 1931 incerta
3038 1892 3180 1947 saepe
3217 1888 3322 1945 est,
3385 1896 3486 1935 nec

1908 1968 2115 2025 erroris
2141 1968 2387 2039 periculo
2420 1979 2575 2023 vacat
2610 1986 2625 2022 :
2659 1968 2983 2040 plerumque
3006 1970 3151 2024 enim
3180 1970 3378 2026 accidit
3402 1980 3483 2037 ut,

1909 2060 2031 2115 aliis
2054 2074 2083 2113 a
2116 2074 2249 2114 vero
2277 2059 2450 2113 limite
2482 2056 2894 2115 deﬂectentibus
2915 2099 2929 2124 ,
2976 2074 3117 2115 unus
3167 2075 3482 2130 germanam

1908 2148 2149 2204 auctoris
2170 2156 2407 2203 mentem
2433 2147 2738 2217 exprimat;
2764 2147 3013 2206 dicamus
3030 2148 3194 2203 etiam
3222 2148 3487 2207 Hebraice

1906 2241 2081 2296 doctis
2098 2241 2236 2296 hanc
2252 2239 2552 2295 editionum
2579 2239 2954 2296 collectionem
2975 2242 3258 2311 perutilem
3281 2241 3481 2298 fuisse:

1907 2349 2031 2388 nam
2064 2334 2139 2387 illi
2167 2347 2268 2403 pro
2294 2349 2379 2398 ea,
2417 2348 2524 2402 qua
2558 2333 2857 2403 pollebant,
2907 2332 3300 2391 Hebraicarum
3343 2336 3487 2390 litte-

1906 2440 2091 2479 rarum
2121 2425 2336 2495 peritia,
2366 2434 2616 2495 poterant
2656 2427 2910 2495 quisnam
2942 2427 3211 2497 interpres
3260 2429 3485 2498 propius

1906 2512 1974 2567 ad
1998 2511 2201 2568 fontem
2246 2514 2531 2568 accederet
2571 2513 2891 2583 intelligere.
2916 2515 3095 2571 Aliam
3149 2516 3278 2572 item
3320 2519 3485 2589 hujus

1906 2602 1976 2656 ab
2005 2617 2062 2657 se
2099 2603 2336 2672 suscepti
2372 2602 2558 2673 operis
2593 2619 2816 2659 causam
2866 2605 3176 2661 subindicat
3220 2606 3483 2679 Origenes

1906 2694 2297 2751 Commentario
2326 2698 2380 2750 in
2424 2695 2758 2751 Matthwum.
2793 2695 2933 2764 Quia
2967 2698 3227 2754 nimirum
3252 2700 3341 2755 ille
3363 2700 3483 2756 edi-

1907 2785 2041 2840 tioni
2066 2784 2174 2853 τῶν
2201 2788 2255 2839 0'
2287 2784 2545 2857 Vulgatae,
2575 2789 2689 2841 sive
2720 2790 2898 2860 κοινῇ,
2950 2789 3302 2846 librariorum
3343 2806 3482 2847 ausu

1905 2885 1959 2931 et
1990 2877 2299 2947 ignorantia
2330 2888 2623 2949 corruptae,
2644 2895 2866 2935 manum
2894 2883 3158 2938 medicam
3194 2884 3485 2941 admovere

1905 2967 2180 3037 cupiebat,
2210 2983 2274 3023 ea
2305 2982 2428 3038 quae
2463 2969 2832 3038 praetermissa
2868 2969 3106 3040 fuerant,
3130 2988 3196 3029 ex
3230 2974 3352 3030 aliis
3370 2974 3485 3029 edi-

1907 3063 2148 3120 tionibus
2171 3080 2296 3119 cum
2317 3064 2594 3121 asteriscis
2631 3065 2840 3123 addidit
2873 3084 2887 3120 :
2934 3084 3167 3141 quaeque
3211 3073 3483 3129 redunda-

220 3150 369 3207 alios
400 3155 596 3221 libros,
637 3161 728 3229 qui
767 3138 1123 3221 [mihinam
1149 3171 1204 3224 οι
1236 3138 1803 3247 εάίίίοηθηξὲδξιῇξξ
1830 3138 1871 3195 (ἶ
1904 3156 2057 3222 bant,
2094 3172 2196 3211 nec
2236 3165 2393 3212 erant
2444 3157 2497 3211 in
2531 3156 2828 3225 Hebraico,
2876 3138 3141 3233 appositis
3191 3165 3393 3230 obelis,
3422 3174 3512 3221 ut.

218 3246 537 3315 ctehantur,
568 3253 716 3308 ἁπλᾶ
748 3256 862 3313 sive
883 3260 1150 3330 simplicia
1190 3275 1477 3330 vocarent,
1520 3276 1575 3323 et
1606 3246 1801 3325 itadi-

218 3336 570 3430 stinguerent
601 3360 633 3400 a
661 3350 1073 3419 sextuplicibus.
1112 3354 1201 3411 Sic
1242 3357 1296 3411 in
1342 3359 1529 3414 codice
1564 3360 1800 3430 quodam

221 3427 570 3521 {Zoisliniano
598 3437 793 3495 decimi
821 3446 1004 3499 saeculi
1033 3446 1100 3501 ad
1128 3448 1325 3503 librum
1364 3450 1431 3504 Ill
1466 3427 1674 3521 Regum
1699 3468 1798 3520 vn,

223 3518 319 3610 iii,
352 3522 568 3593 legitur,
600 3527 660 3582 ἔν
677 3547 787 3584 τισι
810 3532 866 3586 δὲ
893 3534 1001 3589 τῶν
1025 3538 1230 3602 ἁπλῶν,
1254 3541 1307 3593 in
1337 3518 1654 3610 quibusdam
1681 3518 1800 3598 Ha?

219 3609 460 3679 plorum,
488 3615 605 3673 sive
630 3619 960 3690 simplicium
996 3609 1411 3698 exemplarium.

293 3704 519 3764 Certum
549 3713 996 3788 exploratumque
1018 3729 1102 3777 est
1129 3722 1183 3776 in
1204 3721 1458 3791 Psalmis,
1487 3725 1541 3779 in
1562 3723 1803 3798 Prophe-

218 3795 298 3852 tis
323 3798 630 3859 minoribus
648 3815 704 3860 et
725 3805 913 3864 forsan
940 3812 1090 3879 alibi,
1115 3823 1313 3883 praeter
1342 3815 1481 3871 duas
1516 3795 1801 3876 columnas

218 3887 547 3961 Hebraicas,
580 3903 1013 3969 quartrm'altera
1049 3904 1354 3974 Hebraicis,
1386 3909 1556 3966 altera
1596 3910 1801 3967 Graecis

217 3979 422 4040 litteris
457 3985 735 4059 descripta
781 4002 930 4060 erat;
984 4005 1040 4050 et
1088 4011 1183 4051 sex
1241 3999 1529 4056 columnas
1581 4000 1800 4058 Graecas

225 4074 454 4165 totidem
490 4077 1023 4152 interpretationum,
1057 4103 1253 4158 nempe
1277 4089 1511 4160 Aquilae,
1548 4092 1801 4165 Symma-

221 4164 345 4232 chi,
384 4165 552 4236 Lxx,
590 4169 1021 4245 Theodotionis,
1071 4177 1288 4245 Quintae
1324 4191 1378 4237 et
1413 4164 1625 4250 Sextio,
1678 4201 1802 4255 quae

219 4256 391 4310 simul
420 4266 545 4314 octo
576 4261 861 4321 columnas
883 4306 899 4332 ,
938 4268 1052 4323 sive
1085 4268 1308 4341 Octapla
1346 4274 1755 4331 constituebant
1781 4294 1796 4343 ;

216 4347 511 4418 septimam
575 4353 740 4409 etiam
788 4355 1033 4414 Graecam
1084 4363 1379 4419 editionem
1424 4365 1634 4431 fuisse,
1678 4383 1801 4439 quae

215 4455 423 4539 nonam
449 4443 779 4539 columnam
843 4465 1111 4524 occupare
1169 4455 1377 4522 debuit,
1440 4466 1604 4528 atque
1659 4460 1796 4516 adeo
1828 4485 1873 4539 ι)

215 4529 538 4605 Enneapla,
612 4539 728 4594 sive
775 4557 970 4598 novem
1049 4546 1432 4604 columnarum
1492 4565 1633 4621 opus
1684 4552 1796 4608 elli-

216 4639 366 4682 cet'e.
444 4630 516 4683 At
593 4631 797 4688 mirum
868 4634 1101 4695 fortasse
1172 4642 1420 4697 videatur
1492 4642 1798 4714 Enneaplo-

214 4731 345 4771 rum
423 4733 621 4776 nomen
690 4738 962 4794 nusquam
1028 4720 1172 4799 apud
1253 4739 1464 4789 veteres
1529 4749 1799 4791 memora-

216 4813 337 4862 tum
362 4811 612 4880 reperiri.
647 4814 731 4869 An
756 4818 884 4886 quia
916 4818 1064 4875 illam
1084 4821 1375 4878 editionem
1399 4823 1661 4897 Origenes
1688 4844 1796 4883 non

218 4897 278 4954 in
303 4903 446 4957 serie
476 4903 894 4976 columnarum,
924 4911 1017 4967 sed
1053 4912 1107 4966 in
1146 4913 1259 4969 imo
1293 4917 1540 4988 margine
1586 4919 1797 4975 locave-

216 4997 327 5056 rat,
355 4989 477 5047 ideo
497 5009 768 5065 nusquam
794 4997 1198 5070 Enneaplorum
1225 5019 1444 5069 nomen,
1468 5006 1632 5061 etiam
1667 5024 1793 5064 cum

216 5078 313 5134 illa
357 5082 565 5149 aderat,
616 5097 937 5158 usurpatum
971 5092 1092 5147 est?
1124 5093 1207 5147 An
1260 5105 1506 5150 veterum
1559 5095 1794 5163 incuria,

216 5170 433 5229 etiamsi
487 5176 799 5234 columnam
848 5185 1196 5252 occupaverit
1258 5200 1413 5240 suam
1445 5225 1461 5251 ,
1522 5203 1793 5258 nusquam

216 5271 402 5320 tamen
425 5265 703 5341 Enneapla
727 5283 1026 5329 memorata
1052 5276 1562 5347 deprehenduntur?
1588 5280 1642 5334 ω
1666 5294 1796 5336 sane

216 5353 575 5413 divinandum
616 5361 960 5433 relinquitur.
1010 5363 1179 5421 Multa
1230 5383 1451 5439 quoque
1502 5370 1609 5424 alia
1666 5378 1797 5426 sunt

216 5461 341 5515 quae
365 5462 431 5502 ex
460 5449 580 5504 solo
606 5449 967 5524 Hexaplorum
993 5452 1453 5528 Octaplorumque
1473 5468 1792 5529 conspectu,

218 5539 401 5593 statim
430 5553 558 5597 nota
586 5545 783 5615 cuique
810 5556 865 5602 et
894 5548 1180 5605 manifesta
1207 5559 1422 5615 essent,
1462 5565 1692 5622 quaeque
1728 5551 1793 5607 iis

219 5629 462 5686 destituti
495 5633 584 5688 vix
615 5650 679 5690 ac
707 5653 774 5694 ne
802 5638 891 5694 vix
943 5641 1163 5711 quidem
1208 5642 1524 5714 conjectura
1571 5643 1791 5715 assequi

218 5735 533 5792 possumus.

1903 3248 2114 3304 invecta
2141 3251 2365 3305 notavit.
2407 3251 2587 3321 Atque
2616 3261 2677 3308 ut
2703 3254 3178 3312 emendationibus
3207 3258 3322 3314 suis
3344 3258 3485 3314 face-

1903 3349 1986 3396 ret
2009 3341 2190 3407 ﬁdem,
2222 3358 2330 3397 una
2359 3357 2484 3398 cum
2517 3342 2783 3401 Hebraico
2816 3345 3048 3402 aliorum
3092 3349 3485 3420 interpretatio-

1904 3447 2004 3488 nes
2030 3447 2062 3487 e
2095 3432 2319 3504 regione
2342 3434 2561 3503 posuit,
2591 3444 2653 3490 ut
2699 3437 2935 3507 quisque
2968 3437 3152 3493 videre
3192 3449 3376 3510 posset
3423 3457 3482 3497 se

1903 3538 2011 3579 non
2037 3523 2155 3578 sine
2183 3525 2511 3581 auctoritate
2536 3533 2590 3581 et
2633 3542 2828 3581 manca
2859 3529 3215 3586 resarcivisse
3240 3570 3255 3596 ,
3292 3539 3345 3586 et
3386 3546 3481 3587 su-

1901 3614 2107 3684 perﬂua
2132 3615 2368 3686 praefixis
2396 3617 2569 3674 obelis
2605 3627 2665 3673 ut
2696 3620 2918 3677 inducta
2953 3631 3195 3678 notasse.

1900 3704 1988 3760 Ill.
2017 3707 2383 3783 An_lle:ca_pla
2406 3712 2553 3783 prius
2582 3727 2771 3783 quam_
2790 3712 3056 3783 Tetrapla.
3098 3714 3307 3770 Certum
3333 3717 3479 3770 vide-

1973 3788 2061 3831 tur
2091 3777 2337 3848 Tetrapla
2357 3777 2504 3845 prius
2534 3777 2690 3852 quam
2721 3777 2964 3854 Hexapla
2997 3785 3265 3839 adornata
3287 3787 3473 3856 fuisse.

1971 3888 2244 3957 Quaeritur
2267 3890 2575 3962 Hexaplane
2600 3893 2770 3963 prius,
2803 3912 2873 3951 an
2900 3894 3149 3968 Tetrapla
3178 3898 3479 3954 concinna-

1903 3982 2040 4037 verit
2056 3980 2339 4054 Origenes.
2360 3983 2513 4045 Multi
2533 3984 2784 4056 Tetrapla
2804 3987 3081 4056 praeivisse
3115 3999 3476 4048 censuerunt:

1901 4090 2090 4130 verum
2112 4085 2317 4147 pugnat
2347 4075 2614 4134 Henricus
2649 4077 2897 4135 Valesius
2925 4078 3212 4151 Origenem
3239 4080 3479 4152 Hexapla

1900 4166 2138 4225 edidisse
2166 4178 2294 4224 ante
2338 4184 2504 4240 quam
2553 4168 2825 4241 Tetraplis
2869 4185 3096 4226 manum
3143 4173 3476 4237 admoveret,

1900 4261 2007 4318 hoc
2033 4263 2196 4319 nixus
2228 4261 2448 4319 Eusebii
2494 4264 2809 4320 testimonio
2866 4264 3008 4319 Hist.
3052 4264 3342 4321 Eccl.lib.
3393 4282 3477 4343 _vr,

1900 4369 2020 4425 cap.
2047 4354 2112 4410 16
2141 4370 2154 4406 :
2191 4354 2404 4420 Ταύτας
2429 4354 2487 4407 δὲ
2521 4356 2741 4420 ἁπάσας
2784 4357 2877 4410 ἐπὶ
2917 4357 3110 4411 ταυτὸν
3139 4357 3479 4428 συναγαγὼν,

1899 4443 2089 4499 διελών
2118 4463 2180 4499 τε
2225 4446 2359 4517 πρὸς
2398 4445 2570 4500 κῶλον
2589 4488 2604 4514 ,
2651 4449 2746 4502 καλ¹
2785 4449 3177 4518 ἀντιπαραθεὶς
3223 4449 3481 4523 ἀλλήλαις

1902 4537 2038 4608 μετὰ
2070 4539 2165 4592 καὶ
2211 4538 2382 4608 αὐτῆς
2422 4539 2521 4611 τῆς
2560 4537 2823 4610 Ἐϐραίων
2866 4541 3243 4611 σημειώσεως,
3270 4541 3339 4595 τὰ
3368 4541 3478 4595 τῶν

1897 4629 2204 4700 λεγομένων
2240 4629 2517 4696 Ἑξαπλῶν
2547 4632 2676 4702 ἡμῖν
2702 4630 3013 4702 ἀντίγραφα
3046 4631 3437 4686 καταλέλοιπεν
3458 4648 3472 4663 ·

1901 4720 2045 4784 ἰδίως
2083 4720 2181 4792 τὴν
2234 4721 2459 4776 Ἀκύλου
2503 4721 2596 4776 καὶ
2625 4722 2947 4793 Συμμὰχου,
2992 4722 3086 4777 καὶ
3126 4723 3478 4789 Θεοδοτίωνος

1897 4810 2107 4866 ἔκδοσιν
2140 4812 2257 4885 ἅμα
2298 4816 2364 4887 τῇ
2395 4812 2503 4867 τῶν
2539 4815 2594 4870 0'
2622 4815 2679 4870 ἐν
2699 4816 2812 4877 τοῖς
2839 4813 3173 4887 Τετραπλοῖς
3216 4817 3478 4869 ἐπικατα-

1899 4904 2188 4967 σκευάσας.
2225 4905 2357 4972 Qute
2387 4905 2468 4961 sic
2494 4905 2584 4959 ille
2606 4907 2767 4961 vertit
2795 4923 2808 4959 :
2853 4906 2968 4961 Has
2999 4908 3166 4978 igitur
3194 4923 3370 4961 omnes
3393 4909 3477 4960 in-

1899 4999 2296 5067 terpretationes
2328 5015 2449 5055 cum
2472 5001 2525 5052 in
2550 5016 2712 5054 unum
2737 5016 2923 5068 corpus
2947 4999 3261 5070 collegisset,
3295 5010 3351 5054 'et
3382 5014 3476 5068 per

1900 5099 2040 5145 certa
2064 5090 2179 5147 cola
2201 5108 2263 5148 ac
2288 5092 2520 5147 membra
2551 5094 2910 5160 dislinxisset,
2938 5110 3045 5147 una
3071 5108 3190 5146 cum
3217 5093 3329 5162 ipso
3358 5092 3475 5145 He-

1896 5182 2075 5238 braico
2108 5192 2253 5238 textu
2277 5227 2293 5249 ,
2326 5182 2691 5255 Hexaplorum
2711 5185 2858 5239 nobis
2881 5185 3205 5255 exemplaria
3225 5184 3472 5254 reliquit;

1894 5287 2075 5346 postea
2104 5294 2223 5333 vero
2243 5277 2525 5334 editionem
2555 5280 2762 5352 Aquin
2788 5289 2839 5335 et
2870 5279 3176 5349 Symmachi
3203 5295 3265 5332 ac
3303 5277 3471 5333 Theo-

1896 5370 2127 5424 dotionis
2148 5387 2266 5424 cum
2290 5370 2640 5443 Septuaginta
2674 5373 3032 5441 Interpretum
3076 5371 3308 5423 versione
3330 5386 3474 5424 seor-

1894 5480 2011 5523 sum
2040 5465 2096 5517 in
2124 5462 2384 5535 Tetraplis
2412 5464 2653 5536 digessit.
2679 5465 2804 5521 Ideo
2826 5474 3005 5519 autem
3042 5463 3123 5518 sic
3150 5463 3468 5518 vertendum

1895 5568 2015 5609 esse
2035 5554 2282 5620 credidit,
2312 5555 2458 5624 quod
2488 5569 2676 5609 vocem
2710 5553 3223 5618 ἐπικατασκευάσας
3241 5591 3258 5618 ,
3303 5566 3469 5622 quam

1895 5647 2009 5716 ipse
2051 5661 2118 5700 ex
2169 5646 2555 5717 manuscriptis
2607 5663 2707 5717 pro
2738 5645 3107 5711 ἐπισκευάσας
3165 5644 3468 5707 substituit,

1893 5745 2108 5809 putaret
2145 5736 2489 5809 significare,
2540 5737 2791 5799 Tetrapla
2814 5746 2939 5811 post
2969 5739 3114 5795 edita
3152 5736 3343 5797 fuisse.
3398 5733 3473 5796 Δι
