3832 6214
370 276 445 335 93
1740 278 2262 335 maxumum»
3539 287 3616 344 ῃ

365 395 482 453 sive
533 396 925 466 ἐπισκευάσας,
971 402 1084 458 sive
1133 401 1646 468 ὲπικατασκευάσας
1699 402 1908 474 legatur

2043 405 2134 458 τὸν
2163 405 2371 476 εἱρμὸν,
2412 411 2541 469 etc.,
2587 404 2892 460 referantur
2916 403 2985 461 ad
3013 405 3310 470 δείκνυται,
3343 415 3397 462 et
3417 423 3614 464 sensus

365 489 514 544 hunc
537 505 659 546 esse
687 493 925 548 arbitror
952 494 1179 563 hujusce
1208 495 1312 550 loci
1351 511 1570 551 sensum
1604 515 1616 550 :
1667 494 1938 566 Hexaplo-

365 599 484 635 rum
505 583 656 639 nobis
685 586 1008 655 exemplaria
1048 589 1257 660 reliquit
1282 607 1302 645 :
1351 607 1470 644 cum
1503 592 1720 646 seorsim
1752 590 1938 645 editio-

362 687 480 726 nem
509 674 736 743 Aquilae,
773 675 1074 747 Symmachi
1129 689 1177 734 et
1217 680 1587 738 Theodotionis
1624 700 1742 738 cum
1782 681 1935 742 LXX

362 763 750 838 Interpretibus
781 773 831 826 in
862 773 1122 844 Tetraplis
1147 778 1468 847 digessisset.

431 860 686 917 Aoristus
730 865 874 919 enim
917 866 1020 922 hoc
1073 867 1176 922 situ
1232 869 1446 938 positus
1495 886 1609 926 rem
1662 879 1935 942 postremo

361 954 698 1010 enuntiatam
737 957 891 1026 prius
933 957 1132 1013 factam
1168 975 1288 1014 esse
1327 961 1578 1024 denotat,
1615 978 1780 1032 quam
1813 977 1933 1016 eam

363 1059 485 1112 qua:
506 1048 826 1116 praecedenti
852 1051 1019 1104 verbo
1049 1051 1344 1106 indicatur.
1369 1051 1495 1108 Haec
1519 1069 1646 1108 vero
1678 1053 1934 1124 loquendi

363 1135 539 1193 forma
571 1140 704 1195 adeo
753 1142 911 1196 obvia
955 1143 1096 1213 apud
1132 1145 1430 1214 scriptores
1459 1144 1678 1201 Graecos
1724 1157 1825 1210 est,
1876 1157 1936 1202 ut

360 1226 562 1280 mirum
591 1229 660 1283 sit
690 1229 866 1286 virum
901 1232 1119 1288 doctum
1159 1235 1212 1288 in
1253 1249 1312 1290 re
1348 1241 1457 1289 tam
1501 1245 1685 1306 aperta
1719 1237 1932 1307 lapsum

358 1333 500 1374 esse.
526 1319 616 1375 Sic
641 1324 782 1392 apud
817 1325 1144 1382 Strabonem
1170 1329 1264 1383 lib.
1290 1346 1387 1384 xm
1413 1329 1528 1383 hinc
1563 1330 1725 1384 verba
1751 1348 1766 1383 :
1803 1331 1932 1384 Ἀτ-

357 1411 517 1478 ταλος
547 1415 815 1480 διεδέξατο
841 1418 939 1488 τὴν
960 1418 1152 1490 ἀρχὴν,
1181 1423 1274 1474 καὶ
1301 1420 1642 1493 ἀνηγορεύθη
1681 1421 1933 1491 βασιλεὺς

358 1496 512 1569 οὗτος
547 1508 796 1581 πρῶτος,
829 1512 1055 1581 νικήσας
1106 1513 1354 1578 Γαλάτας
1390 1513 1514 1586 νίκῃ
1563 1514 1810 1591 μεγάλῃ,
1853 1517 1933 1568 sic

358 1598 742 1668 explicantur:
798 1604 1006 1658 Attalus
1053 1608 1257 1674 excepit
1305 1607 1604 1676 imperium,
1646 1615 1694 1660 et
1728 1609 1928 1676 primus

357 1705 452 1744 rea:
479 1692 836 1760 proclamatus
859 1706 956 1760 est,
981 1705 1258 1767 postquam
1285 1714 1529 1768 magnam
1549 1699 1823 1752 victoriam
1866 1698 1930 1751 de

2041 499 2130 561 sit,
2181 506 2460 552 ostensum
2511 507 2594 553 est
2648 496 2949 554 secundum
3009 500 3207 554 seriem
3236 499 3320 554 vel
3370 515 3436 554 ex
3467 506 3614 557 serie

2039 585 2290 643 Hebraici
2329 590 2635 644 etaliarum
2667 589 2968 645 editionum
2992 631 3008 652 ,
3044 599 3250 645 textum
3285 591 3392 645 τῶν
3433 595 3488 645 0’
3513 593 3614 647 ali-

2035 689 2168 750 quot
2200 680 2252 734 in
2289 683 2420 738 locis
2449 684 2838 753 transpositnm
2859 727 2872 748 ,
2900 692 2954 739 et
2995 693 3322 753 praepostere
3369 685 3609 740 locatum

2035 771 2233 838 fuisse;
2266 775 2512 856 videlicet
2545 776 2598 829 in
2627 787 2754 831 nota
2790 775 2860 830 ad
2889 777 3188 846 marginem
3229 777 3606 846 Tetraplorum

2033 866 2232 936 pes-ita,
2256 883 2376 936 qua:
2395 868 2647 922 monebat
2666 884 2730 925 eo
2753 869 2871 924 loco
2895 870 3088 924 seriem
3117 867 3225 922 τῶν
3244 869 3296 922 0t
3333 869 3604 922 turbatam

2032 968 2086 1012 et
2110 960 2497 1028 transpositam
2531 976 2652 1016 esse
2690 978 2703 1012 :
2737 977 2859 1031 quae
2891 970 3195 1030 sequuntur
3220 960 3386 1026 enim,
3412 959 3604 1015 τούτου

2033 1048 2191 1122 χάριν
2225 1049 2616 1121 παρεθήκαμεν
2648 1050 2988 1114 ἀκολουθίαν,
3029 1052 3144 1106 ideo
3180 1061 3375 1104 rectam
3417 1054 3606 1105 seriem

2035 1143 2158 1213 (hic)
2195 1147 2564 1212 apposuimus,
2621 1155 2803 1214 aperte
2837 1145 3079 1200 indicant
3114 1145 3260 1199 illam
3305 1144 3606 1199 restitutio-

2032 1251 2155 1289 nem
2195 1245 2319 1305 post
2345 1237 2487 1292 edita
2533 1237 2780 1307 Tetrapla
2838 1236 3036 1292 factam
3095 1237 3284 1292 fuisse.
3343 1235 3436 1291 His
3481 1253 3606 1306 quae

2027 1327 2141 1398 jam
2171 1328 2401 1382 dicimus
2426 1328 2582 1382 [idem
2613 1327 2740 1383 facit
2763 1339 2889 1384 nota
2915 1329 3120 1385 codicis
3148 1328 3256 1380 RR.
3282 1326 3385 1380 PP.
3424 1325 3606 1381 Jesui-

2033 1429 2208 1474 tarum
2235 1420 2443 1490 collegii
2477 1420 2734 1475 Ludovici
2760 1421 2958 1492 Magni,
2991 1436 3153 1491 quam
3186 1418 3323 1472 infra
3354 1418 3599 1474 edemus.

2032 1511 2105 1565 lbi
2142 1528 2375 1582 namque
2417 1513 2616 1567 dicitur
2654 1512 2940 1582 Origenem
2986 1513 3240 1583 Tetrapla
3269 1528 3364 1566 sua
3413 1526 3602 1565 corre-

2032 1603 2174 1656 xisse
2234 1613 2287 1657 et
2337 1604 2560 1658 scholiis
2603 1603 2942 1658 illustrasse:
2999 1621 3121 1674 qum
3170 1604 3375 1658 scholia
3426 1603 3601 1671 ipsius

2031 1691 2282 1760 Origenis
2305 1708 2469 1746 manu
2499 1693 2771 1762 descripta
2805 1695 3016 1747 viderat
3043 1695 3088 1748 is
3113 1693 3207 1762 qui
3251 1702 3435 1747 notam
3481 1690 3601 1745 edi-

357 1777 567 1837 Galatia
590 1798 965 1853 reportaverat.
984 1787 1120 1842 Nam
1145 1790 1270 1845 licet
1285 1792 1399 1846 haec
1417 1792 1638 1846 victoria
1657 1800 1920 1860 postremo

2032 1759 2310 1835 dit.’lllam
2340 1798 2502 1851 porro
2528 1785 2650 1838 cod.
2684 1759 3336 1853 Monspeliensis—notam
3377 1783 3444 1838 ad
3492 1780 3601 1835 He-

356 1871 479 1930 loco
511 1876 785 1930 enuntiari
817 1877 1086 1946 videatur,
1124 1895 1188 1934 ex
1217 1882 1506 1950 perspicuo
1557 1890 1736 1936 tamen
1778 1892 1930 1938 noto-

357 1977 464 2031 que
490 1979 592 2020 usu
641 1966 730 2021 hic
776 1968 1096 2034 intelligitur
1151 1971 1433 2025 victoriam
1486 1974 1830 2048 praecessisse
1877 1982 1932 2028 et

359 2052 831 2126 inaugurationem
859 2071 1100 2123 secutam
1147 2077 1287 2117 esse.
1319 2062 1474 2119 Hunc
1528 2065 1656 2118 item
1707 2064 1928 2120 Eusebii

367 2143 545 2200 locum
579 2148 658 2203 sic
699 2149 968 2221 intelligas
1001 2163 1232 2222 oportet,
1267 2169 1331 2209 ac
1363 2155 1409 2208 si
1443 2155 1614 2211 series
1644 2157 1714 2214 ita
1748 2173 1806 2211 se
1835 2157 1931 2212 ha-

365 2235 536 2301 beret,
571 2239 714 2306 ἰδίως
741 2241 836 2313 τὴν
876 2244 1099 2298 Ἀκύλου
1131 2245 1223 2298 καὶ
1271 2247 1565 2318 Συμμάχου
1601 2250 1696 2301 καὶ
1739 2247 1928 2301 Θεοδο-

361 2327 552 2394 τῑωνος
591 2330 798 2385 ἔκδοσιν
842 2334 956 2407 ἅμα
989 2338 1052 2407 τῇ
1097 2337 1205 2389 τῶν
1236 2341 1290 2388 O’
1335 2338 1393 2388 ὲν
1435 2340 1547 2400 τοῖς
1597 2338 1930 2409 Τετραπλοῖς

354 2421 879 2488 ὲπικατασκευάσας,
911 2425 979 2477 τὰ
1009 2426 1116 2479 τῶν
1143 2427 1450 2498 λεγομένων
1496 2429 1772 2495 Ἐξαπλῶν
1798 2433 1928 2503 ἡμῖν

353 2511 656 2583 ἀντίγραφα
689 2516 1106 2570 καταλέλοιπενο
1139 2519 1191 2573 id
1220 2530 1322 2586 est,
1351 2538 1469 2574 cum
1493 2523 1712 2574 seorsim
1735 2522 1927 2575 editio-

355 2604 718 2674 nemAquilaz,
760 2605 1065 2676 Symmachi
1109 2619 1157 2664 et
1202 2610 1572 2667 Theodotionis
1619 2630 1737 2666 cum
1773 2612 1922 2667 LXX

357 2690 735 2764 Interpretibus
779 2699 834 2752 in
868 2698 1128 2769 Tetraplis
1178 2703 1475 2773 digessisset
1501 2745 1514 2768 ,
1563 2705 1924 2775 Hexaplorum

354 2785 502 2840 nobis
532 2788 858 2857 exemplaria
885 2791 1116 2861 reliquit.
1147 2792 1402 2864 Nihilque
1423 2795 1588 2851 otiicit
1611 2797 1738 2852 huic
1760 2798 1926 2852 inter-

351 2879 661 2946 pretationi,
692 2897 796 2936 vox
822 2886 1121 2953 composita
1155 2888 1702 2953 ξπικατασκευάσαςι
1736 2892 1921 2946 eadem

353 2969 553 3044 quippe
605 2973 745 3027 ratio
792 2989 946 3045 aeque
977 2977 1119 3031 valet
1153 2978 1204 3031 in
1261 2981 1581 3050 compositis
1614 2982 1922 3052 quibusque

352 3069 517 3136 atque
552 3063 604 3117 in
636 3065 995 3134 simplicibus,
1021 3084 1144 3123 cum
1180 3070 1272 3124 tali
1299 3071 1462 3129 modo
1495 3084 1845 3143 usurpautur.

418 3154 534 3222 Qua
560 3158 735 3227 posita
765 3161 1213 3230 interpretatione
1247 3163 1498 3235 Tetrapla
1552 3166 1697 3222 haud
1757 3169 1921 3226 dubie

351 3248 505 3324 prius
540 3265 704 3319 quam
734 3249 974 3322 Hexapla
1005 3255 1235 3310 ediderit
1256 3256 1538 3327 Origenes.
1578 3257 1643 3314 Et
1667 3261 1780 3316 haec
1808 3270 1922 3317 erat

350 3340 691 3401 eruditorum
736 3345 920 3413 opinio
953 3356 1242 3416 antequam
1292 3347 1576 3416 Valesius,
1618 3364 1920 3409 memorato

351 3431 570 3497 Eusebii
593 3435 714 3490 loco
747 3435 936 3502 fultus,
969 3452 1166 3492 novam
1193 3439 1444 3506 aperiret.
1471 3441 1551 3496 Ad
1577 3444 1691 3499 lucc
1714 3457 1918 3512 autem,

352 3523 603 3596 Origenis
635 3536 760 3584 nota
793 3529 847 3582 in
871 3539 1032 3599 caput
1063 3547 1208 3587 XLVII
1236 3532 1460 3591 Genesis
1490 3552 1542 3590 v.
1577 3537 1628 3602 6,
1661 3553 1824 3606 quam
1853 3551 1919 3595 ex

350 3620 538 3679 codice
564 3620 948 3691 Monspeliensi
977 3625 1122 3680 eruit
1145 3624 1539 3694 Combelisius,
1591 3638 1757 3684 totam
1803 3634 1919 3685 sol-

351 3727 475 3775 vere
497 3713 852 3782 quaestionem
883 3714 1116 3769 videtur.
1165 3715 1296 3771 Eam
1344 3735 1503 3788 porro
1540 3722 1618 3775 sic
1650 3721 1920 3777 edidimus

349 3803 534 3862 eodem
564 3807 717 3859 loco:
756 3804 972 3876 Ἐπειδὴ
1002 3809 1059 3859 ὲν
1085 3811 1196 3872 τοῖς
1222 3810 1583 3882 Τετραπλοῖς,
1617 3813 1676 3880 ἐξ
1719 3808 1793 3868 ὧν
1825 3816 1919 3872 καὶ

346 3894 408 3946 τὸ
435 3895 765 3966 ἀντίγραφον
791 3898 1123 3978 μετελήφθη,
1153 3902 1288 3971 πρὸς
1307 3903 1397 3962 τὸν
1422 3905 1610 3976 εἱρμὸν
1641 3907 1731 3960 τὸν
1760 3909 1817 3961 ἐν
1842 3909 1920 3978 τῷ

359 3987 630 4059 Ἐδραῖκῷ
668 3989 761 4041 καὶ
791 3993 912 4055 ταῖς
944 3975 1132 4055 ἄλλαις
1159 3994 1402 4049 ὲκδόσεσι
1438 3975 1708 4053 δείκνυται
1740 4004 1835 4056 καὶ

345 4080 452 4149 τῶν
485 4080 880 4153 Ἑϐδομήκοντα
912 4085 968 4137 ἐν
994 4103 1102 4138 τισι
1136 4089 1317 4154 τόποις
1340 4092 1685 4160 μετατεθεῖσα
1703 4134 1717 4158 ,
1752 4095 1827 4159 ὡς
1851 4097 1919 4154 τὰ

348 4173 541 4244 πρῶτα
577 4174 778 4248 ὕστερα
806 4178 899 4231 καὶ
929 4177 997 4232 τὰ
1027 4178 1226 4252 ὕστερα
1250 4184 1439 4254 πρῶτα
1459 4185 1748 4252 γενέσθαι·
1780 4188 1918 4259 ὅπερ

346 4267 440 4320 καὶ
470 4267 700 4322 ἐνταῦθα
739 4271 933 4342 εὑρέθη
968 4272 1213 4326 παθοῦσα
1233 4291 1246 4304 ο
1273 4276 1460 4328 τούτου
1485 4278 1644 4349 χάριν
1676 4280 1918 4352 παρεθή-

345 4373 521 4429 καμεν
555 4359 871 4412 ἀκολουθίαν
894 4379 906 4391 ·
943 4362 1056 4416 ἔστι
1081 4364 1136 4432 δὲ
1172 4366 1328 4438 αὕτη.
1363 4367 1472 4439 Τῷ,
1504 4371 1916 4444 Κατοικήσομεν

345 4453 392 4509 ot
426 4452 608 4516 παῖδές
643 4469 735 4520 σου
779 4456 837 4511 ὲν
869 4458 937 4526 γῇ
975 4457 1170 4528 Γεσὲμ,
1217 4461 1545 4518 συνάπτεται
1580 4466 1642 4518 τὸ
1664 4505 1679 4529 ,
1703 4462 1837 4519 Eine
1860 4467 1916 4520 δὲ

343 4543 543 4616 Φαραὼ
568 4544 644 4615 τῷ
684 4546 902 4618 Ἰωσὴφ,
936 4552 1342 4620 κατοικήτωσαν
1371 4556 1428 4606 ὲν
1449 4559 1518 4626 γῇ
1545 4557 1740 4629 Γεσέμ.
1771 4559 1834 4612 Εἰ
1859 4559 1916 4616 δὲ

344 4635 560 4708 ἐπίστῃ,
589 4637 668 4688 ὅτι
692 4638 828 4700 εἰσιν
855 4640 911 4690 ὲν
941 4642 1144 4704 αὐτοῖς.
1172 4641 1286 4698 Hoc
1320 4655 1402 4700 est
1432 4665 1445 4700 :
1480 4647 1915 4719 Quandoquidem

343 4729 398 4780 in
434 4726 713 4796 Tetraplis,
751 4732 889 4784 unde
907 4734 1172 4802 exemplar
1195 4745 1583 4806 transumptum
1608 4751 1705 4806 est,
1735 4758 1916 4796 secun-

342 4820 470 4884 dum
493 4822 679 4875 seriem
709 4821 960 4877 Ilebraici
987 4829 1318 4898 aliarumque
1349 4830 1638 4885 editionum
1673 4835 1911 4888 ostendi-

344 4920 452 4975 tur,
507 4910 853 4983 Septuaginta
893 4915 1246 4987 Interpretum
1299 4922 1578 4975 editionem
1629 4925 1829 4995 aliquot
1860 4928 1913 4980 in

342 5004 472 5060 locis
504 5007 882 5077 transpositam
910 5009 1114 5077 fuisse;
1150 5013 1226 5066 ita
1269 5022 1327 5065 ut
1359 5030 1476 5083 qua:
1510 5016 1691 5084 priora
1738 5029 1910 5083 erant,

341 5098 640 5164 posterius;
667 5115 784 5169 qua:
832 5101 1142 5167 posteriora,
1188 5104 1334 5171 prius
1382 5104 1684 5159 locarentur
1724 5123 1744 5161 :
1774 5111 1912 5179 quod

341 5187 436 5239 hoc
481 5189 642 5242 etiam
668 5190 782 5244 loco
813 5193 1070 5246 accidisse
1119 5193 1557 5262 deprehenditur;
1589 5199 1706 5252 ideo
1736 5217 1911 5255 veram

340 5278 527 5329 seriem
564 5279 648 5332 hic
685 5284 1047 5349 apposuimus,
1095 5300 1212 5354 qua:
1244 5286 1320 5338 sic
1352 5285 1524 5341 habet.
1571 5288 1672 5342 His
1701 5291 1867 5344 verbis
1893 5334 1908 5358 ,

340 5365 717 5427 Habitabimus
746 5374 898 5441 pueri
928 5375 1006 5427 tui
1042 5375 1097 5429 in
1123 5383 1264 5430 terra
1305 5376 1498 5451 Gesem
1521 5418 1536 5441 ,
1574 5379 1912 5452 subjungitur

339 5459 504 5511 illud:
525 5458 668 5516 Dixi'
696 5472 873 5524 autem
897 5463 1111 5520 Pharao
1133 5464 1330 5536 Joseph
1357 5482 1372 5520 :
1407 5466 1661 5524 Habitent
1689 5472 1742 5524 in
1768 5483 1909 5527 terra

339 5550 553 5606 Gesem.
611 5554 668 5606 Si
706 5566 884 5609 autem
939 5559 1191 5623 noveris,
1227 5559 1373 5628 quod
1405 5560 1515 5616 sint
1570 5563 1624 5616 in
1671 5565 1772 5628 eis,
1800 5574 1904 5621 etc.

337 5639 510 5706 Quam
562 5653 744 5700 notam
795 5656 854 5699 ut
884 5658 1027 5703 recte
1077 5651 1367 5723 intelligas,
1416 5657 1682 5725 virgulam
1735 5673 1907 5727 ponas

337 5741 546 5801 oportet
578 5744 698 5803 post
728 5750 912 5792 vocem
936 5739 1264 5817 μετελήφθη,
1284 5745 1353 5798 ita
1373 5753 1431 5806 ut
1452 5749 1728 5817 sequentia
1760 5749 1893 5820 πρὸς

2033 1874 2189 1943 xapla
2237 1873 2484 1944 Origenis
2528 1876 2798 1944 pertinere
2834 1891 2943 1927 non
2995 1874 3399 1943 ambigendum.
3460 1869 3595 1924 Nam

2033 1966 2087 2018 in
2121 1963 2373 2033 Hexaplis
2397 1966 2485 2020 ille
2516 1968 2631 2021 suis
2671 1967 2788 2021 loca
2817 1965 3171 2036 Septuaginta
3216 1964 3593 2033 lnterpretum,

2032 2070 2152 2124 quae
2180 2057 2264 2110 vel
2296 2057 2640 2111 librariorum
2674 2058 2953 2126 lapsu,vel
2975 2058 3080 2112 alio
3111 2073 3243 2112 casu
3271 2056 3596 2125 transposita

2031 2145 2267 2215 fuerant,
2301 2149 2478 2203 ordini
2521 2165 2620 2203 suo
2659 2149 2936 2214 restituit,
2985 2160 3044 2204 ut
3074 2149 3212 2204 infra
3256 2148 3594 2218 probabitur.

2101 2238 2256 2304 Quod
2305 2249 2483 2294 autem
2529 2241 2583 2293 in
2643 2239 2911 2309 Tetraplis
2962 2241 3255 2296 editionem
3303 2239 3445 2293 LXX
3488 2255 3595 2292 non

2029 2330 2396 2385 emendaverit
2449 2329 2748 2401 Origenes,
2798 2331 2890 2385 sed
2944 2331 3008 2385 iis
3061 2347 3278 2384 manum
3330 2328 3595 2384 medicam

2031 2431 2217 2492 postea
2251 2424 2584 2485 admoverit,
2620 2439 2811 2493 nempe
2845 2439 2968 2478 cum
2995 2421 3228 2494 Hexapla
3278 2431 3330 2477 et
3375 2421 3596 2490 Octapla

2031 2515 2342 2578 adornaret,
2372 2516 2559 2570 multis
2589 2531 2652 2570 ex
2680 2516 2814 2570 locis
2831 2516 3236 2585 comprobatur.
3271 2514 3361 2569 Sic
3387 2515 3596 2583 psalmo

2031 2622 2248 2670 Lxxxw,
2292 2605 2347 2660 in
2402 2617 2529 2664 nota
2576 2608 2641 2662 ad
2683 2609 2718 2679 ᾖ
2769 2608 2802 2663 5
2849 2607 3098 2677 superius
3136 2622 3287 2660 num.
3335 2608 3357 2661 l
3412 2608 3592 2673 allata,

2028 2696 2228 2755 dicitur
2269 2699 2446 2753 locum
2487 2700 2636 2754 illum
2683 2700 2931 2753 vitiatum
2980 2699 3179 2769 Μήτηρ
3221 2697 3378 2763 Σιὼν,
3426 2698 3596 2753 Mater

2029 2787 2179 2856 Sion,
2228 2792 2320 2860 qui
2356 2792 2575 2860 respicit
2621 2791 2943 2846 Hebraicum
2981 2775 3158 2875 W351,
3193 2790 3374 2844 haberi
3410 2791 3463 2844 in
3491 2789 3592 2845 Te-

2027 2884 2306 2946 traselido,
2340 2884 2455 2939 sive
2484 2886 2537 2938 in
2567 2883 2852 2954 Tetraplo;
2889 2899 3048 2938 secus
3079 2891 3257 2936 autem
3286 2882 3340 2936 in
3369 2880 3595 2938 Octase-

2028 2975 2156 3040 lido,
2195 2977 2309 3030 sive
2345 2977 2398 3029 in
2447 2974 2705 3045 Octaplo,
2744 2977 2836 3032 ubi
2876 2987 3022 3031 recte
3063 2975 3371 3045 legebatur,
3417 2975 3490 3046 μὴ
3525 2977 3590 3049 τῇ

1947 3101 1991 3160 C
2029 3069 2187 3128 Σιὼν,
2219 3070 2454 3138 nunquid
2510 3068 2658 3131 Sion,
2692 3069 2819 3138 quia
2845 3067 3094 3122 videlicet
3135 3069 3278 3122 hunc
3307 3068 3484 3121 locum
3537 3067 3591 3120 in

2026 3159 2290 3231 Tetraplis
2336 3161 2656 3217 mendosum
2677 3202 2693 3226 ,
2728 3157 3050 3228 in'Octaplis
3075 3170 3257 3229 postea
3291 3160 3594 3214 emendavit

2020 3255 2304 3326 Origenes.
2340 3257 2395 3309 ln
2418 3256 2556 3310 libro
2591 3263 2770 3308 autem
2801 3252 2902 3309 Job
2926 3252 3364 3322 frequentissima
3387 3268 3591 3306 memo-

2021 3358 2214 3404 rantur
2245 3350 2361 3403 loca
2392 3364 2457 3404 ex
2492 3347 2762 3418 Tetraplis
2798 3349 3105 3415 desumpta,
3137 3344 3339 3416 quibus
3365 3345 3590 3398 demon-

2021 3451 2229 3496 stratur
2259 3439 2398 3494 LXX
2434 3439 2788 3510 lnterpretum
2844 3439 3159 3502 editionem,
3209 3451 3330 3507 quae
3375 3437 3443 3490 ab
3470 3433 3592 3488 Ori-

2021 3550 2157 3604 gene
2201 3535 2253 3588 in
2303 3532 2569 3603 Tetraplis
2618 3533 2793 3602 posita
2822 3529 3025 3594 fuerat,
3079 3545 3191 3583 non
3245 3527 3587 3582 emendatam

2021 3627 2235 3693 fuisse;
2273 3629 2365 3682 sed
2415 3637 2470 3682 et
2501 3629 2790 3699 σφάλματα
2831 3637 2886 3682 et
2912 3633 3277 3696 prmposteras
3307 3621 3587 3684 lectiones,

2021 3734 2142 3787 qua:
2169 3718 2223 3770 in
2251 3719 2652 3788 exemplaribus
2676 3718 2783 3772 τῶν
2814 3721 2868 3772 0'
2897 3717 3221 3777 exstabant,
3262 3713 3464 3766 intacta
3515 3710 3586 3763 ibi

2021 3810 2386 3875 remansisse,
2435 3819 2492 3863 ut
2539 3811 2774 3880 quisque
2821 3808 3253 3864 animadvertere
3310 3804 3480 3874 possit
3532 3803 3586 3855 in

2021 3902 2164 3956 notis
2193 3905 2412 3958 nostris.
2457 3899 2810 3971 Exploratum
2846 3902 3028 3970 itaque
3074 3906 3157 3953 est
3195 3907 3400 3951 textum
3443 3891 3586 3950 LXX

2020 3988 2377 4060 lnterpretum
2407 3993 2460 4045 in
2490 3991 2757 4060 Tetraplis
2781 4007 2886 4045 non
2912 3989 3256 4046 emendatum
3275 3985 3464 4049 fuisse,
3493 3983 3586 4037 sed

2019 4092 2214 4154 postea
2246 4088 2299 4136 in
2329 4082 2583 4153 Hexaplis
2613 4084 2666 4137 id
2720 4081 3038 4152 praestitisse
3081 4079 3390 4146 Origenem.
3444 4075 3589 4146 Qua-

2019 4187 2239 4246 propter
2259 4177 2349 4230 ubi
2378 4177 2444 4229 de
2467 4177 2797 4230 emendanda
2821 4172 2962 4230 LXX
2983 4173 3334 4241 lnterprctnm
3354 4169 3588 4222 lectione

2020 4269 2198 4338 agitur
2255 4267 2395 4336 apud
2446 4276 2694 4330 veteres,
2752 4264 2990 4333 Hexapla
3045 4277 3278 4331 semper,
3334 4258 3586 4325 Tetrapla

2019 4375 2294 4428 nunquam
2331 4359 2583 4414 citantur.
2613 4355 2751 4412 Hine
2773 4366 2951 4410 autem
2984 4355 3247 4422 liquidum
3284 4361 3369 4408 est
3396 4351 3589 4405 Tetra-

1952 4446 1993 4499 Β
2021 4453 2106 4523 pla
2139 4453 2291 4522 prius
2313 4467 2476 4520 quam
2511 4447 2733 4518 Octapla
2757 4451 2899 4504 edita
2925 4449 3093 4502 fuisse
3121 4466 3134 4501 :
3164 4463 3290 4500 nam
3332 4447 3376 4500 si
3405 4445 3588 4500 Hexa-

2017 4547 2105 4615 pla
2133 4561 2256 4600 cum
2289 4545 2531 4600 editione
2563 4544 2770 4598 scilicet
2798 4543 2888 4597 illa
2909 4541 3018 4596 τῶν
3042 4543 3095 4595 O’
3133 4555 3159 4594 a
3199 4541 3409 4595 mendis
3456 4555 3588 4609 pur-

2015 4649 2155 4709 gata,
2185 4635 2338 4706 prius
2365 4635 2625 4690 edidisset
2667 4634 2963 4704 Origenes;
3010 4649 3076 4687 an
3113 4633 3366 4687 credatur
3403 4634 3581 4701 ipsum

2013 4741 2202 4800 postea
2233 4746 2356 4787 cum
2384 4727 2631 4797 Tetrapla
2660 4728 2865 4792 ederet,
2903 4727 3067 4780 missa
3107 4726 3195 4778 illa
3237 4741 3399 4795 quam
3432 4736 3586 4779 tanto

2012 4823 2201 4878 labore
2225 4821 2626 4876 emaculaverat
2651 4817 2941 4889 Hexaplari
2973 4819 3229 4883 editione,
3273 4818 3434 4871 aliam
3501 4818 3586 4870 in-

2012 4919 2358 4973 emendatam
2388 4927 2442 4973 et
2459 4918 2654 4973 erratis
2685 4917 2899 4986 plenam
2926 4913 3274 4984 posuisse?”
3297 4921 3442 4966 certe
3455 4928 3582 4966 cum

2012 5023 2160 5068 recta
2189 5013 2398 5067 ratione
2431 5020 2698 5082 pugnaret
2727 5027 2738 5062 :
2783 5019 2836 5064 et
2871 5018 3128 5079 praeterea
3165 5007 3317 5061 locus
3361 5005 3582 5060 Eusebii

2013 5122 2172 5177 quem
2199 5120 2361 5174 supra
2385 5103 2796 5172 descripsimus,
2823 5116 3030 5155 necnon
3054 5114 3288 5168 sequens
3308 5096 3578 5182 Origcnis,

2011 5198 2063 5252 id
2108 5208 2292 5268 aperte
2340 5204 2584 5249 narrant.
2620 5194 2744 5249 Haec
2790 5203 2970 5248 autem
3029 5193 3276 5262 pluribus
3306 5191 3581 5262 prosecuti

2017 5303 2227 5354 sumus,
2253 5287 2378 5358 quia
2411 5286 2678 5341 Henricus
2705 5285 2956 5339 Valesius
2979 5284 3157 5338 locum
3195 5281 3414 5336 Eusebii
3458 5297 3581 5351 per-

2015 5397 2199 5450 peram
2232 5381 2640 5450 interpretatus,
2680 5377 2854 5433 doctis
2880 5377 3090 5446 aliquot
3117 5375 3248 5430 viris
3281 5375 3464 5429 lucum
3498 5371 3580 5428 fec

2009 5480 2176 5534 cerat.

2186 5560 2274 5616 IV.
2314 5561 2431 5626 Quo
2465 5569 2689 5626 tempore
2718 5557 2961 5626 Hexapla
2988 5556 3395 5610 concinnat‘erit.

2082 5649 2158 5712 De
2201 5661 2440 5719 tempore
2486 5665 2596 5719 quo
2649 5647 2885 5717 Hexapla
2936 5646 3221 5700 adornavit
3270 5645 3569 5715 Origenes,

2014 5761 2237 5817 prorsus
2270 5743 2550 5800 ἀσύστατα
2581 5753 2766 5800 narrat
2800 5741 3155 5814 Epiphanius,
3185 5743 3276 5812 qui
3309 5743 3404 5811 ait,
3444 5740 3569 5798 Ori-
