3832 6214
292 260 367 315 35
1516 258 1585 313 IN
1621 258 1945 315 HEXAPLA
1983 258 2323 318 ORIGENIS.
3468 258 3536 315 28

290 390 484 448 genam
512 388 544 430 a
572 382 814 446 tempore
844 375 992 433 Decii
1026 377 1094 433 ad
1118 392 1294 449 usque
1321 375 1612 447 imperium
1640 377 1778 433 Galli
1812 388 1866 434 et
1894 386 1940 443 Α
1970 379 2283 452 Symmachi
2310 376 2705 449 interpretatio.
2736 373 2973 431 Eusebio
3000 373 3183 429 itidem
3211 372 3534 444 astipulatur

292 465 579 522 Volusiani
628 475 684 520 et
730 467 873 523 ultra
923 468 1221 525 ﬂoruisse:
1272 484 1338 525 ac
1385 470 1441 523 in
1486 470 1865 540 persecutione
1964 470 2332 542 Epiphanius,
2376 471 2622 527 scribens
2668 467 2862 523 haaresi
2905 481 3063 530 Lxlv,
3093 479 3214 534 cap.
3253 465 3318 530 3,
3346 464 3534 537 Orige-

292 558 438 614 Decii
473 559 643 613 multa
680 574 901 628 passum
927 599 944 625 ,
989 576 1166 630 neque
1199 569 1377 617 tamen
1424 562 1687 633 martyrio
1730 576 1865 616 con-
1964 576 2087 616 nem
2137 561 2546 616 lucubrationes
2581 574 2713 614 suas
2757 557 2813 611 in
2865 555 3203 625 Scripturam
3229 595 3244 620 ,
3294 555 3532 626 impulsu

288 656 646 713 summatum,
682 647 986 705 Caesaream
1026 653 1403 708 concessisse:
1439 651 1565 706 inde
1589 650 1864 724 Jerosoly-

288 753 434 796 mam
462 779 479 805 ,
522 749 710 809 postea
773 739 1019 812 Tyrum:
1073 742 1200 806 ubi,
1248 742 1426 812 pergit
1471 742 1592 806 ille.
1635 753 1760 797 octo
1810 751 1866 798 et

284 827 478 898 viginti
521 844 790 884 annorum
826 833 1002 902 spatio
1042 842 1321 897 moratus,
1364 831 1604 904 Hexapla
1639 849 1863 904 compo-

284 921 415 975 suit.
447 919 574 976 Haec
604 920 967 991 Epiphanius,
1000 928 1094 995 qui
1134 927 1333 980 mirum
1371 934 1635 995 quantum
1669 941 1699 980 a
1729 942 1861 981 vero

281 1012 636 1069 aberraret-it.
663 1012 798 1069 Nam
825 1030 971 1081 cum,
998 1016 1232 1072 Eusebio
1261 1026 1418 1083 teste,
1450 1015 1714 1087 Origenes
1753 1017 1859 1071 im-

280 1107 599 1173 perantibus
643 1105 798 1162 Gallo
853 1116 907 1161 et
937 1106 1254 1171 Volusiano,
1310 1108 1405 1178 qui
1457 1124 1601 1163 anno
1652 1108 1859 1164 Christi

275 1195 384 1253 254
412 1198 541 1252 caesi
573 1206 722 1259 sunt,
758 1197 977 1264 obierit,
1036 1199 1124 1253 vix
1174 1200 1349 1269 potuit
1401 1210 1524 1269 post
1554 1199 1701 1254 Decii
1730 1216 1855 1270 per-

277 1289 615 1342 secutionem
674 1288 801 1342 anni
842 1288 943 1342 25!
1005 1290 1180 1345 tribus
1237 1290 1398 1344 annis
1448 1291 1670 1347 vixisse.
1725 1291 1856 1348 June

274 1378 444 1450 igitur
470 1379 823 1435 doctissimus
869 1380 1380 1452 illustrissimusque
1421 1382 1683 1448 Huctius,
1715 1384 1857 1454 reje-

273 1470 380 1525 ctis
410 1468 699 1540 Epiphanii
744 1471 909 1535 notis,
935 1472 1152 1527 aliunde
1193 1473 1459 1528 calculum
1499 1482 1684 1545 petere
1730 1476 1855 1531 niti-

271 1572 361 1619 tur
377 1579 394 1619 :
410 1571 580 1631 utque
598 1563 1019 1632 probabiliorem
1041 1581 1103 1619 ea
1122 1566 1187 1622 de
1210 1582 1268 1622 re
1289 1569 1849 1636 statuatsententiam,

269 1654 339 1709 ad
364 1663 582 1724 tempus
609 1652 892 1709 Maximini
917 1671 1053 1726 opus
1092 1655 1455 1728 Hexaplorum
1493 1669 1751 1715 revocat:
1785 1677 1850 1717 ac

269 1744 538 1801 Caesareae
565 1745 880 1800 inchoatum
912 1785 928 1812 ,
981 1746 1106 1819 Tyri
1131 1759 1312 1805 autem
1352 1749 1649 1821 perfectum
1683 1750 1853 1808 fuisse

266 1838 541 1907 opinatur.
604 1837 679 1892 De
704 1847 855 1893 tanto
898 1850 1078 1896 autem
1120 1842 1329 1897 edendo
1365 1859 1526 1913 opere
1565 1844 1679 1914 jam
1723 1853 1852 1901 tunc

264 1927 539 1999 Cogitasse
563 1926 850 1999 Origenem
881 1940 1055 2000 putat,
1084 1947 1210 1988 cum
1237 1934 1578 1989 Alexandria:
1608 1950 1851 1990 versare-

262 2027 390 2071 tur:
414 2017 723 2087 ibidemque
750 2021 1038 2076 nonnullas
1058 2021 1354 2092 Scriptura:
1375 2024 1848 2094 interpretationes

260 2108 549 2179 collegisse
573 2110 1008 2182 contulisseque:
1030 2130 1148 2184 qua:
1183 2113 1350 2170 totius
1372 2124 1661 2171 structurae
1684 2117 1847 2171 veluti

261 2198 568 2255 rudimenta
620 2202 806 2255 haberi
866 2212 1164 2271 poterant;
1225 2206 1419 2260 deinde
1473 2205 1732 2262 Caesarea:
1787 2207 1845 2262 in

257 2287 601 2358 Cappadocia
628 2290 705 2344 rei
732 2291 875 2346 serio
896 2308 1114 2347 manum
1143 2293 1489 2359 admovisse;
1518 2296 1846 2367 demumque

258 2377 392 2450 Tyri
415 2380 732 2437 absolvisse.
762 2380 853 2438 Sic
870 2383 957 2438 ille
988 2382 1435 2455 Origenianorum
1456 2387 1551 2442 lib.
1576 2403 1615 2453 I,
1639 2404 1762 2460 cap.
1786 2390 1842 2457 ’5,

255 2485 392 2525 num
417 2469 473 2524 2.
502 2469 635 2542 Ejus
658 2475 821 2527 verba
866 2472 1071 2529 referre
1100 2491 1206 2529 non
1239 2477 1460 2546 pigebit.

334 2579 355 2613 ι
400 2561 774 2632 Tetraplorum
805 2573 860 2620 et
885 2563 1249 2636 llexaplorum
1273 2607 1287 2632 ,
1316 2584 1553 2639 quorum
1599 2572 1837 2626 mentio-

256 2668 385 2707 nem
422 2651 554 2707 fecit
604 2653 873 2712 Eusebius
913 2657 1009 2713 lib.
1057 2674 1111 2713 vt
1162 2658 1406 2726 Hirtam,
1446 2677 1567 2732 cap.
1610 2663 1698 2727 16,
1749 2665 1838 2719 cui

256 2745 491 2815 tempori
524 2745 868 2818 adjungenda
900 2752 969 2804 sit
1005 2750 1336 2821 descriptio,
1381 2762 1621 2810 statuere
1650 2771 1837 2826 prom-

249 2845 411 2906 ptum
446 2851 556 2890 non
582 2845 684 2891 est.
718 2836 943 2894 Factum
984 2841 1038 2896 id
1075 2842 1385 2913 significare
1419 2847 1632 2902 videtur
1665 2847 1837 2903 Euse-

254 2923 385 2980 bius
426 2926 599 2981 multo
640 2938 929 2998 antequam
960 2930 1293 2988 Alexandria
1335 2936 1597 3008 Origenes
1641 2955 1833 2997 exces-

253 3015 453 3084 sisset,
488 3026 617 3073 tunc
645 3020 904 3075 nimirum
950 3038 1074 3078 cum
1120 3025 1472 3083 Ambrosium
1508 3032 1576 3085 ad
1626 3032 1828 3089 Christi

249 3107 418 3163 ﬁdem
459 3111 833 3168 convertebat.
885 3113 1223 3194 Epiphanius
1273 3130 1454 3176 autem
1500 3122 1627 3193 Tyri
1676 3124 1830 3180 lucu-

248 3200 409 3254 brata
438 3216 502 3256 ea
544 3217 653 3256 non
694 3205 859 3259 semel
887 3210 1237 3265 asseveravit.
1272 3210 1387 3283 Ego
1411 3229 1540 3269 vero
1570 3215 1717 3271 aliud
1750 3217 1828 3272 rei

247 3288 380 3345 huic
426 3299 641 3362 tempus
671 3294 891 3363 deputo,
942 3300 1162 3367 quando
1213 3303 1444 3371 scilicet,
1479 3304 1829 3364 Christianos

248 3391 486 3437 vexante
526 3383 853 3443 Maximino.
880 3386 1182 3446 Ctesaream
1214 3392 1571 3464 Cappadocia:
1610 3398 1675 3452 ad
1706 3398 1828 3453 Fir-

248 3472 539 3528 milianum
573 3476 819 3547 confugit
857 3477 1139 3552 Origenes.
1172 3484 1216 3537 A
1262 3483 1478 3541 Juliana
1511 3490 1653 3543 enim
1695 3490 1830 3545 libe-

240 3564 433 3619 raliter
451 3579 711 3638 exceptus
737 3581 789 3624 et
813 3573 975 3626 domo
1005 3583 1059 3628 et
1089 3575 1411 3633 bibliotheca
1439 3595 1468 3633 a
1496 3579 1825 3651 Symmacho

240 3654 376 3708 olim
428 3656 743 3724 instructa,
794 3663 860 3716 ad
909 3678 1028 3717 eam
1079 3665 1275 3720 deinde
1324 3667 1656 3725 haereditatis
1701 3670 1823 3741 jure

240 3749 602 3812 transmissa,
636 3762 828 3808 nactus
862 3755 972 3809 illic
1003 3765 1086 3811 est
1119 3755 1415 3826 Scriptura:
1444 3775 1614 3816 sacrae
1639 3778 1824 3818 exem-

238 3838 452 3907 plaria,
480 3841 680 3910 quibus
715 3859 847 3899 usus
890 3844 1067 3901 fuerat
1096 3846 1478 3919 Symmachus.
1527 3850 1665 3906 Tum
1694 3869 1824 3909 vero

239 3927 462 3983 codices
495 3930 673 3999 ipsum
719 3933 1031 3991 conflixisse
1078 3938 1219 3992 inter
1266 3955 1325 3994 se
1378 3951 1432 3995 et
1470 3943 1823 4012 conjunxisse

238 4016 524 4084 probabile
552 4028 677 4074 est:
715 4022 806 4076 sed
840 4039 962 4077 cum
1000 4025 1307 4082 institutum
1340 4044 1478 4098 opus
1520 4047 1618 4101 per
1647 4049 1823 4104 angu-

239 4110 376 4165 stias
421 4113 679 4186 temporis
711 4115 782 4168 ibi
812 4115 1094 4172 absolvere
1125 4134 1230 4173 non
1275 4130 1480 4189 posset,
1508 4138 1819 4192 supremam

240 4197 347 4267 ipsi
390 4215 615 4256 manum
657 4203 713 4258 in
752 4207 864 4260 otio
901 4205 1066 4278 Tyrio
1112 4209 1459 4280 imposuisse.
1507 4212 1624 4268 Non
1673 4218 1818 4286 quod

233 4291 305 4346 de
339 4290 407 4347 iis
434 4295 702 4363 cogitasse
730 4294 1022 4368 Origenem
1057 4310 1169 4356 tum
1198 4304 1433 4373 primum
1468 4318 1649 4376 putem
1678 4326 1692 4375 ;
1723 4310 1818 4364 sed

1961 652 2238 707 Ambrosii
2268 661 2570 723 susceptas,
2593 651 2661 705 ab
2691 648 2947 719 llexaplis
2970 647 3138 702 fuisse
3160 646 3529 717 auspicatum:

1963 743 2036 797 Τὸ
2061 743 2309 815 πρῶτον,
2347 743 2551 813 inquit,
2591 739 2753 796 αὐτοῦ
2801 737 3075 809 ἐπιμελῶς
3113 738 3533 809 ἐφιλοτιμήσατο

1962 836 2288 902 συναγαγεῖν
2313 832 2421 886 τῶν
2454 833 2513 899 ἒξ
2535 831 2861 903 ἑρμηνειῶν.
2905 830 3069 900 Atqui
3109 840 3239 884 tunc
3271 832 3531 900 temporis

1960 924 2304 979 Alexandriae
2348 924 2688 978 versabatur.
2747 920 3101 990 Retorquebit
3148 930 3528 991 argumentum

1959 1009 2158 1079 aliquis
2182 1051 2195 1073 ,
2222 1017 2277 1064 et
2315 1010 2492 1078 dicet,
2525 1010 2629 1064 hoc
2670 1019 2908 1078 tempore
2937 1025 3029 1064 sex
3056 1009 3529 1078 interpretationes

1957 1097 2012 1152 in
2044 1113 2212 1153 unum
2240 1098 2496 1169 colligere
2522 1114 2629 1151 non
2652 1098 2893 1167 potuisse
2917 1095 3224 1168 Origenem,
3246 1099 3338 1167 qui
3363 1098 3524 1153 etiam

1958 1198 2073 1243 tum
2125 1188 2437 1261 Symmachi
2491 1190 2936 1259 interpretatione
2979 1199 3032 1244 et
3080 1190 3314 1249 editione
3363 1188 3525 1246 Sexta

1957 1290 2190 1337 careret.
2228 1280 2548 1351 Respondeo
2594 1279 2958 1350 llexaplorum
3001 1280 3523 1351 coagmentationem

1955 1380 2135 1424 mente
2168 1369 2548 1440 praeformasse
2575 1370 2779 1439 ipsum,
2825 1384 2948 1424 cum
2979 1378 3123 1424 esset
3146 1369 3520 1434 Alexandriae,

1954 1473 2063 1512 non
2101 1458 2219 1529 ipsa
2257 1470 2699 1529 coagmentasse,
2749 1473 2871 1513 cum
2902 1458 3145 1513 nondum
3192 1459 3522 1528 exemplaria

1952 1548 2179 1605 haberet
2203 1550 2269 1605 ad
2293 1566 2549 1605 manum:
2580 1551 2672 1606 sed
2700 1550 2811 1621 jam
2837 1549 2960 1604 inde
2984 1549 3116 1618 ipsis
3135 1550 3523 1619 investigandis

1952 1655 2172 1710 operam
2201 1642 2435 1697 dedisse.
2469 1640 2655 1711 Itaque
2683 1657 2792 1695 non
2823 1642 2955 1696 dicit
2983 1641 3321 1712 Epiphanius
3361 1644 3524 1717 συνήι-

1884 1728 1925 1783 Β
1953 1753 2155 1806 γαγεν;
2184 1738 2297 1806 sed,
2333 1737 2752 1809 ἐφιλοτιμήσατο
2783 1740 3123 1807 συναγαγεῖν.
3164 1757 3184 1789 p

2025 1828 2117 1883 Sic
2163 1829 2248 1882 vir
2293 1829 2699 1885 eruditissimus
2733 1829 3044 1899 Opinionem
3090 1846 3243 1884 suam
3277 1846 3523 1888 asserere

1950 1918 2166 1974 nititur.
2207 1919 2305 1975 His
2336 1929 2515 1975 autem
2566 1928 2833 1991 repugnat
2862 1919 3242 1977 Tillemontius
3264 1962 3279 1987 ,
3311 1924 3403 1993 qui
3433 1931 3520 1977 ta-

1949 2028 2072 2067 men
2105 2023 2160 2067 et
2187 2014 2301 2084 ipse
2328 2014 2485 2084 quasi
2516 2013 2836 2069 hariolando
2871 2028 2983 2067 rem
3015 2013 3085 2067 ita
3116 2024 3428 2084 pertractat,
3460 2025 3521 2073 ut

1946 2104 2146 2163 dubius
2191 2104 2361 2159 lector
2408 2104 2617 2174 ignoret
2652 2104 2743 2159 ubi
2781 2103 2909 2175 ligat
2937 2104 3149 2175 pedem.
3194 2105 3325 2177 Ejus
3355 2108 3517 2164 verba

1946 2198 2027 2255 sic
2054 2196 2246 2252 Latina
2278 2194 2528 2249 facimus.

2021 2306 2040 2339 ι
2075 2286 2206 2341 Post
2234 2283 2510 2340 Valesium
2558 2283 2785 2341 lluctius
2819 2286 3093 2341 existimat
3124 2284 3362 2357 Hexapla
3391 2285 3517 2342 Ori-

1944 2394 2133 2449 genem
2168 2378 2408 2433 edidisse
2440 2386 2730 2448 antequam
2763 2378 3012 2449 Tetrapla
3052 2381 3423 2436 concinnaret.
3457 2378 3513 2434 Si

1942 2470 2016 2524 ita
2065 2485 2125 2526 se
2170 2485 2260 2524 res
2292 2470 2521 2538 habeat,
2568 2486 2676 2524 non
2726 2473 2905 2541 potuit
2954 2471 3216 2542 Origenes
3262 2471 3517 2542 ﬂexaplis

1942 2576 2166 2616 manum
2204 2561 2495 2615 admovere
2528 2570 2819 2631 antequam
2853 2563 3235 2617 Alexandriam
3271 2579 3330 2619 se
3378 2564 3517 2619 reci-

1941 2664 2114 2725 peret,
2155 2653 2301 2723 quod
2328 2653 2524 2707 accidit
2554 2668 2699 2707 anno
2724 2654 2851 2719 251,
2883 2655 3320 2725 quandoquidem
3353 2654 3516 2711 Sexta

1938 2747 2153 2812 versio,
2184 2760 2347 2814 quam
2387 2745 2442 2799 in
2486 2744 2742 2815 Hexaplis
2774 2746 2972 2800 locavit
2994 2788 3008 2811 ,
3042 2760 3187 2799 anno
3219 2744 3514 2800 Alexandri

1940 2833 2125 2890 Severi
2156 2836 2416 2905 septimo,
2461 2848 2521 2891 ut
2549 2844 2735 2889 narrat
2763 2833 3121 2905 Epiphanius,
3152 2846 3362 2905 reperta
3393 2843 3512 2902 est,

1941 2927 1995 2982 id
2024 2937 2108 2982 est
2144 2926 2526 2981 anno‘Christi
2555 2926 2682 2990 2‘28,
2710 2927 2794 2980 vel
2825 2926 3036 2979 tantillo
3062 2936 3221 2980 antea
3247 2934 3509 2995 tempore.

1934 3019 2073 3074 Cum
2103 3028 2283 3073 autem
2317 3016 2613 3088 Septimam
2648 3032 2867 3087 quoque
2900 3018 3191 3072 editionem
3213 3058 3227 3082 ,
3258 3033 3381 3087 quae
3409 3033 3510 3072 suo

1933 3110 2048 3165 ba-c
2079 3118 2289 3179 reperta
2320 3107 2452 3175 fuit,
2490 3110 2543 3162 in
2572 3106 2829 3178 Hexaplis
2856 3109 3135 3178 posuerit,
3164 3124 3228 3162 ac
3256 3109 3422 3162 variis
3450 3124 3509 3162 ει-

1929 3204 2133 3274 gitatus
2176 3204 2443 3275 negotiis,
2489 3210 2779 3271 antequam
2821 3203 3123 3256 Caesaream
3165 3210 3371 3271 peteret
3396 3216 3503 3256 Ιιοί

1932 3304 2019 3350 sat
2048 3295 2143 3349 otii
2172 3304 2367 3350 nactus
2404 3293 2572 3348 fuisse
2602 3294 2887 3360 videatur;
2921 3294 3034 3348 veri
3060 3309 3192 3348 sane
3218 3294 3393 3349 simile
3417 3302 3502 3350 est

1928 3401 2051 3440 eum
2086 3386 2139 3439 in
2172 3385 2275 3439 hac
2315 3385 2448 3439 urbe
2484 3383 2725 3455 Hexapla
2755 3399 3011 3439 exorsum
3036 3400 3176 3439 esse.
3210 3383 3335 3440 H180
3374 3400 3503 3439 vero

1928 3477 2189 3547 temporis
2221 3476 2358 3530 ratio
2389 3492 2511 3530 cum
2545 3474 2833 3545 Epiphanii
2867 3477 3179 3530 narratione
3213 3476 3506 3531 convenire

1928 3568 2161 3633 videtur,
2182 3567 2275 3636 qui
2293 3568 2368 3621 ait
2388 3567 2567 3636 ipsum
2592 3563 2828 3634 Hexapla
2858 3580 3112 3619 exorsum
3139 3581 3260 3620 esse
3285 3567 3506 3635 quando

1927 3656 2128 3730 Tyrum
2161 3673 2220 3713 se
2248 3659 2491 3728 recepit;
2527 3665 2581 3711 et
2612 3657 2801 3727 viginti
2836 3667 2962 3711 octo
2995 3658 3154 3713 annis
3196 3657 3325 3712 huic
3355 3658 3504 3727 operi

1924 3751 2231 3806 insudasse.
2266 3749 2465 3804 Verum
2497 3759 2558 3804 ut
2586 3751 2702 3805 haec
2726 3750 3026 3805 consistere
3050 3759 3295 3821 possent,
3328 3766 3503 3805 annos

1924 3840 2227 3895 octodecim
2258 3855 2357 3909 pro
2388 3840 2578 3911 viginti
2610 3850 2734 3893 octo
2769 3840 3053 3911 legendum
3099 3850 3274 3905 esset,
3306 3850 3361 3895 et
3400 3857 3498 3910 pro

1925 3931 2067 4002 Tyro
2105 3930 2409 3985 Caesaream
2448 3930 2887 3985 substituemlum
2935 3930 3116 3985 foret:
3160 3932 3252 3985 ubi
3287 3932 3502 3987 videtur

1922 4022 2184 4093 Origenes
2216 4022 2401 4078 sedem
2433 4024 2683 4092 posuisse
2711 4023 2779 4077 ab
2809 4038 2953 4077 anno
2984 4024 3081 4077 2³51
3118 4024 3184 4078 ad
3211 4023 3337 4077 250.
3366 4023 3503 4079 Nam

1922 4116 1968 4170 si
2001 4114 2121 4169 vita:
2149 4116 2343 4169 seriem
2375 4115 2646 4181 attendas,
2676 4116 2856 4169 statim
2885 4116 3036 4170 dicas
3061 4116 3347 4185 Origenem
3390 4133 3501 4173 non

1918 4206 2164 4276 potuisse
2188 4204 2317 4276 Tyri
2348 4221 2523 4260 annos
2544 4206 2615 4259 28
2638 4207 2995 4260 commorari:
3022 4206 3299 4277 multoque
3320 4208 3502 4265 minus

1920 4298 2005 4352 hae
2038 4296 2216 4368 Tyria:
2258 4312 2428 4352 morae
2475 4307 2601 4367 post
2642 4297 2790 4352 Decii
2835 4299 3265 4366 persecutionem
3314 4299 3500 4354 consi-

230 4381 581 4440 Alexandriae
614 4384 847 4443 fortasse
880 4391 1032 4460 prius
1063 4395 1245 4449 animo
1275 4395 1597 4463 informata,
1632 4401 1815 4456 Caesa-

1936 4389 2076 4460 ;nari
2102 4397 2352 4458 possunt,
2379 4388 2434 4443 id
2467 4389 2595 4444 licet
2629 4387 2820 4444 fecerit
2853 4388 3218 4459 Epiphanius:
3250 4391 3499 4459 quando-

231 4487 345 4527 rea:
366 4473 723 4543 Cappadociae
752 4479 1024 4547 inchoata,
1049 4481 1276 4540 Athenis
1301 4495 1354 4540 et
1376 4486 1634 4545 Caesareae
1665 4490 1813 4546 Stra-

234 4569 383 4654 tonis
424 4568 635 4633 all‘ecta,
674 4587 740 4625 ac
784 4571 908 4645 Tyri
944 4575 1161 4630 demum
1210 4580 1447 4635 arbitror
1488 4581 1659 4639 fuisse
1692 4601 1813 4654 per-

232 4653 399 4709 fecta.
433 4656 511 4711 Ita
545 4657 782 4715 Eusebio
830 4664 1152 4719 conciliatur
1186 4665 1542 4738 Epiphanius,
1575 4653 1808 4741 quorum

235 4745 332 4800 ille
360 4747 601 4817 aliquam
649 4751 704 4806 in
742 4755 1138 4813 concinnandis
1169 4757 1424 4829 Hexaplis
1468 4762 1815 4820 Alexandriae

235 4850 459 4905 operam
492 4839 562 4894 ab
588 4839 820 4913 Origene
844 4846 1076 4914 positam
1107 4848 1317 4903 videtur
1343 4852 1685 4922 significare;
1721 4856 1811 4912 hic

233 4927 363 4999 Tyri
395 4928 566 4987 fuisse
590 4938 891 5004 composita
929 4950 1111 5006 aperte
1139 4939 1333 5008 docet;
1363 4945 1508 5014 quod
1534 4946 1614 5000 ita
1651 4947 1813 5003 intel-

233 5022 512 5091 ligendum
544 5036 647 5092 est,
682 5043 793 5083 non
821 5027 948 5100 Tyri
980 5031 1154 5085 solum
1189 5050 1251 5089 ea
1285 5035 1598 5092 elaborasse
1624 5036 1813 5110 Orige-

234 5128 381 5180 nem,
411 5116 506 5169 sed
531 5117 584 5170 in
620 5117 686 5172 iis
711 5119 874 5174 etiam
906 5121 1040 5177 locis
1065 5122 1118 5176 in
1150 5125 1349 5193 quibus
1390 5141 1512 5181 octo
1538 5140 1590 5184 et
1621 5131 1809 5201 viginti

232 5213 361 5258 ante
396 5216 626 5261 mortem
663 5212 821 5266 annis
859 5222 1109 5269 versatus
1138 5227 1220 5270 est
1241 5257 1257 5282 ,
1290 5233 1427 5285 quos
1464 5216 1589 5289 Tyri
1620 5231 1806 5276 trans—

232 5304 383 5351 actos
400 5313 679 5368 perperam
702 5300 1037 5372 Epiphanius
1059 5306 1309 5362 credidit.
1332 5307 1539 5364 Firmat
1564 5321 1806 5367 nostram

232 5387 602 5456 conjecturam
627 5395 768 5461 quod
796 5396 873 5448 ait
893 5395 1161 5454 Eusebius
1181 5398 1273 5453 lib.
1294 5415 1366 5454 vi.
1394 5399 1541 5458 Hist.
1567 5419 1687 5473 cap.
1721 5405 1805 5472 l7,

236 5474 556 5548 Symmachi
585 5481 1083 5551 interpretationem
1115 5490 1169 5543 in
1202 5486 1433 5545 Iuliana:
1467 5491 1804 5551 Bibliotheca

231 5568 521 5641 Origenem
567 5576 854 5643 reperisse.
911 5576 1163 5635 Nondum
1213 5582 1398 5652 itaque
1438 5584 1678 5657 Hexapla
1723 5589 1804 5643 vel

232 5661 486 5736 Tetrapla
531 5667 954 5726 concinnavcrat
978 5712 995 5740 ,
1027 5688 1264 5744 quorum
1297 5692 1423 5747 pars
1465 5694 1660 5751 magna
1701 5681 1804 5736 fuit

1918 4481 2136 4550 quidem
2170 4478 2428 4549 Origenes
2457 4488 2579 4550 post
2602 4497 2720 4535 eam
2754 4481 3185 4550 persecutionem
3214 4481 3305 4535 vix
3335 4481 3503 4539 trien-

1914 4573 2006 4628 nio
2039 4573 2197 4627 vixit.
2248 4571 2446 4628 Verum
2486 4574 2591 4628 hoc
2630 4574 2804 4641 posito
2852 4588 3036 4627 rerum
3086 4582 3500 4644 temporumque

1914 4667 2126 4732 ordine,
2158 4667 2349 4737 ingens
2374 4666 2505 4719 hinc
2533 4666 2709 4720 oritur
2735 4663 3044 4729 difﬁcultas,
3075 4666 3216 4735 quod
3251 4667 3500 4720 videatur

1913 4759 2173 4829 Origenes
2200 4758 2310 4827 jam
2348 4757 2584 4826 llexapla
2606 4756 2687 4810 vel
2705 4754 2954 4825 Tetrapla
2991 4773 3089 4811 sua
3118 4758 3353 4812 edidisse
3373 4774 3497 4813 cum

1913 4848 2057 4904 Iulio
2105 4848 2365 4904 Africano
2414 4849 2668 4919 scripsit,
2698 4864 2821 4918 quae
2864 4856 3044 4902 tamen
3091 4850 3322 4919 epistola
3353 4865 3500 4905 anno

1914 4940 2019 4994 228
2049 4942 2174 4995 data
2206 4942 2377 4997 fuisse
2403 4940 2637 4996 videtur.
2661 4940 2720 4995 ln
2751 4942 2842 4995 illa
2869 4941 3074 5011 quippe
3094 4942 3322 5011 epistola
3352 4941 3500 4996 Afri-

1912 5051 2051 5090 cano
2082 5044 2270 5090 narrat
2297 5050 2357 5090 se
2390 5035 2593 5105 ingenti
2631 5034 2815 5089 labore
2845 5033 3096 5090 Hebraici
3136 5044 3191 5089 ct
3227 5033 3369 5088 LXX
3410 5033 3498 5090 ln-

1914 5136 2210 5197 terpretum
2255 5128 2441 5183 varias
2483 5127 2782 5193 lectiones,
2823 5126 2962 5181 facta
3004 5126 3292 5196 utriusque
3331 5127 3499 5184 colla-

1912 5219 2061 5273 tione
2094 5219 2410 5287 collegisse,
2443 5234 2615 5290 eaque
2646 5219 2712 5274 de
2745 5234 2914 5273 causa
2941 5221 3123 5272 varias
3151 5233 3345 5275 omnes
3374 5220 3494 5275 edi-

1910 5311 2089 5367 tiones
2111 5312 2534 5378 examinavisse,
2567 5312 2660 5366 ubi
2698 5328 2829 5367 sane
2859 5311 3111 5381 Tetrapla
3138 5313 3272 5367 satis
3312 5324 3497 5381 aperte

1911 5402 2154 5459 indicare
2205 5404 2439 5456 videtur.
2499 5403 2656 5469 Quod
2707 5403 2755 5458 si
2790 5403 2903 5456 haec
2933 5401 3187 5472 Origenis
3225 5404 3384 5458 verba
3426 5404 3495 5457 de

1910 5492 2051 5547 LXX
2077 5510 2199 5549 cum
2227 5494 2401 5549 obelis
2429 5502 2483 5547 et
2512 5494 2793 5548 asteriscis
2823 5491 3064 5547 editione
3105 5493 3328 5561 intelligi
3361 5509 3490 5563 pos-

1910 5599 2062 5652 sent,
2104 5601 2266 5655 quam
2313 5587 2367 5642 in
2402 5585 2591 5640 eadem
2627 5585 2852 5654 epistola
2887 5593 3322 5648 commemorat,
3375 5586 3490 5639 hare

1905 5679 2076 5735 editio
2104 5693 2240 5736 sane
2287 5678 2507 5735 nonnisi
2556 5687 2681 5749 post
2724 5677 2975 5751 Tetrapla
3022 5679 3342 5737 concinnari
3391 5692 3482 5747 pu-
