3832 6214
393 310 464 363 27
1760 324 2277 382 ΡΚᾸΞΗΜΙΝΑΒΙΑ
3557 346 3631 403 28

405 433 574 489 tuisse
617 435 846 491 videtur.
880 432 1014 492 Nam
1050 438 1102 493 id
1127 428 1311 509 operis
1340 457 1463 497 cum
1499 442 1766 514 Tetraplis
1810 460 1963 499 cam-
1993 450 2039 505 Α
2068 455 2145 499 ter
2175 447 2475 514 disputans,
2505 465 2666 514 supra
2706 451 2905 506 dictam
2943 453 3184 509 heresim
3228 464 3468 514 astruere
3490 463 3633 517 vide-

401 526 593 589 made,
640 527 769 601 sine,
809 526 1075 601 Tetraplis
1116 534 1335 589 nonnisi
1381 550 1578 605 magno
1625 536 1964 591 laboreﬁeri

399 625 630 690 poterat.
792 608 795 609 ⁷

474 726 498 762 ο
530 708 751 765 Certum
779 718 864 766 est
907 720 1087 766 autem
1119 710 1407 784 Origeuem
1451 713 1779 771 Nicomediae
1824 717 1964 773 hanc

397 801 465 857 ad
491 800 808 857 Africanum
838 805 1123 874 epistolam
1156 808 1480 877 scripsisse:
1513 825 1744 881 cumque
1792 811 1874 867 bis
1907 813 1960 866 in

396 891 662 949 Graeciam
704 894 810 949 iter
841 895 1154 966 instituerit,
1200 901 1463 956 alterutra
1495 902 1687 959 itinere
1714 903 1962 985 Nicomef

392 988 539 1044 diam
566 987 786 1058 petiisse
805 996 858 1043 et
878 989 1160 1059 epistolam
1183 991 1397 1049 dedisse
1422 994 1664 1065 videtur;
1689 1013 1753 1053 ac
1780 1000 1961 1068 potius

392 1081 593 1150 primo,
629 1094 793 1148 quam
825 1083 1104 1137 secundo:
1144 1088 1342 1139 etenim
1373 1088 1608 1157 primum
1637 1106 1782 1145 anno
1812 1093 1918 1147 228
1942 1135 1957 1160 ,

395 1169 693 1224 secundum
720 1172 1004 1227 duodecim
1034 1183 1155 1242 post
1184 1190 1353 1232 annos
1384 1178 1635 1234 instituit.
1666 1181 1959 1238 Africanus

391 1271 521 1311 vero
551 1259 727 1329 ipsum
764 1264 857 1317 lilii
889 1266 1110 1321 nomine
1143 1270 1461 1339 compellat,
1494 1273 1637 1343 quod
1667 1276 1847 1345 aptius
1889 1279 1958 1333 ad

390 1350 692 1404 secundum
722 1352 1007 1407 referatur.
1186 1424 1193 1431 _

467 1452 487 1486 ι
525 1436 649 1493 Haec
689 1447 748 1495 ut
779 1442 1082 1499 consistere
1128 1446 1341 1515 possint
1371 1449 1661 1507 dicendum
1699 1455 1913 1511 videtur
1937 1500 1953 1525 ,

388 1523 675 1597 Origeuem
728 1529 975 1604 Tetrapla
1005 1537 1364 1594 concinnasse
1393 1550 1518 1597 ante
1561 1559 1765 1599 annum
1810 1523 1951 1614 228,

389 1616 493 1671 sub
537 1617 651 1674 haec
698 1632 879 1677 autem
914 1635 1039 1694 post
1085 1638 1354 1694 repertam
1398 1629 1616 1687 Sextam
1661 1637 1950 1693 editionem

388 1703 625 1779 Hexapla
655 1713 908 1779 edidisse,
944 1716 1035 1771 ubi
1065 1719 1308 1787 quintam
1340 1731 1393 1776 et
1425 1735 1631 1779 sextam
1664 1728 1945 1785 locaverit:

388 1797 516 1853 licet
545 1816 658 1856 non
690 1813 775 1857 sat
817 1804 1042 1878 intelligi
1096 1810 1270 1878 possit
1310 1827 1408 1866 cur
1448 1830 1555 1869 non
1599 1819 1841 1887 quintam
1894 1824 1949 1877 in

388 1887 655 1962 Tetraplis
689 1901 953 1967 posuerit,
984 1902 1029 1957 si
1063 1902 1154 1957 illa
1186 1918 1330 1960 anno
1357 1906 1462 1960 217
1505 1911 1719 1967 inventa
1756 1914 1947 1982 fuerit,

385 1991 446 2037 ut
477 1984 814 2056 Epiphanius
858 2003 1084 2063 narrat;
1134 1997 1239 2054 nisi
1279 2000 1417 2054 forte
1456 2000 1670 2058 dicatur
1700 2005 1950 2077 Tetrapla

383 2074 546 2129 etiam
576 2086 701 2134 ante
727 2078 873 2136 hunc
898 2098 1101 2140 annum
1133 2089 1369 2157 perfecta
1397 2091 1586 2159 fuisse,
1616 2097 1701 2150 cui
1735 2108 1952 2154 senten-

385 2163 473 2219 tiae
497 2164 679 2223 favere
706 2170 921 2226 videtur
948 2173 1215 2235 Eusebius
1235 2221 1250 2235 .
1274 2222 1288 2235 .
1318 2222 1332 2237 .
1355 2222 1370 2237 .
1390 2221 1405 2236 .
1427 2222 1441 2237 .
1463 2223 1478 2238 .
1501 2223 1516 2237 .
1539 2225 1554 2239 .
1589 2186 1682 2241 Vir
1708 2190 1951 2247 (διεινὶεεὶ-

385 2271 508 2312 mus
539 2255 765 2316 Huetius
791 2272 944 2330 putat
966 2263 1251 2337 Origenem
1279 2271 1515 2345 Hexapla
1540 2294 1795 2335 exorsum
1826 2298 1948 2339 esse

383 2360 528 2401 anno
557 2347 696 2414 255,
736 2352 896 2408 nixus
930 2353 1145 2412 Eusebii
1181 2364 1488 2419 testimonio
1512 2405 1526 2429 ,
1558 2370 1648 2437 qui
1681 2371 1792 2437 ait,
1825 2371 1948 2428 Ori-

383 2451 575 2506 genem
610 2440 1082 2513 interpretationes
1111 2449 1423 2521 Symmachi
1454 2457 1507 2511 in
1544 2459 1883 2531 Scripturam
1915 2482 1945 2521 a

380 2527 595 2586 Juliana
629 2537 923 2605 accepisse.
970 2537 1108 2595 Hinc
1148 2543 1309 2599 infert
1342 2563 1463 2603 eum
1485 2590 1499 2614 ,
1530 2566 1655 2607 cum
1704 2558 1942 2612 nondum

382 2620 694 2694 Symmachi
758 2631 1064 2689 versionem
1129 2639 1463 2707 accepisset,
1528 2660 1638 2699 non
1700 2650 1946 2717 potuisse

381 2709 657 2783 Hexapla,
713 2733 835 2787 quae
887 2722 1031 2779 haud
1074 2726 1236 2783 dubie
1291 2729 1602 2802 Symmachi
1650 2709 1941 2797 editionem

379 2805 895 2879 complectebantur,
926 2816 1214 2874 adornare.
1245 2820 1314 2876 At
1340 2826 1633 2882 verisimile
1662 2846 1769 2885 non
1794 2833 1945 2889 vide-

378 2900 486 2960 tur,
515 2891 801 2969 Origenem
836 2903 1145 2975 Symmachi
1175 2917 1500 2983 versionem,
1526 2918 1595 2972 60
1619 2931 1742 2976 ante
1769 2938 1942 2982 annos

375 2984 706 3044 elaboratam
734 3033 749 3052 ,
816 3004 925 3050 tam
984 3015 1108 3054 sero
1155 3017 1374 3059 nactum
1433 3024 1595 3065 esse:
1659 3025 1942 3086 patestque

2068 546 2172 593 tur.
2204 539 2370 608 Atque
2423 541 2517 594 hos
2561 540 2861 611 Symmachi
2909 543 3324 602 Commentarios
3353 567 3460 605 una
3511 570 3631 607 cum

2064 625 2188 679 aliis
2235 643 2400 681 sacrm
2446 627 2738 698 Scripturw
2770 633 3290 703 interpretationibus
3337 638 3402 691 ab
3452 643 3631 695 eodeni

2062 705 2371 784 elaboratis,
2423 726 2648 772 testatur
2680 719 2927 790 Origenes
2967 738 3020 776 se
3064 739 3098 775 a
3135 721 3359 777 Iuliana
3399 727 3628 794 quadam

2063 809 2340 877 accepisse,
2368 809 2436 863 ad
2460 826 2618 879 quam
2647 811 2686 863 ii
2721 811 2844 865 libri
2872 815 3214 868 successionis
3236 815 3358 883 jure
3391 833 3638 885 pervene-

2062 906 2220 963 rant;
2251 900 2339 953 ubi
2365 900 2517 964 illud,
2546 901 2602 954 in
2625 902 2813 972 quibus
2840 904 3088 958 adversus
3114 902 3455 975 Evangelium
3490 906 3629 960 Mat-

2063 987 2186 1040 thari
2209 989 2402 1042 acriter
2426 989 2725 1057 disputans,
2751 992 3112 1059 supradictam
3135 994 3372 1049 hatresim
3392 1007 3632 1052 astruere

2060 1081 2283 1146 videtur,
2312 1097 2378 1135 ex
2401 1082 2665 1138 diametro
2699 1085 3004 1153 oppositam
3038 1084 3271 1141 Eusebio
3300 1090 3626 1144 sententiam

2058 1172 2229 1226 effert.
2261 1170 2396 1226 Nam
2450 1189 2514 1228 ea
2544 1172 2855 1229 Graecorum
2900 1178 3194 1231 verborum
3242 1192 3398 1233 mens
3434 1187 3538 1245 est,
3568 1180 3628 1233 in

2057 1265 2245 1335 quibus
2276 1264 2519 1320 Μαιώιεὶ
2550 1266 2834 1337 Evangelia
2860 1268 3037 1334 nixus,
3069 1269 3152 1323 vel
3179 1270 3247 1324 ad
3287 1271 3539 1334 litteram,
3568 1274 3630 1326 in

2055 1357 2242 1427 quibus
2270 1358 2338 1411 ad
2366 1357 2605 1413 Matthxi
2640 1358 2987 1429 Evangelium
3032 1362 3329 1427 intendens,
3361 1379 3630 1417 memora-

2057 1457 2165 1500 tam
2190 1446 2429 1501 Iueresim
2468 1460 2783 1520 propugnat.
2818 1449 3035 1505 Etenim
3087 1461 3295 1507 certum
3340 1460 3425 1507 est
3461 1451 3631 1508 Ebio-

2054 1538 2198 1593 nitas
2229 1553 2325 1607 pro
2353 1554 2450 1593 sua
2474 1541 2671 1594 tuenda
2703 1542 2893 1595 haeresi
2918 1540 3210 1614 Evangelia
3235 1543 3469 1600 Matthaai
3495 1562 3626 1601 usos

2052 1628 2258 1685 fuisse:
2302 1640 2355 1685 et
2401 1632 2545 1687 hunc
2591 1630 2811 1686 Eusebii
2856 1634 3033 1688 locum
3091 1637 3359 1704 respicere
3411 1639 3629 1694 videtur

2053 1717 2437 1791 Hieronymus,
2464 1738 2586 1778 cum
2624 1724 2701 1776 ait
2729 1724 2784 1777 in
2821 1723 3078 1795 Catalogo
3117 1727 3429 1796 scriptorum
3454 1729 3624 1785 eccle-

1983 1786 2429 1877 Bsiastico'rum,‘
2460 1815 2527 1869 de
2575 1813 2808 1884 Origene
2854 1786 3126 1886 loquens:
3174 1786 3378 1888 Aquila:
3419 1822 3626 1875 scilicet

2048 1902 2262 1957 Pontici
2282 1904 2551 1974 proselyti,
2575 1915 2622 1958 et
2650 1905 3014 1961 Theodotionis
3033 1908 3290 1976 Ebiontei,
3305 1921 3351 1964 et
3376 1909 3625 1982 Symma-

2048 1998 2130 2051 chi
2147 1999 2378 2067 ejusdem
2395 2001 2655 2068 dogmatis
2674 2016 2692 2053 :
2708 2001 2798 2070 qui
2820 2002 2875 2053 in
2898 2000 3241 2072 Evangelium
3262 2021 3461 2074 quoque
3476 2007 3621 2062 κατὰ

2047 2090 2321 2145 Ματθαῖον
2345 2092 2555 2160 scripsit
2583 2091 3018 2157 Commentarios,
3049 2095 3111 2148 de
3133 2111 3233 2164 quo
3261 2106 3310 2149 et
3336 2115 3490 2152 suum
3521 2100 3622 2152 do-

2048 2198 2168 2251 gma
2216 2183 2524 2251 conﬁrmare
2574 2193 2814 2238 conatur.
2867 2184 2924 2237 In
2979 2186 3084 2241 hoc
3129 2197 3306 2241 autem
3354 2200 3616 2258 peccant,

2046 2273 2103 2327 ni
2155 2272 2333 2338 fallor,
2386 2272 2631 2330 Valesius
2684 2287 2738 2331 et
2788 2276 3187 2345 Tillemontius,
3229 2284 3372 2349 quod
3425 2299 3613 2338 vocem

2042 2362 2190 2417 δοκεῖ
2216 2375 2427 2418 vertant
2455 2367 2678 2432 videtur,
2713 2383 2836 2423 cum
2887 2372 3158 2427 sexcentis
3198 2375 3457 2444 exemplis
3488 2392 3618 2445 pro-

2045 2454 2201 2509 betur
2230 2456 2289 2509 τὸ
2319 2456 2485 2522 δοκεῖ,
2510 2460 2744 2512 maxime
2773 2462 2913 2529 apud
2960 2464 3253 2532 scriptores
3284 2467 3615 2523 ecclesiasti-

2044 2561 2160 2611 cos,
2213 2562 2321 2600 non
2356 2548 2604 2603 minuere
2654 2550 3063 2607 allirmationem
3094 2570 3108 2606 :
3144 2571 3251 2625 qua
3286 2557 3353 2611 de
3385 2573 3443 2611 re
3488 2559 3615 2613 vide

2043 2632 2453 2691 Onomasticum
2485 2647 2731 2693 nostrum
2763 2642 2830 2694 ad
2861 2642 3140 2698 Athanasii
3176 2644 3369 2715 Opera,
3400 2648 3454 2701 in
3478 2663 3615 2703 voce

2042 2729 2224 2782 δοκεῖς
2261 2729 2313 2783 id
2350 2737 2531 2783 autem
2568 2742 2712 2786 recte
2761 2731 2817 2786 in
2853 2733 3019 2787 allato
3048 2734 3166 2790 loco
3199 2739 3459 2807 exprimit,
3481 2738 3609 2796 Hie-

2043 2835 2324 2889 ronymus.
2365 2824 2522 2876 Δοκεῖ
2548 2823 2713 2893 igitur
2746 2826 2883 2878 nihil
2915 2826 3096 2889 allicit.
3127 2830 3420 2898 quominus
3456 2833 3609 2888 dica-

2045 2916 2132 2963 tur
2158 2909 2542 2981 Symmachum
2575 2914 2748 2982 palam
2774 2924 2827 2969 et
2856 2931 2922 2970 ex
2953 2917 3199 2986 professo
3232 2919 3610 2980 Ebionitarum

2044 3000 2291 3056 haresim
2323 3002 2650 3073 defendisse,
2683 3014 2738 3060 et
2768 3006 2913 3062 hunc
2947 3023 3173 3084 prorsus
3210 3012 3463 3069 existimo
3485 3032 3610 3073 esse

373 3081 659 3135 commode
688 3081 957 3165 Eusebius
989 3089 1212 3162 intelligi
1253 3106 1346 3150 aut
1378 3098 1444 3153 de
1478 3100 1598 3169 ipso
1631 3081 1934 3174 symmachi

2043 3092 2207 3163 hujus
2234 3094 2337 3149 loci
2361 3111 2601 3150 sensum.

372 3173 712 3242 autographa
737 3214 751 3239 ,
788 3192 912 3230 nam
948 3194 1010 3233 es
1042 3181 1159 3250 ipso
1190 3184 1516 3256 Symmacho
1557 3173 1688 3248 illud
1723 3194 1939 3254 Juliana

372 3273 689 3331 acceperat,
719 3276 813 3321 aut
841 3268 906 3323 de
931 3277 1321 3332 commentario
1358 3282 1591 3349 quodam
1626 3284 1939 3357 Symmachi

373 3349 430 3403 in
463 3350 799 3422 Scripturam
821 3397 837 3414 .
868 3375 977 3414 non
1012 3362 1079 3415 de
1105 3363 1223 3433 ejus
1268 3371 1536 3426 versione.
1568 3373 1645 3428 En
1668 3349 1797 3445 ipsa
1829 3377 1941 3435 Eu-

372 3442 506 3496 sebii
537 3446 694 3500 verba
722 3466 736 3501 :
772 3449 997 3507 Exstant
1038 3467 1173 3510 certe
1199 3460 1358 3513 etiam
1403 3480 1538 3518 nunc
1561 3466 1939 3527 Commentarii

371 3529 696 3601 Symmachi,
721 3539 774 3591 in
798 3543 984 3610 quibus
1010 3544 1293 3618 Evangelia
1314 3555 1598 3608 secundum
1622 3557 1935 3615 Matt/imum

369 3623 583 3679 innixus
618 3644 959 3687 memoratam
989 3636 1401 3712 (Ebionitarum)
1442 3647 1663 3703 haeresin
1697 3663 1934 3708 astruere

367 3711 592 3768 videtur.
628 3715 739 3770 Hos
766 3731 939 3775 autem
973 3724 1218 3796 Origenes
1248 3747 1365 3785 cum
1391 3734 1511 3789 aliis
1537 3736 1842 3807 Symmachi
1876 3745 1931 3797 in

365 3798 670 3872 Scripturas
694 3810 1209 3881 interpretationibus
1254 3839 1287 3874 a
1336 3822 1556 3881 Iuliana
1576 3798 1810 3896 quadam
1842 3851 1933 3887 ac-

363 3896 564 3963 cepisse
613 3915 666 3951 se
716 3916 992 3958 memorat.
1047 3906 1103 3961 Si
1153 3912 1438 3986 éppnvsiat
1482 3920 1690 3986 possint
1726 3923 1815 3978 hic
1862 3926 1930 3981 de

361 3989 757 4042 commentario
802 3991 1066 4065 intelligi,
1100 3982 1243 4067 quod
1285 3982 1552 4061 neminem
1583 4019 1714 4077 puta
1760 4030 1927 4085 nega-

364 4084 579 4142 turum,
634 4090 693 4134 ut
745 4082 825 4137 sic
880 4084 985 4140 hoc
1035 4089 1157 4144 loco
1206 4092 1535 4167 intelligatur
1583 4103 1773 4158 suadet
1823 4082 1925 4161 vox

356 4164 551 4233 ἄλλων,
583 4171 727 4238 aliis,
768 4174 836 4229 ab
862 4174 1098 4234 Eusebio
1129 4164 1390 4240 adhibita.

431 4277 452 4311 ί
500 4257 805 4320 Verisimile
841 4283 972 4323 sane
1018 4281 1103 4327 est
1141 4273 1426 4346 Origenem
1481 4280 1598 4350 ipso
1631 4283 1924 4343 Caracallaz

355 4355 617 4419 umpare,
646 4352 1021 4426 Tetraplorum
1052 4380 1189 4434 opus
1220 4383 1474 4425 exorsum
1500 4390 1641 4441 esse,
1671 4382 1921 4447 quando-

2113 3184 2208 3239 His
2244 3187 2470 3252 carptim
2523 3188 2844 3251 observatis,
2876 3188 2986 3257 jam
3028 3189 3093 3243 ad
3144 3199 3303 3246 notas
3347 3196 3605 3264 temporis

2038 3276 2341 3332 veniamus.
2374 3276 2640 3333 Eusebius
2669 3278 2804 3332 nihil
2838 3295 2969 3348 pene
2999 3281 3175 3335 attulit
3224 3283 3367 3338 unde
3416 3285 3603 3340 calcu-

2037 3367 2149 3422 lum
2182 3367 2379 3421 ducere
2404 3367 2594 3421 liceat:
2626 3365 2958 3436 Epiphanius
2985 3383 3133 3430 vero,
3166 3369 3364 3424 infidus
3393 3380 3603 3441 tempa-

2036 3473 2158 3513 rum
2186 3457 2462 3527 magister,
2492 3458 2673 3511 omnia
2705 3473 2839 3526 pene
2870 3458 3104 3513 miscuit.
3133 3461 3379 3516 Attamen
3408 3465 3604 3518 nonni-

2035 3550 2113 3603 hil
2142 3550 2532 3619 probabilitatis
2563 3549 2760 3604 habere
2792 3549 3003 3605 videtur
3030 3553 3175 3620 quod
3203 3554 3277 3607 ait
3304 3553 3601 3611 Tillemon-

2036 3641 2164 3707 tius,
2224 3658 2414 3712 nempe
2464 3643 2756 3703 verisimile
2809 3660 2931 3701 esse
2992 3643 3277 3716 Origenem
3348 3649 3601 3721 Hexaplis

2031 3735 2256 3790 edendis
2290 3752 2507 3790 manum
2556 3738 2862 3793 admovisse
2891 3750 3176 3810 postquam
3218 3741 3433 3799 Sextum
3476 3748 3598 3802 edi-

2030 3827 2232 3882 tionem
2270 3837 2571 3897 repererat;
2618 3831 2819 3898 reperit
2864 3839 3069 3888 autem.
3103 3832 3404 3903 Epiphanio
3437 3847 3596 3907 teste,

2028 3934 2171 3974 anno
2199 3921 2484 3975 Alexandri
2519 3920 2700 3976 Severi
2740 3923 2995 3992 septima,
3042 3925 3096 3979 id
3122 3936 3204 3981 cst
3232 3927 3431 3983 Christi
3461 3930 3591 3989 2'28.

2027 4009 2093 4064 Et
2132 4012 2261 4079 quia
2306 4012 2504 4066 abhinc
2532 4013 2601 4067 ad
2636 4028 2839 4068 annum
2869 4015 2996 4077 251,
3027 4033 3137 4086 quo
3191 4018 3492 4074 Caesaream
3531 4037 3596 4077 se

2027 4104 2248 4172 recepit,
2271 4119 2378 4157 non
2407 4113 2491 4158 sat
2517 4106 2612 4158 otii
2643 4114 2695 4159 et
2723 4110 2990 4161 commodi
3022 4109 3277 4166 habuisse
3299 4112 3507 4167 videtur
3530 4122 3593 4169 ut

2024 4202 2133 4247 tam
2165 4193 2394 4248 arduam
2436 4211 2549 4250 rem
2581 4198 2901 4267 susciperet,
2932 4212 3240 4270 opportune
3282 4206 3335 4259 in
3382 4223 3587 4263 annum

2020 4284 2146 4351 251,
2174 4301 2297 4340 cum
2326 4286 2585 4342 Caesareae
2608 4300 2811 4358 ageret,
2837 4289 3201 4361 Hexaplorum
3236 4312 3373 4365 opus
3398 4299 3588 4352 remit-

2020 4377 2171 4432 titur.
2207 4378 2361 4445 Quod
2390 4391 2568 4434 autem
2601 4383 2786 4450 objicit
2814 4384 2917 4439 sibi
2961 4384 3339 4444 Tillemontius
3371 4406 3438 4444 ex
3469 4392 3589 4460 cpi-

352 4441 568 4503 (ιιιὶἀθιη
600 4444 887 4515 EusebiUS,
918 4454 1063 4508 nulla
1118 4468 1298 4515 motus
1326 4464 1431 4518 alia
1461 4441 1766 4537 occasione,
1802 4473 1917 4529 hac
1947 4486 1990 4540 ι)
2018 4469 2155 4522 stola
2176 4441 2437 4534 Africani,
2465 4471 2553 4525 ubi
2579 4441 2864 4541 Origenem
2891 4476 2977 4530 ille
3003 4441 3169 4531 filium
3195 4480 3445 4548 appellat,
3471 4441 3582 4535 non

350 4536 506 4603 quasi
527 4535 806 4595 Caracalla
833 4543 1129 4614 imperante
1152 4564 1300 4621 gesta
1328 4570 1535 4614 narrat.
1569 4535 1917 4633 quue-vide-

349 4635 437 4679 tur
468 4625 693 4685 Huetius
727 4634 919 4700 partim
953 4641 1143 4695 saltem
1174 4645 1478 4703 admittere.
1523 4668 1543 4702 ι

415 4714 689 4775 Hactenus
710 4720 1107 4796 Tillemontius,
1129 4733 1219 4801 qui
1253 4745 1526 4803 postremo
1552 4740 1773 4798 allatum
1805 4744 1913 4801 Eu-

344 4807 479 4862 sebii
528 4810 704 4865 locum
758 4815 915 4887 longe
967 4822 1163 4878 melius
1212 4829 1434 4885 vertisse
1492 4832 1702 4888 videtur
1747 4853 1909 4906 quam

343 4896 611 4956 Henricus
637 4902 904 4962 Valesius.
933 4910 1119 4967 Graeca
1153 4915 1233 4970 sic
1263 4917 1461 4974 habent
1485 4937 1497 4973 :
1532 4924 1641 4978 Καὶ
1665 4896 1911 5000 ὑπομνή-

342 5007 490 5060 ματα.
519 4994 816 5067 Συμμάχου
844 5001 1010 5054 εἰσέτι
1035 5003 1128 5057 νῦν
1153 5009 1394 5079 φέρεται,
1421 5013 1477 5063 ἐν
1505 5009 1585 5078 οἷς
1603 5016 1750 5071 δοκεί

337 5083 398 5135 τὸ
427 5085 571 5138 κατὰ
600 5088 876 5145 Ματθοιῖϊν
905 5095 1318 5169 ἀποτεινόμενος
1346 5104 1672 5174 Εὐαγγέλιον
1698 5111 1794 5181 τὴν
1819 5083 1905 5166 ὲεέ

334 5173 651 5249 δηλουμένην
682 5181 891 5252 αἵρεσιν
919 5189 1218 5257 κρατύνειν.
1259 5194 1445 5248 Ταῦτα
1473 5173 1530 5249 δὲ
1555 5201 1583 5251 ὸ
1625 5173 1905 5276 Ὠριῆἐνης

337 5266 477 5336 μετὰ
504 5272 598 5323 καὶ
626 5271 800 5327 ἄλλων
821 5277 900 5340 εἰς
929 5277 1025 5341 τὰς
1056 5281 1277 5353 Γραφὰς
1305 5286 1608 5357 ἑρμηνειῶν
1636 5266 1728 5344 τοῦ
1752 5266 1903 5363 *Συμζζ

336 5360 508 5429 μάχου
554 5367 809 5435 σημαίνει
860 5371 1012 5442 παρὰ
1065 5374 1355 5447 Ἰουλιανῆς
1398 5395 1542 5442 τινος
1599 5360 1898 5452 εἰληφένάι,

428 5449 522 5503 καί
554 5469 686 5523 φησι
721 5460 850 5529 παρ’
879 5462 1042 5515 αὐτοῦ
1080 5446 1375 5537 Συμμάχου
1409 5470 1508 5533 τὰς
1537 5446 1753 5540 βίϐλονξ
1783 5446 1897 5529 διαέ

327 5537 605 5606 δέξασθαι.
653 5545 776 5602 Haec
806 5566 971 5620 porro
1001 5555 1081 5609 sic
1116 5561 1390 5615 transtulit
1431 5537 1697 5619 Henricus
1734 5564 1895 5622 Vale-

327 5629 480 5686 sius:
530 5632 760 5691 Exstant
803 5652 937 5695 certe
978 5647 1262 5700 etiamnum
1304 5650 1683 5707 Commentarii
1737 5655 1893 5725 Sym-

326 5724 518 5793 machi,
546 5727 598 5782 in
626 5730 812 5801 quibus
841 5734 1086 5791 adversus
1118 5738 1455 5813 Evangelia":
1488 5744 1728 5801 Matt/nvi
1753 5751 1894 5803 acri-

2018 4560 2149 4613 tanti
2179 4575 2299 4615 esse
2328 4563 2589 4616 momenti
2613 4563 2852 4630 videtur;
2879 4582 3003 4620 nam
3037 4569 3329 4623 verisimile
3352 4579 3435 4625 est
3459 4570 3583 4625 ideo

2016 4650 2185 4705 lilium
2221 4667 2586 4722 nuncupasse,
2617 4658 2742 4725 quia
2789 4656 2945 4727 longe
2989 4659 3168 4713 minor
3211 4668 3369 4715 aelate
3413 4671 3577 4715 erat:

2013 4758 2135 4812 qua:
2165 4743 2301 4796 ratio
2335 4752 2442 4797 tam
2472 4744 2525 4799 in
2557 4747 2733 4816 primo
2767 4763 2931 4818 quam
2961 4750 3013 4802 in
3054 4752 3293 4805 secundo
3328 4751 3581 4824 Origenis

2011 4831 2203 4887 itinere
2233 4849 2331 4903 par
2360 4836 2504 4890 haud
2559 4837 2721 4892 dubie
2748 4848 2884 4894 erat.
2933 4839 3043 4895 Nec
3088 4842 3286 4896 desunt
3331 4847 3579 4915 exempla

2009 4924 2210 4993 quibus
2234 4926 2286 4980 id
2319 4927 2706 4984 confirmetur:
2740 4930 3006 4989 Eusebius
3030 4936 3174 4989 enim
3222 4934 3581 4994 Vercellensis

2007 5012 2326 5086 Dionysium
2375 5017 2828 5077 Mediolanensem
2873 5026 3207 5096 episcopum,
3258 5036 3415 5083 aetate
3458 5029 3574 5098 jam

2006 5116 2280 5163 maturum
2307 5110 2675 5182 dignitateque
2699 5117 3075 5185 cormpicuum,
3105 5135 3163 5175 se
3188 5129 3365 5175 tamen
3386 5119 3577 5190 junio-

2005 5213 2141 5265 rem,
2172 5200 2339 5255 lilium
2383 5204 2705 5272 compellare
2735 5207 2959 5261 solebat.
3000 5207 3079 5262 Ex
3137 5210 3205 5265 iis
3252 5225 3416 5280 porro
3451 5228 3576 5283 quae
3650 5228 3659 5234 ‘

2002 5286 2240 5344 diximus
2290 5293 2458 5359 probe
2495 5293 2889 5350 animadvertet
2921 5298 3157 5367 prudens
3193 5298 3382 5367 lector,
3431 5318 3575 5356 nan-

2002 5379 2107 5434 nisi
2139 5380 2431 5439 levissimis
2458 5386 2785 5455 conjecturis
2826 5405 3007 5459 posse,
3036 5407 3148 5461 qua
3179 5400 3426 5464 tempore
3451 5393 3559 5450 He-

2000 5476 2158 5545 xapla
2178 5476 2319 5531 edita
2344 5475 2566 5545 fuerint,
2594 5479 2854 5536 indicari:
2885 5484 3237 5552 quamobrem
3262 5500 3386 5540 cum
3417 5487 3568 5541 nullo

1997 5576 2240 5623 veterum
2272 5569 2581 5625 testimonio
2621 5574 2797 5641 possit
2828 5574 2915 5629 hic
2960 5576 3046 5631 vel
3073 5585 3220 5632 certa
3249 5579 3334 5633 vel
3374 5579 3565 5633 admo-

1997 5658 2124 5712 dum
2156 5660 2447 5729 probabilis
2473 5662 2837 5736 chranologiae
2864 5667 3001 5724 ratio
3032 5670 3217 5735 statui,
3239 5670 3306 5727 ad
3331 5670 3567 5728 certiora

1999 5751 2284 5807 statuenda
2316 5767 2688 5823 properemus.
