3832 6214
285 274 363 334 29
1498 279 1569 337 ΙΝ
1605 281 1855 339 HEXAPI

1965 283 2307 344 ORIGENIS.
3453 290 3528 350 ω

288 395 355 453 ν.
384 393 506 464 Qu
528 396 731 453 ratione
757 395 1027 474 Tetrapla,
1064 397 1587 474 ngapla,70ctapla
1630 403 1858 474 digesse-
1887 414 1933 471 Α
1962 407 2097 461 hanc
2134 418 2313 461 notam
2339 407 2557 463 habente
2577 423 2597 462 :
2630 408 2887 464 Accurate
2924 409 3175 465 editiones
3205 425 3381 465 omnes
3403 426 3522 465 cor-

733 470 824 535 rit,
853 471 1078 541 itemque
1111 469 1405 542 Enneapla.

361 579 439 637 De
488 580 867 655 Tetraplorum
914 594 969 640 et
1015 584 1379 657 Hexaplorum
1422 588 1635 656 ordine,
1682 593 1859 665 deque

284 672 642 743 interpretum
687 676 817 742 situ,
848 678 994 733 nulla
1024 679 1136 748 jam
1170 689 1348 751 potest
1379 684 1513 737 oriri
1544 692 1858 742 controver-

288 762 393 819 sia.
423 763 545 820 Haec
570 766 770 837 quippe
794 767 940 823 clare
970 778 1025 824 et
1054 770 1173 826 sine
1201 772 1428 842 ambage
1460 774 1529 828 ah
1558 774 1859 845 Epiphanio

286 865 347 911 et
367 856 699 930 Hieronymo
721 860 1111 917 describuntur
1136 879 1149 915 :
1184 864 1391 919 accedit
1421 864 1546 920 item
1584 870 1857 937 specimen

287 949 497 1005 codicis
538 950 837 1018 Barherini,
873 953 966 1008 ubi
1013 955 1391 1011 columnarum
1436 958 1571 1013 ordo
1609 970 1860 1017 accurate

286 1040 601 1097 exhibetur.
631 1040 691 1097 In
733 1042 1005 1115 Tetraplis
1034 1046 1201 1118 igitur
1243 1048 1468 1118 praeibat
1502 1049 1714 1120 Aquilae
1744 1053 1861 1107 edi-

288 1133 387 1200 tio,
416 1148 448 1189 e
477 1136 697 1205 regione
724 1137 972 1207 proxime
994 1139 1324 1207 sequebatur
1359 1139 1668 1213 Symmachi
1698 1143 1862 1197 inter-

283 1225 542 1295 pretatio,
572 1235 761 1296 postea
790 1226 934 1282 LXX
986 1228 1366 1300 lnterpretum,
1390 1241 1666 1303 postremo
1693 1232 1861 1290 Theo.

284 1318 546 1374 dotionis.
577 1318 635 1374 in
664 1321 769 1376 hoc
795 1331 976 1376 autem
1005 1323 1112 1378 situ
1144 1338 1251 1377 non
1280 1324 1421 1379 ratio
1442 1327 1723 1395 temporis,
1750 1342 1859 1396 quo

286 1411 515 1481 singulae
538 1411 1012 1481 interpretationes
1039 1414 1197 1469 edita:
1218 1414 1451 1481 fuerant,
1480 1418 1855 1487 spectabatur:

282 1517 416 1557 nam
449 1504 760 1559 ut'certum
800 1516 885 1561 est
921 1507 1211 1563 editionem
1246 1507 1384 1562 LXX
1420 1512 1666 1565 omnium
1713 1509 1857 1564 anti-

283 1595 611 1666 quissimam
644 1613 786 1664 esse,
831 1597 906 1652 ita
938 1600 1282 1669 exploratum
1315 1602 1530 1656 videtur
1559 1602 1854 1657 editionem

284 1690 676 1748 Theodmionis
699 1692 1009 1765 Symmachi
1033 1694 1525 1764 interpretationem
1548 1704 1707 1751 aetate
1722 1713 1858 1767 pra:-

1959 508 2115 554 rectat
2153 509 2313 555 sunt:
2342 499 2552 554 collata:
2589 502 2727 554 enim
2758 501 2971 571 fuerunt
2998 518 3117 556 cum
3150 499 3392 570 Tetraplo
3422 500 3530 557 He-

1959 590 2098 655 saia,
2126 599 2176 645 et
2204 608 2322 644 cum
2355 590 2615 659 Hexaplo.
2660 592 2743 646 Ad
2775 595 2907 656 ha’c,
2952 594 3016 646 ab
3062 594 3217 647 initio
3245 610 3408 664 usque
3455 595 3525 647 ad

1959 685 2211 739 uisionem
2273 683 2418 752 Tyri,
2473 686 2779 738 accuratius
2829 686 3130 739 emendatus
3184 694 3285 740 est.
3357 684 3525 739 Nacti

1958 780 2098 831 enim
2127 785 2292 830 tomos
2320 777 2608 845 exegeticos
2635 775 2959 844 Origenis‘in
2989 775 3240 830 Hesaiam
3267 793 3427 847 usque
3456 776 3525 831 ad

1959 873 2119 941 ﬁnem
2164 871 2378 926 visionis
2434 869 2583 940 Tyri,
2641 878 2691 923 et
2741 869 2922 924 sedulo
2966 870 3375 934 considerantes,
3422 886 3525 940 quo

1958 979 2113 1017 sensu
2148 963 2385 1033 singulas
2413 961 2666 1015 dictiones
2693 963 2967 1029 acceperit,
2996 972 3253 1031 quantum
3290 961 3524 1032 facultas

1961 1055 2083 1107 tulit
2126 1070 2275 1108 omne
2320 1054 2558 1118 dubium,
2604 1062 2654 1107 et
2687 1052 2989 1122 perplexum
3036 1053 3323 1108 secundum
3372 1051 3524 1106 illius

1958 1161 2166 1199 sensum
2209 1146 2550 1199 correximus.
2598 1144 2858 1199 Praeterea
2888 1144 3083 1198 collata
3114 1153 3193 1198 est
3236 1146 3397 1198 etiam
3430 1142 3525 1199 ﬂe-

1957 1239 2237 1308 ptuaginta
2276 1237 2628 1305 Interpretum
2674 1237 2837 1291 editio
2882 1252 2999 1290 cum
3042 1237 3112 1291 iis
3152 1253 3270 1307 quae
3309 1237 3368 1290 in
3410 1234 3524 1291 He-

1958 1330 2129 1381 saiam
2158 1329 2368 1396 scripsit
2411 1328 2662 1382 Eusebius
2687 1343 2704 1380 :
2733 1339 2888 1396 atque
2917 1327 2973 1380 in
3004 1328 3190 1397 quibus
3214 1335 3329 1381 erat
3356 1328 3525 1381 sarie-

1961 1431 2066 1485 tas,
2096 1422 2348 1490 indagata
2382 1420 2724 1490 expositionis
2757 1435 2934 1485 sensu,
2973 1419 3259 1474 secundum
3286 1418 3402 1488 ejus
3429 1435 3523 1473 ra-

1960 1514 2151 1566 tionem
2181 1512 2474 1566 emendavi.

2026 1605 2230 1661 Deinde
2254 1620 2384 1660 vero
2407 1614 2532 1660 ante
2563 1603 2899 1659 Ezechielem
2932 1604 3048 1658 haec
3073 1611 3198 1658 nota
3234 1604 3448 1672 legitur.

2026 1699 2351 1771 Μετελήφθη
2381 1699 2436 1752 δὲ
2465 1699 2571 1752 ἀπὺ
2611 1699 2944 1770 ἀντιγράφου
2990 1696 3084 1751 τοῦ
3124 1696 3266 1750 ἀὸϐᾶ
3309 1696 3522 1749 Ἀπολι-

284 1783 504 1847 cedere,
532 1783 680 1854 quod
727 1782 892 1848 inl‘ra,
943 1784 1052 1840 Deo
1090 1784 1326 1850 favente,
1364 1787 1702 1856 probabitur.
1750 1788 1853 1844 Sed

1961 1790 2164 1861 vaplou,
2194 1789 2286 1842 τοῦ
2311 1789 2707 1860 κοινοϐιάρχου,
2738 1790 2796 1841 ὲν
2830 1781 2874 1855 ᾧ
2901 1787 3290 1841 καθυπόκειται
3314 1786 3486 1840 ταῦτα
3506 1804 3521 1818 ο

284 1872 412 1928 ideo
443 1873 652 1943 Aquila:
681 1873 919 1943 primum
946 1874 1125 1931 locum
1156 1876 1454 1946 deputavit,
1488 1878 1717 1948 ejusque
1743 1880 1860 1935 edi-

280 1963 489 2019 tionem
519 1964 757 2033 priorem
803 1966 986 2035 posuit
1014 1966 1298 2037 Origenes,
1332 1969 1459 2038 quia
1508 1970 1601 2025 ille
1629 1985 1859 2041 scrupu-

283 2052 459 2109 losius
497 2069 659 2124 quam
703 2057 883 2111 caeteri
929 2072 1121 2113 omnes
1159 2057 1480 2115 Hebraicam
1531 2062 1856 2132 scripturam

281 2146 511 2202 verbum
543 2162 574 2203 e
618 2148 782 2204 verbo
822 2150 1046 2206 reddere
1077 2152 1378 2209 studuerat.
1428 2153 1555 2211 Post
1584 2157 1731 2212 hunc
1762 2174 1859 2212 au-

285 2245 398 2293 tem
445 2237 833 2310 Symmachum
867 2242 1086 2304 locavit.
1120 2245 1250 2313 quia
1284 2244 1373 2301 ille
1412 2248 1658 2316 propius,
1692 2264 1855 2318 quam

284 2323 430 2379 LXX
457 2334 513 2380 et
545 2324 846 2381 Theodotio
873 2329 941 2383 ad
968 2330 1245 2386 veritatem
1287 2332 1605 2389 Hebraicam
1634 2335 1857 2389 accede-

282 2414 397 2468 bat.
466 2412 672 2469 Deinde
723 2413 867 2469 LXX
932 2421 1228 2488 praeposuit
1283 2421 1665 2492 Theodotioni,
1726 2423 1856 2494 quia

283 2505 588 2562 Theodotio
634 2505 778 2560 LXX
832 2507 1155 2579 luterpretes
1183 2526 1215 2565 e
1258 2513 1483 2585 vestigio
1523 2530 1660 2583 pene
1702 2516 1855 2585 sequi

282 2598 591 2654 videbatur.
613 2598 862 2669 Tetrapla
887 2616 1018 2657 vero
1042 2617 1139 2656 sua
1165 2600 1424 2674 Origenes
1452 2622 1616 2661 manu
1637 2608 1856 2677 propria

283 2691 613 2756 emendavit,
661 2692 991 2762 scholiisque
1033 2693 1345 2751 illustravit.
1394 2696 1698 2768 Iisdemque
1755 2697 1857 2755 Te-

284 2783 476 2852 traplis
504 2798 647 2838 nova
691 2782 959 2839 Eusebius
1005 2785 1213 2840 scholia
1258 2786 1478 2856 adjecit,
1523 2789 1579 2842 in
1631 2790 1858 2858 quibus-

283 2876 408 2928 dam
436 2875 627 2931 saltem
660 2873 956 2945 Scriptura:
985 2876 1175 2933 libris:
1209 2877 1373 2948 idque
1418 2881 1472 2934 in
1504 2881 1635 2946 alio,
1671 2891 1733 2937 ut
1768 2882 1852 2936 vi-

284 2966 468 3032 detur,
490 2984 654 3037 quam
683 2968 739 3022 in
765 2966 1095 3038 Origeniano
1128 2971 1444 3039 exemplari,
1477 2973 1621 3041 quod
1651 2981 1855 3043 postre-

285 3077 437 3116 mum
470 3060 739 3132 Pamphili
759 3072 815 3118 et
845 3062 1067 3117 Eusebii
1098 3077 1265 3132 opera
1291 3066 1635 3121 emendatum
1665 3076 1770 3134 est,
1796 3076 1852 3122 ut

281 3155 611 3211 testiﬁcatur
635 3155 752 3225 ipse
776 3154 1050 3213 Eusebius
1079 3158 1134 3212 in
1162 3166 1291 3213 nota
1324 3159 1558 3228 quadam
1589 3162 1856 3229 exempla-

282 3252 364 3307 ris
398 3249 516 3304 ΒΗ.
547 3250 654 3305 ΡΡ.
705 3248 1061 3313 Jesuitarum,
1108 3267 1271 3319 quam
1326 3252 1594 3307 edidimus
1644 3250 1856 3307 Palma-

283 3344 524 3416 graphite
550 3341 747 3397 Gmcte
772 3358 825 3412 p.
855 3342 982 3397 ἥδ.
1012 3341 1164 3398 Hanc
1190 3357 1354 3407 porro
1397 3350 1607 3406 notam,
1642 3357 1853 3399 necnon

283 3436 512 3489 alteram
549 3449 670 3502 quae
696 3434 968 3503 praecedit,
999 3440 1186 3502 utpote
1221 3448 1344 3502 qua:
1377 3433 1444 3487 ad
1486 3433 1854 3503 conﬁrmanda

282 3524 521 3595 plurima
549 3539 613 3578 ex
647 3539 809 3592 supra
857 3524 1020 3579 dictis
1063 3540 1170 3579 non
1202 3539 1393 3592 parum
1425 3523 1684 3577 momenti
1725 3522 1856 3577 affe-

282 3621 428 3672 rant,
474 3610 566 3665 hic
592 3612 899 3667 exscribere
927 3613 1104 3668 visum
1133 3622 1232 3666 est.
1264 3612 1404 3667 Ante
1432 3610 1683 3666 Hesaiam
1724 3628 1854 3683 ergo

280 3701 340 3756 in
373 3700 559 3756 codice
585 3717 749 3772 supra
780 3713 1080 3759 memorato
1108 3703 1338 3773 legitur:

357 3794 685 3868 Μετελήφθη
722 3797 750 3848 ὁ
783 3797 1010 3862 Ἡσαΐας
1058 3798 1165 3852 ἀπὸ
1198 3799 1530 3870 ἀντιγράφου
1576 3799 1670 3852 τοῦ
1710 3799 1855 3853 ἀ66ᾶ

296 3888 698 3960 Ἀπολιναρίου,
741 3888 837 3943 τοῦ
869 3890 1266 3962 κοινοὸιάρχου,
1297 3892 1354 3944 ὲν
1391 3885 1435 3958 ᾧ
1466 3891 1854 3947 καθυπόκειται

279 3980 477 4033 ταῦτα·
505 3980 829 4052 Μετελήφθη
858 3983 888 4035 ὁ
919 3981 1146 4044 Ἡσαΐας
1174 3983 1239 4035 ἐκ
1266 3981 1373 4035 τῶν
1407 3982 1546 4036 κατὰ
1574 3982 1672 4047 τὰς
1703 3984 1854 4037 ἐκδό-

283 4088 402 4135 σεις
442 4070 740 4135 Έξαπλῶν.
790 4071 1114 4143 Ἀντεὸλήθη
1145 4071 1201 4125 δὲ
1235 4072 1329 4125 καὶ
1358 4071 1492 4143 πρὸς
1518 4072 1704 4143 ἕτερον
1727 4074 1852 4138 ἐξα-

283 4164 477 4229 πλοῦν,
506 4165 628 4234 ἔχον
658 4164 756 4235 τὴν
791 4164 1239 4236 παρασημείωσιν
1264 4165 1852 4237 ταύτηψΔιωρθώνται

280 4256 527 4326 ἀκριϐῶς
550 4258 722 4310 πᾶσαι
753 4257 810 4309 αἱ
840 4257 1076 4320 ἐκδόσεις
1094 4273 1107 4286 ·
1136 4256 1539 4328 ἀντεϐλήθησαν
1566 4257 1673 4330 γὰρ
1708 4259 1848 4329 πρὸς

281 4345 617 4415 τετραπλοῦν
649 4345 896 4411 Ἡσαΐαν,
925 4344 1004 4398 ἔτι
1027 4346 1084 4399 δὲ
1111 4347 1205 4399 καὶ
1232 4347 1369 4419 πρὸς
1395 4347 1678 4414 ἑξαπλοῦν.
1710 4348 1854 4419 Πρὸς

281 4437 513 4501 τούτοις,
534 4437 628 4491 καὶ
658 4437 768 4490 ἀπὸ
797 4438 893 4506 τῆς
927 4437 1122 4508 ἀρχῆς,
1157 4437 1260 4502 ἓως
1304 4437 1399 4492 τοῦ
1444 4440 1717 4509 ὁράματος
1748 4438 1851 4491 Τύ-
1886 4472 1926 4525 D

286 4546 405 4603 ρου,
436 4528 822 4600 ἀκριϐέστερον
850 4528 1169 4599 διώρθωται.
1200 4531 1614 4602 Εὐπορήσαντες
1634 4530 1740 4585 τῶν
1767 4531 1852 4600 μέο

283 4639 378 4693 χρι
410 4620 595 4684 τέλους
625 4620 718 4673 τοῦ
754 4620 1028 4691 ὁράματος
1078 4620 1254 4692 Τύρου
1294 4621 1477 4692 τόμων
1516 4621 1853 4693 ὲξηγητικῶν

281 4716 366 4777 εἰς
407 4713 499 4766 τὸν
555 4712 781 4765 Ἡσαΐαν
825 4711 1151 4784 Ὠριγένους,
1205 4713 1299 4765 καὶ
1342 4712 1583 4783 ἀκριϐῶς
1633 4714 1855 4785 ἐπιστή-

286 4822 480 4868 σαντες
521 4805 587 4875 τῇ
623 4803 800 4874 ἐννοίᾳ
827 4802 949 4858 καθ’
981 4806 1046 4876 ἠν
1078 4803 1380 4875 ἐξηγήσατο
1420 4804 1654 4875 ἑκάστην
1688 4805 1851 4870 λέξιν,

286 4896 470 4961 καθὼς
506 4893 616 4951 οἷόν
655 4914 714 4950 τε
764 4892 855 4967 ἦν,
915 4896 1011 4950 καὶ
1063 4898 1172 4950 πᾶν
1226 4897 1524 4967 ἀμφίϐολον
1578 4896 1720 4951 κατὰ
1756 4898 1854 4969 τὴν

285 4990 500 5043 ἐκείνου
549 4989 755 5041 ἔννοιαν
804 4987 1245 5058 διωρθωσάμεθα.
1287 4988 1430 5059 Πρὸς
1460 4988 1671 5051 τούτοις
1702 5006 1854 5042 συνε-

162 5144 173 5153 ⁸
285 5081 447 5153 κρίθη
479 5082 513 5152 ἡ
542 5080 651 5133 τῶν
694 5080 1094 5152 Ἐϐδομήκοντα
1120 5079 1330 5143 ἔκδυσις
1359 5082 1453 5133 καὶ
1483 5081 1617 5151 πρὸς
1658 5081 1724 5134 τὰ
1751 5081 1855 5134 ὑπὸ

283 5173 547 5226 Εὐσεόίου
585 5174 666 5236 εἰς
707 5173 932 5226 Ἡσαΐαν
976 5172 1258 5242 εἰρημένα,
1312 5172 1404 5226 καὶ
1437 5174 1496 5223 ὲν
1535 5167 1616 5235 οἷς
1662 5172 1855 5241 διεφώ-

284 5282 432 5327 νουν,
462 5263 562 5334 τῆς
596 5264 906 5335 ἐξηγήσεως
936 5263 1036 5332 τὴν
1080 5262 1286 5316 ἔννοιαν
1332 5261 1683 5335 ζητήσαντες,
1718 5263 1855 5335 πρὸς

285 5349 457 5419 αὐτὴν
490 5348 930 5423 ὲδιωρθωσάμην.

361 5439 680 5510 Desumptus
708 5451 787 5496 est
819 5442 1044 5496 Hesaias
1073 5444 1137 5497 ab
1171 5444 1457 5513 exemplari
1487 5443 1690 5497 abbatis
1711 5442 1855 5513 Apo-

284 5531 471 5585 linarii
516 5533 908 5599 coenobiarchw,
938 5535 993 5587 in
1035 5552 1137 5604 quo
1176 5536 1285 5591 ha’c
1331 5535 1722 5604 subjiciuntur:
1756 5535 1857 5589 De-

285 5632 528 5693 sumptus
551 5633 627 5678 est
662 5623 886 5680 Hesaias
909 5628 972 5680 ab
1003 5626 1255 5696 Hexaplis
1291 5626 1573 5681 secundum
1600 5628 1853 5682 editiones

289 5715 589 5773 adornatis.
636 5714 873 5774 Collatus
921 5728 1096 5774 autem
1140 5720 1240 5790 fuit
1289 5737 1405 5774 cum
1455 5719 1559 5775 alio
1614 5718 1854 5787 Hexaplo

1959 1880 2283 1951 Μετελήφθη
2329 1879 2437 1934 ἀπὸ
2481 1880 2586 1932 τῶν
2630 1880 2772 1933 κατὰ
2823 1878 2922 1942 τὰς
2968 1879 3208 1941 ἐκδόσεις
3252 1877 3522 1943 ἑξαπλῶν,

1958 1972 2052 2025 καὶ
2075 1970 2354 2044 διωρῦώθη
2387 1970 2494 2024 ἀπὸ
2523 1972 2631 2024 τῶν
2666 1971 2971 2042 Ὤριγένους
2992 1969 3156 2023 αὐτοῦ
3184 1967 3521 2039 τετραπλῶν,

1958 2063 2115 2116 ἅτινα
2172 2062 2267 2115 καὶ
2308 2060 2471 2115 αὐτοῦ
2514 2062 2656 2132 χειρὶ
2694 2059 2987 2132 διώρθωτο,
3043 2060 3137 2113 καὶ
3179 2058 3524 2130 ὲσχολιογρά-

1958 2171 2115 2225 φητο.
2158 2153 2214 2206 'O
2253 2152 2508 2216 Εὐσέϐιος
2537 2151 2647 2220 ἐγὼ
2678 2151 2861 2222 σχόλια
2900 2150 3206 2223 παρέθηκα.
3238 2149 3522 2220 Πάμφιλος

1956 2248 2053 2301 καὶ
2076 2244 2333 2308 Εὐσέϐιος
2366 2242 2786 2316 ὲδιωρθὼσαντο.

2026 2337 2342 2406 Desumptus
2392 2346 2468 2391 est
2529 2333 2818 2405 (Ezechiel)
2872 2334 2937 2388 ab
2989 2333 3279 2403 exemplari
3318 2333 3523 2387 abbatis

1956 2428 2253 2498 Apolinarii
2284 2426 2690 2499 :cmttobiarchte,
2740 2427 2798 2480 in
2840 2442 2942 2496 quo
2969 2425 3081 2479 hwc
3121 2424 3476 2492 subjiciuntur
3503 2441 3521 2477 :

1958 2519 2268 2588 Exscriptus
2292 2527 2368 2572 est
2397 2517 2460 2571 ab
2490 2515 2746 2586 Hexaplis
2768 2517 3021 2569 editiones
3047 2514 3521 2584 complectentibus,

1955 2622 2005 2666 et
2037 2621 2297 2666 correctus
2323 2622 2409 2665 est
2437 2613 2506 2665 ad
2536 2612 2692 2679 ﬁdem
2725 2609 3092 2679 Tetraplorum
3123 2609 3384 2678 Origenis,
3406 2626 3523 2679 quis

1955 2707 2114 2759 etiam
2138 2722 2298 2758 manu
2322 2705 2435 2774 ejus
2457 2704 2729 2757 emendata
2750 2712 2799 2756 et
2821 2701 3033 2757 scholiis
3055 2699 3327 2754 illustrata
3350 2710 3519 2755 erant.

1956 2794 2069 2866 Ego
2104 2795 2363 2850 Eusebius
2389 2797 2588 2850 scholia
2616 2796 2806 2866 adjeci.
2847 2793 3157 2865 Pamphilus
3185 2803 3234 2847 et
3263 2795 3521 2849 Eusebius

1955 2895 2314 2940 correxerunt.

2030 2976 2157 3033 Haec
2190 2987 2339 3032 tanta
2376 2987 2649 3032 tantorum
2682 2986 2994 3046 sumptuum
3042 2992 3207 3049 opera
3243 2991 3523 3047 nunquam

1954 3068 2221 3136 potuisset
2248 3066 2531 3137 Origenes,
2566 3067 2860 3122 mediocris
2889 3067 3121 3122 fortuna:
3149 3067 3253 3133 vir,
3276 3067 3521 3136 exsequi,

1958 3159 2062 3213 nisi
2098 3158 2381 3213 facultates
2433 3158 2901 3214 subministrasset
2950 3158 3290 3223 Ambrosius,
3329 3157 3412 3210 vir
3453 3157 3523 3211 ad

1956 3263 2169 3303 summa
2205 3257 2387 3309 natus,
2431 3249 2523 3318 qui
2553 3248 2769 3319 Origeni
2815 3264 3029 3318 semper
3065 3249 3316 3303 stimulos
3358 3248 3525 3302 adde-

1955 3342 2066 3406 bat,
2083 3349 2142 3395 ut
2157 3341 2212 3394 in
2233 3340 2506 3409 publicum
2523 3355 2679 3394 usum
2700 3341 2929 3409 plurima
2944 3339 3322 3409 perscriberet,
3338 3353 3527 3393 cumu-

1954 3434 2168 3503 lateque
2196 3434 2380 3487 omnia
2422 3432 2817 3502 suppeditabat,
2848 3433 2920 3486 ita
2963 3443 3021 3503 ut
3044 3430 3145 3500 ipsi
3177 3429 3522 3500 tacbygraphi

1955 3525 2068 3579 sive
2096 3524 2293 3578 notarii
2321 3532 2547 3593 septem,
2580 3523 2781 3577 librarii
2814 3521 3056 3581 totidem.
3089 3520 3280 3590 puella:
3306 3520 3432 3573 item
3465 3521 3522 3574 in

1955 3617 2303 3689 calligraphia
2348 3616 2677 3675 exercitatae,
2723 3628 2934 3682 semper
2962 3611 3030 3665 ad
3069 3626 3290 3665 manum
3317 3618 3519 3665 essent.

2028 3708 2415 3779 Hexaplorum,
2457 3717 2516 3761 ut
2544 3722 2706 3776 supra
2740 3706 3000 3768 diximus,
3033 3703 3279 3757 ordinem
3313 3702 3389 3757 ita
3431 3717 3522 3756 ac-

1955 3808 2143 3857 curate
2186 3801 2499 3855 describunt
2548 3798 2882 3868 Epiphanius
2927 3803 2981 3849 et
3031 3794 3411 3865 Hieronymus,
3461 3800 3523 3846 ut

1954 3894 2088 3947 nihil
2114 3894 2225 3963 jam
2256 3892 2585 3946 dillicultatis
2608 3906 2670 3960 ea
2700 3890 2767 3943 de
2792 3906 2849 3944 re
2875 3887 3130 3959 supersit.
3160 3888 3313 3941 Libet
3340 3895 3521 3939 autem

1954 3985 2117 4038 verba
2168 3983 2483 4053 Hieronymi
2534 3982 2624 4035 hic
2675 3995 2947 4049 apponere
3000 3994 3065 4033 ex
3119 3977 3412 4032 Comment.
3465 3976 3525 4027 in

1957 4074 2131 4145 Epist.
2177 4075 2244 4128 ad
2282 4073 2458 4127 Titum
2483 4088 2501 4126 .'
2544 4073 2690 4126 Unde
2731 4072 2878 4126 nobis
2913 4087 3053 4125 cum
3094 4070 3195 4139 fuit
3230 4084 3405 4122 omnes
3434 4083 3523 4120 ve—

1955 4170 2077 4222 teris
2129 4167 2257 4236 legis
2307 4165 2487 4230 libros,
2533 4180 2660 4234 quos
2712 4165 2791 4216 vir
2843 4163 3026 4215 doctus
3086 4160 3437 4214 Adamantius
3466 4159 3525 4210 in

1956 4258 2196 4327 Hexapla
2217 4258 2523 4327 digesserat,
2543 4260 2607 4310 de
2638 4255 2948 4310 Cwsariensi
2977 4252 3291 4306 bibliotheca
3321 4250 3521 4303 descri-

1955 4359 2090 4419 ptos,
2122 4366 2185 4403 ea:
2222 4350 2353 4417 ipsis
2390 4348 2707 4401 authenticis
2743 4347 3042 4413 emendare,
3085 4346 3139 4398 in
3182 4343 3370 4413 quibus
3404 4343 3524 4409 ipsa

1956 4442 2181 4496 Hebrwa
2215 4441 2441 4510 propriis
2474 4450 2596 4493 sunt
2625 4439 3014 4493 characteribus
3046 4438 3196 4493 verba
3221 4438 3523 4504 descripta;

1954 4542 2004 4586 et
2054 4531 2248 4586 Graecis
2291 4531 2481 4584 litteris
2532 4531 2741 4583 tramite
2787 4546 3030 4597 expressa
3083 4530 3274 4583 vicino.
3328 4525 3526 4596 Aquila

1953 4624 2111 4677 etiam
2138 4632 2186 4675 et
2216 4620 2580 4692 Symmachus,
2606 4620 2951 4691 Septuaginta
2974 4630 3022 4673 et
3059 4619 3342 4673 Theodotio
3372 4633 3527 4672 suum

1955 4714 2189 4767 ordinem
2231 4721 2421 4766 tenent.
2460 4711 2721 4765 Nonnulli
2766 4728 2884 4764 vero
2921 4711 3067 4775 libri,
3099 4720 3148 4766 et
3196 4710 3422 4763 maxime
3471 4709 3525 4760 hi

1953 4805 2044 4874 qui
2083 4804 2222 4872 apud
2262 4802 2511 4857 Hebrtens
2555 4819 2705 4861 versu
2748 4802 3022 4871 compositi
3068 4812 3213 4868 sunt,
3246 4811 3348 4854 tres
3387 4798 3524 4854 alias

1953 4897 2203 4949 editiones
2231 4894 2445 4948 additas
2473 4895 2699 4948 habent:
2727 4911 2882 4965 quam
2910 4892 3184 4958 Quintam,
3209 4904 3257 4947 et
3284 4890 3521 4955 Sextum,

1953 4994 2003 5039 et
2034 4983 2319 5054 Septimum
2357 4984 2754 5038 translationem
2780 4995 2987 5048 vocant,
3023 4984 3389 5037 auctoritatem
3413 4983 3526 5036 sine

1956 5076 2250 5129 nominibus
2301 5076 2646 5142 interpretum
2697 5086 3024 5129 consecutus.
3085 5072 3314 5126 Planum
3364 5073 3525 5140 igitur

1955 5177 2040 5223 est
2061 5167 2299 5235 Hexapla
2332 5167 2412 5222 sic
2437 5167 2698 5236 disposita
2730 5166 2918 5231 fuisse,
2956 5174 3015 5220 ut
3049 5165 3282 5234 primam
3314 5165 3523 5219 colum-

1956 5274 2080 5313 nam
2129 5266 2418 5329 occuparet
2447 5258 2748 5314 Hebraicus
2781 5267 2986 5322 textus,
3018 5256 3298 5311 Hebraicis
3331 5256 3525 5310 litteris

1955 5351 2290 5420 descriptus;
2315 5352 2607 5407 secundam
2651 5351 2791 5406 idem
2830 5349 3131 5405 Hebraicus
3158 5348 3358 5405 Grati:
3389 5348 3524 5404 litte-

1956 5443 2034 5497 ris
2062 5453 2345 5508 exaratus;
2378 5445 2592 5497 tertiam
2619 5442 2838 5512 Aquila,
2861 5450 3112 5508 quartam
3142 5440 3525 5511 Symmachus,

1957 5533 2201 5602 quintam
2238 5532 2378 5587 LXX
2419 5534 2757 5604 lnterpretes.
2805 5542 3013 5588 sextam
3049 5531 3372 5587 Theodotio.
3415 5531 3525 5586 Cu-

1953 5625 2044 5694 jus
2066 5626 2143 5680 rei
2177 5626 2513 5682 luculentum
2544 5628 2851 5697 suppeditat
2872 5629 3175 5698 exemplum
3200 5628 3365 5682 codex
3389 5626 3523 5680 Bar-

1958 5717 2199 5786 bcriuus,
2253 5718 2346 5774 ubi
2395 5720 2427 5788 Ῡ
2490 5720 2515 5773 1
2570 5719 2763 5789 capitis
2812 5735 2848 5773 ll
2899 5716 3051 5775 Osca:
3093 5719 3395 5790 prophetae,
3435 5718 3523 5774 illo
