3832 6214
311 270 389 328 5‘5
1512 273 1579 327 IN
1618 263 1942 328 HEXKPLA
1979 273 2139 331 OBIG
2149 275 2322 333 ENIS.
3486 297 3558 353 δι

311 402 344 441 e
389 385 610 459 regione
639 386 868 442 aliarum
918 390 1124 459 positas
1169 389 1335 448 fuisse
1379 391 1432 447 in
1463 393 1602 448 libro
1633 392 1875 449 Psalmo-
1905 393 1950 449 Α
1983 405 2104 444 mus
2139 393 2434 450 admodum
2473 395 2842 466 perfunctorie
2889 403 3168 468 narravit;
3205 419 3307 461 nec
3342 408 3559 466 videtur

312 495 458 544 rum,
489 489 541 533 et
568 480 620 533 in
649 481 932 536 duodecim
969 483 1250 555 Prophetis
1278 487 1603 541 minoribus.
1640 489 1700 541 In
1728 487 1882 542 Psalo

308 578 418 631 mis
445 579 662 646 quidem
696 589 804 635 tres
851 581 972 636 illas
1022 581 1285 637 editiones
1333 598 1429 652 per
1475 591 1646 637 totum
1683 585 1875 640 librum

309 670 595 736 adiunctas
627 670 795 726 fuisse
826 674 1054 727 suadent
1080 673 1380 743 frequentia
1407 675 1743 746 singularum
1770 675 1879 731 fra-

310 773 523 830 gmenta
549 781 669 832 qua:
694 766 894 833 passim
923 766 1315 822 observantur:
1351 769 1402 821 in
1434 769 1716 823 duodecim
1749 785 1877 824 vero

308 851 593 924 PrOphetis
619 856 939 918 minoribus,
969 867 1100 912 teste
1130 859 1474 930 Hieronymo,
1504 870 1696 929 pra‘ter
1716 862 1877 930 Aqui-

309 946 441 1010 lam,
491 947 898 1017 Symmachum,
935 949 1094 1016 LXX,
1128 949 1555 1006 Theodotionem
1606 962 1660 1007 et
1704 953 1875 1019 Quin-

307 1047 442 1102 tam,
481 1039 601 1093 duae
644 1041 763 1094 alia:
802 1041 1064 1096 editiones
1109 1043 1368 1110 apposita:
1409 1052 1584 1104 erant,
1630 1044 1875 1099 videlicet

307 1127 474 1183 Sexta
510 1141 563 1185 et
598 1130 854 1200 Septima,
899 1149 1128 1202 quarum
1173 1132 1470 1201 fragmenta
1519 1135 1869 1200 exhibemus;

305 1219 522 1286 Quinta:
543 1238 734 1292 nempe
762 1223 1218 1291 frequentissima,
1243 1226 1469 1280 aliarum
1496 1241 1622 1280 vero
1640 1227 1867 1281 rariora.

302 1313 591 1367 Canticum
628 1326 806 1369 autem
842 1314 1094 1372 Habacuc
1141 1320 1436 1373 secundum
1478 1336 1641 1374 unum
1675 1337 1739 1374 ex
1787 1321 1870 1376 his

302 1403 598 1473 postremis
662 1406 989 1461 editionibus
1041 1408 1310 1477 integrum
1385 1419 1868 1478 repraesentamus,

302 1497 448 1565 quod
481 1513 603 1550 cum
648 1514 745 1552 nec
777 1498 1008 1564 Quintze,
1038 1516 1137 1554 nec
1175 1500 1352 1556 Sextre
1393 1517 1514 1556 esse
1545 1503 1736 1572 possit,
1779 1517 1867 1557 se-

301 1588 489 1656 quitur
517 1603 582 1640 ex
636 1587 872 1659 Septima
899 1591 1243 1662 desumptum
1272 1608 1412 1649 esse.

372 1679 431 1732 In
468 1680 707 1736 Cauticis
746 1684 1101 1749 canticorum,
1132 1684 1346 1751 Quintae
1392 1685 1565 1738 solum
1600 1693 1652 1739 et
1692 1685 1867 1740 Sexta:

299 1770 565 1827 lectiones
595 1773 926 1840 afferuntur;
958 1773 1210 1844 Septima:
1238 1792 1303 1829 ne
1327 1775 1616 1845 vestigium
1648 1777 1865 1845 quidem

297 1862 552 1927 habetur,
601 1865 744 1918 unde
785 1863 1018 1920 fortasse
1049 1866 1289 1934 suspicio
1337 1867 1545 1921 oriatur
1575 1867 1662 1922 hic
1693 1868 1868 1936 Septi-

299 1970 446 2008 mam
479 1971 588 2009 non
624 1956 864 2010 adfuisse
897 1973 1018 2011 cum
1052 1959 1192 2022 aliis,
1247 1957 1389 2027 quod
1437 1966 1618 2012 tamen
1651 1958 1866 2012 nonnisi

297 2055 502 2100 temere
534 2047 788 2101 aﬂirmari
820 2057 996 2118 potest
1030 2069 1042 2103 :
1079 2049 1256 2118 potuit
1284 2051 1453 2117 enim,
1477 2051 1578 2106 etsi
1605 2049 1859 2116 adfuerit,

293 2154 327 2193 a
359 2139 739 2196 collectoribus
769 2141 985 2211 negligi.

365 2229 425 2283 in
474 2229 844 2286 Pentateucho
879 2241 1057 2286 autem
1107 2232 1362 2298 Quintam
1397 2242 1449 2288 et
1484 2233 1701 2287 Sextam
1746 2234 1862 2288 edi-

293 2321 497 2374 tionem
530 2323 710 2376 locum
755 2337 1053 2392 occupasse
1083 2339 1242 2378 suum
1280 2325 1641 2380 testificantur
1671 2339 1858 2379 exem-

289 2415 379 2482 pla
418 2430 522 2466 non
556 2430 728 2483 pauca
773 2433 786 2468 :
824 2417 905 2470 sic
948 2416 1171 2471 Genesis
1201 2433 1319 2487 cap.
1353 2434 1536 2482 xxxiv,
1575 2417 1629 2484 Ῡ.
1673 2417 1761 2480 15,
1793 2433 1858 2472 ex

287 2507 480 2560 codice
523 2506 694 2575 Regio
743 2506 964 2562 affertur
1007 2507 1220 2574 Quintze
1247 2508 1500 2563 editionis
1549 2509 1728 2574 lectio,
1766 2509 1857 2562 ubi

288 2613 477 2650 vocem
530 2607 660 2656 mn:
707 2599 794 2652 hic
847 2599 1112 2668 interpres
1171 2600 1332 2654 vertit
1392 2600 1754 2670 εὐνοήσομεν;
1803 2606 1858 2653 et

290 2704 408 2759 cap.
437 2707 596 2754 xxxv,
629 2708 679 2745 v.
713 2691 800 2750 19,
818 2691 871 2744 in
903 2692 1047 2745 hunc
1075 2693 1249 2746 locum
1273 2676 1389 2752 οῖ·τὸ
1409 2701 1510 2752 n9:
1531 2702 1630 2751 mn
1661 2701 1856 2753 .‘lmDN

288 2781 610 2850 Ambrosius
651 2783 705 2834 in
743 2785 900 2851 epist.
951 2783 1016 2836 ad
1066 2782 1455 2838 Horontianum
1489 2786 1562 2838 ait
1607 2803 1619 2838 :
1654 2783 1854 2848 Quinta

287 2886 463 2928 autem
506 2876 745 2937 traditio,
794 2876 1050 2943 Eplirata,
1096 2877 1211 2944 ipse
1248 2885 1332 2929 est
1381 2876 1577 2930 domus
1633 2876 1788 2945 panis
1837 2895 1850 2930 :

285 2962 385 3016 hoc
448 2965 775 3031 prreteritum
843 2973 918 3016 est
998 2965 1050 3017 in
1129 2965 1354 3017 aliorum
1434 2966 1848 3029 traditionibus,

1979 484 2100 551 ejus
2142 488 2518 543 testimonium
2553 491 2620 544 ad
2648 507 2712 546 ea
2754 508 2876 562 qua:
2901 496 3214 563 supradicta
3247 507 3376 554 sunt
3403 502 3561 571 peni-

1982 586 2068 632 tus
2095 580 2365 647 quadrare
2402 598 2592 652 posse;
2627 585 2896 654 siquidem
2939 588 3015 642 ait
3045 589 3151 655 ille,
3195 589 3249 644 in'
3278 596 3558 650 nonnullis

1979 672 2134 726 libris
2159 681 2211 726 et
2254 674 2492 728 maxime
2516 676 2582 728 iis
2616 677 2709 744 qui
2742 692 2900 731 versu
2936 680 3226 746 compositi
3259 693 3407 748 sunt,
3443 693 3556 739 tres

1977 762 2134 826 alias,
2148 763 2414 818 editiones
2433 780 2624 834 nempe
2640 765 2918 832 Quintam,
2935 766 3152 822 Sextam
3167 778 3220 823 et
3234 769 3552 840 Septimam,

1976 853 2187 907 additas
2224 853 2422 918 fuisse;
2454 856 2527 911 ita
2575 867 2632 911 ut
2677 874 2740 912 ex
2781 860 2898 928 ejus
2933 861 3114 915 verbis
3156 861 3345 916 inferri
3394 879 3555 933 posse

1974 948 2241 1010 videatur,
2259 948 2553 1002 maximam
2581 948 2944 1021 Hexaplorum
2971 962 3176 1022 partem
3197 955 3286 1008 ubi
3313 963 3423 1012 tres
3449 959 3554 1014 illa:

1973 1039 2238 1093 editiones
2256 1040 2456 1097 additae
2479 1040 2693 1096 fuerant
2708 1059 2828 1098 esse
2850 1045 3020 1100 libros
3046 1050 3336 1115 metricos;
3362 1065 3553 1122 nempe

1972 1126 2094 1192 Job,
2127 1129 2372 1186 Psalmos
2426 1140 2480 1185 et
2512 1131 2804 1188 Proverbia
2831 1152 2844 1200 ;
2871 1144 2936 1189 .et
2973 1145 3151 1192 tamen
3187 1142 3549 1210 apertissimis

1971 1221 2234 1287 exemplis
2269 1223 2520 1291 superius
2551 1225 2838 1292 probatum
2866 1237 2970 1291 est,
2997 1229 3118 1286 illas
3144 1234 3413 1289 editiones
3448 1236 3549 1292 ad-

1971 1308 2140 1364 fuisse
2189 1311 2240 1364 in
2274 1311 2664 1378 Pentateucho,
2713 1315 2766 1368 in
2807 1315 3092 1382 Prophetis
3139 1324 3464 1390 minoribus,
3493 1336 3548 1381 et

1973 1400 2027 1454 in
2069 1399 2354 1468 Cauticis;
2401 1420 2464 1457 ex
2503 1405 2656 1460 libris
2702 1422 2834 1460 vero
2870 1413 3113 1467 metricis
3141 1412 3390 1472 Psalmos
3421 1428 3544 1474 tan-

1971 1502 2084 1546 tum
2117 1496 2282 1548 trium
2330 1497 2546 1550 illarum
2583 1499 2883 1553 editionum
2919 1503 3199 1572 reliquias,
3239 1517 3293 1562 et
3320 1511 3539 1578 quidem

1969 1584 2442 1656 frequentissimas
2476 1589 2758 1657 praeferre;
2787 1590 2889 1644 Job
2919 1602 3101 1648 autem
3135 1606 3189 1650 et
3223 1597 3543 1670 Proverbia,

1967 1693 2202 1746 quorum
2245 1681 2480 1735 maxima
2512 1682 2804 1737 lectionum
2840 1682 3222 1754 Hexaplarium
3279 1691 3412 1746 silva
3444 1709 3540 1748 su-

1969 1779 2187 1838 perest,
2233 1786 2304 1826 ne
2340 1774 2625 1840 vestigium
2669 1776 2886 1844 quidem
2933 1778 3096 1833 trium
3153 1781 3366 1836 illarum
3427 1786 3544 1839 edi-

1968 1862 2176 1916 tionum
2212 1862 2432 1916 habere.
2469 1863 2565 1918 His
2607 1868 2913 1935 conspectis
2948 1885 3106 1923 nemo
3135 1874 3409 1942 negaverit
3441 1877 3540 1931 ad-

1966 1955 2188 2009 modum
2220 1955 2434 2010 difﬁcile
2476 1971 2598 2011 esse
2645 1959 2895 2026 superius
2935 1961 3097 2016 allata
3135 1968 3378 2035 exempla
3411 1983 3538 2023 cum

1965 2046 2144 2100 verbis
2171 2044 2488 2117 Hieronymi
2516 2049 2829 2104 conciliare.

2034 2134 2170 2189 Cum
2204 2145 2383 2189 autem
2415 2137 2637 2191 omnino
2667 2148 2872 2192 certum
2905 2141 2971 2196 sit
3007 2139 3293 2213 Origenem
3334 2161 3443 2200 non
3480 2148 3534 2203 in

1961 2225 2216 2279 omnibus
2251 2224 2546 2295 Scriptura;
2577 2229 2732 2284 libris
2762 2240 2872 2286 tres
2904 2233 3025 2287 illas
3060 2234 3534 2303 interpretationi-3

1960 2315 2260 2384 adjecisse,
2307 2317 2476 2385 qua-ri
2525 2327 2703 2386 pouest
2752 2335 2880 2373 num
2937 2332 3044 2377 tres
3091 2323 3166 2376 illi
3213 2326 3532 2394 interpretes

1961 2418 2125 2464 totam
2178 2409 2514 2478 Scripturam
2556 2412 2666 2465 sint
2709 2411 3064 2481 interpretati,
3097 2431 3163 2469 an
3209 2433 3302 2472 eas
3353 2420 3526 2473 solum

1960 2515 2139 2574 partes
2182 2521 2304 2574 quae
2347 2507 2414 2560 ab
2459 2505 2690 2576 Origene
2722 2509 2775 2562 in
2824 2510 3064 2581 Octaplis
3093 2516 3347 2570 adhibitae
3378 2529 3526 2572 sunt.

1960 2594 2102 2650 Sane
2132 2612 2278 2661 cum,
2311 2598 2388 2651 illi
2439 2598 2627 2651 saltem
2665 2599 2774 2654 duo
2808 2603 3039 2670 priores,
3076 2605 3525 2676 Pentateuchurn,

1955 2685 2220 2751 Psalmos,
2249 2698 2305 2742 et
2345 2705 2409 2741 ex
2446 2688 2770 2760 Hieronymo
2802 2691 2904 2747 Job
2947 2707 2998 2749 et
3043 2695 3373 2765 Proverbia;
3401 2718 3522 2756 cum

1956 2777 2080 2832 item
2123 2779 2346 2833 Cantica
2395 2789 2449 2834 et
2496 2779 2732 2835 minores
2778 2781 3076 2853 Prophetas
3127 2791 3520 2858 transtulerint,

1954 2885 2061 2923 nou
2111 2871 2266 2923 video
2320 2871 2447 2939 quid
2502 2887 2680 2926 causa:
2725 2871 2906 2940 fuerit,
2957 2892 3056 2931 cur
3102 2881 3308 2936 medios
3354 2883 3524 2940 libros

1953 2960 2256 3024 omiserint,
2287 2962 2542 3031 quodque
2580 2963 2753 3033 magis
2781 2974 2987 3033 urgeat,
3020 2981 3142 3020 cum
3195 2981 3302 3024 tres
3330 2971 3406 3024 illi
3439 2973 3519 3026 iu-

285 3051 379 3105 ubi
432 3053 750 3108 traditiones
801 3053 891 3108 ille
938 3069 1036 3122 pro
1090 3053 1419 3108 editionibus
1481 3064 1728 3124 usurpat.
1781 3056 1915 3114 EtC
1951 3059 2210 3119 ιθτρτθιεε
2256 3062 2316 3105 ut
2363 3052 2654 3120 plurimum
2708 3053 2763 3106 in
2808 3054 2998 3108 iisdem
3046 3056 3338 3127 Scriptura:
3366 3062 3520 3117 libris

283 3141 456 3197 Levit.
527 3160 566 3209 ι,
627 3143 690 3197 16
749 3163 764 3197 :
824 3146 888 3198 Α.
951 3147 1032 3207 E.,
1093 3144 1189 3216 τὴν
1251 3145 1574 3209 σιτίζουσαν.
1638 3147 1698 3201 Θ.
1756 3147 1842 3210 Ε.,

279 3233 382 3304 τὴν
431 3234 599 3302 ὀσφὺν
642 3235 708 3305 ἢν
754 3238 914 3306 ἡμεῖς
959 3236 1230 3307 καλοῦμεν
1263 3237 1456 3306 φύσαν.
1485 3239 1616 3292 Item
1669 3238 1841 3294 Levit.

279 3339 401 3393 cap.
435 3342 497 3386 ll,
528 3342 582 3379 v.
615 3327 668 3391 5,
701 3327 752 3379 in
783 3328 1024 3395 Append.
1063 3328 1118 3382 Σ.
1153 3329 1239 3394 Ε.,
1271 3329 1378 3383 ἀπὸ
1405 3329 1510 3382 τῶν
1540 3330 1846 3402 καρπωμά-

275 3430 390 3468 των
421 3417 647 3487 Κυρίου.
679 3415 742 3471 Εῑ
767 3417 936 3472 Levit.
968 3435 1043 3484 Il,
1081 3419 1166 3472 17.
1191 3422 1253 3473 Α.
1286 3423 1359 3474 Ο¹.
1391 3421 1452 3474 Θ.
1482 3423 1565 3485 Ε.,
1597 3423 1844 3475 νυκτικό-

277 3505 398 3572 pag.
435 3524 492 3570 ς.
527 3507 713 3576 γλαῦξ.
758 3509 816 3562 Ε.
855 3509 1128 3573 Quintam,
1162 3529 1218 3574 ς.
1269 3509 1486 3566 Sextum
1532 3512 1754 3578 indicat,
1789 3523 1843 3570 et

276 3599 563 3666 utriusque
611 3600 985 3668 interpretatio
1035 3601 1275 3655 affertur.
1314 3603 1717 3671 lbidemque-v.
1749 3605 1836 3658 51.

274 3691 352 3742 0’.
391 3690 450 3744 Θ.
479 3692 564 3756 Ε.,
594 3692 770 3746 αὐτῶν
805 3693 1160 3764 τεθνηκότων.
1196 3693 1352 3748 Hisce
1383 3705 1489 3748 tam
1529 3697 1728 3762 apertis
1761 3707 1840 3750 te-

274 3783 548 3838 stimoniis
577 3784 836 3853 refragari
870 3801 1025 3840 nemo
1065 3802 1224 3854 posse
1268 3788 1496 3841 videtur.
1540 3788 1608 3841 At
1639 3789 1836 3842 mirum

269 3887 354 3928 est
377 3875 630 3941 Quintam
659 3885 710 3930 et
736 3877 953 3930 Sextam
983 3877 1274 3931 editionem
1299 3894 1328 3932 a
1356 3879 1570 3933 nemine
1595 3890 1834 3934 veterum

272 3967 609 4033 Grazcorum,
643 3969 733 4038 qui
769 3970 821 4022 in
854 3969 1276 4024 Pentateuchum
1311 3978 1389 4024 tot
1429 3969 1834 4026 Commentaria

267 4061 576 4126 ediderunt,
620 4074 970 4116 memoratam
1005 4063 1215 4131 uspiam
1253 4061 1438 4116 fuisse.
1469 4063 1544 4116 De
1589 4062 1832 4132 Septima

269 4154 324 4207 in
372 4152 742 4208 Pentateucho
781 4155 910 4208 nihil
945 4155 1104 4210 hodie
1147 4175 1159 4210 :
1189 4165 1368 4209 utrum
1415 4172 1545 4211 vero
1572 4159 1700 4210 olim
1733 4157 1832 4210 ad-

265 4244 452 4310 fuerit,
501 4246 802 4314 ignoratur.
848 4243 1047 4299 Praater
1094 4246 1257 4300 hosce
1291 4247 1480 4307 libros.
1527 4249 1630 4302 ubi-
1665 4250 1828 4302 trium

263 4339 632 4408 posteriorum
676 4339 972 4392 editionum
1009 4340 1232 4409 vestigia
1267 4343 1587 4409 reperimus,
1619 4342 1673 4395 in
1707 4342 1829 4396 aliis

261 4433 428 4485 etiam
469 4429 742 4484 exstitisse
771 4430 1076 4484 subindicat
1134 4429 1494 4502 Hieronymus
1525 4431 1728 4486 Comm.
1775 4434 1828 4485 in

261 4521 438 4590 Epist.
489 4523 558 4574 ad
614 4521 843 4575 Titum:
895 4520 1153 4575 Nonnulli
1206 4538 1322 4575 vero
1372 4521 1512 4586 libri,
1542 4522 1732 4590 inquit,
1778 4532 1827 4575 et

258 4618 494 4669 maxime
521 4617 574 4668 lii
613 4615 701 4684 qui
740 4616 877 4684 apud
915 4614 1162 4669 Hebruzos
1185 4631 1335 4667 versu
1362 4614 1640 4682 compositi
1676 4624 1823 4681 sunt,

260 4718 364 4761 tres
411 4706 547 4761 alias
587 4707 836 4760 editiones
881 4707 1091 4760 additus
1121 4705 1331 4772 habent,
1360 4723 1519 4777 quant
1544 4705 1823 4771 Quintam,

256 4809 308 4852 et
333 4797 569 4863 Sextum,
596 4809 643 4852 et
672 4798 960 4868 Septimum
991 4798 1388 4851 translationem
1414 4806 1618 4860 tocant;
1647 4807 1826 4850 aucto-

258 4891 469 4943 ritatem
500 4891 610 4943 sine
659 4890 953 4942 nominibus
990 4889 1328 4956 interpretum
1380 4895 1703 4940 consecutus.
1744 4885 1821 4940 Ex

255 4981 412 5035 libris
459 4994 637 5035 tamen
686 4997 842 5034 versu
893 4980 1213 5047 conscriptis
1260 4979 1359 5032 soli
1395 4977 1597 5032 Psalmi
1652 4979 1818 5032 trium

255 5073 619 5141 posteriorum
671 5069 1172 5138 interpretationum
1220 5069 1478 5137 reliquias
1504 5067 1815 5138 prmferunt.

253 5164 313 5217 ln
356 5163 460 5218 Job
498 5173 676 5217 autem
733 5172 786 5216 et
833 5160 1157 5225 Proverbiis,
1206 5162 1304 5216 etsi
1354 5161 1531 5228 ampla
1586 5160 1814 5214 aliarum

251 5257 550 5310 editionum
580 5269 733 5324 seges
758 5252 1037 5314 offeratur,
1067 5252 1201 5304 nihil
1231 5251 1390 5306 hodie
1415 5252 1481 5306 de
1512 5251 1684 5306 tribus
1708 5252 1816 5305 illis

250 5347 543 5420 postremis
574 5344 956 5414 interpretibus
995 5354 1261 5412 superest.

323 5436 382 5490 Si
412 5445 620 5491 stemus
653 5434 962 5504 Hieronymi
996 5435 1194 5498 verbis,
1232 5437 1284 5488 in
1319 5433 1384 5488 iis
1413 5433 1591 5500 ﬁbris)
1613 5433 1703 5487 ubi
1731 5432 1813 5487 hae

247 5538 539 5600 postrema:
577 5529 840 5584 editiones
875 5526 1286 5592 adhibebantur,
1320 5535 1429 5581 tres
1478 5541 1690 5595 semper
1724 5527 1814 5580 ad-

247 5633 425 5688 erant,
451 5636 554 5675 nec
590 5619 788 5686 Quinta
818 5619 933 5674 sine
960 5617 1143 5684 Sexta,
1181 5633 1279 5672 nec
1315 5626 1544 5686 utraque
1569 5618 1687 5671 sine
1713 5617 1810 5672 Se-

246 5713 414 5783 ptima
438 5711 617 5767 locum
645 5711 853 5786 uspiam
888 5709 1138 5766 habebat.
1164 5707 1362 5766 Verum
1393 5708 1507 5764 haec
1538 5705 1805 5780 Hierony-

1947 3145 2306 3213 reperiantur,
2341 3144 2465 3198 licct
2495 3145 2637 3198 haud
2668 3145 2831 3199 dubie
2859 3148 3025 3201 variis
3052 3149 3104 3201 in
3132 3149 3266 3205 locis
3294 3154 3521 3222 scripse-

1946 3235 2074 3297 rint,
2101 3227 2214 3288 'cur
2263 3235 2480 3288 eosdem
2529 3233 2697 3286 libros
2731 3249 2796 3287 ex
2830 3233 3093 3290 Hebraico
3126 3242 3512 3306 converterint,

1944 3325 2160 3378 eosdem
2211 3324 2544 3378 omiserint:
2594 3324 2697 3376 hoc
2746 3334 2892 3380 certe
2940 3341 3115 3396 neque
3159 3343 3287 3383 casu
3335 3348 3512 3402 neque

1943 3417 2172 3470 consilio
2224 3417 2468 3470 accidere
2514 3419 2754 3486 potuisse
2804 3418 3035 3473 videtur.
3070 3417 3126 3472 Si
3161 3422 3510 3489 respondeas,

1943 3522 2040 3562 cur
2071 3524 2199 3577 ergo
2232 3507 2492 3578 Origenes
2518 3510 2569 3563 in
2602 3509 2927 3579 quibusdam
2962 3511 3135 3575 libris,
3169 3526 3276 3565 non
3308 3513 3362 3566 in
3393 3528 3512 3566 om-

1941 3603 2122 3663 nibus,
2157 3601 2279 3656 illas
2307 3602 2571 3655 editiones
2604 3603 2934 3671 apposuerit,
2966 3618 3225 3672 reponam
3261 3619 3382 3673 ego,
3409 3620 3510 3659 cur

1940 3694 1993 3746 in
2022 3693 2253 3748 Threnis
2307 3694 2422 3747 sive
2468 3692 2972 3749 Lamentationibus
3023 3693 3290 3758 Jeremiaa,
3333 3697 3509 3750 solum

1941 3784 2325 3856 Symmachum
2355 3799 2480 3838 cum
2523 3787 2760 3840 editione
2787 3786 2896 3839 τῶν
2936 3788 2992 3839 0'
3018 3787 3236 3850 locavit,
3271 3802 3394 3842 cum
3429 3797 3508 3841 ta-

1937 3891 2061 3930 men
2089 3875 2281 3944 Aquila
2312 3885 2366 3928 et
2391 3873 2692 3927 Tlieodotio
2725 3875 2888 3942 hujus
2919 3874 3063 3936 libri,
3095 3875 3317 3942 perinde
3345 3884 3509 3944 atque

1936 3967 2190 4031 aliorum,
2225 3966 2722 4034 interpretationem
2769 3965 3174 4031 adornaverint,
3214 3975 3271 4020 ut
3307 3967 3504 4021 ibidem

1934 4061 1990 4114 in
2023 4060 2222 4113 Monito
2262 4060 2576 4128 probamus.
2615 4057 2751 4114 Hinc
2782 4074 2911 4113 sane
2951 4059 3120 4128 liquet
3162 4075 3226 4114 ex
3260 4061 3362 4115 hac
3385 4059 3506 4115 Ori-

1933 4152 2086 4222 genis
2122 4151 2416 4204 omissione
2445 4150 2694 4204 concludi
2726 4165 2836 4204 non
2870 4166 3053 4219 posse,
3087 4151 3208 4206 illas
3239 4153 3504 4207 editiones

1931 4259 2042 4298 non
2085 4244 2344 4313 integras,
2390 4243 2482 4296 sed
2527 4243 2740 4311 aliquos
2773 4251 2982 4296 tantum
3032 4241 3308 4300 Hebraica:
3353 4244 3500 4300 Scri-

1931 4342 2102 4402 ptura:
2149 4331 2316 4384 libros
2352 4331 2660 4399 complean
2707 4329 2894 4386 fuisse.
2927 4332 3195 4386 Caeterum
3241 4349 3353 4387 rem
3393 4350 3498 4388 non

1936 4425 2152 4496 penitus
2181 4424 2513 4492 exploratam
2548 4423 2764 4478 lectoris
2799 4422 3006 4492 judicio
3035 4424 3423 4493 permittimus.

1931 4539 2044 4594 VII.
2080 4539 2154 4593 De
2191 4538 2329 4592 notis
2359 4537 2413 4590 in
2439 4537 2766 4618 marginibus
2800 4535 3162 4605 Hexuplorum
3185 4536 3248 4590 ub
3277 4536 3499 4609 Origene

2608 4618 2814 4675 positis.

2000 4698 2057 4752 In
2090 4697 2342 4767 Hexaplis
2376 4698 2587 4766 amplos
2616 4696 2784 4750 fuisse
2813 4695 3086 4765 margines
3132 4696 3279 4751 notis
3307 4694 3495 4765 Orige-

1926 4791 2105 4846 nianis
2147 4800 2398 4853 onustos,
2433 4797 2770 4858 compertum
2799 4787 2956 4841 nobis
2985 4797 3068 4841 est
3095 4806 3108 4842 :
3138 4789 3330 4842 horum
3364 4805 3492 4843 vero

1926 4891 2130 4952 partem
2156 4896 2261 4933 non
2288 4879 2564 4932 minimam
2592 4878 3226 4946 occupabantnominum
3254 4881 3495 4948 proprio-

1922 4991 2042 5030 rum
2086 4973 2471 5027 Hebraicorum
2529 4969 2922 5038 explicationes
2967 4968 3187 5023 Graacae.
3223 4965 3277 5023 Id
3307 4979 3488 5026 autem

1922 5066 2124 5120 indicat
2149 5063 2405 5132 Origenes
2439 5063 2489 5114 in
2521 5071 2648 5114 nota
2675 5061 2901 5129 quadam
2933 5059 2999 5114 ad
3024 5075 3143 5129 cap.
3177 5076 3342 5115 xxxvr
3391 5059 3490 5116 Ge-

1920 5156 2087 5219 nesis,
2115 5155 2165 5223 ,ᾗ
2197 5152 2284 5214 56,
2329 5152 2417 5205 ubi
2456 5151 2535 5205 sic
2570 5151 2768 5205 habet:
2801 5149 2925 5213 Τοῖς
2963 5149 3060 5220 μὲν
3100 5149 3228 5220 περὶ
3260 5150 3488 5206 Ἀκύλαν

1917 5249 2012 5302 καὶ
2038 5247 2330 5316 Σύμμαχον
2365 5242 2637 5313 Φουτιφὰρ
2675 5242 2887 5312 εἴρηται
2918 5243 2974 5293 ὲν
3001 5239 3174 5311 τούτῳ
3198 5241 3276 5312 τῷ
3305 5241 3484 5314 τόπῳ·

1919 5342 1975 5392 ἐν
2001 5339 2057 5392 δὲ
2087 5337 2164 5408 τῷ
2194 5337 2362 5407 ἑτέρῳ
2385 5332 2745 5403 Φουρτιφαρέ.
2780 5332 2940 5402 Καὶὴ
2977 5332 3074 5400 μὲν
3099 5332 3192 5384 τοῦ
3221 5333 3486 5402 παρόντος

1915 5431 2173 5500 ὀνόματος
2199 5428 2463 5498 ἑρμηνεία
2487 5426 2812 5494 παράκειται
2839 5425 2904 5493 τῇ
2933 5422 3108 5486 λέξει·
3135 5424 3168 5493 ἡ
3193 5423 3250 5477 δὲ
3273 5423 3485 5488 ἔκθεσις

1913 5523 2007 5575 τοῦ
2054 5521 2244 5591 ἑτέρου
2271 5521 2329 5572 ἐν
2360 5522 2472 5582 τοῖς
2508 5517 2632 5587 ἑξῆς
2666 5519 2934 5586 φανεῖται·
2963 5515 3014 5568 id
3047 5527 3130 5569 est
3163 5532 3175 5568 :
3212 5515 3406 5585 Aquila
3431 5525 3483 5569 et

1915 5611 2260 5681 Symmachus
2315 5608 2614 5677 Pltutipltur
2662 5609 2907 5661 dixerunt
2954 5607 3048 5660 hoc
3098 5605 3235 5671 loco,
3275 5607 3328 5660 in
3372 5607 3484 5662 alio

1914 5714 2089 5759 autem
2111 5701 2467 5770 Phurtiphare
2494 5718 2512 5756 .'
2541 5701 2811 5771 primatis
2835 5717 2952 5756 vero
2975 5701 3199 5756 nominis
3222 5701 3484 5769 interproc
