3832 6214
352 247 427 306 55
1691 249 2221 308 PRAELIMINARIA
3535 261 3608 320 δε

352 366 489 422 tatio
511 365 626 420 uoci
646 364 855 436 adjacet
885 366 961 437 (id
990 377 1074 423 est
1102 368 1159 422 in
1186 368 1477 439 margine),
1506 368 1727 424 alterius
1750 382 1926 425 autem
1955 379 2003 434 Α
2029 371 2193 426 nibus
2241 369 2497 426 collocari
2550 390 2562 424 :

351 456 638 527 explicatio
663 458 715 511 iu
741 458 1073 528 sequentibus
1095 458 1475 514 declarabitur.
1502 458 1645 517 Hine
1669 471 1755 518 est
1779 462 1927 532 quod

354 549 409 604 in
471 549 862 606 vetustissimis
916 551 1345 621 manuscriptis,
1403 552 1544 607 unde
1599 554 1929 623 praacipuam

354 642 723 714 lkxaplorum
761 653 973 714 partem
1014 646 1410 715 excerpsimus,
1438 647 1544 703 illae
1580 649 1925 717 propriorum

354 738 639 792 nominum
686 735 1081 792 Hebraicorum
1132 738 1610 808 interpretationes
1641 741 1695 793 in
1726 740 1931 809 margi-

353 830 519 885 nibus
545 837 879 896 occurrant;
909 839 968 883 ut
995 830 1229 900 exempli
1263 846 1451 896 causa,
1481 831 1537 885 in
1558 831 1930 887 vetustissimo

355 921 450 977 illo
473 922 661 976 codice
686 921 1043 985 Coisliniano,
1074 924 1165 991 qui
1204 923 1404 977 unciali
1437 923 1703 993 quadrato
1741 923 1932 977 chara-

356 1025 504 1070 ctere
524 1015 762 1085 scriptus
794 1024 896 1081 est,
928 1030 992 1069 ac
1021 1015 1159 1070 sexti
1190 1016 1276 1070 vel
1321 1017 1537 1086 septimi
1585 1018 1768 1072 saeculi
1809 1032 1932 1073 esse

355 1114 602 1177 putatur,
630 1105 698 1160 ad
740 1106 955 1175 singula
984 1105 1096 1161 fere
1137 1107 1360 1162 nomina
1401 1107 1620 1177 prapria
1663 1107 1932 1176 ejusmodi

356 1200 581 1263 notulae,
607 1198 717 1252 vim
742 1207 796 1252 et
824 1199 1206 1270 etymologiam
1238 1198 1477 1255 nominis
1502 1199 1826 1265 indicantes,
1846 1216 1932 1256 re-

358 1291 676 1361 periuntur;
715 1290 865 1345 verbi
895 1291 1090 1360 gratia,
1130 1290 1263 1362 ὲδὲμ
1285 1307 1297 1320 ·
1332 1290 1386 1344 in
1419 1306 1613 1361 marg.,
1643 1290 1869 1362 αἵμασις
1895 1291 1928 1364 ἢ

356 1382 559 1454 τρυφὴ,
584 1391 787 1451 septum
818 1390 910 1434 aut
932 1381 1170 1451 voluptas
1192 1400 1205 1449 ;
1231 1380 1431 1447 Φισὼν,
1458 1385 1633 1454 στόμα
1657 1383 1844 1454 κόρης,
1873 1399 1931 1437 os

358 1472 581 1542 puellae;
606 1471 826 1537 Εὑιλὰτ,
853 1472 1134 1542 ὠδίνησεν,
1163 1474 1447 1540 parturivit
1464 1489 1486 1537 ;
1514 1472 1687 1545 Γηὼν,
1715 1473 1929 1543 στῆθος,

359 1575 576 1635 pectus;
624 1564 902 1628 Αἰθιοπία,
950 1566 1232 1633 σκότωσις,
1277 1567 1673 1631 obtenebratio;
1718 1568 1929 1640 Τίγρις,

359 1658 583 1729 ἁρπαγὴ
615 1658 648 1729 ἢ
685 1658 1033 1723 ταπείνωσις,
1081 1660 1272 1728 rapina
1318 1670 1414 1714 aut
1460 1660 1798 1722 humiliatio;
1828 1660 1933 1713 Εὐ-

2617 387 2931 444 quanquam
2986 374 3041 430 id
3097 376 3324 434 minime
3372 387 3604 436 constet.

2034 460 2160 516 Haec
2188 463 2385 530 quippe
2419 462 2595 516 solum
2628 463 2925 519 divinando
2949 464 3182 523 dicimus
3213 485 3227 522 :
3262 467 3438 525 donec
3460 471 3605 525 enim

2038 551 2221 620 aliqua
2250 550 2332 605 vel
2355 551 2564 605 tantilla
2591 566 2717 621 pars
2738 551 3123 623 Hexaplorum,
3145 567 3207 612 ut
3227 557 3382 614 initio
3405 560 3605 632 scripta

2035 640 2283 709 fuerunt,
2306 654 2338 695 e
2370 641 2606 698 tenebris
2641 645 2943 711 emerserit,
2975 654 3037 699 ut
3062 646 3177 715 jam
3208 648 3468 719 diximus,
3494 651 3583 721 ple

2034 748 2159 787 nam
2189 733 2595 807 perfectamque
2623 736 2843 793 illorum
2892 740 3144 796 notitiam
3188 742 3459 813 expiscari
3497 758 3608 801 non

2032 825 2359 881 valebimus.

2036 938 2129 994 1X.
2197 938 2388 995 Utrum
2444 940 2687 1021 Qrigenis
2736 953 2968 1021 tempore
2988 943 3346 1021 ‘Saniaritani
3384 957 3437 1004 et
3479 946 3608 1021 Syri

2460 1012 2660 1069 Greca:
2686 1012 2944 1070 versioues
2974 1016 3194 1086 fuerint.

2105 1100 2380 1168 Quaeritur
2406 1120 2537 1160 num
2582 1105 2867 1179 Origenes,
2909 1109 2996 1165 vel
3027 1111 3073 1166 si
3102 1111 3196 1181 qui
3229 1111 3319 1166 alii
3350 1111 3405 1167 in
3443 1110 3608 1169 Com-

2037 1194 2321 1251 mentariis
2349 1194 2405 1250 in
2440 1196 2778 1270 Scripturam
2807 1199 3141 1256 Samaritani
3184 1210 3239 1256 et
3268 1201 3391 1273 Syri
3419 1202 3609 1259 lectio-

2037 1301 2135 1341 nes
2164 1286 2351 1345 Graece
2378 1290 2767 1359 adhibuerunt,
2798 1306 2892 1346 eas
2922 1306 2989 1346 ex
3017 1291 3360 1348 Samaritana
3388 1301 3442 1347 et
3469 1292 3607 1363 Syra

2036 1382 2309 1449 versione,
2343 1383 2437 1438 ubi
2481 1400 2620 1455 opus
2651 1385 2754 1440 fuit
2783 1386 2974 1442 Graece
3003 1386 3408 1456 expresserim;
3439 1401 3510 1442 an
3538 1401 3607 1441 ex

2039 1473 2221 1544 aliqua
2254 1474 2584 1531 Samaritani
2612 1486 2667 1533 et
2696 1477 2815 1550 Syri
2846 1478 3033 1535 Graeca
3059 1480 3430 1545 translatione,
3454 1482 3608 1549 prius

2038 1567 2322 1633 adornata,
2377 1571 2609 1625 mutuati
2657 1571 2785 1627 sint.
2838 1570 3080 1627 Graecam
3135 1570 3605 1625 Samaritanorum

2036 1658 2343 1714 versionem
2374 1660 2545 1717 fuisse
2574 1662 2755 1716 innuit
2789 1661 3150 1731 Epiphanius,
3186 1677 3311 1716 cum
3341 1662 3417 1716 ait
3447 1659 3609 1734 Sym-

360 1750 592 1823 φράτης,
625 1751 953 1822 ηὐξημένος,
987 1759 1214 1815 auctus;
1254 1750 1445 1821 Ἀδὰμ,
1477 1751 1736 1822 γηγενὴς,
1766 1750 1799 1822 ἢ
1846 1750 1931 1805 ἄν·

2042 1749 2317 1814 machum,
2346 1758 2408 1804 ut
2437 1749 2903 1806 Samaritanorum
2933 1749 3409 1819 interpretationes
3449 1764 3471 1804 ε
3489 1764 3611 1805 ver-

361 1840 596 1914 θρωπος,
621 1842 655 1913 ἢ
697 1841 847 1912 χοῦς,
882 1843 1165 1911 terrigena,
1193 1849 1287 1893 aut
1332 1842 1506 1907 homo,
1533 1850 1626 1895 aut
1656 1840 1845 1911 pulvis.
1872 1840 1938 1894 Et

361 1933 566 1989 similes
596 1933 735 1988 bene
763 1933 948 1988 multa:
973 1951 987 1986 :
1012 1949 1244 2002 quarum
1268 1948 1362 1988 eas
1393 1934 1569 1988 solum
1602 1949 1726 2003 quae
1750 1934 1940 1989 melio-

360 2024 438 2079 ris
466 2032 608 2078 nota:
632 2025 762 2079 visa:
796 2033 925 2079 sunt
949 2025 1003 2078 in
1033 2023 1269 2080 decursu
1300 2025 1484 2095 operis
1512 2026 1893 2081 adnotavimus
1917 2044 1932 2094 ;

360 2113 498 2169 alias
518 2121 698 2168 autem
730 2114 880 2169 nullo
909 2113 1194 2183 dispendio
1226 2114 1420 2184 negligi
1452 2129 1614 2183 posse
1642 2115 1934 2182 duximus;

363 2215 477 2258 tum
527 2206 655 2275 quia
698 2221 894 2276 magna
934 2220 1065 2276 pars
1111 2220 1301 2260 earum
1348 2206 1402 2259 in
1450 2206 1592 2261 libro
1647 2204 1936 2261 Nomiuum

364 2294 756 2351 Hebraicorum
784 2311 916 2352 cusa
954 2306 1041 2352 est
1065 2315 1080 2363 ;
1110 2306 1224 2351 tum
1268 2298 1431 2351 etiam
1460 2300 1590 2367 quia
1619 2297 1936 2368 hujusmodi

362 2391 707 2460 etymologia:
757 2390 1080 2460 plerumque
1127 2390 1293 2455 leves,
1344 2390 1568 2445 detortas
1626 2390 1940 2460 nulliusque

363 2481 521 2550 pretii
553 2492 700 2537 sunt.
732 2483 978 2536 Aliarum
1004 2496 1130 2536 vero
1150 2482 1588 2549 aantationum,
1618 2498 1757 2554 quas
1783 2483 1940 2539 initio

361 2573 660 2628 editionum
693 2574 1030 2645 singularum
1070 2571 1359 2644 Origenem
1402 2575 1653 2644 posuisse
1694 2576 1941 2631 subindi-

363 2676 452 2721 cat
501 2666 805 2734 Eusebius,
855 2669 1148 2724 admodum
1194 2670 1526 2741 deploranda
1573 2669 1788 2739 jactura
1830 2679 1935 2727 est.

362 2757 499 2812 Nam
527 2758 601 2813 ibi
623 2760 883 2814 editionis
908 2759 1174 2828 cujusque
1197 2762 1481 2816 historiam
1507 2762 1721 2816 texebat
1750 2771 1939 2833 etquo

363 2846 487 2899 loco
537 2857 749 2914 reperta
786 2846 980 2901 fuisset
1018 2849 1312 2904 indicabat.
1339 2850 1477 2905 Illud
1514 2866 1645 2906 vero
1677 2852 1939 2907 damnum

364 2936 492 2991 licet
518 2935 854 3006 Epiphanius
882 2939 936 2991 in
966 2939 1107 2992 libro
1156 2938 1229 2993 De
1258 2940 1576 3009 ponderibus
1604 2951 1654 2996 et
1681 2945 1939 2998 mensuris

366 3037 646 3098 utcunque
674 3029 960 3094 sarciret-it
983 3072 998 3098 ,
1031 3042 1090 3085 at
1114 3032 1283 3086 multa
1315 3033 1538 3089 miscuit
1562 3035 1651 3089 ille
1671 3048 1939 3106 notasque

364 3130 671 3191 temporum
701 3121 1066 3188 labefactavit,
1092 3132 1151 3176 ut
1180 3124 1427 3194 pluribus
1449 3124 1590 3181 infra
1632 3126 1860 3182 dicetur.

365 3233 504 3292 Vlll.
543 3238 625 3291 An
658 3235 989 3311 Samaritani
1015 3246 1066 3311 et
1092 3234 1227 3311 Syri;
1244 3236 1490 3292 lectiones
1516 3240 1575 3293 iu
1607 3240 1935 3311 marginibus

823 3306 1185 3377 Hexaplorum
1211 3308 1480 3363 locaverit.

435 3396 766 3454 Samaritani
807 3410 862 3454 et
889 3398 1010 3470 Syri
1035 3400 1296 3457 lectiones
1324 3402 1380 3455 in
1410 3401 1750 3472 marginibus
1783 3410 1937 3457 vetu-

365 3490 733 3546 stissimorum
777 3492 1191 3561 exemplarium,
1239 3509 1361 3565 qua:
1407 3492 1773 3564 Hexaplorum
1820 3494 1937 3549 fra-

365 3592 584 3652 gmenta
605 3583 883 3658 exhibent,
909 3599 1145 3654 persaepe
1165 3585 1546 3652 observantur;
1568 3585 1689 3657 Syri
1715 3586 1936 3656 quidem

366 3671 422 3723 in
460 3671 735 3742 plerisque
782 3672 1076 3744 Scriptura:
1112 3676 1294 3742 libris;
1337 3675 1667 3730 Samaritani
1707 3691 1835 3732 vero
1880 3677 1936 3731 in

364 3760 737 3820 Pentateucho
784 3773 1045 3823 tantum:
1091 3768 1185 3823 ubi
1213 3783 1321 3823 non
1366 3768 1738 3839 infrequenter
1769 3770 1936 3824 inter-

365 3858 699 3927 pretationes
759 3857 1090 3914 Samaritani
1157 3860 1600 3927 animadvertas,
1662 3861 1936 3915 interdum

365 3946 531 4014 solas,
559 3948 759 4017 saepius
797 3964 922 4004 cum
966 3950 1199 4004 aliorum
1229 3949 1583 4019 interpretum
1612 3949 1936 4004 lectionibus

363 4041 612 4096 collatas.
660 4040 797 4096 Cum
856 4051 1040 4096 autem
1096 4041 1205 4097 illae
1257 4039 1587 4095 Samaritani
1649 4040 1931 4104 lectiones,

364 4148 475 4187 non
520 4135 575 4187 in
617 4134 847 4189 vetustis
884 4135 1167 4189 codicibus
1203 4142 1438 4199 tantum,
1466 4132 1560 4187 sed
1591 4134 1753 4186 etiam
1790 4131 1935 4201 apud

362 4222 552 4281 Patres
585 4228 790 4296 quarti,
822 4227 999 4296 quinti
1028 4236 1083 4282 et
1109 4227 1453 4296 sequentium
1486 4225 1813 4281 saeculorum
1839 4237 1935 4279 oc-

363 4328 610 4383 currant,
642 4319 924 4390 probabile
970 4333 1104 4374 sane
1148 4318 1364 4372 videtur
1411 4317 1589 4387 ipsum
1646 4315 1932 4386 Origenem

2040 1849 2194 1907 teret,
2223 1842 2437 1897 tertiam
2477 1842 2715 1899 edidisse
2751 1842 3186 1897 translationem.
3219 1838 3355 1895 Nam
3382 1838 3438 1895 id
3466 1841 3512 1895 si
3542 1840 3609 1896 de

2040 1930 2384 1987 Samaritana
2439 1932 2927 2004 interpretatione,
2991 1931 3339 1987 Samaritano
3395 1930 3607 2002 vulgari

2038 2024 2294 2080 idiomate
2341 2023 2506 2093 facta,
2559 2024 2788 2095 intelligi
2836 2024 3110 2095 quispiam
3162 2024 3470 2091 contendat,
3509 2038 3610 2079 cur

2039 2115 2421 2187 Symmachus,
2448 2116 2588 2173 inter
2612 2116 2989 2172 Samaritanos
3015 2115 3391 2180 doctissimus,
3418 2114 3478 2169 ut
3507 2113 3610 2168 tri-

2035 2209 2244 2264 bulium
2280 2222 2506 2264 suorum
2555 2207 2961 2263 Samaritanam
2994 2207 3406 2263 translationem
3452 2220 3609 2261 ever-

2036 2307 2173 2354 teret
2219 2308 2274 2354 et
2316 2297 2643 2366 confutaret,
2674 2300 2920 2356 Graecam
2954 2300 3461 2371 interpretationem
3491 2297 3611 2353 edi-

2036 2392 2213 2447 derit?
2252 2389 2412 2446 Certe
2461 2392 2687 2447 omnino
2735 2401 3165 2448 consentaneum
3215 2391 3430 2446 videtur
3479 2404 3606 2445 eum

2037 2483 2281 2539 Graecam
2320 2483 2630 2539 versionem
2672 2485 2929 2551 edidisse,
2959 2494 3020 2541 ut
3049 2500 3169 2540 eam
3196 2482 3354 2538 alteri
3384 2480 3608 2546 Graece,

2035 2590 2158 2645 qua:
2185 2583 2302 2629 erat
2328 2572 2824 2643 Samaritanorum,
2854 2584 3167 2647 opponeret.
3194 2573 3320 2629 Haec
3349 2587 3482 2628 sane
3508 2571 3610 2627 ob-

2032 2665 2201 2735 jectio
2227 2665 2522 2720 admodum
2550 2666 2783 2735 urgebit,
2806 2667 2851 2722 si
2886 2677 3065 2722 tamen
3096 2680 3222 2720 vera
3248 2665 3358 2719 sint
3390 2677 3513 2735 qua:
3537 2662 3608 2717 de

2038 2753 2350 2828 Symmachi
2389 2772 2513 2811 cum
2564 2755 2924 2813 Samaritanis
2984 2755 3214 2812 dissidio
3263 2765 3451 2811 narrat
3476 2752 3607 2825 Epi-

2036 2848 2274 2917 phanius
2298 2865 2312 2902 :
2339 2863 2466 2902 nam
2492 2848 2613 2918 ejus
2638 2849 2948 2903 testimonio
2975 2864 3081 2905 non
3106 2846 3335 2903 multum
3360 2846 3601 2902 fidimus.

2036 2940 2107 2994 At
2139 2954 2250 2994 non
2282 2939 2481 2995 desunt
2508 2939 2613 2994 alia
2643 2948 2984 3009 argumenta,
3019 2941 3217 3010 quibus
3246 2939 3301 2994 id
3324 2954 3606 2995 common-

2041 3038 2274 3099 stretur;
2322 3047 2448 3086 nam
2503 3047 2571 3086 ex
2616 3031 2752 3101 ipsis
2799 3030 3154 3087 Samaritana:
3198 3031 3453 3087 editionis
3491 3031 3604 3086 fra-

1963 3095 2006 3153 θ
2040 3095 2273 3191 gmentis
2300 3123 2569 3193 arguitur,
2595 3095 2658 3179 ea
2687 3139 2756 3178 ex
2794 3125 2974 3195 aliqua
3016 3123 3367 3179 translatione
3413 3121 3602 3177 Graeca

2037 3214 2325 3285 desumpta
2379 3215 2550 3271 fuisse
2603 3236 2618 3270 :
2674 3217 2933 3271 nimirum
2980 3215 3152 3271 Exodi
3197 3230 3389 3283 xxvut,
3438 3215 3495 3279 4,
3549 3221 3606 3269 et

2036 3301 2212 3358 Levit.
2248 3318 2369 3371 vm,
2401 3305 2456 3372 9,
2486 3320 2592 3359 vox
2637 3304 2901 3361 llebraica
2944 3313 3161 3369 rinam,
3204 3305 3387 3373 mitra,
3428 3304 3508 3360 sic
3544 3305 3605 3359 iu

2039 3388 2384 3451 Samaritana
2434 3397 2688 3452 versione
2743 3398 3083 3468 exprimitur,
3130 3398 3343 3469 πήλιον,
3378 3397 3600 3468 piteum.

2037 3487 2154 3542 Vox
2178 3498 2359 3543 autem
2386 3489 2576 3561 πήλιος
2607 3498 2700 3544 aut
2728 3488 2924 3557 πίλιος,
2953 3504 3079 3544 nam
3110 3488 3344 3559 idipsum
3370 3496 3473 3555 est,
3503 3503 3605 3559 pro

2034 3579 2223 3650 pileus,
2271 3581 2383 3650 jam
2431 3596 2462 3635 a
2490 3579 2782 3637 Plutarcho
2826 3590 3085 3652 usurpata
3130 3581 3548 3653 deprehenditur
3583 3600 3600 3636 :

2038 3670 2182 3725 unde
2202 3670 2508 3740 colligimus
2533 3671 2773 3728 Graecam
2808 3671 3274 3730 Samaritanorum
3297 3675 3604 3729 versionem

2036 3762 2184 3818 illam
2227 3779 2521 3834 usurpasse
2567 3780 2666 3834 pro
2700 3766 2861 3819 mitra
2892 3767 2975 3821 vel
3008 3766 3181 3821 cidari
3226 3766 3602 3836 exprimenda.

2036 3854 2224 3923 Neque
2248 3856 2395 3910 enim
2430 3855 2753 3926 cegitaverit
2777 3856 3046 3925 quispiam
3072 3871 3259 3911 vocem
3288 3854 3605 3925 bujusmodi

2037 3945 2503 4003 Latino-Graecam
2535 3948 2589 4002 in
2613 3948 2866 4003 versione
2894 3948 3076 4018 aliqua
3103 3944 3605 4003 Samaritano-Vul-

2036 4039 2149 4109 gari
2198 4040 2455 4095 idiomate
2479 4040 2804 4095 concinnata
2830 4039 3011 4095 locum
3040 4039 3318 4106 habuisse,
3348 4055 3472 4095 cum
3503 4038 3607 4094 ho-

2035 4130 2224 4184 dierna
2253 4129 2723 4185 Samaritanorum
2746 4131 2926 4186 versio
2955 4131 3299 4201 perantiqua,
3332 4139 3394 4185 ut
3419 4131 3609 4186 existic

2036 4234 2238 4293 matur,
2270 4226 2429 4298 longe
2461 4226 2607 4281 aliud
2629 4226 2896 4281 exhibeat.
2923 4224 2990 4280 Et
3012 4224 3185 4281 Exod.
3212 4241 3333 4297 cap.
3360 4240 3436 4295 vt,
3463 4225 3519 4296 7.
3539 4224 3601 4292 2,

2034 4334 2223 4374 vocem
2255 4326 2375 4379 mni
2402 4318 2478 4373 ait
2504 4317 2874 4373 Theodoretus
2900 4318 2954 4372 in
3001 4316 3348 4374 Samaritana
3372 4318 3605 4388 exprimi

362 4411 624 4467 lectiones
655 4412 776 4467 illas
820 4410 1237 4466 Samaritanisin
1278 4411 1525 4481 margine
1566 4407 1929 4478 Hexaplorum
1964 4446 2008 4500 D
2042 4414 2183 4479 ιαὸέ,
2220 4412 2349 4481 quia
2386 4411 2634 4466 videlicet
2665 4410 2745 4465 sic
2776 4410 2922 4465 illam
2950 4419 3294 4481 expresserat
3327 4410 3423 4481 qui
3449 4409 3603 4465 Gre-

360 4505 631 4574 posuisse.
682 4501 829 4559 idem
876 4518 1040 4574 porro
1082 4503 1374 4558 dicendum
1401 4503 1616 4557 videtur
1657 4502 1724 4555 de
1769 4499 1929 4571 Syro,

360 4598 521 4668 cujus
545 4597 1018 4666 interpretationes
1038 4597 1245 4668 passim
1269 4593 1687 4665 reperiunturin
1711 4592 1930 4659 Genesi,

359 4701 415 4746 et
447 4689 657 4755 Exodo,
690 4690 745 4743 in
774 4688 1009 4744 Psalmis
1038 4690 1188 4753 item,
1222 4689 1275 4741 in
1304 4687 1561 4751 Jeremia,
1594 4687 1646 4740 in
1677 4685 1929 4753 Threnis;

359 4783 502 4854 apud
552 4782 884 4837 Ezechielcm
937 4782 1125 4845 etiam,
1178 4780 1452 4835 Danielem
1501 4789 1554 4833 et
1597 4777 1755 4834 Osee.
1807 4776 1932 4849 Syri

358 4891 525 4946 porro
555 4875 814 4929 lectiones
844 4872 1145 4928 aﬂ‘eruntur
1172 4874 1241 4928 ab
1267 4873 1502 4929 Eusebio
1525 4872 1872 4935 Caesariensi,
1901 4886 1931 4923 a

359 4970 597 5025 Diodoro
616 4967 870 5022 Tarsensi
896 4965 1266 5036 frequentius;
1299 4967 1368 5019 ab
1396 4965 1630 5022 Eusebio
1651 4964 1929 5030 Emiseno,

358 5062 708 5133 Hieronymo,
726 5058 1067 5114 Theodoreto
1092 5067 1146 5113 et
1170 5060 1313 5114 aliis.
1337 5058 1601 5128 Quodque
1626 5059 1929 5113 notandum

357 5158 461 5215 est,
503 5149 669 5202 iidem
714 5148 1062 5218 maximeque
1106 5147 1397 5213 Diodorus,
1429 5147 1625 5219 Syrum
1664 5164 1789 5207 cum
1825 5147 1931 5202 lle-

356 5241 503 5295 braao
548 5253 689 5309 saepe
728 5238 1070 5310 conjungunt
1097 5240 1199 5295 hoc
1238 5248 1422 5311 pacto,
1463 5239 1521 5292 ὐ
1563 5239 1733 5311 Σύρος
1779 5241 1874 5293 καὶ
1900 5241 1929 5292 ὁ

368 5329 635 5403 Ἐϐραῖος,
676 5330 782 5395 vel,
844 5331 903 5384 '0
961 5330 1208 5403 Ἑϐραῖος
1252 5332 1346 5384 καὶ
1396 5331 1425 5383 ὁ
1472 5330 1664 5403 Σύρος,
1708 5333 1928 5401 quando

356 5423 562 5477 scilicet
584 5422 871 5477 amborum
898 5423 1373 5493 interpretationes
1399 5425 1753 5490 conveniunt,
1781 5425 1929 5493 quod

355 5527 500 5581 saepe
541 5514 827 5583 contingit.
860 5512 956 5569 Hae
996 5530 1163 5584 porro
1193 5515 1474 5582 lectiones,
1507 5516 1729 5585 perinde
1765 5524 1929 5585 atque

357 5602 690 5659 Samaritani
739 5606 808 5659 ab
861 5604 1117 5676 Origene,
1148 5607 1568 5677 diligentissimo
1611 5607 1925 5663 versionum

355 5694 665 5762 collectore,
703 5703 999 5765 potuerunt
1031 5698 1193 5753 etiam
1238 5698 1293 5753 in
1327 5695 1693 5768 llexaplorum
1723 5696 1927 5769 margi-

2036 4518 2155 4558 cam
2200 4501 2670 4555 Samaritanorum
2720 4501 3027 4555 versionem
3069 4500 3374 4554 adornavit.
3417 4497 3608 4569 Neque

2033 4594 2178 4648 enim
2204 4593 2318 4648 haec
2340 4592 2488 4646 varia
2513 4592 2693 4658 lectio,
2726 4592 2810 4645 vel
2834 4608 2902 4646 ex
2927 4592 3271 4646 Samaritana
3305 4590 3607 4661 Scriptura;

2035 4692 2206 4747 textu,
2242 4682 2321 4736 vel
2363 4697 2430 4735 ex
2461 4680 2812 4759 Samaritana
2844 4679 3163 4735 Samaritice
3184 4681 3454 4750 descripta
3480 4695 3608 4735 ver-

2034 4774 2187 4828 sione
2230 4771 2451 4841 decerpi
2494 4780 2734 4841 poterat,
2785 4771 2874 4825 ubi
2922 4771 3116 4840 legitur
3167 4771 3437 4840 hodieque
3478 4781 3605 4833 n'nv

2034 4864 2153 4920 sine
2186 4864 2523 4919 discrimine.
2563 4863 2618 4917 Si
2649 4864 2772 4933 quis
2802 4844 2937 4918 alias
2963 4866 3017 4916 in
3052 4862 3417 4918 Pentateucho
3444 4879 3475 4918 a
3508 4879 3608 4919 no-

2032 4957 2118 5012 bis
2156 4957 2345 5011 allatas
2386 4955 2718 5009 Samaritani
2774 4952 3084 5023 interpretis
3135 4954 3396 5009 lecriones
3438 4970 3609 5011 accu-

2033 5057 2151 5103 rate
2177 5048 2495 5117 perpendat,
2522 5061 2589 5100 ex
2616 5045 2824 5112 Graeca,
2849 5046 2906 5099 ni
2941 5045 3124 5114 fallor,
3156 5045 3608 5117 interpretatione

2032 5139 2348 5209 desumptas
2378 5153 2501 5194 esse
2521 5137 2907 5209 deprehendet.

2103 5231 2214 5286 Nec
2255 5229 2421 5285 oﬂlcit
2466 5230 2595 5284 huic
2640 5239 2840 5284 nostrae
2882 5229 3125 5300 opinioni
3164 5239 3295 5285 nota
3350 5231 3605 5301 quaedam

2029 5320 2192 5376 Num.
2221 5336 2340 5391 cap.
2362 5336 2484 5387 xm,
2511 5321 2568 5390 Ῡ.
2603 5322 2655 5388 1,
2678 5336 2818 5390 quae,
2844 5331 2904 5375 ut
2935 5322 3192 5388 arbitror,
3218 5320 3467 5392 Origcnis
3495 5330 3604 5389 est,

2031 5416 2122 5470 ubi
2154 5431 2279 5470 cum
2302 5413 2552 5485 quaedam
2592 5412 2867 5482 praeferret
2896 5412 3273 5468 Samaritanus
3300 5413 3604 5468 Bibliorum

2030 5517 2212 5563 textus
2237 5522 2307 5562 ex
2338 5505 2764 5560 Deutcronomio
2807 5505 3114 5575 desumpta,
3151 5506 3340 5560 eadem
3384 5504 3500 5575 ipsa
3542 5517 3608 5560 se

2030 5600 2217 5656 Graece
2250 5598 2597 5654 transtulisse
2631 5598 2950 5654 testificatur
2979 5596 3263 5670 Origenes,
3299 5606 3353 5653 et
3380 5597 3606 5667 quidem

2031 5696 2194 5753 modo
2224 5694 2293 5752 ad
2315 5694 2609 5752 editionem
2637 5692 2782 5749 LXX
2811 5692 3249 5752 accommodato.
3278 5691 3314 5748 ἂ
3346 5691 3441 5748 καὶ
3463 5676 3611 5746 αὐτὰ
