3832 6214
233 310 304 366 37
1424 310 1490 365 IN
1531 309 1854 365 HEXAPLA
1891 309 2146 365 OlllGEN
2152 309 2234 365 IS.
3396 318 3467 376 38

231 429 300 485 δι
319 422 414 481 τοῖι
437 426 547 481 τῶν
574 406 928 498 Σαμαρειτῶν
963 426 1252 499 Ἑϐραϊκοῦ
1276 427 1640 499 μετεϐάλομεν
1665 444 1790 480 κατ-

1905 424 2041 482 llinc
2065 441 2228 497 porro
2257 427 2337 481 sic
2363 434 2621 496 arguatur
2647 447 2659 483 :
2691 428 2738 485 si
2766 445 2867 486 vox
2895 430 2985 486 illa
3009 432 3038 485 6
3062 430 3232 504 Σύρος
3258 435 3467 493 versio-

229 519 476 590 αλλήὶως
512 521 576 590 τῇ
622 518 730 572 τῶν
757 520 811 573 O'
835 518 1098 590 ἑρμηνείᾳ
1118 522 1185 590 τῇ
1212 520 1270 571 ἐν
1301 518 1378 589 τῷ
1400 518 1800 591 Δευτερονομίῳ

231 611 529 684 φερομένῃ.
547 610 665 666 Νοη
685 613 830 666 enim
855 613 943 668 hic
962 613 1140 683 agitur
1163 612 1230 668 de
1248 613 1588 667 Samaritana
1617 613 1799 681 aliqua

232 703 614 767 translatione,
648 704 742 759 sed
772 705 840 760 de
870 706 989 774 ipso
1020 713 1172 761 textu
1215 705 1515 760 Bibliorum
1564 703 1800 759 Samari-

230 806 364 851 tano
408 797 534 851 libri
568 800 949 866 Numerorum,
980 800 1071 855 ubi
1115 801 1276 854 etiam
1329 800 1492 854 hodie
1536 799 1701 854 multa
1730 814 1799 854 ex

208 888 659 957 ,Deuteronomio
682 892 934 962 decerpta
964 894 1339 963 reperiuntur:
1364 909 1485 962 quae
1513 902 1574 947 ut
1601 908 1798 963 reprar

228 991 474 1038 scntaret
516 982 799 1054 Origenes,
829 1001 1017 1041 eorum
1047 988 1546 1057 interpretationem
1580 1003 1645 1043 ex
1674 1004 1798 1043 ver-

228 1073 383 1129 sione
402 1076 511 1128 τῶν
528 1078 603 1141 0',
624 1085 683 1131 ut
713 1078 767 1132 in
794 1078 1213 1135 Deuteronomio
1229 1090 1365 1146 erat,
1394 1090 1675 1136 mutuatus
1691 1091 1792 1138 est.

299 1169 376 1226 De
406 1172 566 1243 Syro,
597 1173 756 1243 cujus
784 1172 1095 1242 frequentes
1122 1174 1382 1230 lectiones
1411 1175 1466 1228 in
1493 1175 1699 1239 multis,
1734 1182 1796 1230 ut

226 1281 395 1335 supra
444 1267 702 1330 diximus,
739 1267 1035 1337 Scripturae
1077 1268 1234 1322 libris
1273 1276 1587 1334 occurrunt,
1619 1268 1794 1338 major

222 1368 313 1415 est
342 1359 652 1416 difﬁcultas.
686 1360 837 1417 Licet
868 1361 1012 1416 enim
1065 1363 1235 1418 multa
1282 1364 1512 1420 suadere
1557 1366 1790 1435 possint,

226 1454 403 1508 fuisse
430 1454 558 1507 olim
589 1454 831 1509 Graecam
862 1455 1272 1509 translationem
1303 1471 1370 1509 ex
1413 1456 1662 1511 versione
1692 1455 1792 1527 Sy-

222 1544 375 1599 riaca
422 1544 823 1608 concinnatam,
854 1560 971 1599 eam
1004 1559 1197 1614 nempe
1226 1560 1347 1615 qua:
1372 1547 1401 1599 6
1430 1543 1601 1617 Σύρος
1627 1559 1792 1600 voca-

223 1643 316 1689 tur
340 1649 371 1688 a
398 1635 702 1701 veteribus;
728 1635 832 1689 alia
857 1643 1035 1691 tamen
1066 1645 1194 1690 sunt
1223 1651 1344 1705 quze
1369 1636 1438 1690 ab
1460 1637 1564 1691 hac
1588 1637 1791 1706 ample-

220 1726 419 1781 ctenda
457 1725 723 1781 sententia
763 1725 1087 1780 deterreant.
1109 1724 1252 1780 Sane
1284 1726 1349 1781 de
1379 1726 1626 1781 versione
1652 1742 1790 1797 qua-

219 1816 349 1871 dam
397 1817 583 1873 Graeca
617 1819 703 1889 agi
730 1818 940 1873 videtur
970 1817 1167 1873 Ezech.
1204 1834 1324 1882 vm,
1355 1817 1443 1883 l6,
1476 1819 1566 1873 ubi
1605 1833 1790 1875 vocem

218 1890 365 1967 ε’τίκ
397 1908 569 1980 Syrus
596 1909 866 1978 κιγκλίδα,
910 1909 961 1963 id
995 1918 1077 1965 est
1110 1909 1420 1973 cancellum,
1465 1910 1625 1965 vertit
1666 1928 1681 1964 :
1717 1910 1791 1964 ibi

217 2010 383 2055 vetus
408 2001 751 2065 scholiastes,
788 2002 845 2055 Ὁ
870 2001 1041 2073 Σύρος
1068 2001 1166 2073 τὴν
1194 2002 1442 2070 κιγκλίδα
1471 2002 1643 2068 καλεῖ,
1670 2004 1791 2074 ἥτις

216 2090 442 2159 λέγεται
470 2091 620 2160 παρὰ
660 2095 773 2155 τοῖς
802 2091 1017 2157 πολλοῖς
1044 2092 1339 2161 κάγκελλον
1359 2109 1372 2123 ⁸
1410 2092 1462 2147 id
1490 2102 1592 2152 est.
1625 2091 1791 2161 Syrus

216 2183 502 2237 cinciidem
526 2192 697 2248 vocat,
721 2199 838 2254 quae
860 2183 1000 2251 apud
1028 2183 1221 2238 multos
1260 2184 1457 2237 dicitur
1478 2182 1790 2237 cancellum.

218 2271 325 2327 Ubi
356 2288 460 2327 vox
504 2274 755 2341 κιγκλίδα
787 2272 1004 2329 nonnisi
1030 2289 1098 2329 ex
1138 2273 1388 2329 versione
1419 2272 1604 2328 Graeca
1647 2275 1790 2329 sumi

217 2365 467 2433 potuisse
516 2366 750 2420 videtur.
803 2365 867 2420 Et
898 2364 1125 2421 Genesis
1171 2382 1364 2432 xxxix,
1406 2365 1463 2429 2,
1508 2366 1641 2420 illud
1675 2373 1791 2426 mm

213 2442 408 2518 nr‘am
430 2458 502 2512 ait
540 2457 810 2514 Diodorus
833 2457 1027 2529 Syrum
1053 2457 1280 2513 vertisse
1301 2458 1443 2531 ἀνὴρ
1475 2458 1793 2513 mamo-

220 2567 408 2621 μενος,
426 2550 812 2617 Symmachum
830 2563 1009 2607 autem
1021 2551 1202 2605 εὐοδού
1211 2568 1388 2624 μενος,
1405 2552 1656 2622 Aquilam
1667 2569 1792 2605 κατ-

217 2641 598 2713 ευθυνόμενος,
628 2639 770 2696 LXX
801 2641 1207 2712 ἐπιτυγχάνων
1242 2657 1364 2711 quae
1410 2642 1791 2698 translationes

219 2732 447 2786 unicum
479 2732 713 2787 efferunt
755 2748 1000 2795 sensum,
1031 2747 1223 2802 nempe
1271 2748 1605 2801 prosperam.
1654 2729 1791 2787 Hinc

216 2838 406 2885 autem
454 2828 584 2897 quid
630 2827 852 2897 colligas
900 2826 1064 2892 aliud,
1105 2826 1211 2880 nisi
1239 2825 1523 2880 lectionem
1558 2823 1678 2896 Syri
1723 2840 1789 2880 ex

216 2920 476 2975 versione
503 2919 690 2975 Graeca
721 2920 1060 2989 desumptam
1090 2918 1280 2974 fuisse.
1327 2916 1461 2972 Nam
1496 2917 1542 2972 si
1591 2916 1790 2973 Diodo-

216 3028 341 3078 rus,
382 3012 468 3066 vel
514 3012 561 3068 is
608 3012 702 3082 qui
744 3013 955 3082 primus
992 3011 1113 3084 Syri
1158 3012 1419 3066 lectiones
1456 3011 1691 3080 collegit,
1722 3025 1788 3064 ex

1901 534 2025 574 nem
2059 519 2303 575 Grtecam
2333 536 2399 574 ex
2434 519 2573 593 Syro
2617 521 2814 578 factam
2848 526 3068 591 indicet,
3103 528 3221 597 pari
3256 530 3468 588 ratione

1899 626 2005 667 vox
2046 612 2135 665 illa
2161 613 2191 664 6
2222 612 2468 683 Ἐϐραῖος
2496 614 2797 669 versionem
2831 616 3069 686 aliquam
3102 634 3171 672 ex
3197 617 3466 678 Hebraico

1898 702 2081 761 Graece
2124 702 2319 758 factam
2362 702 2728 773 significabit:
2776 714 2833 761 at
2877 708 3173 765 verisimile
3223 726 3330 766 non
3381 723 3467 769 est

1898 794 2212 864 huiusmodi
2263 796 2571 850 versionem
2614 796 2684 851 ab
2712 797 2834 853 aliis
2879 800 3135 856 omnibus
3171 798 3467 872 Scriptum

1898 884 2438 953 interpretationibus
2481 885 2751 942 diversam
2779 890 3076 946 exstitisse.
3122 891 3356 949 Aliunde
3383 902 3465 949 ta-

1896 990 2021 1030 men
2063 976 2180 1030 loca
2226 975 2406 1031 all‘erri
2457 987 2708 1046 possunt,
2751 980 2865 1034 sive
2916 981 3038 1052 Syri
3088 991 3300 1039 tantum
3343 1000 3468 1041 esse

1895 1066 2164 1131 dicantur,
2198 1066 2311 1121 sive
2340 1066 2548 1122 Hebraei
2578 1078 2742 1138 atque
2787 1069 2927 1142 Syri,
2966 1088 3088 1143 quae.
3119 1090 3185 1129 ex
3215 1076 3466 1131 versione

1894 1160 2074 1229 aliqua
2089 1157 2275 1213 Graeca
2299 1159 2618 1229 deprompta
2640 1162 2910 1217 videntur.
2929 1161 3020 1219 Sic
3042 1162 3290 1222 Jeremiae
3310 1184 3464 1239 xxxi,

1892 1268 2053 1307 versu
2102 1251 2158 1318 2,
2192 1252 2283 1307 ubi
2340 1252 2394 1305 in
2442 1250 2666 1308 llebrteo
2713 1255 2907 1324 legitur
2931 1264 3012 1341 In,
3042 1266 3096 1311 ει
3124 1255 3265 1310 LXX
3297 1259 3465 1313 inter-

1892 1344 2085 1414 pretati
2134 1352 2261 1399 sunt
2308 1341 2528 1414 θερμὸν,
2577 1344 2831 1411 calidum,
2869 1346 3065 1417 Aquila
3117 1364 3268 1415 vero,
3305 1349 3465 1421 Sym-

1892 1439 2119 1494 machus
2158 1445 2212 1492 et
2258 1436 2555 1492 Theodotio
2605 1438 2764 1509 χάριν
2814 1448 3049 1507 vertunt,
3088 1439 3464 1499 Theodoretus

1892 1531 2007 1586 haec
2057 1530 2240 1593 habet,
2271 1529 2330 1582 τὸ
2359 1528 2578 1601 θερμὸν,
2622 1532 2651 1582 ὁ
2688 1530 2858 1602 Σύρος
2894 1531 2991 1586 καὶ
3021 1534 3049 1584 6
3107 1532 3352 1605 Ἑϐραῖος
3381 1538 3460 1589 ol-

1891 1621 2143 1693 κτιρμὸν,
2189 1620 2518 1674 τεθείκασιν·
2551 1622 2602 1676 id
2636 1631 2739 1686 est,
2783 1623 3035 1687 calidum,
3087 1622 3253 1694 Syrus
3304 1637 3461 1696 atque

1897 1714 2170 1780 Hebrteus,
2193 1715 2603 1779 miserationem,
2632 1728 2939 1786 posuerunt.
2971 1717 3036 1772 Et
3061 1719 3257 1778 Ezech.
3286 1736 3457 1787 xxv",

1822 1779 1864 1834 Β
1893 1806 1983 1871 24,
2013 1806 2105 1861 ubi
2149 1779 2205 1859 in
2240 1804 2466 1860 Hebraeo
2516 1779 2709 1876 legitur
2736 1792 2925 1869 ’τεθήλῃ
2959 1794 3229 1877 argum,
3264 1779 3458 1881 Aquila

1892 1902 2075 1966 vertit,
2102 1900 2525 1970 ὲγκατασκεύοις
2564 1900 2916 1973 εἱλήμμασιν,
2953 1906 3270 1960 constructis
3308 1906 3459 1960 invo-~

1892 1994 2056 2048 lucris
2077 2009 2096 2058 ;
2119 1992 2502 2065 Symmachus,
2526 1995 2765 2062 pretiosis
2797 1995 3115 2058 involucris;
3134 1995 3461 2068 Theodotio,

1892 2087 1950 2138 ὲν
1993 2084 2242 2156 μακαλὶμ
2275 2085 2368 2138 καὶ
2410 2084 2638 2155 γαλιμὰ,
2688 2087 2741 2139 in
2802 2087 3085 2141 macltalim
3136 2098 3186 2143 et
3234 2090 3456 2160 galima.

1893 2176 2265 2232 Theodoretus
2309 2192 2439 2231 vero
2481 2174 2603 2248 Syri
2642 2178 2925 2233 lectionem
2962 2179 3116 2233 affert
3143 2180 3227 2235 his
3258 2182 3460 2252 verbis,

1891 2269 1949 2321 ἐν
1982 2268 2320 2340 ἀποκρύφοις
2363 2267 2616 2322 σκεύεσι·
2647 2268 2791 2323 οὕτω
2814 2268 2923 2341 γὰρ
2946 2270 3039 2323 καὶ
3076 2272 3105 2323 ὀ
3132 2271 3301 2343 Σύρος
3336 2273 3461 2345 νοή-

1892 2379 1990 2425 σας
2013 2363 2353 2433 ἡρμήνευσεν
2372 2378 2385 2391 ·
2417 2361 2471 2416 id
2503 2371 2606 2426 est,
2637 2362 2704 2416 In
2734 2365 2954 2417 occultis
3000 2366 3139 2419 vasis
3169 2381 3188 2419 .'
3211 2368 3287 2419 ita
3318 2367 3457 2419 enim

1890 2452 2181 2522 intelligens
2214 2451 2381 2522 Syrus
2417 2453 2714 2508 transtulit.
2755 2452 2820 2506 Et
2845 2455 3040 2508 Ezech.
3069 2471 3189 2525 cap.
3224 2472 3456 2522 xxxvm,

1889 2545 1943 2612 ᾖ.
1970 2545 2026 2608 2,
2053 2546 2143 2598 ubi
2161 2546 2357 2615 legitur
2382 2556 2524 2625 1m:
2544 2556 2696 2609 tvm,
2718 2556 2864 2600 notat
2893 2546 3286 2613 Theodoretus,
3312 2548 3386 2603 T6
3399 2550 3456 2603 δὲ

1901 2634 2037 2700 Ῥὼς
2070 2636 2310 2707 κεφαλὴν
2335 2639 2363 2690 6
2384 2637 2552 2707 Σύρος
2575 2640 2935 2709 ἠρμήνευσεν,
2967 2639 3061 2691 καὶ
3088 2640 3115 2691 6
3153 2638 3378 2703 Ἀκύλας
3398 2639 3457 2692 δὲ

1890 2726 2131 2799 κεφαλὴν
2159 2729 2343 2798 Μοσὸχ
2379 2729 2441 2781 τὸ
2482 2729 2615 2792 Ῥὼς
2641 2728 2826 2799 Μοσὺχ
2858 2731 3231 2801 ἡρμήνευσεν·
3270 2732 3321 2785 id
3351 2743 3454 2802 est,

1892 2819 2057 2890 Syrus
2086 2819 2189 2874 Ros
2216 2830 2371 2889 caput
2410 2821 2817 2889 interpretatur;
2856 2832 2905 2875 et
2937 2824 3131 2893 Aquila
3162 2825 3325 2877 etiam
3351 2824 3455 2879 Rm

1893 2914 2129 2976 Mosoch,
2179 2922 2336 2982 caput
2389 2912 2624 2979 Mosoch,
2654 2914 3050 2983 interpretatur.
3104 2915 3182 2969 Ibi
3210 2931 3339 2971 vero
3372 2915 3455 2986 S.,

1891 3004 2055 3070 LXX,
2087 3003 2214 3070 Th.,
2252 3002 2388 3067 Ῥὼς
2419 3004 2603 3075 Μοσδχ
2627 3006 2960 3075 interpretati
2988 3016 3131 3065 sunt.

217 3104 450 3175 Syriaco
497 3079 643 3159 fonte
676 3079 824 3174 ipsas
864 3079 1124 3174 petiisset,
1172 3103 1466 3173 Graeceque
1515 3079 1786 3168 vertisset,
1816 3112 1858 3171 α
1963 3094 2087 3150 Haec
2108 3109 2240 3149 sane
2270 3095 2409 3159 loca.
2440 3105 2493 3149 et
2524 3096 2627 3149 alia
2669 3096 2825 3165 longe
2867 3097 3020 3165 plura
3053 3114 3175 3169 quae
3215 3079 3460 3170 proferre

215 3213 502 3267 nunquam
553 3212 685 3251 sane
734 3197 1018 3251 lectionem
1066 3195 1331 3262 Graecam,
1372 3196 1495 3250 aliis
1536 3197 1789 3252 omnibus

215 3290 761 3359 interpretationibus
798 3304 1154 3361 synonymam
1194 3289 1487 3359 posuisset,
1530 3296 1593 3343 ut
1634 3303 1790 3343 com-

216 3380 528 3436 mentitium
546 3380 833 3435 discrimen
864 3380 1161 3435 exhiberet.
1183 3378 1301 3434 Vox
1323 3380 1522 3450 quippe
1544 3377 1785 3451 Syriaca,

214 3488 344 3541 quae
395 3472 529 3525 verti
579 3479 791 3541 poterat
837 3470 1313 3542 κατευοδούμενος,
1369 3487 1524 3540 aeque
1580 3457 1790 3540 poterat

213 3562 588 3632 ιὺοδούμενος,
618 3574 672 3616 ει
700 3561 1179 3633 κατευθυνόμενος,
1206 3571 1261 3616 ει
1297 3562 1671 3632 ἐπιτυγχάνων
1695 3577 1790 3617 ex-

214 3655 411 3725 plicari
445 3673 460 3708 :
501 3670 676 3721 neque
698 3654 844 3707 enim
880 3654 1257 3709 tenuissimum
1300 3653 1431 3707 illud
1460 3638 1787 3718 'discrimen,

216 3747 367 3817 quod
399 3747 540 3800 inter
567 3746 665 3801 has
698 3744 913 3800 Grazcas
942 3760 1104 3800 voces
1138 3745 1445 3810 intercedit,
1474 3745 1528 3798 in
1565 3743 1789 3816 Syriaco

217 3836 580 3892 animadverti
633 3842 862 3904 poterat.
912 3832 1038 3891 Haec
1080 3845 1135 3890 et
1181 3835 1398 3899 similia,
1449 3850 1572 3905 quae
1613 3835 1789 3905 quivis

216 3928 517 3983 observare
547 3926 741 3995 possit,
773 3925 1016 3980 Graecam
1047 3926 1283 3995 aliquam
1315 3925 1486 3981 fuisse
1525 3924 1787 3997 Syrorum

216 4018 527 4073 versionem
573 4018 819 4074 indicare
863 4018 1135 4074 videntur.
1184 4017 1386 4072 Verum
1436 4034 1545 4072 non
1593 4019 1790 4073 desunt

215 4108 467 4178 exempla
496 4108 602 4163 alia
632 4124 755 4178 quae
781 4107 910 4164 huic
942 4108 1183 4177 opinioni
1213 4108 1489 4163 adversari
1514 4107 1786 4175 videntur,

216 4209 281 4254 ut
308 4208 395 4254 est
420 4199 552 4253 illud
582 4214 647 4254 ex
684 4198 913 4271 Didymo
940 4199 1076 4254 Gen.
1123 4216 1238 4267 vm,
1286 4199 1338 4264 7,
1392 4198 1450 4253 Ὀ
1491 4199 1659 4271 Σύρος
1691 4200 1788 4270 οὐχ

214 4289 421 4362 ducito;
449 4293 514 4362 τῇ
552 4290 861 4362 Ἑλληνικῇ·
907 4291 1055 4359 λέγει
1090 4290 1219 4361 γὰρ,
1245 4289 1606 4358 ὑπέστρεψε,
1640 4291 1733 4345 καὶ
1760 4294 1790 4345 ὁ

227 4384 478 4455 Ἐϐραῖος
495 4400 510 4414 ·
542 4384 595 4438 id
614 4394 718 4449 est,
739 4382 903 4454 Syrus
927 4400 1028 4437 non
1051 4384 1272 4439 similem
1298 4382 1495 4439 Graue
1516 4384 1789 4437 lectionem

1890 3201 2199 3256 possemus,
2231 3188 2534 3241 versionem
2568 3188 2805 3258 aliquam
2834 3188 3078 3244 Graecam
3105 3206 3172 3245 ex
3210 3190 3346 3263 Syro
3376 3192 3462 3246 fa—

1891 3286 2031 3331 ctam
2060 3277 2300 3331 indicare
2321 3277 2574 3332 videntur
2607 3320 2621 3333 .
2650 3294 2825 3349 neque
2856 3281 2999 3334 enim
3032 3279 3187 3336 facile
3213 3283 3460 3338 credide-

1889 3368 1992 3421 rim
2036 3368 2327 3438 scriptores
2368 3369 2489 3424 illos
2530 3380 3097 3442 commentatoresque
3126 3382 3334 3429 veteres
3363 3374 3459 3444 qui

1893 3455 2015 3527 Syri
2063 3458 2180 3512 loca
2215 3457 2469 3525 afferunt,
2506 3459 2588 3513 vel
2626 3458 2935 3527 Origcnem,
2967 3464 3060 3533 qui
3092 3463 3323 3521 fortasse
3357 3465 3457 3521 has

1892 3549 2016 3621 Syri
2067 3551 2546 3620 interpretationes
2596 3551 2652 3605 in
2702 3538 3038 3623 marginibus
3089 3554 3458 3626 llexaplorum

1889 3643 2153 3713 posuerit,
2189 3643 2466 3714 Syriacam
2499 3644 2673 3713 ipsam
2711 3647 3017 3701 versionem
3047 3664 3159 3718 prie
3205 3651 3460 3707 manibus

1891 3751 2105 3805 semper
2134 3737 2410 3802 habuisse,
2440 3747 2494 3791 et
2523 3738 2643 3793 loca
2674 3754 2796 3808 quae
2819 3740 2887 3794 ab
2921 3741 3044 3796 aliis
3070 3742 3459 3813 interpretibus

1888 3831 2270 3901 discrepabunt
2312 3832 2674 3890 transtulisse.
2702 3833 2858 3900 Quod
2900 3843 3080 3890 tamen
3113 3852 3222 3891 non
3259 3838 3331 3893 ita
3360 3855 3460 3893 ex-

1888 3927 2159 3997 ploratum
2190 3940 2310 3980 esse
2340 3925 2595 3989 arbitror,
2622 3932 2682 3979 ut
2708 3936 2825 3980 tuto
2863 3925 3131 3981 atllrmare
3160 3928 3386 3996 possim.

1958 4017 2114 4086 Quod
2165 4019 2359 4072 attinet
2395 4018 2461 4072 ad
2495 4017 2756 4073 lectiones
2815 4017 2936 4071 illas
2968 4032 3090 4086 qua;
3123 4016 3458 4088 frequentis-

1888 4110 2048 4175 sime,
2081 4110 2183 4166 hac
2231 4109 2451 4178 praeﬁxa
2493 4120 2642 4175 nota,
2711 4109 2771 4162 'O
2809 4108 3078 4181 Ἐϐραῖος,
3139 4118 3457 4172 occurrunt,

1888 4208 2096 4255 certum
2124 4200 2343 4270 quidem
2400 4209 2483 4254 est
2539 4198 2660 4252 illas
2697 4213 2806 4253 non
2832 4214 2953 4254 esse
3006 4199 3236 4269 Aquilae,
3269 4211 3459 4257 contra

1889 4307 2054 4362 quam
2080 4292 2330 4346 nonnulli
2363 4291 2609 4345 arbitrati
2644 4298 2789 4357 sunt,
2840 4300 2901 4345 ut
2949 4292 3131 4346 statim
3159 4293 3460 4362 deprehen-

1888 4385 1979 4439 det
2006 4384 2053 4438 is
2078 4387 2172 4453 qui
2207 4384 2347 4438 hanc
2396 4382 2765 4453 Hexaplorum
2824 4383 3197 4439 collectionem
3238 4400 3461 4455 percurv

216 4476 414 4539 habet,
449 4477 581 4530 dicit
610 4477 773 4541 enim,
798 4491 1052 4531 reversus
1094 4485 1195 4543 est,
1224 4485 1281 4531 ut
1302 4486 1351 4531 et
1379 4475 1653 4531 Hebrams.
1678 4474 1789 4530 Cur
1821 4462 1864 4517 Ι)
1889 4485 1991 4531 ret.
2019 4476 2153 4531 Nam
2196 4476 2516 4546 plerumque
2569 4477 2833 4547 contingit
2880 4488 2939 4532 ut
2977 4488 3100 4547 post
3122 4478 3338 4533 allatam
3365 4479 3458 4533 τοῦ

216 4569 363 4623 dicat
384 4567 581 4640 Syrum
605 4582 715 4623 non
753 4567 986 4623 similem
1020 4566 1219 4623 Griecte
1248 4568 1534 4623 lectionem
1566 4567 1785 4633 habere,

218 4660 265 4711 si
292 4659 409 4726 ipse
450 4656 623 4728 Syrus
654 4658 839 4713 Graece
863 4658 1187 4727 loquebatur
1217 4659 1271 4712 in
1306 4658 1558 4713 versione
1582 4674 1646 4713 ex
1680 4673 1786 4728 qua

218 4749 498 4804 hodiernae
540 4748 857 4817 hujusmodi
887 4748 1151 4804 lectiones
1185 4748 1421 4804 collectae
1450 4756 1579 4803 sunt
1608 4766 1621 4803 :
1657 4763 1789 4803 sane

218 4857 343 4895 cum
372 4840 635 4912 Didymus
665 4840 911 4896 Graecum
963 4839 1101 4911 Syro
1144 4850 1402 4910 apponat,
1432 4840 1596 4895 lectio
1622 4855 1787 4909 quam

218 4932 377 4987 afl‘ert
418 4947 485 4985 ex
518 4932 631 5001 ipsa
667 4930 889 5001 Syriaca
919 4931 1168 4986 versione
1198 4930 1486 5001 desumpta
1512 4938 1566 4986 et
1604 4929 1789 4985 Graece

218 5040 379 5079 versa
411 5024 581 5080 fuisse
606 5025 842 5079 videtur.
874 5022 1075 5078 Verum
1105 5023 1233 5078 huic
1253 5034 1574 5095 argumento
1599 5023 1790 5092 reponi

220 5127 419 5188 potest,
449 5118 536 5172 hic
562 5116 759 5189 Syrum
790 5116 920 5183 dici,
953 5130 1062 5170 non
1093 5116 1238 5187 quod
1274 5118 1392 5171 haec
1421 5116 1600 5171 versio
1630 5115 1786 5187 Syra,

220 5210 317 5265 sed
346 5209 489 5279 quod
512 5208 582 5262 ab
605 5209 896 5279 interprete
922 5207 1080 5279 Syro,
1112 5207 1298 5263 Greece
1325 5223 1424 5277 pro
1449 5207 1622 5279 Syris,
1646 5207 1789 5262 facta

217 5308 403 5364 esset;
450 5299 681 5369 parique
727 5299 893 5353 modo
952 5297 1266 5368 Ἑλληνικὴν
1312 5298 1419 5352 dici
1470 5296 1787 5363 editionem,

217 5405 343 5460 qua!
368 5392 438 5445 ab
466 5392 760 5460 interprete
787 5389 974 5446 Graeco
1001 5389 1143 5445 facta
1182 5389 1379 5445 fuerat.
1410 5389 1571 5445 Aliud
1608 5399 1786 5444 autem

218 5481 483 5541 occurrit,
507 5477 653 5550 quud
680 5478 910 5536 fortasse
932 5481 1108 5550 magis
1136 5488 1359 5550 urgeat:
1392 5478 1660 5535 Eusebius
1681 5478 1792 5535 Cte-

217 5572 485 5627 sariensis
524 5585 936 5641 nonnunquam,
963 5581 1018 5626 et
1045 5570 1317 5627 Diodorus
1362 5569 1648 5627 Tarsensis
1682 5570 1792 5627 fre-

217 5662 583 5732 quentissime
629 5660 838 5717 Hebraei
882 5674 936 5717 et
981 5660 1103 5733 Syri
1136 5662 1396 5718 lectiones
1435 5662 1593 5733 quasi
1624 5679 1790 5718 unam

221 5754 476 5822 alterum,
493 5753 597 5810 hac
612 5754 889 5826 praemissa
912 5763 1041 5811 nota
1058 5773 1070 5810 :
1090 5755 1146 5810 Ὀ
1169 5754 1415 5827 Ἐϐραῖος
1431 5754 1525 5809 καὶ
1548 5756 1575 5808 6
1598 5755 1784 5826 Σύρος.

1903 4568 2153 4640 Ἐϐραίου
2210 4568 2743 4637 interpretationem,
2792 4583 2921 4623 mox
2987 4577 3244 4639 sequatur
3301 4570 3461 4626 lectio

1889 4657 2119 4728 Aquilae,
2148 4657 2216 4712 ab
2237 4672 2301 4712 ea
2334 4660 2494 4727 longe
2532 4657 2766 4714 diversa.
2789 4658 3048 4729 Alioquin
3072 4660 3182 4725 ille,
3209 4660 3460 4731 quisquis

1889 4751 2103 4805 tandem
2129 4748 2309 4812 fuerit,
2345 4746 2623 4816 Hebraeus,
2678 4765 2784 4803 non
2820 4758 2929 4804 tam
2959 4751 3277 4819 scrupulose
3297 4751 3459 4807 verba

1890 4856 2160 4911 vocesque
2211 4841 2455 4911 singulas
2503 4849 2743 4895 sectatur
2771 4856 2934 4911 quam
2978 4841 3196 4910 Aquila.
3249 4838 3459 4896 Hebraei

1889 4947 2054 5002 porro
2082 4932 2544 5001 nomineintelligi
2583 4930 2816 4986 fortasse
2857 4941 3090 5001 possunt
3121 4930 3329 4987 Hebraei
3381 4931 3461 4986 illi

1892 5021 2166 5086 doctores,
2196 5021 2399 5090 quibus
2452 5022 2508 5075 in
2539 5020 2836 5090 Scripturis
2864 5022 3198 5093 explicandis
3231 5024 3461 5077 uteban-

1890 5120 1979 5166 tur
2003 5122 2232 5174 veteres,
2265 5115 2609 5181 maximeque
2637 5111 2917 5184 Origenes,
2940 5114 3007 5168 de
3033 5129 3142 5183 quo
3163 5114 3241 5168 ait
3270 5112 3462 5167 Hiero-

1891 5218 2089 5274 nymus
2112 5203 2370 5274 Apologia
2397 5202 2465 5256 ad
2497 5201 2742 5272 Ruﬁnum
2774 5222 2787 5259 :
2826 5203 2937 5257 Nec
2962 5204 3301 5274 dedignatur,
3319 5202 3464 5259 Scri-

1890 5305 2105 5365 pturam
2150 5295 2520 5364 interpretans,
2551 5312 2643 5365 per
2678 5297 2886 5367 singula
2910 5296 3025 5350 loca
3070 5297 3197 5365 quid
3225 5295 3460 5353 Hebreis

1892 5388 2131 5442 videatur
2168 5386 2412 5441 inserere.
2441 5386 2683 5443 Hebrteis
2708 5388 2835 5443 item
2874 5388 3189 5443 doctoribus
3221 5388 3307 5443 usi
3333 5395 3465 5444 sunt

1892 5475 2183 5539 Eusebius,
2212 5474 2573 5548 Hieronymus
2599 5478 2818 5548 aliique.
2878 5475 3135 5547 Origenes
3165 5493 3316 5544 vero,
3366 5478 3464 5549 qui

1891 5567 2109 5623 Judaeos
2131 5568 2442 5637 frequenter
2470 5570 2672 5636 adibat,
2727 5578 2788 5623 ut
2828 5570 2896 5624 de
2944 5568 3238 5640 Scriptum
3285 5571 3463 5625 littera

1892 5663 2231 5731 educeretur,
2263 5663 2387 5719 inde
2412 5661 2724 5731 frequentes
2780 5660 2875 5715 τοῦ
2915 5661 3169 5734 Ἐὁραίου
3194 5662 3465 5731 interpre-

1894 5752 2127 5810 tationes
2155 5754 2210 5809 in
2253 5754 2591 5827 marginibus
2637 5753 3002 5826 Hexaplorum
3033 5754 3171 5811 forte
3194 5753 3463 5826 posuerit.
