3832 6214
403 314 474 371 '59
1761 298 2293 361 PRELIMI‘AARIA
3591 301 3664 355 ω

404 424 593 495 Neque
632 430 816 478 tamen
866 426 1082 485 omnes,
1122 434 1244 491 qua:
1296 419 1365 475 ad
1393 433 1495 476 nos
1548 430 1724 487 usque
1752 417 1982 472 devene-
2012 423 2059 480 Α
2086 414 2343 485 scrupulo
2373 413 2517 469 dico.
2549 412 2885 480 Quibusdam
2908 411 3053 468 enim
3076 412 3132 466 in
3155 410 3315 475 locis,
3340 410 3578 467 maxime
3603 411 3663 466 in

406 526 553 582 runt,
607 514 704 570 τοῦ
738 513 990 587 Ἐὀραίου
1046 514 1308 568 lectiones
1348 529 1416 567 ex
1448 511 1682 582 Origene
1729 523 1983 565 manasse
2090 507 2230 561 libro
2259 505 2382 570 Job,
2438 515 2547 560 tam
2582 505 2893 576 frequentes
2925 504 3123 560 adsunt
3157 503 3364 560 Hebraei
3390 504 3666 574 interpre-

402 609 657 664 videntur
691 626 705 660 :
734 622 861 661 nam
889 604 1183 659 verisimile
1208 612 1291 658 est
1316 601 1630 666 Eusebium,
1660 599 1995 667 Diodorum,
2086 598 2157 653 tis
2186 597 2468 661 lectiones,
2526 606 2588 652 ut
2635 596 2794 653 facile
2840 598 2985 654 credi
3035 597 3212 668 possit
3257 611 3351 653 eas
3378 596 3449 653 ab
3477 596 3665 667 aliqua

402 698 792 772 Hieronymum
845 708 900 752 et
942 697 1079 751 alios
1127 710 1159 750 a
1213 695 1529 750 doctoribus
1578 692 1694 748 suis
1739 689 1981 745 Hebraeis
2082 690 2330 744 versione
2355 688 2541 744 Graeca
2597 690 2914 759 desumptas
2953 687 3317 759 esse.'ltaque
3345 689 3518 744 donec
3544 689 3664 745 cla-

401 790 538 846 alias
566 790 863 859 accepisse,
894 802 1016 857 quae
1041 784 1274 841 fortasse
1298 784 1352 839 in
1383 784 1489 839 hac
1509 782 1830 839 collectione
1852 794 1979 836 cum
2082 780 2198 835 rius
2247 780 2540 850 quodpiam
2602 789 2848 836 veterum
2904 781 3281 837 testimonium
3340 796 3373 836 e
3422 782 3664 837 tenebris

398 874 747 956 Origenianis
786 881 1061 953 permistae
1092 884 1242 933 sunt.
1273 876 1405 933 Haec
1456 890 1678 947 quoque
1723 888 1835 929 non
1860 874 1981 930 sine
2078 872 2463 939 emerserit,de
2490 871 3657 944 hisnonnisibariolandoloquipossumus.

1451 1048 1833 1140 CAPUT
1904 995 2595 1141 SE—CUNDUM.

1658 1167 1748 1228 De
1805 1171 1981 1227 textu
2038 1162 2379 1227 Hebraico.

398 1269 439 1323 1.
460 1271 649 1339 Textus
669 1270 957 1339 Hebraicus,
978 1272 1029 1320 in
1052 1266 1291 1339 Hexaplls
1313 1271 1608 1339 descriptus,
1634 1269 2002 1339 idemeratqui
2026 1267 2437 1339 hodiernus-non
2472 1272 2639 1339 autem
2664 1266 2980 1339 priscus_ill_e__
3000 1269 3350 1339 Samaritanus.
3371 1271 3435 1339 ll.
3476 1268 3657 1339 Speci-

458 1335 588 1383 mina
612 1335 832 1396 quaedam
856 1333 1129 1384 litterarum
1146 1329 1495 1382 Hebraicaruni
1509 1338 1759 1396 veterum.
1776 1331 1860 1396 lli.
1878 1331 1950 1379 Ex
1971 1329 2583 1396 quarumdam_1i_tterarum
2607 1329 2815 1396 inter__se
2837 1332 3158 1396 similitudine
3182 1341 3363 1396 quanta
3384 1329 3656 1396 lectionum

460 1402 515 1444 et
552 1389 1243 1457 interpretalionumivarietas
1268 1396 1478 1457 ortagsit.
1507 1392 1585 1441 IV.
1630 1394 1705 1442 De
1736 1393 1901 1455 prisco
1927 1389 2219 1453 scripturam
2261 1389 2550 1441 Hebralcam
2574 1392 2774 1455 legendi
2818 1405 2975 1443 more.
2996 1394 3057 1444 V.
3089 1394 3167 1445 De
3186 1389 3349 1445 veteri
3372 1393 3657 1446 litterarum

456 1455 876 1520 pronuntiatione.
904 1456 984 1505 Vl.
1007 1456 1083 1506 De
1110 1456 1356 1504 vocalibus
1378 1455 1724 1504 Hebraeorum.

394 1536 439 1595 Ι.
476 1539 670 1594 Textus
703 1538 1015 1606 Hebraicus,
1065 1539 1120 1609 in
1163 1538 1419 1609 Hewaptis
1465 1536 1975 1609 descriptus._idem
2080 1531 2424 1588 bibliothecis
2448 1543 2819 1601 asservantur,
2850 1552 2960 1591 non
3003 1536 3295 1592 admodum
3317 1546 3537 1593 remotae
3560 1552 3657 1594 ve-

464 1604 1015 1734 ﬁgnz‘lf’wdimmsi
1045 1604 1153 1664 ηόη
1185 1604 1363 1663 autem
1407 1609 1613 1678 Ρτίεεαδ
1639 1604 1751 1661 tu“
1782 1604 1973 1661 sama'
2080 1626 2302 1681 tustatis
2334 1641 2474 1691 esse,
2508 1642 2824 1697 paucosque
2850 1628 3036 1684 haberi
3065 1630 3160 1699 qui
3188 1639 3446 1699 superent
3473 1646 3656 1685 annos

682 1720 696 1734 .
2082 1712 2506 1734 --ημημμη
2883 1733 2891 1734 ,
2922 1733 2945 1734 η
3086 1719 3119 1734 ..
3388 1719 3399 1730 .

462 1768 756 1837 Eusebius,
812 1768 958 1824 Hist.
989 1769 1142 1836 eccl.,
1186 1767 1281 1823 lib.
1336 1783 1414 1835 vi,
1463 1767 1539 1822 ait
1582 1766 1867 1838 Origenem
1902 1766 1968 1820 ad

397 1858 636 1931 llexapla
690 1861 1064 1916 concinnanda
1111 1857 1529 1932 πρωτοτύπους,
1560 1859 1676 1923 sive
1711 1857 1966 1927 primige-

396 1951 516 2006 nias
537 1960 590 2006 et
616 1951 957 2006 authenticas
979 1948 1328 2005 Hebraaorum
1355 1950 1654 2018 scripturas
1684 1947 1788 2002 sibi
1817 1961 1966 2002 com-

400 2058 638 2114 parasse,
678 2043 778 2105 τὰς
821 2059 881 2095 τε
913 2041 1061 2114 παρὰ
1101 2042 1210 2095 τῶν
1271 2040 1537 2094 Ἰουδαίων
1590 2039 1967 2111 ὲμφερομένας

397 2133 787 2205 πρωτοτύπους
847 2134 1033 2197 αὐτοῖς
1073 2133 1343 2203 Ἐϐραίων
1386 2131 1667 2202 στοιχείοις
1722 2131 1963 2204 γραφὰς,

394 2224 580 2294 κτῆμα
610 2223 738 2277 ἴδιον
767 2221 1117 2294 ποιήσασθαι.
1148 2220 1251 2277 Ubi
1283 2223 1484 2290 Optime
1510 2231 1661 2277 notat
1689 2221 1962 2286 Valesius,

396 2313 690 2370 Eusebium
726 2330 894 2370 sacrae
920 2314 1213 2384 Scriptura:
1264 2315 1478 2369 codices
1523 2312 1816 2368 Hebraicos
1844 2313 1965 2368 ideo

395 2403 781 2475 πρωτοτύπους
810 2405 923 2460 sive
944 2403 1298 2475 primigenios
1326 2417 1543 2469 vocare,
1574 2417 1681 2457 non
1703 2403 1847 2473 quod
1878 2418 1965 2457 re-

392 2514 520 2552 vera
550 2508 733 2553 essent
758 2498 1144 2569 primigenium
1176 2497 1451 2566 exemplar
1481 2506 1535 2550 et
1564 2497 1961 2567 autographum

391 2593 461 2647 ab
487 2591 657 2649 Esdra
690 2592 1091 2661 conscriptum;
1116 2589 1211 2645 sed
1235 2589 1619 2662 πρωτοτύπους
1648 2596 1701 2642 et
1728 2588 1962 2643 authena

394 2688 531 2743 ticos
566 2688 836 2758 appellare
862 2687 1269 2755 comparatione
1296 2682 1441 2738 facta
1472 2699 1594 2739 cum
1622 2681 1824 2737 Graecis
1850 2681 1964 2736 edi-

394 2783 656 2849 tionibus,
687 2791 795 2837 tam
820 2780 1168 2851 Septuaginta
1215 2781 1590 2850 interpretum,
1618 2794 1783 2848 quam
1826 2778 1961 2832 alio-

391 2891 538 2940 rum,
564 2889 687 2944 quaa
731 2883 890 2929 erant
932 2874 1408 2943 interpretationes
1438 2874 1504 2926 ad
1545 2872 1824 2941 exemplar
1855 2862 1961 2927 He-

390 2965 637 3020 braicum
663 2966 1017 3021 concinnatae.
1059 2965 1246 3035 Neque
1270 2966 1395 3020 item
1435 2966 1733 3035 putandum
1760 2973 1864 3029 est,
1900 2971 1960 3019 ut

390 3058 472 3111 vir
497 3058 715 3127 quidam
765 3059 961 3113 doctus
1003 3058 1389 3124 arbitrabatur,
1427 3058 1548 3112 illas
1570 3056 1959 3128 πρωτοτύπους

2076 1712 2530 1784 quadringentos.
2579 1715 2955 1786 Antiquiorem
3008 1719 3215 1773 nullum
3275 1719 3551 1776 novimus-
3581 1735 3655 1775 eo

2001 1825 2045 1880 Β
2080 1801 2432 1858 Pentateuchi
2471 1804 2746 1858 volumine
2794 1804 3146 1876 Bononiensi,
3202 1808 3270 1863 de
3319 1823 3429 1879 quo
3478 1809 3655 1863 multa

2071 1891 2311 1946 diximus
2341 1892 2393 1946 in
2426 1892 2614 1947 Diario
2646 1892 2866 1963 Italico,
2920 1912 2974 1966 p.
3005 1898 3109 1954 599
3134 1906 3189 1952 et
3220 1898 3345 1963 400,
3380 1899 3524 1969 quod
3549 1915 3657 1954 an—

2074 1985 2162 2040 nis
2189 1985 2258 2039 ab
2286 1985 2413 2040 hinc
2436 1986 2849 2057 quadringentis
2892 1990 3153 2059 magistro
3174 1990 3381 2045 ordinis
3404 1989 3657 2046 Domini-

2065 2092 2327 2133 canorum
2376 2079 2684 2150 Aymerico,
2731 2081 2888 2150 quasi
2937 2081 3331 2151 autographum
3377 2080 3584 2149 Esdrze,
3617 2097 3653 2137 ιι

2065 2169 2267 2226 Iudaeis
2321 2170 2565 2225 oblatum
2608 2170 2733 2226 fuit.
2783 2170 2935 2227 Licet
2993 2181 3174 2227 autem
3217 2173 3653 2229 commentitiam

2067 2262 2381 2330 huiusmodi
2407 2271 2730 2318 vetustatem
2764 2279 2926 2319 nemo
2956 2265 3199 2335 prudens
3228 2266 3499 2332 admittat,
3548 2280 3653 2321 ve-

2066 2352 2298 2407 risimile
2328 2362 2508 2408 tamen
2534 2363 2618 2409 est
2650 2355 2858 2425 aliquot
2895 2364 3020 2410 ante
3065 2357 3296 2421 saeculis,
3327 2372 3491 2426 quam
3532 2357 3651 2429 Ay-

2066 2445 2303 2501 mericus
2332 2447 2620 2517 acciperet,
2652 2457 2935 2504 exaratum
2988 2448 3177 2503 fuisse.
3214 2447 3271 2501 ln
3303 2449 3450 2503 hisce
3477 2463 3647 2518 porro

2067 2538 2323 2593 omnibus
2352 2538 2636 2596 codicibus
2668 2540 2856 2594 eadem
2914 2540 3053 2610 ipsa,
3104 2556 3226 2611 quae
3274 2540 3330 2594 in
3361 2540 3647 2597 hodiernia

2063 2626 2275 2695 Bibliis,
2335 2629 2714 2685 characterum
2767 2630 2943 2685 forma
2985 2630 3429 2700 deprehenditur,
3464 2631 3537 2686 ita
3582 2643 3646 2688 ut

2062 2719 2200 2772 nihil
2232 2719 2568 2776 discriminis
2620 2722 2943 2775 intercedat.
2988 2722 3140 2777 Alias
3174 2724 3500 2778 vetustiores
3525 2722 3644 2777 for-

2062 2824 2180 2864 mas
2206 2811 2578 2879 conspicimus
2605 2811 2660 2866 in
2690 2812 2887 2882 lapillis
2910 2813 3125 2869 duobus
3151 2812 3641 2881 Basilidianorum,

2061 2903 2155 2971 qui
2190 2917 2357 2972 penes
2387 2918 2473 2957 me
2495 2913 2643 2967 sunt,
2662 2902 2930 2959 Hebraico
2956 2906 3269 2960 charactere
3289 2907 3638 2975 conscriptis,

2060 3002 2113 3046 ct
2137 2992 2354 3061 quidem
2380 2994 2540 3049 tertio
2561 2994 2776 3049 circiter
2802 2996 3004 3051 Christi
3031 2997 3252 3061 saeculo,
3286 3005 3346 3052 ut
3372 3006 3637 3067 putatur:

2060 3082 2174 3147 ubi,
2214 3095 2410 3153 praeter
2431 3101 2728 3155 paucarum
2761 3086 3061 3142 litterarum
3096 3087 3321 3158 ﬁguras,
3344 3089 3436 3142 vix
3485 3089 3638 3145 aliud

388 3150 606 3222 γραφὰς
633 3165 754 3205 esse
782 3148 1179 3205 Samaritanam
1235 3150 1585 3220 scripturam,
1633 3165 1797 3218 quam
1829 3147 1951 3204 Ori-

2061 3147 2338 3243 quidpiam
2403 3147 2673 3246 expiscari
2738 3178 2960 3246 valeas;
3015 3187 3075 3233 ut
3136 3147 3400 3250 coiitingit
3465 3181 3637 3237 etiam

387 3256 573 3312 genes,
608 3241 877 3297 Eusebius
904 3251 959 3297 et
980 3241 1342 3312 Hieronymus
1376 3242 1445 3295 ab
1476 3240 1824 3295 Hebraeorum
1861 3255 1956 3310 pe-

386 3332 664 3388 ritissimis
685 3333 882 3400 edocti,
913 3334 1148 3404 priscam
1177 3349 1299 3389 esse
1341 3332 1730 3388 Hebraicorum
1762 3333 1955 3388 chara-

384 3435 592 3478 cterum
622 3422 853 3478 formam
894 3436 1227 3481 asseverant.
1264 3423 1398 3480 Nam
1449 3424 1685 3480 dilucide
1717 3432 1772 3478 et
1806 3424 1952 3478 nulla

388 3516 675 3571 verborum
718 3517 945 3587 ambage
997 3517 1075 3571 ait
1128 3515 1395 3572 Eusebius
1438 3531 1531 3571 eas
1586 3530 1710 3570 esse
1743 3515 1952 3571 litteras

383 3623 506 3678 qua:
535 3610 677 3678 apud
704 3608 922 3665 Judaaos
963 3609 1437 3665 circumferuntur.
1471 3608 1627 3665 Tunc
1656 3624 1787 3664 vero
1818 3617 1954 3662 tem-

382 3699 532 3768 poris
556 3700 924 3756 certissimum
955 3709 1058 3766 est,
1094 3700 1396 3772 refragante
1441 3701 1682 3766 nemine,
1726 3699 1956 3755 Hebrai-

383 3804 572 3844 carum
605 3790 997 3859 scripturarum
1023 3790 1369 3846 characteres
1411 3791 1630 3846 eosdem
1664 3791 1835 3847 fuisse
1857 3790 1951 3861 qui

384 3880 441 3934 in
471 3878 752 3936 hodiernis
802 3880 990 3938 Bibliis
1042 3882 1322 3938 Hebraicis
1355 3883 1640 3939 habentur.
1676 3881 1795 3938 Non
1840 3898 1951 3952 quo

381 3970 545 4026 velim
594 3986 662 4025 ne
696 3973 968 4027 tantillum
1012 3972 1230 4042 quidem
1279 3973 1611 4029 discriminis
1656 3975 1798 4028 inter
1827 3975 1949 4030 illas

380 4069 591 4117 veteres
618 4072 671 4117 et
706 4062 996 4118 hodiernas
1025 4064 1416 4128 intercessisse,
1449 4064 1521 4117 ita
1566 4073 1625 4118 ut
1655 4079 1723 4118 ne
1745 4064 1826 4117 vel
1850 4064 1951 4118 mi-

380 4155 530 4209 nima
552 4156 780 4211 mutatio
802 4156 856 4209 in
886 4157 1050 4210 ullam
1085 4155 1467 4211 llcbraicarum
1496 4156 1797 4211 litterarum
1829 4172 1953 4211 suc-ﬁ

381 4245 633 4301 cessione
666 4256 966 4316 temporum
1004 4249 1291 4317 importata
1334 4247 1517 4302 fuerit.
1552 4248 1659 4303 Sed
1704 4248 1827 4302 dico
1875 4249 1949 4305 ita

380 4335 598 4391 easdem
627 4351 769 4402 esse,
802 4346 862 4391 ut
889 4338 1163 4392 modicum
1192 4354 1223 4392 a
1251 4340 1431 4408 prisca
1493 4338 1668 4394 forma
1714 4355 1952 4395 recesse-

378 4427 509 4481 rint.
547 4425 884 4493 Querebatur
914 4430 1042 4483 olim
1078 4429 1434 4502 Hieronymus
1463 4431 1531 4486 de
1556 4430 1945 4488 Hebraicarum

379 4516 681 4574 litterarum
729 4521 988 4589 parvitate
1035 4524 1250 4577 nimia:
1305 4524 1520 4578 Accedit
1576 4525 1775 4595 (inquit
1809 4523 1946 4577 Pro-
1981 4520 2022 4575 D

378 4608 503 4678 logo
532 4626 654 4679 cap.
690 4626 780 4676 xx,
806 4613 863 4663 in
896 4610 1243 4681 Ezecltielem)
1275 4613 1343 4667 ad
1376 4615 1512 4669 hanc
1554 4614 1795 4669 dictandi
1821 4615 1950 4683 dmi.

380 4700 654 4761 cultatem,
707 4701 869 4769 quod,
918 4701 1269 4770 caligantibus
1322 4704 1490 4757 oculis
1526 4714 1806 4770 senectute,
1845 4704 1948 4757 ali-

376 4785 503 4854 quid
542 4786 925 4842 sustinentibus
961 4789 1099 4841 beati
1129 4788 1305 4854 Isaac,
1334 4791 1402 4844 ad
1431 4808 1745 4845 nocturnum
1769 4794 1943 4846 lumen

375 4891 704 4945 nequaquam
724 4875 990 4931 valeamus
1021 4876 1364 4933 Hebrworum
1397 4880 1665 4934 volumina
1694 4878 1939 4949 relegere,

370 4982 490 5037 qua
529 4969 691 5021 etiam
712 4968 782 5022 ad
804 4969 931 5022 solis
956 4971 1159 5040 dieique
1183 4970 1441 5041 fulgorem
1469 4971 1771 5025 litterarum
1796 4972 1943 5025 nobis

369 5061 633 5130 parvitate
660 5071 947 5118 ca'cantur.
978 5062 1109 5129 Quae
1158 5063 1391 5119 fortasse
1428 5064 1496 5118 de
1539 5065 1944 5133 exemplaribus

373 5161 581 5207 tantum
607 5151 922 5226 Hieronymi
952 5154 1176 5227 intelligi
1209 5155 1426 5211 debent.
1450 5155 1721 5212 Credibile
1744 5157 1946 5227 quippe

369 5255 453 5298 est
519 5246 661 5315 apud
730 5243 1016 5312 Hebraeos,
1094 5248 1317 5319 perinde
1382 5260 1544 5317 atque
1609 5250 1750 5319 apud
1817 5251 1944 5305 reli-

369 5352 507 5405 quas
530 5339 679 5394 orbis
703 5340 973 5407 nationes,
1024 5342 1355 5411 exemplaria
1399 5342 1649 5412 quaedam
1704 5343 1939 5412 minore,

370 5428 475 5482 alia
505 5444 633 5483 vero
660 5431 869 5500 majore
887 5432 1187 5489 litterarum
1223 5434 1397 5491 forma
1434 5436 1704 5507 descripta
1745 5437 1937 5494 fuisse.

439 5516 502 5572 ll.
539 5519 843 5589 Spectmina
885 5524 1128 5593 quadam
1158 5524 1460 5581 litterarum
1488 5526 1878 5582 Hebraicarum

1027 5605 1275 5649 veterum.

437 5677 657 5733 Certum
690 5679 918 5736 habetur
939 5678 1081 5753 apud
1113 5686 1379 5753 eruditos,
1410 5684 1703 5745 Hebraicos
1732 5688 1939 5745 Biblio‘

365 5787 487 5827 rum
537 5772 753 5831 codices
794 5777 1219 5850 manuscriptos.
1258 5782 1352 5853 qui
1413 5783 1469 5838 in
1496 5783 1663 5841 variis
1704 5782 1934 5855 Europa

2056 3268 2274 3337 quando
2302 3266 2547 3323 Abraxca
2580 3270 2892 3338 hujusmodi
2945 3270 3188 3342 symbola
3215 3270 3399 3327 Graece
3426 3272 3636 3329 descri-

2056 3369 2146 3429 pta
2182 3367 2332 3425 sunt,
2370 3376 2492 3430 qua:
2547 3361 2638 3415 vix
2684 3362 2785 3432 legi
2824 3377 3057 3432 raroque
3102 3364 3332 3436 intelligi
3376 3376 3632 3435 possunt.

2064 3446 2463 3517 Subjungimus
2493 3459 2671 3503 autem
2699 3450 3046 3520 alphabetum
3070 3449 3392 3507 Hebraicum
3422 3469 3490 3508 ex
3519 3470 3630 3511 ms.

2056 3537 2171 3592 RR.
2204 3538 2307 3592 PP.
2342 3538 2673 3599 Jesuitarum
2701 3542 2909 3610 collegii
2937 3541 3196 3598 Ludovici
3225 3545 3429 3615 Magni;
3455 3546 3545 3601 ubi
3568 3547 3631 3603 in

2054 3631 2197 3687 libro
2222 3633 2563 3688 Threnorum
2605 3632 2855 3689 Jeremiae
2893 3635 3197 3691 litterarum
3221 3636 3393 3692 forma
3422 3640 3633 3710 pluries

2054 3723 2362 3795 depingitur
2382 3740 2412 3779 a
2433 3725 2766 3795 calligrapho
2786 3726 3010 3795 Graeco;
3033 3728 3125 3783 sed
3157 3728 3231 3782 ita
3260 3728 3628 3801 indiligenter,

2054 3828 2115 3873 ut
2143 3834 2249 3873 non
2283 3833 2468 3873 secum
2498 3819 2614 3889 ipse
2640 3819 2964 3887 consentiat,
3005 3828 3059 3875 et
3105 3835 3229 3875 cum
3269 3820 3409 3875 idem
3437 3822 3632 3893 alpha-

2054 3910 2237 3965 betum
2266 3912 2478 3978 repetit,
2509 3926 2540 3965 a
2571 3912 2755 3982 priore
2787 3929 2951 3984 quam
2982 3919 3241 3983 posuerat
3280 3911 3455 3968 forma
3480 3930 3629 3984 saepe

2052 4000 2316 4056 deflectat.
2336 4000 2415 4055 Ex
2432 4003 2499 4057 iis
2515 4017 2644 4057 vero
2665 4005 2857 4060 formis
2873 4019 2967 4059 eas
2986 4003 3286 4073 delegimus
3304 4020 3426 4073 qua;
3449 4006 3628 4077 magis

2054 4092 2437 4146 adlitterarum
2455 4091 2838 4149 Hebraicarum
2859 4095 3089 4167 figuram
3110 4094 3456 4152 accedebant.

2415 4202 2642 4317 κὶὶ
3031 4192 3245 4317 5’7

2543 4351 2643 4456 ξπ.

2417 4383 2457 4433 2

2417 4537 2447 4588 J

2415 4668 2451 4724 ος

2411 4812 2451 4864 Π

2541 4489 2642 4611 Β

2550 4644 2618 4763 η

2536 4796 2637 4902 Π

2420 4973 2443 5024 ⁷
2543 4979 2600 5077 d

2557 5109 2620 5223 P

2406 5298 2448 5352 η
2550 5262 2618 5376 h

2399 5407 2626 5524 uLa

2555 5580 2594 5635 \

2405 5749 2438 5798 ³
2526 5720 2628 5843 3

3022 4399 3075 4451 ω

3027 4550 3055 4598 z

3024 4676 3064 4727 ο

3024 4836 3064 4890 ν

3022 4975 3062 5029 ει

3018 5138 3058 5192 ir

3014 5302 3057 5379 P

3014 5464 3056 5511 Ἶ

3009 5600 3064 5651 tv

3012 5758 3057 5812 τι

3148 4357 3256 4489 D

3151 4522 3253 4632 st

3164 4657 3250 4752 β

3144 4808 3247 5075 ξ

3143 5106 3244 5242 Χ

3106 5274 3244 5537 2

3142 5568 3242 5680 Ε.

3147 5727 3240 5839 ἸΙ
