3832 6214
177 196 242 253 ιι
1173 156 1175 158 ’
1405 192 1474 248 lN
1507 189 1753 250 HEXAPJ

1878 189 2140 248 ORIGEN
2149 189 2233 246 IS.
3384 199 3458 253 Β

250 311 352 369 llis
380 311 612 384 prolatis
631 311 1026 369 vetustioribus
1049 310 1352 368 litterarum
1374 309 1764 368 liebraicarum
1799 316 1844 372 Α
1873 309 2178 366 similitudo
2207 308 2655 381 deprehenditur,
2687 310 2764 366 ita
2795 319 2855 366 ut
2887 312 2952 367 ad
2975 311 3341 370 dill'erentiam
3371 316 3460 371 lit-

181 407 602 476 spcciminibus,
631 406 745 477 jam
775 405 843 462 de
873 407 1104 478 singulis
1144 415 1204 462 ut
1227 406 1358 462 olim
1389 406 1767 461 scribebantur

180 501 380 556 litteris
403 517 574 571 pauca
608 510 944 570 pertractare
974 516 1153 572 operm
1180 499 1602 571 pretiumfuerit.

245 604 289 652 κ
319 607 535 661 semper
582 594 656 647 ita
677 592 952 662 depictum
983 592 1155 648 fuisse
1181 593 1415 655 videtur,
1445 607 1622 663 neque
1655 593 1766 648 ulla

178 683 322 738 inter
349 696 561 740 veteres
595 695 650 740 et
684 687 1019 742 recentiores
1046 685 1470 756 deprehenditur
1493 686 1764 741 scribendi

176 776 506 834 diﬂ‘erentia.
537 777 849 850 Eademque
875 776 1053 834 forma
1075 778 1315 834 occurrit
1344 778 1399 832 in
1421 777 1622 847 lapillis
1657 776 1764 831 Ba-

177 869 588 926 silidianorum.

248 979 290 1028 3
329 968 460 1022 item
492 980 523 1020 a
557 964 737 1034 prisca
796 962 974 1019 forma
1027 979 1134 1018 non
1177 963 1477 1020 recessisse
1535 960 1767 1018 suadent

176 1070 292 1115 tum
318 1061 595 1130 specimen
624 1059 869 1121 allatum,
905 1065 1020 1109 tum
1082 1055 1246 1111 etiam
1294 1056 1415 1124 ejus
1463 1055 1765 1110 similitudo

176 1167 302 1207 cum
341 1152 519 1204 littera
571 1146 626 1212 3,
681 1162 803 1218 qua:
851 1156 907 1202 et
937 1145 1068 1199 olim
1104 1145 1174 1199 ab
1211 1143 1447 1199 Eusebio
1480 1145 1535 1197 in
1565 1143 1760 1214 psalm.

177 1260 356 1299 xxxm
410 1242 698 1297 observata
736 1238 860 1302 fuit,
918 1248 973 1291 et
1007 1236 1167 1292 hodie
1190 1236 1245 1290 in
1290 1235 1446 1290 libris
1479 1234 1764 1290 Hebraicis

174 1335 621 1406 deprehenditur.
654 1330 790 1385 Nam
823 1330 902 1385 ait
931 1327 1204 1385 Eusebius
1230 1329 1329 1384 has
1351 1329 1562 1384 litteras
1593 1343 1762 1398 parvo

175 1428 334 1497 apice
361 1423 646 1494 distingui,
681 1431 740 1476 ut
769 1421 1042 1490 hodieque
1066 1420 1340 1486 videmus,
1374 1420 1520 1490 quod
1557 1419 1760 1475 conﬁr-

175 1529 292 1574 mat
342 1517 708 1587 Hieronymus
757 1514 946 1570 multis
995 1513 1050 1568 in
1105 1513 1260 1569 locis.
1295 1512 1376 1568 Ex
1432 1514 1537 1568 hac
1595 1528 1760 1582 porro

1869 410 2000 456 terae
2027 409 2049 461 1
2077 401 2185 456 duo
2217 412 2417 472 puncta
2471 402 2948 473 superscrihantur
2972 406 3052 460 sic
3091 409 3136 462 'J'.
3171 407 3256 462 Ab
3287 408 3458 464 inter-

1869 495 2118 564 pretibus
2143 510 2362 565 quoque
2391 495 2553 550 aliam
2587 511 2683 565 pro
2718 497 2824 550 alia
2868 497 3059 552 lectam
3096 513 3242 568 saape
3267 499 3457 572 depre-

1866 586 2180 642 hendimus.
2212 584 2524 642 Verisimile
2558 596 2739 641 autem
2773 598 2856 644 est
2884 590 3082 645 lineam
3111 605 3216 662 qua
3249 590 3455 648 forma-

1865 680 2070 740 batur'l
2105 681 2158 734 in
2182 679 2510 751 quibusdam
2541 680 2732 734 saltem
2758 681 2968 735 libris‘a
2997 683 3279 751 superiore
3298 696 3453 754 parte

1867 771 2122 826 rellexam
2144 771 2316 828 fuisse
2350 774 2430 828 sic
2457 781 2512 839 1;
2550 773 2694 828 unde
2741 775 2990 844 contigit,
3027 783 3085 828 ut
3116 791 3215 844 pro
3237 787 3280 834 Ἶ
3307 792 3451 846 είιιρθ

1866 864 2051 920 habita
2089 864 2251 919 luerit
2287 865 2357 919 ab
2406 865 2817 935 interpretibus,
2848 876 2907 920 ut
2948 865 3091 922 infra
3121 868 3396 924 videbitur
3431 887 3444 921 :

1865 967 2009 1012 certe
2036 966 2371 1014 memoratus
2401 960 2570 1014 codex
2592 960 2735 1013 unde
2769 959 3131 1032 alphabetum.
3150 976 3317 1032 supra
3350 961 3448 1016 de-

1867 1050 2071 1119 pictum
2105 1051 2502 1119 excerpsimus,
2551 1051 2605 1105 in
2663 1052 2835 1107 altero
2864 1053 3152 1123 alphabeto
3184 1055 3332 1123 (nam
3361 1054 3445 1108 al-

1866 1142 2102 1212 phabeta
2154 1144 2377 1213 repetit,
2432 1153 2492 1198 ut
2524 1145 2834 1214 diximus)‘:
2888 1147 3046 1215 quasi
3087 1158 3129 1205 ’π
3185 1147 3442 1201 delineat.

1863 1236 2117 1291 Attamen
2143 1236 2197 1289 in
2228 1252 2361 1291 voce
2391 1238 2539 1290 ΠΙΠΙ
2583 1237 2859 1292 multoties
2881 1237 3106 1308 repetita
3141 1237 3196 1292 in
3223 1237 3441 1304 Ilesaia,

1862 1329 2323 1398 quemadmodum
2376 1341 2431 1384 et
2471 1330 2525 1384 in
2567 1329 2857 1400 alphabeto
2902 1347 3090 1402 supra,
3147 1344 3338 1388 neutra
3362 1332 3446 1388 lit-

1863 1433 1977 1475 tera
2013 1429 2034 1467 ν
2067 1422 2152 1476 vel
2181 1431 2205 1482 1
2234 1437 2266 1477 a
2298 1437 2555 1492 supremo
2578 1424 2733 1492 apice
2754 1423 2954 1478 reﬂexa
2979 1432 3080 1477 est.

1932 1513 2008 1568 De
2046 1515 2276 1575 littera:
2301 1515 2435 1569 nihil
2478 1515 2859 1584 observamus,
2915 1516 3020 1571 nisi
3061 1515 3293 1572 formam
3319 1516 3442 1587 ejus

174 1611 369 1666 formae
423 1607 778 1664 similitudine
826 1606 1028 1662 factum
1061 1616 1168 1671 est,
1212 1616 1273 1660 ut
1329 1607 1452 1661 aliis
1480 1619 1513 1666 3
1554 1607 1675 1660 aliis
1716 1617 1756 1664 π,
1784 1669 1822 1677 _
1860 1605 1916 1660 in
1943 1605 2230 1676 alphabeto
2252 1620 2414 1676 supra
2441 1607 2732 1662 admodum
2759 1617 3067 1677 corruptam
3094 1609 3282 1664 videri.
3304 1607 3438 1664 Eam

174 1703 506 1775 legentibus,
528 1714 722 1770 magna
749 1699 1259 1770 interpretationum
1289 1699 1529 1755 varietas
1557 1700 1753 1754 oborta

174 1796 269 1861 sit,
293 1803 354 1848 ut
384 1789 525 1846 intra
553 1790 800 1860 pluribus
833 1791 1160 1846 ostenditur.

244 1897 276 1948 λ
305 1883 608 1939 secundum
661 1884 952 1938 hodiernas
1003 1873 1248 1947 formas,
1300 1896 1555 1951 magnam
1592 1881 1756 1938 habet

173 1993 297 2034 cum
327 1987 354 2036 λ
385 1992 494 2029 nun
517 1974 850 2030 aﬁinitatem.
882 1974 988 2031 Sed
1022 1973 1361 2030 absimiliore
1413 1974 1544 2028 olim
1580 1973 1754 2044 ﬁgura

175 2071 276 2123 bas
302 2070 514 2124 litteras
566 2069 867 2139 descriptas
925 2067 1096 2124 fuisse
1156 2077 1454 2138 putamus;
1505 2083 1613 2122 non
1643 2077 1754 2122 tam

175 2161 305 2229 quia
359 2159 513 2214 varie
559 2158 870 2213 formantur
912 2158 968 2212 in
1019 2158 1308 2229 alphabeto
1327 2172 1491 2226 supra
1514 2158 1750 2229 depicta,

176 2252 306 2307 huic
338 2251 488 2307 enim
519 2266 631 2305 non
684 2252 916 2306 multum
965 2250 1215 2317 ﬁdimus;
1271 2265 1435 2320 quam
1489 2250 1618 2319 quia
1663 2251 1753 2306 vix

175 2347 338 2399 aliam
366 2359 468 2414 pro
498 2345 605 2399 alia
637 2345 849 2413 uspiam
874 2344 1066 2405 lectam
1094 2343 1263 2398 fuisse
1294 2342 1754 2412 deprehendimus

176 2435 231 2488 in
283 2443 527 2488 veterum
571 2431 1144 2502 interpretationibus;
1189 2447 1348 2488 secus
1394 2447 1558 2502 quam
1593 2433 1646 2487 in
1673 2432 1756 2487 lit-

175 2526 306 2580 teris
335 2525 610 2578 similibus
634 2525 882 2594 contigit.

240 2625 279 2678 τ
315 2616 548 2670 turmam
599 2616 889 2670 retinuisse
933 2629 1089 2669 suam
1143 2623 1379 2685 arguunt
1425 2624 1539 2668 tum
1580 2614 1756 2684 speci-

175 2709 325 2764 m'tna
347 2707 667 2773 vetustiora,
701 2716 814 2761 tum
839 2708 1077 2762 maxime
1117 2707 1238 2776 ejus
1288 2707 1586 2762 similitudo
1628 2722 1753 2762 cum

175 2814 382 2872 mque
412 2810 468 2857 et
500 2800 663 2855 hodie
714 2800 840 2854 talis
900 2808 1004 2865 est,
1070 2808 1130 2854 ut
1161 2815 1304 2869 saepe
1363 2800 1452 2853 vix
1495 2800 1755 2870 distingui

176 2897 408 2966 possint,
437 2906 493 2949 et
515 2895 646 2949 olim
678 2902 828 2949 tanta
858 2892 981 2958 fuit,
1019 2901 1080 2948 ut
1133 2891 1454 2948 innumeras
1489 2908 1629 2963 pene
1664 2898 1753 2948 in-

1859 1714 1988 1754 vero
2015 1716 2141 1755 cum
2170 1699 2275 1755 alia
2300 1701 2496 1770 quavis
2525 1701 2706 1756 littera
2730 1709 3095 1772 permutatam
3115 1700 3289 1758 fuisse
3311 1717 3440 1758 nus-

1855 1807 2020 1864 quam
2042 1807 2074 1847 a
2111 1792 2270 1848 nobis
2305 1791 2653 1847 observatum
2685 1801 2787 1847 est.

1925 1885 2002 1940 De
2030 1897 2070 1946 rt
2098 1885 2152 1940 in
2184 1895 2224 1944 Π
2266 1885 2430 1939 verba
2464 1883 2718 1940 fecimus.

1923 1988 1974 2034 ιο
2017 1977 2208 2032 eadem
2259 1991 2398 2046 pene
2439 1975 2618 2031 forma
2663 1977 2868 2047 scripta
2902 1975 3328 2048 deprehenditur
3375 1978 3433 2034 in

1855 2066 2161 2138 alphabeto.

1925 2168 1944 2207 ν
1971 2158 2049 2215 De
2074 2159 2177 2214 hac
2197 2157 2374 2213 littera
2399 2167 2582 2236 actum
2606 2155 2729 2212 fuit.

1931 2253 2004 2308 De
2023 2262 2063 2311 ι
2091 2251 2146 2306 in
2171 2263 2205 2312 2
2231 2251 2348 2321 jam
2380 2265 2568 2320 supra.

1919 2331 1954 2405 Β
1998 2346 2102 2400 hac
2139 2344 2358 2400 circiter
2386 2343 2560 2415 ﬁgura
2589 2342 2851 2398 scribitur
2883 2343 2938 2397 in
2963 2343 3356 2414 speciminibus
3379 2354 3436 2401 et

1856 2439 1909 2494 in
1946 2437 2253 2507 alphabeto.

1923 2539 1976 2589 ῃ
2000 2543 2107 2582 non
2136 2527 2371 2582 multum
2399 2525 2684 2582 deflexisse
2706 2524 2926 2581 videtur
2955 2541 2987 2580 a
3016 2525 3197 2596 prisca
3230 2525 3431 2584 forma.

1924 2620 2047 2678 De:
2075 2621 2127 2674 in
2161 2631 2190 2682 λ
2219 2619 2482 2676 diximus.
2515 2617 2574 2672 ln
2627 2619 2938 2688 alphabeto,
2971 2617 3075 2674 ‘cui
3117 2634 3229 2674 non
3258 2619 3430 2677 multa

1856 2713 1988 2768 ﬁdes
2005 2713 2275 2777 habenda,
2303 2712 2460 2782 longe
2495 2712 2598 2764 alia
2626 2709 2803 2765 forma
2832 2710 3093 2782 pingitur.

1925 2819 1964 2867 D
1993 2805 2170 2862 forma
2190 2820 2327 2877 pene
2377 2804 2699 2876 triangulari
2729 2805 3030 2860 delineatur
3057 2805 3113 2858 in
3143 2803 3432 2875 alphabeto

1855 2916 1936 2956 SlC
1975 2916 2046 2954 β.

178 2988 594 3060 terpretatioues
618 3002 686 3042 ex
715 2985 1118 3057 permutatione
1168 2985 1392 3042 alterius
1421 3002 1546 3041 cum
1583 2987 1750 3042 altera
1778 3023 1821 3083 Ο
1924 3006 1964 3062 ῃ
1995 3009 2134 3066 pene
2157 2992 2388 3049 similem
2415 2992 2545 3047 huic
2574 2991 2739 3046 habet
2771 2989 3000 3046 formam
3039 2990 3096 3045 in
3144 2989 3430 3062 alphabeto

175 3079 448 3150 profectas
473 3079 825 3134 observemus
857 3096 870 3132 :
903 3077 1259 3148 quamobrem
1287 3079 1366 3133 ait
1387 3075 1752 3150 Hieronymus
1785 3075 1820 3083 '
1853 3101 2038 3158 supra.

176 3175 232 3227 in
255 3171 582 3226 Ezechietem
617 3186 738 3241 cap.
771 3186 824 3225 γι
853 3189 866 3224 :
910 3169 1093 3224 Potest
1126 3179 1175 3224 et
1207 3170 1269 3223 ob
1320 3171 1550 3226 vicinam
1595 3174 1750 3227 simi-

175 3265 455 3320 litudinem
483 3280 696 3319 DALETH
741 3273 794 3318 et
843 3279 942 3318 nes
992 3262 1376 3318 Hebraicarum
1425 3265 1748 3334 litterarum,

173 3374 290 3428 qua
313 3373 478 3428 parvo
505 3358 650 3425 apice
693 3355 1115 3426 distinguuntur,
1152 3355 1228 3410 vel
1258 3355 1518 3411 Deblatha
1549 3357 1625 3410 vel
1647 3357 1751 3412 Re-

176 3452 359 3504 blatlia
385 3450 666 3520 appellari.

243 3557 284 3604 τι
313 3547 370 3598 in
414 3543 700 3613 alphabeto
749 3557 913 3612 supra
953 3558 985 3597 a
1045 3542 1220 3598 forma
1246 3541 1340 3596 τοῦ
1373 3555 1414 3606 Π
1443 3543 1581 3598 Ileth
1610 3545 1752 3600 mul-

176 3647 292 3691 tum
316 3626 517 3703 diﬁ‘ert,
549 3653 709 3694 secus
733 3652 896 3708 quam
941 3637 1107 3692 hodie
1149 3637 1203 3690 iu
1235 3637 1426 3693 Bibliis
1448 3636 1748 3707 Hebraicis,

177 3732 270 3786 ubi
300 3732 386 3786 ha:
422 3731 616 3786 litterae
640 3731 933 3786 admodum
963 3730 1171 3784 similes
1193 3739 1340 3785 sunt.
1377 3729 1520 3785 Inter
1540 3742 1750 3787 utram-

175 3840 283 3894 que
311 3840 444 3879 vero
469 3824 702 3879 litteram
729 3823 1024 3879 discrimen
1051 3824 1178 3877 olim
1202 3825 1557 3893 conspicuum
1583 3825 1753 3882 fuisse

172 3917 428 3982 suadent,
453 3927 566 3972 tum
590 3917 936 3987 alphabetum
965 3931 1151 3985 supra,
1176 3916 1263 3970 ubi
1299 3928 1338 3974 Π
1361 3916 1442 3970 sic
1470 3917 1538 3980 Π,
1563 3927 1603 3978 Π
1625 3934 1752 3973 vero

169 4012 254 4068 sic
279 4011 325 4066 Ι]
357 4011 689 4081 depingitur,
713 4022 828 4065 tum
879 4009 1119 4063 maxime
1145 4009 1500 4078 interpretum
1527 4025 1754 4066 consen-

173 4120 292 4169 sus,
320 4105 418 4174 qui
466 4105 566 4159 has
621 4104 830 4158 litteras
875 4117 986 4157 non
1014 4116 1179 4156 unam
1215 4115 1316 4170 pro
1371 4101 1478 4157 alia
1505 4105 1753 4173 accipere

174 4199 446 4264 solebant,
501 4198 704 4268 quique
747 4210 926 4251 tamen
960 4196 1169 4251 litteras
1217 4195 1488 4264 quaslibet
1516 4195 1659 4250 inter
1695 4212 1753 4252 se

175 4289 407 4354 similes,
436 4289 638 4358 passim
659 4286 1087 4343 contundebant.
1120 4285 1266 4342 Sane
1301 4287 1533 4340 litteram
1559 4299 1598 4345 τι
1618 4288 1747 4342 olim

1920 3187 1961 3243 Ξ)
1989 3180 2108 3234 sine
2136 3174 2457 3230 intermedia
2502 3173 2647 3228 linea
2686 3170 2946 3226 scribitur
2977 3185 3348 3240 saepenumero
3372 3169 3431 3225 in

1852 3272 2038 3328 codice
2064 3276 2384 3333 memorato,
2415 3265 2510 3320 sed
2537 3280 2659 3320 cum
2683 3263 2906 3319 annulo.

1923 3371 1964 3420 κ
1992 3371 2044 3416 et
2071 3371 2112 3442 Ρ
2153 3357 2359 3412 formas
2413 3355 2615 3410 habent
2658 3355 2713 3409 in
2767 3354 3054 3425 alphabeto
3087 3355 3327 3419 vitiatas,
3358 3371 3430 3412 an

1853 3461 2035 3508 autem
2066 3459 2120 3509 et
2151 3450 2204 3504 in
2235 3464 2345 3520 quo
2377 3463 2408 3502 a
2436 3447 2615 3518 prisca
2673 3444 2849 3500 forma
2892 3447 3239 3511 recesserint,
3276 3448 3432 3518 igno-

1853 3557 2060 3599 ramus.

1917 3637 1995 3692 De
2012 3649 2053 3695 -π
2073 3635 2195 3691 vide
2225 3635 2279 3688 in
2306 3643 2362 3694 τ.

1921 3737 1976 3790 ω
2001 3743 2109 3781 non
2142 3726 2212 3780 ob
2240 3724 2432 3778 formae
2477 3720 2912 3785 similitudinem,
2946 3721 3037 3776 sed
3065 3722 3135 3776 ob
3155 3706 3274 3776 soni
3316 3721 3431 3776 aﬂi-

1852 3819 2080 3874 nitatem
2130 3816 2423 3886 aliquando
2462 3829 2585 3868 cum
2611 3825 2650 3872 D
2672 3811 3049 3867 confunditur.
3078 3809 3274 3882 Figura
3307 3813 3428 3881 ejus

1851 3920 2068 3966 vetusta
2093 3909 2288 3965 similis
2317 3914 2399 3961 est
2424 3904 2719 3959 hodiernae.

1920 4012 1966 4062 Π
1979 4003 2024 4057 si
2043 4001 2177 4057 ﬁdes
2194 4000 2500 4070 alphabeto,
2521 3995 2738 4066 paulum
2760 3994 2976 4050 deﬂexit
2993 4011 3020 4049 a
3039 3994 3214 4064 prisca
3232 3993 3426 4064 ﬁgura.

1853 4116 1940 4170 lll.
1968 4115 2054 4171 Ea:
2078 4115 2432 4188 quarumdam
2479 4114 2779 4188 litterarum
2828 4109 3180 4188 similitudine
3227 4117 3429 4178 quanta

2097 4185 2588 4256 interpretationum
2639 4185 2867 4238 varietas
2919 4191 3037 4234 orta
3087 4185 3176 4233 sit.

1927 4278 2007 4335 Ex
2059 4277 2419 4349 quarumdam
2474 4293 2638 4347 porro
2681 4277 2984 4330 litterarum
3037 4269 3427 4326 Hebraicarum

175 4397 414 4452 superne
433 4383 675 4437 clausam
711 4380 881 4436 fuisse
918 4381 1164 4436 indicant,
1217 4381 1309 4434 alii
1366 4380 1746 4449 manuscripli,
1782 4389 1827 4444 ι)
1853 4387 1976 4425 cum
2001 4370 2122 4425 aliis
2147 4369 2342 4424 litteris
2373 4368 2726 4423 similitudine
2765 4363 3079 4420 incredibile
3109 4371 3192 4417 est
3219 4371 3426 4432 quanta

173 4483 228 4529 et
255 4475 478 4545 quidem
511 4474 901 4543 antiquissimi,
935 4486 993 4528 ut
1027 4474 1374 4528 Colbertinus
1422 4472 1477 4527 in
1523 4481 1652 4527 nota
1682 4473 1750 4527 ad

173 4571 491 4638 psal.t.xxl,
537 4585 588 4621 v.
616 4567 703 4632 l8,
756 4577 811 4621 et
865 4567 1033 4622 codex
1089 4565 1202 4624 RR.
1256 4566 1361 4628 PP.
1415 4564 1749 4621 Jesuitarum

174 4661 381 4731 passim
417 4663 470 4715 in
524 4660 741 4715 Hesaia.
794 4660 852 4714 In
908 4660 975 4714 iis
1019 4660 1221 4730 quippe
1268 4675 1374 4714 vox
1428 4659 1596 4721 ΠΙΠΙ,
1642 4675 1747 4728 qua

173 4752 484 4807 certissime
515 4749 838 4806 Hebraicum
867 4759 986 4810 rm?
1017 4751 1363 4820 exprimitur,
1397 4753 1480 4806 bis
1514 4751 1748 4805 litteram

175 4855 218 4906 τι
243 4860 495 4915 superna:
531 4843 776 4898 clausam
825 4844 1044 4897 exhibet
1099 4843 1164 4897 ad
1226 4843 1446 4897 modum
1481 4843 1674 4898 litterae
1703 4843 1749 4895 Π

177 4936 402 4999 Graecae,
429 4952 537 5006 qua
565 4936 621 4989 in
645 4951 705 4990 re
725 4935 1076 4990 consentiunt
1102 4949 1225 4988 cum
1253 4934 1539 5004 alphabeto
1560 4951 1746 5004 supra.

246 5032 288 5099 ἠ
313 5029 443 5084 olim
475 5042 577 5098 pro
607 5036 628 5074 9
653 5043 798 5098 saepe
829 5029 1026 5083 lectum
1079 5025 1250 5082 fuisse
1271 5028 1465 5082 suadet
1493 5026 1753 5099 Hierony-

178 5137 326 5186 mus,
377 5121 473 5190 qui
523 5121 600 5174 ait
626 5120 788 5190 epist.
834 5119 902 5174 ad
945 5119 1173 5174 Suniam
1219 5127 1275 5173 et
1326 5118 1364 5171 F
1371 5128 1468 5173 ret.
1524 5119 1578 5172 in
1610 5120 1745 5188 psat.

177 5231 388 5270 cxxtx:
439 5213 548 5268 Pro
613 5215 854 5278 nomine,
897 5215 1003 5267 sive
1049 5213 1188 5283 lege,
1243 5213 1384 5282 apud
1430 5229 1517 5266 eos
1560 5212 1750 5282 legitur

129 5373 139 5384 θ
180 5321 368 5370 τιιιιι,
400 5307 540 5377 quod
565 5305 760 5376 Aquila
788 5307 1160 5374 interpretatus
1201 5317 1280 5358 est
1317 5304 1502 5373 φόὅον,
1547 5306 1643 5356 hoc
1671 5312 1748 5357 est

179 5397 475 5463 timorem;
520 5395 862 5466 Symmachus
907 5406 958 5452 et
1020 5395 1320 5461 Theodotio,
1364 5395 1547 5466 νόμον,
1584 5396 1641 5448 id
1671 5405 1748 5448 est

178 5488 374 5561 legem,
399 5497 649 5559 putantes
677 5505 878 5553 τιιοιυι,
912 5498 1127 5560 propter
1165 5489 1464 5544 litterarum
1494 5487 1744 5543 similitu-

178 5581 354 5636 dinem
388 5595 476 5636 IOD
503 5590 556 5634 et
595 5597 720 5647 vxu,
757 5597 874 5652 qua:
903 5590 1110 5634 tantum
1161 5581 1522 5652 magnitudine
1551 5580 1746 5633 distin-

179 5683 430 5742 guuntur.
466 5673 528 5725 In
579 5671 867 5741 alphabeto
909 5685 1129 5741 quoque
1195 5687 1360 5742 supra
1391 5671 1576 5728 eadem
1628 5669 1744 5742 ipsa

493 5770 765 5835 Pareat.
810 5770 928 5833 Gn.
971 5770 1145 5832 σιντ

1853 4463 2144 4517 lectionum
2194 4469 2250 4515 et
2307 4458 2819 4527 interpretationum
2865 4455 3101 4509 varietas
3140 4465 3259 4506 orta
3307 4453 3422 4507 sit:

1851 4571 1920 4611 ex
1961 4554 2124 4609 unius
2155 4553 2357 4624 quippe
2386 4552 2579 4607 littera:
2624 4550 3048 4605 commutatione
3076 4564 3238 4603 voces
3267 4549 3426 4617 longe

1853 4652 2065 4706 diversa
2102 4647 2432 4718 signiﬁcant,
2465 4646 2688 4702 nomina
2734 4659 2864 4700 vero
2890 4643 3113 4715 propria
3137 4657 3261 4696 cum
3301 4642 3425 4697 aliis

1852 4741 2281 4798 confunduntur.

1926 4835 1999 4890 De
2018 4845 2058 4892 :t
2082 4833 2299 4903 quidem
2331 4831 2522 4885 littcrze
2573 4845 2696 4884 cum
2724 4840 2757 4888 δ
2789 4826 3147 4883 similitudine
3181 4827 3293 4895 agit
3320 4824 3426 4880 Eu-

1854 4927 1968 4982 seb.
1995 4927 2049 4979 in
2076 4925 2266 4994 psalm.
2317 4938 2514 4987 xxxm.
2544 4922 2636 4976 ubi
2679 4921 2747 4976 de
2797 4929 3007 4975 mutato
3049 4917 3424 4975 Acbimelech.

1851 5003 2088 5101 1mm,
2109 5018 2161 5071 in
2188 5015 2523 5080 Abimclech,
2543 4998 2791 5094 15mins,
2818 5014 3058 5082 loquitur
3089 5012 3173 5064 his
3203 5009 3386 5063 verbis
3414 5028 3428 5063 :

1865 5099 1932 5166 Ἦ
1960 5112 2067 5166 τῶν
2089 5109 2384 5164 Βασιλειῶν
2418 5107 2612 5180 Γραφὴ
2654 5105 2942 5176 Ἀχιμέλεχ
2975 5102 3239 5174 περιέχει·
3271 5099 3431 5152 ἐναλ-

1851 5204 2024 5276 λαγῆς
2051 5203 2314 5273 στοιχείου
2341 5200 2663 5270 γενομένης,
2681 5197 2834 5251 οὐδὲν
2861 5197 2941 5250 δεῖ
2966 5194 3254 5249 κινεῖσθαι’
3273 5193 3432 5262 παρὰ

1849 5298 1959 5370 γὰρ
2003 5297 2102 5368 τὴν
2158 5294 2451 5366 ὁμοιότητα.
2511 5291 2602 5344 τοῦ
2651 5289 2915 5360 στοιχείου
2953 5287 3049 5342 τοῦ
3116 5284 3227 5358 Βὴθ
3289 5283 3424 5355 παρ’

1877 5390 2128 5463 Εεραίοις
2154 5385 2490 5455 καλουμένου
2515 5384 2606 5437 καὶ
2627 5383 2719 5436 τοῦ
2744 5380 3176 5450 Χὰφ,διαφὸρως
3206 5375 3426 5446 ἐξεδόθη

1846 5483 2104 5555 τοῦνομα·
2135 5479 2321 5551 σχεδὸν
2343 5479 2452 5548 γὰρ
2479 5476 2536 5529 ἓν
2562 5476 2659 5529 καὶ
2705 5473 2898 5527 ταυτόν
2922 5473 3038 5525 ἐστι
3067 5471 3135 5524 τὰ
3162 5471 3257 5524 δύο
3285 5486 3428 5522 στοι-

1848 5579 2005 5646 χεῖα,
2069 5571 2412 5646 βραχυτάτης
2476 5565 2704 5639 κεραίας
2751 5564 2918 5636 μόνης
2975 5563 3423 5630 ὲναλλαττούσης.

1850 5669 1907 5725 ld
1936 5679 2060 5726 est:
2110 5667 2407 5737 Regnorum
2441 5661 2720 5732 Scriptura
2767 5659 3093 5715 Achimetech
3150 5658 3427 5712 habetme
