3832 6214
161 238 226 294 ‘5
1358 235 1427 290 lN
1469 235 1796 293 HEXAPLA
1833 237 2179 296 OBIGENIS.

3339 244 3414 304 ιο

160 359 268 427 ejus
289 357 490 428 linguis
515 356 752 410 habuerit
780 356 1051 411 notitiam.
1078 353 1335 411 Eamdem
1366 359 1541 428 ipsam
1565 367 1602 419 τ
1620 367 1673 412 et
1695 370 1726 415 ε

1837 359 1869 426 ᾗ
1912 360 2001 425 ⁸50,
2038 359 2221 416 locum
2284 359 2431 415 hunc
2477 359 2746 416 diﬂicilem
2784 371 3012 423 nmm
3038 370 3264 450 mrp
3292 379 3414 420 ver-

160 451 643 506 eommutationem
688 449 1009 504 observ-abis
1040 448 1301 504 Proverh.
1353 467 1467 515 xix,
1495 451 1598 518 εἴη
1628 451 1735 506 lle-

161 544 256 597 sai.
288 559 406 603 vin,
435 541 503 608 9;
531 557 588 607 ι,
614 542 724 606 28;
757 557 868 607 xw,
904 543 987 596 ll.
1029 541 1269 611 Itemque
1302 557 1420 611 cap.
1464 559 1653 606 xxvm,
1698 544 1731 611 ᾗ

160 633 210 694 9,
243 640 296 686 et
339 629 542 685 Jercm.
579 647 670 694 xv,
712 631 809 696 1‘2;
855 646 1005 696 xxxi,
1037 630 1125 685 40.
1168 629 1299 685 ltem
1341 630 1501 686 Prov.
1538 647 1730 695 xxvut,

158 723 250 787 22;
274 723 448 778 Amos
472 738 513 789 ι,
541 724 596 778 5.
630 722 697 777 Et
725 722 1015 792 Sophoniaa
1040 739 1122 787 Ill,
1145 723 1197 788 9,
1223 723 1312 777 ubi
1341 739 1527 778 vocem
1552 733 1734 784 mh:

159 818 244 883 A.,
275 814 378 870 Th.
407 816 781 886 ὲξειλεγμένον
816 816 1232 878 transtulerunt,
1284 815 1437 886 Vulg.
1487 817 1729 882 electum,

162 909 542 980 Symmachus,
579 909 840 980 καθαρὸν,
881 923 1113 978 purum;
1157 907 1300 961 LXX
1339 924 1491 974 vero,
1521 911 1612 978 qui
1653 910 1732 964 le-

160 1012 348 1074 gerunt
368 1011 564 1068 mm,
595 1003 676 1066 εἰς
706 1001 804 1072 τὴν
828 1000 1019 1069 γενεὰν
1048 1001 1237 1070 αὐτῆς,
1268 1002 1324 1054 in
1347 1004 1732 1070 generationem

159 1095 301 1162 ejus;
341 1109 455 1163 quo
492 1093 614 1148 loco
642 1101 793 1146 notat
835 1089 1239 1161 Hieronymus:
1271 1088 1424 1143 LXX
1458 1091 1730 1157 dixerunt,

161 1189 212 1241 in
242 1186 649 1257 generationem
699 1184 839 1252 ejus.
891 1180 960 1236 Et
1010 1181 1131 1234 hinc
1174 1197 1324 1234 error
1370 1191 1584 1235 exortus
1630 1191 1729 1248 est,

161 1280 293 1351 quod
333 1281 546 1335 uerbum
593 1277 913 1332 Hebraicum
963 1291 1192 1340 BABURA,
1248 1276 1387 1346 quod
1436 1277 1631 1347 Aquila
1681 1286 1732 1332 et

167 1374 475 1439 Theodotio,
509 1372 772 1433 electum;
809 1368 1176 1440 Symmachus,
1222 1367 1509 1434 mundum,
1559 1371 1727 1421 inter-

162 1479 389 1538 pretatus
447 1475 546 1530 est,
601 1461 753 1517 LXX
789 1462 1021 1531 legerunt
1069 1475 1300 1521 nanum,
1342 1473 1441 1513 nas
1494 1459 1729 1512 litteram

161 1574 365 1614 usu-1m
399 1558 788 1618 existimantes,
815 1561 1026 1623 propter
1057 1551 1300 1605 elementi
1328 1551 1548 1604 nimiam
1580 1553 1729 1604 simi-

165 1651 456 1711 litudinem,
485 1647 622 1717 quod
651 1662 812 1716 parvo
843 1646 987 1714 apice
1015 1643 1387 1712 distinguitur.
1421 1642 1490 1696 Et
1518 1639 1729 1696 Hcsaia:

1839 459 1961 504 tunt
1998 450 2248 506 hodierni
2292 451 2690 519 hebraizantes,
2722 451 2834 507 Fili
2872 471 3124 521 perversa:
3167 457 3411 512 rebellio-

1838 543 1956 602 nis;
1997 541 2250 613 Vulgata,
2300 543 2414 596 Fili
2449 546 2685 599 mulieris
2735 546 2904 600 virum
2947 548 3088 601 ultro
3133 549 3408 617 rapientis,

1839 632 2220 705 Symmachus,
2270 635 2382 689 Fili
2431 635 2948 705 indisciplinatarum
3005 638 3404 706 deficientium;

1836 724 2008 789 LXX,
2035 727 2131 779 Υἱὲ
2179 728 2449 798 κορασίων
2486 727 2945 799 αὐτομολούντων,
2989 729 3146 784 aliter
3175 731 3409 798 αὐτομο-

1835 817 2064 882 λουσῶν,
2097 818 2209 872 Fili
2251 820 2549 889 puellarum
2582 821 2724 875 ultro
2765 821 3099 876 venientium.
3129 821 3237 877 Pro
3279 833 3408 895 ny:

1834 909 1980 962 enim
2029 908 2226 979 legisse
2265 908 2520 964 videntur
2558 920 2726 978 mw,
2773 911 3092 980 puellarum,
3133 925 3173 970 -ι
3215 929 3410 984 nempe

1834 1015 1932 1068 pro
1951 1010 1990 1059 Ἰ.
2026 1009 2087 1056 ut
2114 1016 2300 1071 supra.

1904 1091 2104 1147 Praeter
2128 1091 2231 1148 has
2257 1109 2322 1148 ex
2348 1096 2774 1151 commutatione
2809 1096 3111 1152 litterarum
3145 1107 3295 1153 ortas
3323 1100 3407 1154 in—

1833 1185 2284 1254 terpretationum
2321 1185 2628 1254 varietates,
2655 1187 2775 1244 alite
2805 1189 3164 1245 observantur
3193 1193 3285 1246 uhi
3318 1193 3407 1248 lit-

1834 1283 1962 1329 terte
1992 1290 2089 1344 pro
2113 1277 2234 1330 aliis
2261 1277 2425 1331 etiam
2457 1293 2564 1332 non
2596 1279 2866 1335 similibus
2890 1281 3196 1338 substituite
3214 1284 3407 1352 depre-

1835 1367 2164 1435 henduntur,
2199 1368 2283 1424 vel
2309 1369 2397 1423 ubi
2425 1385 2492 1424 ex
2523 1370 2734 1427 duabus
2765 1387 2874 1426 una
2903 1372 3152 1439 edicitur,
3183 1384 3241 1429 ut
3263 1374 3400 1431 Gen.

1832 1475 1968 1526 xxv,
2009 1459 2064 1524 8,
2111 1460 2202 1515 ubi
2261 1461 2456 1529 legitur
2500 1446 2770 1529 πηιεπ-Βκ,
2815 1465 2884 1516 ad
2915 1464 3164 1534 populum
3206 1481 3402 1532 suum,

1833 1549 1973 1604 alius
2007 1550 2275 1619 interpres
2305 1559 2458 1604 vetus
2489 1552 2782 1615 transtulit,
2815 1553 2952 1624 πρὸς
2977 1555 3102 1618 τοὺς
3137 1555 3400 1626 περάτας,

1833 1640 2018 1705 αὑτοῦ,
2079 1641 2147 1693 ad
2205 1643 2515 1695 transitores
2572 1659 2718 1704 suos,
2777 1644 2870 1712 qui
2934 1645 3129 1715 legisse
3187 1647 3404 1702 videtur

161 1757 298 1805 xuv,
325 1741 415 1794 9.1.
444 1708 746 1792 irinum-era
781 1708 917 1806 pene
961 1735 1160 1790 similia
1185 1708 1392 1788 vall‘erre
1416 1747 1722 1802 possemus,
1759 1708 1801 1762 Β
1828 1717 2119 1795 than-5N.
2148 1730 2217 1784 Et
2242 1730 2403 1785 Num.
2433 1748 2553 1798 xm,
2582 1733 2668 1800 54,
2691 1708 2876 1795 παῦ-ᾖε)
2901 1708 3260 1806 Symmachus
3282 1754 3406 1793 ver-

163 1833 250 1888 sed
283 1833 394 1886 haec
419 1839 584 1885 erunt
611 1829 678 1883 ad
705 1842 944 1898 praesens
971 1826 1280 1881 institutum
1300 1889 1302 1891 _
1319 1823 1479 1880 satis.

227 1918 600 1976 Observantur
627 1918 756 1972 item
781 1916 1111 1971 mutationes
1141 1913 1454 1984 frequentes
1479 1911 1573 1966 τοῦ
1603 1922 1627 1972 ἰ
1672 1913 1728 1968 in

163 2020 180 2055 ν
205 2029 218 2064 :
247 2013 358 2081 jam
389 2011 626 2064 vidimus
653 2021 819 2077 supra
839 2005 941 2062 Job
961 2021 1037 2072 vt,
1065 2004 1156 2071 10,
1180 2004 1272 2060 ubi
1292 2005 1382 2059 alii
1406 2004 1728 2074 interpretes

163 2104 439 2158 lectionem
488 2100 812 2156 Hebraicam
861 2099 1178 2154 hodiernam
1226 2106 1322 2162 ην
1354 2097 1527 2152 secuti
1576 2104 1723 2161 sunt,

165 2194 296 2248 LXX
325 2203 426 2259 '1";
455 2194 672 2264 legisse,
705 2203 760 2246 et
789 2189 892 2246 Job
923 2205 1113 2254 xxxvi,
1135 2188 1226 2251 '50,
1254 2197 1373 2248 ττνκ
1403 2189 1596 2259 legisse
1625 2203 1726 2258 pro

161 2293 296 2345 hist.
329 2284 420 2341 Sic
443 2288 609 2340 etiam
634 2284 844 2354 psalmo
881 2297 1071 2348 vam,
1098 2281 1153 2344 4,
1185 2295 1374 2335 vocem
1403 2278 1724 2334 Hebraicam

163 2389 304 2439 nam
354 2379 431 2434 ait
492 2378 916 2448 Chrysostomus
989 2373 1252 2427 llebraice
1306 2373 1410 2443 legi
1471 2370 1722 2443 οὐαγὴθ;

164 2472 360 2539 psalmo
395 2479 579 2524 autem
609 2483 780 2534 um,
819 2467 855 2535 ᾖ
890 2465 942 2531 7,
979 2465 1071 2520 ubi
1111 2465 1309 2536 legitur
1332 2473 1512 2528 mut,
1543 2464 1724 2518 oculos

165 2579 350 2626 eorum,
384 2576 552 2632 quam
599 2561 885 2615 lectionem
928 2557 1097 2612 secuti
1141 2567 1269 2613 sunt
1316 2557 1533 2627 Aquila,
1568 2557 1726 2628 Sym-

167 2657 381 2709 machus
422 2665 478 2709 et
525 2652 910 2720 Hieronymus,
941 2648 1083 2703 LXX
1126 2649 1372 2720 legerunt
1411 2657 1591 2714 mut,
1629 2648 1724 2718 qui

167 2757 391 2810 vertunt,
422 2744 606 2801 ἀδικία
630 2742 828 2809 αὐτῶν,
865 2743 1120 2812 iniquitas
1167 2758 1367 2796 eorum.
1415 2740 1485 2796 Et
1511 2741 1724 2811 psalmo

167 2857 353 2903 cxtvn,
389 2840 475 2907 16,
501 2855 691 2896 vocem
716 2847 849 2900 ’ἾῈὲ
879 2849 1087 2894 veteres
1112 2835 1373 2892 Hebraice
1402 2837 1588 2906 legunt
1612 2837 1726 2890 Χα-

170 2935 304 3004 φεὶρ,
333 2932 593 3001 Chaphir,
619 2939 674 2985 et
711 2928 922 2985 Hesaiae
963 2944 1193 2994 xxxviii,
1239 2928 1326 2993 14,
1378 2941 1567 2982 vocem
1601 2937 1721 2993 D‘D,

1830 1826 1894 1878 tit
1934 1823 2269 1895 τεραστίους,
2309 1834 2656 1892 portentosos,
2692 1841 2756 1882 ac
2783 1827 2831 1882 si
2873 1827 3140 1896 legeretur
3169 1812 3400 1892 aulam.

1829 1917 1997 1972 Josue
2029 1933 2158 1972 vero
2189 1933 2262 1982 IV,
2313 1919 2367 1984 5,
2413 1927 2616 1978 επιτωπ
2654 1920 2972 1985 sacerdotes,
3007 1921 3148 1976 LXX
3183 1934 3402 1982 vertunt

1829 2008 1984 2074 λίθοι,
2019 2009 2252 2091 lapides,
2275 2011 2401 2080 quia
2433 2011 2678 2080 legerunt
2711 2020 2922 2073 suam
2959 2014 3052 2085 (⁸).
3089 2013 3154 2070 Et
3189 2014 3232 2069 Π
3261 2016 3395 2091 Reg.

1830 2118 1988 2167 xvm,
2023 2102 2111 2168 55,
2145 2087 2330 2168 ma'n,
2361 2104 2419 2156 in
2447 2105 2616 2158 eundo
2654 2106 2849 2174 ipsum,
2875 2115 3029 2165 vetus
3060 2110 3281 2178 quidam
3312 2087 3399 2168 in-

1828 2205 2037 2266 terpres
2098 2195 2295 2264 legisse
2350 2195 2564 2250 videtur
2610 2207 2802 2265 manu,
2854 2200 2948 2269 qui
3006 2202 3168 2257 vertit
3217 2204 3277 2258 ὲν
3321 2204 3399 2276 τῷ

1827 2289 2036 2344 κλαίειν
2059 2288 2243 2352 αὑτὸν,
2275 2289 2330 2340 in
2358 2289 2533 2357 ﬂendo
2559 2290 2754 2358 ipsum,
2789 2291 2924 2358 sive,
2969 2308 3088 2346 cum
3129 2295 3298 2362 ﬂeret.
3334 2295 3401 2352 Et

1826 2385 2021 2454 psalm.
2069 2397 2220 2447 Lxxt,
2254 2383 2341 2447 14,
2378 2391 2528 2449 Dm,
2561 2385 2776 2453 sanguis
2823 2399 3024 2451 eorum,
3063 2384 3205 2439 LXX
3252 2387 3399 2459 lege-

1826 2485 1955 2532 runt
1974 2485 2148 2541 tanta,
2199 2475 2622 2545 interpretantur
2667 2475 2834 2540 enim,
2869 2476 2932 2530 τὸ
2969 2477 3140 2548 ὄνομα
3187 2479 3393 2547 αὐτῶν,

1826 2583 2012 2621 nomen
2068 2584 2268 2624 eorum.
2343 2565 2602 2622 Proverh.
2662 2583 2812 2632 xxvr,
2861 2569 2961 2634 Π,
3004 2569 3200 2640 legitur
3239 2580 3393 2632 unt:

1826 2659 2026 2728 aliique
2069 2675 2280 2722 omnes,
2311 2659 2603 2725 auriculas,
2640 2668 2699 2714 ut
2742 2676 2840 2730 par
2879 2670 2982 2727 est,
3044 2665 3398 2735 exprimunt;

1826 2751 1969 2806 LXX
2005 2767 2157 2820 vero,
2206 2753 2300 2823 qui
2341 2763 2553 2808 vertunt
2603 2752 2823 2825 κέρκου,
2875 2766 3006 2816 :u'tn
3058 2758 3201 2814 haud
3234 2759 3400 2817 dubio

1826 2843 2024 2915 leg'sse
2053 2846 2320 2900 videntur.
2355 2843 2565 2900 Similia
2601 2847 2738 2906 bene
2768 2847 2938 2903 multa
2979 2847 3174 2904 aﬂ‘erre
3204 2865 3400 2920 posse-

1825 2949 1948 2990 mus
1976 2935 2069 2990 ubi
2095 2935 2417 3006 interpretes
2441 2937 2516 2990 illi
2547 2945 2775 3000 veteres,
2810 2938 2925 2992 sive
2954 2940 3101 2993 varie
3144 2939 3395 3010 legerint,

167 3040 333 3094 equus,
377 3021 681 3077 Theodotio
727 3021 855 3091 legit
895 3029 1017 3086 D’D,
1072 3020 1178 3084 σὶς.
1223 3017 1368 3111 LXX
1411 3035 1540 3074 vero
1582 3018 1726 3090 χελι·
1751 3050 1798 3111 C
1828 3027 1942 3081 sive
1980 3026 2130 3082 varie
2171 3027 2458 3098 legendum
2499 3026 2828 3098 putaverint,
2880 3030 3038 3101 longe
3084 3032 3396 3102 disparatae

168 3115 278 3181 δών,
308 3116 558 3180 hirundo,
588 3122 904 3169 verterunt:
940 3129 1046 3183 qua
1089 3114 1154 3168 de
1206 3127 1266 3166 re
1312 3110 1676 3182 Hieronymus
1706 3130 1717 3164 :

171 3207 268 3261 Pro
294 3209 436 3278 pullo
468 3207 804 3273 hirundinis,
821 3207 927 3259 sive
947 3204 1257 3270 hirundine,
1285 3220 1346 3256 ut
1372 3201 1525 3258 LXX
1555 3214 1726 3256 trans-

175 3302 407 3363 tulerunt,
443 3299 501 3352 in
551 3297 810 3351 Hebraico
837 3299 1092 3366 scriptum
1127 3307 1225 3362 est,
1251 3310 1344 3351 sus
1369 3310 1530 3359 soon,
1583 3296 1723 3365 quod

169 3393 528 3459 interpretatus
552 3401 630 3445 est
653 3389 868 3460 Aquila,
892 3404 1067 3459 equus
1099 3403 1264 3459 agor;
1299 3387 1602 3454 Theodotio,
1647 3403 1724 3444 sis

171 3497 327 3548 scus;
362 3484 538 3536 media
563 3483 704 3535 enim
729 3481 923 3536 uocalis
962 3481 1139 3534 littera
1169 3497 1292 3548 vsv,
1322 3482 1369 3535 si
1393 3489 1620 3550 ponatur
1643 3483 1724 3533 in-

172 3583 240 3626 ter
257 3574 356 3626 duo
382 3588 591 3628 ssuscu
632 3573 824 3643 legitur
851 3587 964 3638 sus,
990 3581 1039 3626 et
1084 3571 1405 3640 appellatur,
1437 3587 1632 3641 equus,
1678 3573 1724 3624 si

172 3681 248 3721 non
272 3668 478 3737 legitur,
507 3681 608 3728 sis,
636 3677 685 3720 et
714 3665 950 3720 hirundo
978 3665 1196 3720 dicitur.
1235 3664 1300 3720 Et
1323 3662 1570 3720 Ieremia:
1603 3679 1722 3731 vin,

171 3757 218 3821 τ,
249 3768 343 3820 o'o
383 3759 512 3813 item
553 3759 782 3830 legitur;
831 3758 886 3810 in
921 3758 1166 3828 margine
1207 3766 1384 3812 autem
1429 3755 1724 3812 Hehraico-

171 3864 343 3905 corum
387 3850 688 3906 Bibliorum
723 3859 946 3904 notatur
991 3850 1276 3920 legendum
1319 3865 1440 3904 esse
1474 3857 1594 3916 DVD,
1631 3849 1723 3903 ubi

173 3938 519 4014 Hieronymus
569 3961 582 3996 :
629 3941 858 3995 Rursum
897 3959 991 4011 pro
1034 3941 1326 3996 hirundine
1375 3939 1733 4010 Symmachus

174 4033 397 4088 cicadam
433 4033 733 4096 transtulit,
759 4049 875 4102 qua:
903 4031 1159 4086 Hebraice
1180 4032 1377 4086 dicitur
1398 4047 1496 4086 sns.
1537 4031 1723 4101 Longe

175 4125 315 4192 plura
341 4127 653 4197 huiusmodi
697 4126 943 4194 exempla
985 4123 1226 4195 proferre
1271 4139 1590 4194 possemus:
1627 4124 1723 4179 sed

177 4218 327 4275 abiis
363 4220 803 4291 supersedemus,
853 4219 1088 4274 maxime
1127 4219 1257 4289 quia
1310 4218 1398 4271 illa
1430 4217 1524 4270 τοῦ
1553 4227 1576 4277 1
1609 4218 1664 4271 in
1702 4225 1722 4264 ι

177 4313 385 4368 mutatio
417 4315 740 4382 plerumque
767 4327 986 4368 sensum
1020 4327 1129 4365 non
1161 4312 1268 4366 alio
1295 4309 1575 4365 transfert.

1828 3116 2300 3186 interpretationes
2337 3118 2620 3174 dederunt.
2662 3120 2731 3174 At
2772 3120 2840 3175 iis
2880 3122 3130 3178 consulto
3172 3135 3397 3193 praeter-

1826 3207 2012 3264 missis
2038 3207 2105 3262 ad
2131 3209 2234 3263 alia
2258 3218 2622 3265 transeamus.

1842 3355 1844 3358 ,
1897 3299 1973 3353 Ex
2006 3301 2170 3356 modo
2207 3302 2372 3356 etiam
2397 3300 2668 3356 dividendi
2697 3317 2858 3359 voces
2887 3303 3396 3373 interpretationem

1826 3394 2060 3449 varietas
2086 3393 2282 3460 oritur,
2329 3401 2389 3447 ut
2423 3393 2681 3449 Proverh.
2713 3411 2868 3461 xvm,
2900 3394 2986 3460 l0,
3017 3380 3166 3458 513D
3198 3397 3394 3468 Aquila

1825 3495 1878 3542 et
1911 3485 2238 3552 Theodotio,
2267 3486 2498 3555 πύργος,
2532 3488 2729 3552 turris;
2751 3486 2893 3541 LXX
2922 3505 3050 3543 vero
3072 3499 3124 3543 et
3147 3491 3320 3554 Alius,
3343 3501 3398 3550 Et

1827 3577 2089 3631 habentes
2114 3576 2270 3646 quasi
2299 3575 2738 3646 praepositionem
2766 3585 2858 3659 pa,
2884 3575 3084 3644 rejecto
3109 3583 3153 3662 τ,
3187 3578 3252 3629 ὲκ
3295 3595 3394 3647 με-

1827 3667 2143 3737 γαλωσύνης
2188 3677 2242 3722 et
2289 3669 2352 3720 ἐκ
2406 3667 2684 3739 μεγέθους,
2732 3683 2798 3722 ea:
2835 3668 3219 3737 magnitudine,
3271 3684 3396 3724 ver-

1825 3767 1966 3814 tum.

1897 3848 1978 3903 Ex
2005 3849 2360 3905 similitudine
2392 3852 2520 3905 item
2550 3858 2669 3906 soni
2709 3849 3000 3919 aliquando
3031 3849 3225 3904 litterae
3270 3849 3394 3904 nul-

1825 3943 2038 3996 latenus
2066 3941 2272 3996 similes
2304 3941 2421 3996 alia:
2444 3957 2540 4010 pro
2563 3941 2683 3996 aliis
2713 3941 3073 4009 accipiuntur,
3106 3949 3164 3994 ut
3191 3940 3390 4010 psalm.

1827 4049 2054 4100 Lxxxu,
2104 4034 2203 4099 ll,
2252 4049 2436 4088 vocem
2501 4041 2652 4098 min,
2713 4035 2838 4099 cito,
2895 4033 3089 4102 Aquila
3128 4031 3266 4102 ἀνὴρ
3310 4032 3395 4086 vir

1827 4127 2231 4196 interpretatur,
2261 4141 2326 4181 ac
2359 4125 2404 4180 si
2450 4125 2669 4197 legisset
2695 4136 2831 4185 anu.
2864 4125 3035 4180 Exod.
3069 4140 3144 4190 ιν,
3175 4124 3263 4188 ‘26,
3291 4138 3393 4179 vo-

1825 4234 1942 4275 cem
1962 4228 2066 4306 rm
2088 4219 2246 4272 vertit
2268 4218 2615 4288 ἐσφράγισεν,
2640 4234 2704 4273 ac
2725 4218 2770 4272 si
2797 4219 3012 4288 legisset
3035 4227 3180 4278 tam.
3204 4216 3397 4270 Exem-

1824 4309 1975 4380 plum
2007 4309 2504 4379 singularissimum
2545 4308 2776 4364 habetur
2805 4309 3004 4365 Ezech.
3038 4325 3160 4375 xm,
3209 4307 3265 4372 5,
3297 4308 3393 4363 ubi

238 4405 338 4462 Sed
369 4410 598 4464 mutatio
626 4408 719 4461 τοῢ
744 4419 767 4467 1
797 4409 850 4461 in
878 4420 920 4467 ἰ
949 4416 1004 4462 et
1030 4406 1293 4470 vicissim,
1324 4421 1446 4475 qua:
1475 4420 1723 4459 nonnun-
1752 4423 1798 4477 ι)
1822 4387 1977 4467 ἰπενὸ
1999 4403 2068 4455 ad
2098 4403 2345 4456 standum
2372 4403 2445 4457 ita
2470 4403 2764 4468 verterunt,
2793 4403 2934 4456 LXX
2966 4418 3030 4457 ac
3061 4402 3107 4457 si
3133 4401 3395 4471 legissent

179 4512 323 4564 quam
355 4501 617 4564 occurrit,
647 4513 898 4568 magnam
946 4497 1450 4566 inlerpretationum
1484 4495 1728 4551 varieta-_

180 4595 273 4640 tem
305 4591 456 4657 parit.
486 4589 609 4644 Jam
636 4590 870 4661 vidimus
891 4604 1054 4658 supra
1083 4588 1146 4642 ad
1177 4587 1368 4656 psalm.
1409 4601 1560 4648 xxrx,
1605 4585 1636 4653 ᾖ
1669 4588 1721 4650 8,

184 4677 549 4749 Symmachum
586 4684 781 4750 legisse
816 4675 992 4751 7-31.15,
1021 4681 1364 4751 progenitori,
1399 4695 1496 4749 pro
1525 4667 1729 4744 ’ἽἿΠιὴ

183 4773 347 4826 monti.
383 4772 448 4828 Et
475 4773 613 4829 Gen.
647 4790 829 4839 xxxnv,
873 4774 927 4838 2,
964 4775 1053 4828 ubi
1088 4775 1282 4843 legitur
1319 4781 1442 4832 mn
1475 4781 1530 4825 ct
1579 4769 1720 4823 LXX

185 4863 378 4930 Εὒαῖος,
419 4865 571 4937 Vulg.
610 4867 828 4922 Ileuwus
857 4867 1265 4929 transtulerunt,
1300 4875 1455 4920 vetus
1487 4864 1625 4918 alius
1649 4864 1724 4916 in-

187 4963 388 5024 terpres,
413 4962 501 5028 qui
541 4960 685 5014 haud
715 4961 874 5014 dubie
909 4960 1037 5028 legit
1061 4967 1219 5021 tam,
1256 4960 1522 5031 Χορῤαῖος
1554 4957 1726 5010 reddi-

187 5044 270 5099 dit.
295 5044 422 5102 Sunt
446 5058 625 5104 autem
651 5049 890 5105 (lhorrzni
918 5051 997 5102 vel
1020 5048 1218 5103 llorraei
1242 5058 1409 5102 altera
1437 5063 1566 5117 gens
1587 5045 1723 5100 Cha-

188 5150 497 5194 nanatorum.
543 5141 610 5195 Et
647 5139 712 5193 ιν
749 5142 879 5212 Reg.
915 5157 992 5206 xu,
1030 5140 1116 5207 l6,
1165 5141 1256 5196 ubi
1300 5140 1497 5210 legitur
1534 5147 1720 5202 πανοπε,

189 5224 316 5283 LXX
343 5233 444 5287 τῶν
471 5236 674 5299 ἵππων,
708 5233 956 5304 Vulgata,
988 5251 1237 5304 equorum
1287 5242 1518 5288 vertunt.
1571 5233 1724 5286 Alius

189 5328 351 5375 autem
396 5332 546 5379 vetus
582 5326 864 5394 interpres,
898 5327 990 5396 qui
1038 5334 1222 5385 ωηενἾο
1271 5326 1419 5396 legit.
1459 5324 1724 5394 εὐνούχων

193 5412 295 5469 sive
317 5419 660 5472 cunuchorum
697 5418 988 5474 transtulit.
1015 5415 1134 5472 Lib.
1163 5417 1182 5470 l
1221 5417 1449 5487 Regum,
1477 5431 1597 5485 cap.
1628 5433 1720 5481 xx,

235 5550 317 5623 ’(⁷⁸)
351 5554 464 5610 Νοιι
497 5568 698 5620 ειη-ι
728 5569 1005 5614 verterunt
1047 5559 1206 5620 λίθοι,
1259 5559 1351 5613 sed
1377 5565 1568 5621 cum,
1600 5521 1727 5610 abs-1

195 5636 287 5741 gae
329 5628 552 5684 articulo
578 5671 595 5696 ,
640 5631 786 5700 quod
823 5633 1004 5700 reipsa
1045 5631 1150 5683 hoc
1186 5629 1239 5682 in
1294 5644 1457 5682 versu
1504 5627 1719 5698 legitur.

233 5692 340 5741 lane
367 5708 538 5741 2Hle
588 5701 884 5741 nmimrnnl
929 5710 1039 5741 tm:
1075 5699 1311 5741 heltrnini
1359 5707 1538 5741 ιριιιις
1589 5712 1719 5741 nrtsi—

233 5692 340 5751 ιω
367 5708 540 5755 autem
581 5692 1039 5758 'oniiserunt'tres
1073 5699 1312 5759 hebraici
1359 5707 1538 5755 textus
1559 5692 1772 5773 Ῥωτμρ

1823 4479 2002 4562 m5,
2036 4499 2455 4564 interpretantur
2478 4495 2622 4549 enim
2651 4495 2924 4564 λέγοντες,
2956 4496 3209 4552 dicentes.

1821 4589 1911 4643 ιν.
1950 4589 2024 4643 De
2069 4591 2240 4659 prisco
2275 4594 2593 4658 scripturam
2637 4589 2955 4643 Hebraicam
2986 4589 3189 4660 legendi
3219 4605 3386 4646 more.

1893 4681 2153 4736 Fatentur
2183 4681 2378 4736 eruditi
2407 4696 2598 4736 omnes
2636 4695 2894 4750 magnum
2935 4681 3269 4735 intercedere
3303 4681 3389 4734 in-

1823 4784 1904 4830 ter
1953 4788 2158 4829 veteres
2207 4784 2261 4828 et
2301 4775 2632 4829 recentiores
2676 4773 2730 4826 in
2778 4773 3054 4828 liebraicae
3105 4774 3392 4843 scripturae

1823 4866 2052 4930 lectione
2094 4865 2421 4932 discrimen;
2479 4866 2588 4919 imo
2635 4873 2690 4918 et
2718 4864 2962 4919 eamdem
2999 4865 3172 4934 ipsam
3221 4866 3274 4918 in
3311 4865 3390 4919 le—

1823 4959 1994 5027 gendo
2021 4957 2334 5011 varietatem
2373 4973 2474 5012 suo
2503 4966 2743 5025 tempore
2765 4957 3064 5023 observari,
3092 4958 3169 5012 ait
3191 4955 3388 5013 Hiero-

1822 5064 2018 5118 nymus
2056 5049 2214 5118 epist.
2264 5048 2332 5102 ad
2377 5044 2746 5118 Evangelum:
2797 5045 2908 5100 Nec
2959 5047 3140 5116 refert,
3187 5045 3391 5114 inquit.

1823 5150 2001 5194 utrum
2037 5139 2214 5196 Salem
2249 5149 2341 5193 aut
2388 5139 2554 5194 Salim
2594 5141 2923 5193 nominetur:
2958 5154 3075 5192 cum
3117 5136 3395 5191 vocalibus.

1822 5234 1879 5286 in
1902 5233 2069 5286 medio
2100 5233 2288 5287 litteris
2317 5249 2531 5301 perraro
2553 5243 2770 5287 utantur
2814 5230 3048 5298 Hebrwi,
3082 5238 3131 5283 et
3159 5244 3254 5298 pro
3296 5242 3388 5283 vo-

1821 5323 2024 5377 luntate
2044 5323 2308 5392 {lectorum
2336 5341 2398 5378 ac
2440 5324 2692 5379 varietate
2725 5325 2994 5394 regionum
3022 5321 3205 5375 eadem
3229 5320 3390 5374 verba

1821 5415 2036 5468 diversis
2069 5416 2208 5468 sonis
2240 5425 2391 5484 atque
2422 5413 2717 5469 accentibus
2744 5415 3102 5486 proferantur.

1823 5556 2074 5611 cedentes
2121 5571 2321 5620 voces,
2359 5571 2495 5624 quas
2541 5553 2746 5610 Theod.
2793 5555 2873 5610 sic
2920 5553 3155 5609 reddidit
3210 5569 3225 5607 :
3276 5551 3391 5605 ἀπὸ

1827 5627 2068 5689 στάσεως
2100 5625 2272 5698 ποδῷν
2301 5625 2409 5681 τῶν
2444 5627 2655 5698 ἱερέων,
2687 5627 2744 5681 ιι.
2779 5641 2832 5684 e.
2863 5641 2891 5679 ι
2927 5631 3150 5680 statione
3195 5628 3390 5693 pedum

1815 5698 2178 5774 sacerdotum.
2222 5695 2435 5766 Ducn.
