3832 6214
437 270 507 325 17
1712 301 1716 308 -
1777 271 1997 330 PRELI

2102 271 2302 327 NARIA
3622 280 3686 335 18

507 387 581 461 (α)
611 387 755 444 Nihil
796 373 994 443 mirum
1032 385 1200 457 igitur
1227 389 1313 440 est
1361 384 1410 440 si
1457 383 1806 441 Massoretica
1847 386 2009 443 lectio
2035 390 2085 449 Α
2113 401 2264 440 num.
2300 386 2354 452 5,
2385 384 2518 455 Zay.
2555 383 2659 440 Sed
2689 385 2830 442 alius
2859 401 2913 441 lx
2942 387 3160 444 circiter
3191 391 3407 458 saeculi,
3451 407 3603 448 num.
3633 397 3686 461 2,

435 496 559 535 cum
587 480 995 538 vetustioreilla
1018 493 1127 532 non
1155 491 1380 546 prorsus
1398 480 1706 545 conveniat,
1739 479 2010 550 siquidem

434 573 746 629 Massoretae
785 588 903 628 eam
937 571 1334 626 adnotaverunt
1361 585 1481 639 quae
1511 579 1666 626 aetate
1720 587 1819 627 sua
1865 580 2012 628 eteo

432 667 553 721 loco
586 666 680 721 ubi
734 664 1095 720 versabantur
1123 661 1245 718 usui
1278 670 1425 726 erat,
1467 677 1696 732 quaaque
1748 663 1816 718 ab
1867 665 2011 719 anti-

433 759 626 830 quiore
653 758 743 812 illa
774 763 829 813 et
855 756 922 810 ab
951 770 1015 810 ea
1041 770 1164 823 quae
1191 753 1359 808 variis
1401 754 1454 807 in
1488 754 1800 822 regionibus
1850 771 2012 811 usur«

435 851 687 919 pabatur,
724 848 956 903 multum
987 845 1287 902 diﬂerebat.
1327 844 1470 911 Quin
1511 845 1674 899 etiam
1723 846 1884 901 hodie
1929 847 2010 902 le-

435 945 615 997 ctione
632 957 728 1012 per
751 941 1076 997 Massorelas
1091 939 1158 994 ad
1185 945 1362 994 certas
1387 937 1604 992 vocales
1626 937 2007 1004 determinata,

432 1033 573 1086 inter
611 1031 889 1086 Rabbinos
918 1030 1238 1100 plerumque
1271 1043 1380 1082 non
1424 1027 1558 1082 satis
1605 1029 1858 1082 convenit
1900 1045 2010 1099 quo

431 1129 594 1190 pacto
623 1123 695 1177 sit
732 1121 1038 1192 legendum.
1064 1119 1194 1173 Inde
1226 1127 1310 1174 est
1335 1116 1482 1186 quod
1530 1125 1741 1172 veteres
1777 1118 1852 1172 illi
1897 1134 2008 1174 non

433 1230 620 1269 secum
657 1228 871 1283 semper
889 1211 1234 1268 consentiant
1265 1210 1316 1263 in
1344 1208 1666 1264 lectionibus
1691 1249 1705 1274 ,
1740 1210 1834 1264 sed
1869 1211 2010 1266 alius

433 1307 542 1362 alio
569 1305 731 1360 modo
755 1304 894 1358 idem
923 1303 1148 1358 verbum
1179 1298 1440 1370 proferat,
1463 1300 1608 1368 quod
1636 1301 1899 1371 exemplis
1920 1317 2008 1357 se-

433 1397 730 1468 quentibus
764 1394 1140 1449 contirmatur.
1172 1391 1391 1446 Initium
1432 1406 1595 1460 porro
1646 1392 1898 1450 ducimus
1941 1394 2010 1448 ab

435 1488 724 1560 alphabeto
763 1485 974 1550 Graeco,
1011 1485 1157 1556 quod
1190 1499 1314 1539 cum
1339 1484 1641 1538 litterarum
1671 1483 2006 1552 nominibus,

434 1581 638 1638 Graecis
665 1577 864 1634 litteris
888 1577 1216 1647 descriptum
1248 1576 1480 1630 habetur
1527 1575 1668 1645 apud
1712 1575 2006 1631 Eusebium

431 1673 509 1728 De
532 1689 696 1743 praep.
723 1687 930 1742 evang..
958 1669 1052 1724 lib.
1078 1685 1132 1732 x,
1168 1677 1222 1722 et
1247 1669 1300 1722 in
1325 1667 1511 1723 codice
1541 1665 1656 1721 RR.
1692 1665 1797 1724 PP.
1828 1666 2007 1724 Jesui-

2113 487 2166 531 et
2199 478 2338 531 alius
2372 493 2445 531 xu
2492 477 2696 540 saeculi,
2741 494 2894 532 num.
2947 479 3038 544 17,
3092 479 3230 534 Zain
3282 481 3462 538 habet.
3507 484 3689 542 Codex

2111 567 2238 623 item
2269 568 2494 622 Coislin.
2522 567 2761 635 Grazcus,
2795 586 2949 624 num.
2987 571 3108 638 191,
3140 572 3301 627 habet
3323 572 3430 634 fcit.
3465 577 3521 630 In
3553 578 3690 635 alios

2111 662 2354 732 quotidie
2387 662 2570 716 incido
2601 663 2818 718 codices
2847 665 2940 734 qui
2977 663 3077 718 Zui
3121 665 3339 722 habent.
3384 667 3564 734 Quare
3598 673 3688 726 vix

2110 749 2469 808 dubitaverim
2507 754 2637 823 quin
2670 754 2798 807 olim
2828 755 2895 808 ab
2927 755 3185 812 omnibus
3224 756 3358 826 Zai,
3411 776 3519 814 non
3549 760 3688 816 Zain

2109 845 2308 899 lectum
2343 843 2526 906 fuerit,
2554 854 2582 903 ἰ
2605 860 2794 899 omnes
2827 861 2920 914 per
2943 843 3243 906 (reddunt.

2177 943 2283 996 nm
2311 934 2506 990 Hhetlt.
2543 935 2814 992 Eusebius
2845 945 2900 992 et
2931 941 3052 992 cod.
3077 937 3188 994 Jes.
3220 938 3286 1010 ῆΘ
3313 940 3491 1010 legunt
3517 983 3532 1007 ,
3561 957 3687 995 cum

2111 1028 2348 1097 aspirata
2377 1028 2607 1092 scilicet,
2637 1029 2739 1083 etsi
2772 1030 2823 1082 in
2841 1034 3135 1100 'postremo
3159 1047 3266 1084 non
3293 1031 3504 1101 legatur
3527 1034 3690 1101 Spiri-

2109 1123 2230 1183 tus;
2260 1117 2407 1186 alph.
2439 1115 2681 1173 Mur-bac.
2708 1134 2872 1172 ιιετιι.
2903 1117 3056 1174 Hanc
3080 1121 3312 1174 litteram
3361 1120 3502 1174 LXX
3541 1123 3690 1194 lege-

2107 1207 2242 1262 bant
2281 1224 2379 1279 per
2406 1228 2467 1279 χ,
2500 1210 2604 1275 chi,
2658 1220 2716 1264 ut
2756 1219 2909 1265 notat
2960 1210 3326 1282 Hieronymus
3376 1212 3578 1278 Quaest.
3633 1215 3688 1268 in

2110 1297 2263 1363 Cen.,
2297 1312 2356 1354 ut
2383 1309 2487 1365 Dn,
2520 1300 2669 1370 Χὰμ,
2695 1302 2882 1356 Clzam.
2919 1300 2984 1355 Et
3019 1303 3074 1355 in
3095 1301 3381 1356 Jeremiam
3414 1319 3530 1374 cap.
3567 1320 3684 1371 xix,

2109 1391 2140 1459 ᾗ
2187 1392 2243 1458 2,
2277 1392 2343 1447 de
2367 1408 2500 1448 voce
2537 1403 2721 1455 n'D'tt't
2750 1395 2865 1449 haec
2888 1395 3045 1448 habet
3072 1413 3084 1450 :
3121 1394 3186 1448 Et
3210 1411 3304 1463 pro
3329 1408 3483 1464 porta
3504 1397 3686 1466 ﬁctili,

2107 1483 2326 1554 Aquila,
2364 1484 2713 1555 Symmachus
2747 1495 2796 1540 et
2835 1485 3118 1540 Tlteodolio
3146 1488 3314 1554 ipsum
3349 1489 3558 1542 verbum
3591 1507 3690 1558 po-

2107 1585 2325 1630 suerunt
2359 1575 2679 1631 Hebraicum
2731 1594 3002 1645 nxnsrrn;
3036 1595 3130 1648 pro
3165 1595 3266 1649 quo
3312 1578 3494 1646 LXX,
3528 1581 3688 1650 juxta

2107 1682 2303 1719 morem
2333 1683 2507 1732 suum,
2542 1683 2636 1736 pro
2661 1669 2982 1737 aspiratione
3017 1685 3157 1723 ιιετιι
3197 1670 3419 1734 lilterw,
3457 1673 3687 1727 addide-

430 1740 610 1820 tarum
641 1740 1138 1833 collegiiVLudovici
1163 1758 1341 1830 Magni
1387 1759 1439 1812 in
1465 1758 1698 1815 Threnis
1717 1757 2001 1828 Jeremiaa;
2035 1740 2077 1796 Β
2108 1767 2230 1810 runt
2253 1773 2339 1812 cm
2372 1756 2615 1812 ercum
2639 1801 2654 1823 ,
2690 1769 2749 1812 ut
2791 1760 3023 1814 dicerent
3061 1761 3303 1816 charsith
3339 1779 3435 1831 pro
3473 1765 3684 1832 arsith;

431 1869 643 1909 necnon
677 1853 733 1907 in
769 1852 1055 1923 alphabeto
1086 1849 1289 1904 codicis
1315 1847 1694 1905 Murbacensis
1728 1851 1875 1904 mille
1896 1850 2004 1905 cir-

431 1946 567 2001 citer
596 1958 889 2008 annorum,
923 1957 955 1997 a
981 1940 1140 1996 nobis
1171 1939 1317 1996 edito
1351 1939 1776 2012 Palaeographia:
1805 1941 2004 1998 erca:

432 2055 484 2108 p.
517 2037 642 2094 22f.

430 2131 495 2184 V.
530 2132 603 2184 De
629 2131 784 2185 veteri
811 2129 1113 2183 litterarum
1139 2126 1524 2182 Hebraicarum
1549 2129 2000 2198 pronuntiatione.

498 2213 616 2318 cf»:
649 2227 856 2318 Ateph.
885 2224 1152 2280 Eusebius
1192 2223 1318 2294 legit
1353 2222 1482 2318 ἀλφ,
1522 2225 1642 2279 cod.
1684 2223 1794 2318 les.
1833 2225 2000 2294 ὰλφὰ,

433 2316 778 2392 alphabetum
811 2317 1165 2372 Murbacense
1191 2330 1380 2370 strn.
1419 2316 1510 2370 Ait
1552 2331 1682 2371 vero
1735 2317 2006 2390 Hierony-

423 2429 553 2470 mus
583 2412 977 2478 Quwstionibus
1005 2411 1059 2462 in
1093 2407 1333 2462 Genesim
1353 2449 1368 2474 ,
1398 2408 1540 2462 hanc
1575 2409 1808 2464 litteram
1860 2426 2003 2481 saepe

425 2523 523 2576 per
555 2523 582 2559 e
609 2504 733 2575 legi,
765 2503 962 2572 saepius
991 2515 1120 2555 vero
1150 2516 1246 2570 per
1271 2517 1322 2554 a.
1351 2499 1658 2569 Aliquando
1683 2517 1776 2564 per
1803 2520 1832 2556 ο
1861 2504 2001 2559 lecta

427 2591 845 2663 deprehenditur
863 2588 1003 2646 utlll
1037 2589 1167 2660 Reg.
1193 2606 1230 2655 ι,
1258 2590 1313 2656 5,
1346 2597 1530 2648 run-ra.
1559 2589 1727 2655 LXX,
1765 2593 1997 2666 Ὀρνίας.

493 2695 600 2746 nt:
652 2685 804 2741 Beth.
855 2684 1124 2740 Eusebius
1171 2692 1225 2739 et
1278 2685 1447 2739 codex
1497 2683 1606 2740 Jes.
1663 2685 1793 2758 βήΘ·
1853 2688 1998 2758 alph.

427 2778 669 2834 Ilurbac.
705 2794 864 2832 ιιετιι.
901 2776 1138 2830 Omnino
1168 2777 1458 2848 respondet
1494 2777 1542 2841 ,ϐ
1575 2777 1765 2833 Graeco
1789 2822 1804 2844 ,
1837 2789 2004 2848 atque

428 2869 611 2932 hodie,
639 2877 699 2922 ut
721 2869 768 2933 ,ϐ
794 2867 1064 2932 Graecum,
1101 2883 1243 2938 saepe
1278 2867 1474 2936 legitur
1505 2881 1601 2934 per
1633 2882 1664 2919 γ
1695 2883 2002 2923 consonan-

429 2968 558 3025 tem,
588 2960 806 3030 quando
829 2961 1034 3014 scilicet
1067 2976 1172 3015 non
1208 2969 1291 3015 est
1316 2961 1722 3032 daghessatum.

2103 1850 2241 1903 sicut
2277 1850 2413 1904 illud
2449 1861 2545 1918 est,
2579 1867 2674 1920 pro
2704 1850 2942 1916 Ilcbron,
2974 1852 3246 1921 Chebron,
3273 1866 3323 1910 et
3351 1872 3449 1925 pro
3473 1855 3686 1925 Jeriho,

2102 1939 2342 2008 Iericho,
2368 1952 2418 1995 et
2446 1943 2670 1996 similia.
2700 1942 2826 2007 Alii,
2863 1946 3100 2001 maxime
3129 1961 3257 2001 vero
3297 1948 3488 2019 Aquila
3515 1989 3530 2012 ,
3583 1965 3686 2020 pro

2104 2032 2344 2104 aspirata
2377 2034 2611 2100 habent;
2639 2051 2702 2090 ac
2735 2045 2796 2090 ut
2820 2037 3115 2092 verisimile
3147 2049 3251 2104 est,
3301 2039 3460 2096 initio
3487 2042 3683 2097 dictio-

2104 2139 2235 2178 num
2266 2139 2361 2194 per
2394 2125 2645 2195 spiritum
2682 2125 2910 2180 densum
2933 2126 3265 2194 indicabant,
3288 2127 3414 2184 licet
3432 2129 3543 2200 jam
3571 2131 3686 2197 spi-

2102 2216 2307 2270 rituum
2340 2215 2657 2286 hujusmodi
2691 2219 3146 2274 commutationes
3191 2221 3405 2287 multat,
3444 2223 3684 2278 maxime

2105 2305 2158 2360 in
2190 2308 2502 2364 nominibus
2532 2310 2787 2379 propriis,
2826 2311 3299 2380 deprehendantur
3327 2332 3340 2368 :
3372 2315 3498 2384 quia
3531 2315 3683 2370 enim

2103 2395 2232 2452 olim
2285 2395 2536 2468 Origenis
2585 2407 2846 2470 tempore,
2892 2411 2946 2456 et
2981 2403 3186 2472 aliquot
3227 2411 3350 2473 post
3387 2404 3678 2478 Origenem

2104 2489 2339 2557 saeculis,
2375 2493 2704 2562 exemplaria
2735 2495 2918 2548 omnia
2952 2495 3070 2550 sine
3093 2495 3376 2565 spiritibus
3404 2506 3457 2552 et
3483 2514 3682 2553 accen-

2102 2581 2250 2638 tibus
2279 2583 2751 2654 describebantur;
2797 2589 3019 2659 quando
3059 2589 3175 2642 haec
3211 2589 3458 2644 adnotari
3499 2606 3683 2662 caepe—

2101 2684 2251 2744 runt,
2271 2677 2587 2748 calligraphi
2625 2694 2721 2734 eos
2747 2681 2970 2749 spiritus
3005 2683 3060 2735 in
3097 2682 3408 2739 nominibus
3441 2685 3680 2754 pr0priis

2099 2779 2422 2837 posuerunt,
2452 2771 2546 2840 qui
2585 2773 2822 2840 primum
2856 2773 2909 2826 in
2944 2782 3180 2828 mentem
3213 2776 3521 2832 veniebant.
3565 2776 3681 2835 Hac

2100 2869 2282 2915 autem
2333 2863 2388 2916 in
2441 2877 2498 2916 re
2551 2864 2764 2918 codices
2805 2865 2975 2920 secuti
3006 2881 3236 2934 sumus,
3272 2869 3414 2923 male
3468 2870 3681 2940 positos

2099 2950 2254 3008 lenes
2279 2953 2503 3023 spiritus
2531 2955 2823 3010 emendare
2849 2972 2957 3011 non
2993 2957 3132 3012 ausi.
3171 2957 3224 3011 In
3271 2959 3449 3014 medio
3477 2963 3678 3017 dictio-

495 3039 631 3117 ’νωθῆ
659 3054 883 3109 Ghimel.
919 3053 1187 3110 Eusebius
1217 3054 1381 3125 γίμελ
1412 3055 1562 3123 legit,
1587 3053 1777 3108 codex.
1802 3051 1996 3109 Jesuit.

2103 3058 2231 3097 num
2265 3044 2498 3100 litteram
2533 3055 2574 3107 Π
2607 3046 2826 3101 nonnisi
2856 3063 2952 3116 per
2987 3048 3231 3103 vocalem
3255 3051 3676 3120 exprimebant;

430 3148 586 3218 γιμλ,
645 3147 991 3217 alphabetum
1021 3145 1378 3201 Murbaccnse
1422 3160 1616 3199 GEMEL.
1666 3143 2000 3214 Exprimitur
2033 3138 2066 3146 '
2103 3138 2320 3191 unicum
2347 3146 2525 3192 tamen
2552 3140 2817 3208 reperitur
2845 3141 3151 3210 exemplum
3180 3143 3269 3198 ubi
3310 3144 3677 3217 Symmachus

425 3255 638 3310 semper
667 3255 763 3309 per
785 3258 824 3308 γ
849 3237 1117 3295 Graecum.

491 3315 600 3391 n51
625 3329 836 3384 Daleth.
867 3328 1136 3384 Eusebius
1177 3336 1232 3383 et
1266 3327 1436 3384 codex
1468 3326 1582 3382 Jes.
1621 3325 1743 3380 δὲλθ
1792 3327 1996 3397 legunt,

428 3434 721 3489 suppressa
747 3428 1022 3489 postrema
1049 3419 1221 3472 vocali
1245 3435 1260 3485 ;
1281 3417 1626 3488 alphabetum
1645 3416 1999 3472 Murbacense

425 3527 660 3566 nsLs'rn.
706 3511 922 3581 Legitur
946 3526 1043 3580 per
1063 3509 1100 3562 δ
1133 3511 1355 3580 ubique.

493 3615 572 3663 an
602 3603 702 3658 He.
740 3603 1009 3659 Eusebius
1051 3612 1104 3659 et
1142 3604 1262 3659 cod.
1296 3603 1405 3658 Jes.
1455 3619 1560 3658 una
1597 3603 1777 3657 littera
1821 3621 1859 3671 η
1903 3619 1999 3657 cx-

428 3695 693 3764 primunt.
747 3695 986 3765 Uterque
1031 3711 1153 3750 cum
1203 3695 1393 3764 spiritu
1440 3696 1608 3750 denso
1648 3696 1709 3763 ἡ.
1763 3694 1993 3764 Alphab.

425 3786 668 3840 Murbac.
712 3802 800 3840 ns.
834 3785 959 3840 “me
981 3800 1145 3855 porro
1183 3785 1358 3840 littera
1386 3787 1583 3853 saepius
1626 3802 1720 3856 per
1760 3802 1787 3839 e
1816 3787 1997 3855 expri-

424 3878 694 3944 mebatur,
725 3893 864 3948 saepe
889 3879 1052 3932 etiam
1083 3893 1179 3948 per
1213 3895 1266 3943 a,
1297 3887 1432 3932 teste
1454 3877 1676 3932 Hieron.
1715 3877 1915 3943 Quaest.
1940 3881 1997 3932 in

425 3968 555 4024 Gen.
599 3970 948 4027 Canticorum
1000 3982 1180 4026 autem
1219 3987 1325 4036 vn,
1351 3971 1414 4035 6,
1455 3980 1690 4030 avum:
1719 3972 1850 4042 legit
1874 3972 1997 4043 qui-

421 4063 546 4119 dam
573 4074 729 4119 vetus
759 4064 1026 4134 interpres
1061 4063 1342 4134 βερατείμ.

490 4165 536 4218 π
580 4157 712 4211 Vau.
748 4156 1015 4212 Eusebius
1049 4165 1102 4211 et
1137 4157 1258 4212 cod.
1295 4155 1406 4211 Jes.
1447 4157 1580 4210 οὑαῦ
1604 4195 1618 4220 ,
1653 4156 1797 4228 alpb.
1846 4156 1995 4212 Mur-

419 4249 541 4307 bac.
590 4266 714 4305 \‘AU.
761 4248 886 4304 Haac
927 4251 1104 4304 littera
1154 4265 1433 4319 tulitquam
1482 4251 1837 4306 consonantis
1876 4252 1994 4306 vice

420 4341 665 4413 fungitur
689 4342 744 4395 in
773 4339 1091 4412 fragmentis
1128 4357 1224 4411 per
1268 4342 1488 4396 Graecos
1532 4343 1818 4412 descriptis
1843 4385 1857 4411 ,
1891 4358 1991 4400 nec

2101 3245 2285 3282 vocem
2318 3237 2467 3289 Dim:
2494 3230 2672 3301 ὠχεὶμ
2701 3231 2846 3300 legit,
2873 3246 3064 3301 nempe
3087 3231 3210 3288 lsai.
3237 3251 3357 3300 xm,
3394 3239 3484 3292 21.
3518 3238 3679 3294 Initio

2101 3337 2315 3386 vocum,
2344 3333 2403 3375 ut
2429 3323 2562 3384 dixi.
2593 3324 2830 3376 vocalem
2853 3339 2960 3393 qua
2988 3325 3216 3380 litteram
3241 3337 3282 3389 Π
3300 3330 3678 3398 exprimebant

2099 3414 2343 3484 aspirare
2365 3415 2610 3469 solebant
2641 3433 2653 3469 :
2689 3432 2752 3470 ea
2788 3431 2954 3486 porro
2986 3419 3190 3474 vocalis
3231 3430 3348 3476 erat
3377 3423 3678 3492 aliquando

2096 3524 2146 3562 ε.
2182 3506 2271 3562 Sic
2302 3505 2436 3562 Gen.
2469 3523 2536 3574 ιι,
2572 3507 2659 3574 14,
2695 3507 2926 3576 ὲδδεκελ,
2951 3493 3126 3592 5pm,
3162 3511 3354 3583 Tigris.
3379 3513 3545 3571 Josue
3581 3534 3674 3583 xv,

2100 3601 2188 3662 '50,
2214 3612 2414 3666 διο-ιη,
2443 3602 2607 3672 ἑρμά,
2639 3602 2858 3670 Ilerma,
2886 3613 2939 3660 et
2968 3607 3165 3662 similia
3201 3611 3444 3678 :‘szepius
3490 3623 3673 3670 autem

2098 3714 2156 3760 α,
2194 3705 2253 3749 ιιι
2293 3695 2359 3748 ιν
2391 3695 2524 3766 Reg.
2557 3713 2595 3760 ι,
2631 3697 2684 3749 2.
2717 3697 2933 3766 Aquila,
2977 3699 3185 3764 ’AaCt’a,
3213 3711 3379 3763 mm):
3402 3741 3417 3766 ,
3467 3708 3560 3772 qui
3595 3708 3678 3761 di-

2099 3790 2239 3845 citur
2261 3789 2527 3844 Ochozias
2554 3790 2623 3844 ab
2656 3789 2984 3862 Ilieronymo
3031 3803 3084 3846 et
3131 3792 3312 3860 LXX;
3363 3805 3418 3850 et
3469 3801 3672 3868 psalm.

2098 3893 2187 3942 ix,
2223 3879 2283 3944 7,
2314 3878 2500 3950 ἀρόὼθ
2527 3922 2541 3946 ,
2585 3889 2879 3947 nunt-tm
2925 3883 3119 3951 psalm.
3164 3899 3298 3951 cm,
3333 3886 3436 3952 17,
3491 3890 3670 3957 ἀσιδά,

2094 3979 2267 4032 ΓΠὍΠ
2289 3988 2302 4037 ;
2327 3980 2381 4025 et
2401 3969 2601 4026 Jerem.
2635 3973 2822 4039 xnx,2,
2859 3975 2948 4036 A.,
2981 3974 3064 4039 5.,
3101 3975 3227 4041 Th.,
3261 3979 3668 4051 ἁρσὶθηηπθπην

2101 4069 2159 4114 ιιι
2188 4076 2375 4131 supra.
2409 4063 2466 4115 In
2497 4062 2674 4118 medio
2701 4065 2815 4117 sive
2849 4072 2971 4133 post
2992 4066 3222 4134 primam
3252 4068 3483 4123 litteram
3518 4076 3671 4128 vocis

2099 4150 2438 4220 frequentius
2461 4153 2589 4209 evel
2614 4169 2672 4221 η.
2703 4151 2838 4208 Gen.
2871 4171 2923 4219 v,
2953 4155 3006 4219 6,
3037 4157 3236 4220 οὐαεεὶ,
3267 4167 3394 4227 ﬁrm,
3421 4172 3471 4216 et
3501 4165 3671 4229 vixit;

2095 4244 2164 4298 ιιι
2192 4245 2322 4323 Reg.
2352 4263 2389 4312 ι,
2421 4247 2474 4312 9,
2509 4247 2600 4313 A.,
2628 4246 2722 4313 s.,
2760 4247 2980 4312 ζωελὲθ,
3025 4235 3185 4312 nim.
3221 4251 3365 4307 Psal.
3418 4271 3534 4323 vn,
3579 4259 3668 4323 ιδ,

2095 4337 2265 4403 tesca,
2297 4322 2466 4405 ιηηνς
2501 4339 2624 4395 lsai.
2658 4355 2747 4405 xv,
2785 4340 2838 4406 5,
2863 4340 2952 4407 A.,
2982 4341 3181 4410 λουείθ,
3229 4331 3424 4414 nan-.5,
3464 4322 3668 4407 nomen

418 4434 569 4504 fungi
599 4449 759 4504 posse
806 4435 1051 4500 videtur,
1096 4434 1540 4504 quandoquidem
1594 4435 1748 4490 initio
1791 4452 1987 4491 vocum
2019 4443 2064 4498 D
2092 4431 2394 4500 proprium.
2422 4430 2727 4500 Aliquando
2758 4432 2923 4486 etiam
2948 4449 2987 4484 α
3021 4444 3078 4487 ut
3108 4433 3173 4488 IV
3207 4435 3337 4508 Reg.
3391 4455 3430 4492 ι.
3469 4439 3526 4494 In
3561 4443 3669 4499 fine

416 4527 740 4596 exprimitur
762 4541 855 4595 per
889 4528 981 4590 οὐ,
1012 4527 1216 4592 educat,
1241 4532 1376 4592 η-ιη,
1421 4537 1469 4580 et
1510 4528 1676 4592 uixit;
1715 4527 1987 4599 οὐεσσακὴ

415 4628 644 4707 τιῑῑωνι,
673 4627 723 4673 et
743 4619 1013 4673 osculatus
1035 4626 1133 4672 est.
1166 4618 1222 4672 In
1250 4620 1426 4674 medio
1455 4631 1634 4675 autem
1675 4629 1729 4676 et
1754 4623 1860 4676 fine
1889 4637 1986 4677 vo-

417 4731 540 4769 cum
583 4715 743 4769 modo
799 4729 894 4783 per
924 4730 995 4765 ου
1016 4753 1030 4777 ,
1061 4713 1246 4776 modo,
1293 4721 1347 4766 et
1373 4713 1592 4782 quidem
1624 4712 1984 4785 frequentius,

417 4823 512 4877 per
539 4825 584 4859 ω
614 4805 890 4872 redditur;
924 4821 1029 4874 qua
1061 4806 1127 4860 dc
1147 4820 1206 4858 re
1236 4804 1395 4858 infra.

391 4891 394 4894 ’
483 4906 556 4985 pr
585 4896 738 4951 Zain.
763 4896 1026 4952 Eusebius
1049 4905 1102 4951 ct
1135 4899 1254 4953 cod.
1283 4897 1394 4953 Jcs.
1422 4898 1530 4952 Ζαῒ
1558 4897 1761 4970 legunt,
1783 4901 1985 4957 omissa

413 4999 692 5061 postrema
741 4989 979 5044 nominis
1022 4990 1222 5044 littera.
1280 4988 1520 5061 Itemque
1562 4989 1664 5045 Zai
1703 4993 1898 5063 legitur
1929 4994 1984 5047 in

414 5084 701 5152 alphabeto
726 5080 1067 5136 Murbacensi
1097 5080 1240 5151 quod
1263 5081 1534 5136 edidimus
1571 5082 1985 5154 Pa’azoqraphia:

415 5175 614 5230 Grece
633 5191 686 5244 p.
714 5174 840 5228 εει.
885 5173 965 5227 Ex
1006 5173 1390 5242 manuscriptis
1434 5191 1562 5230 vero
1602 5178 1805 5232 nostris
1842 5194 1984 5234 unus

415 5285 466 5322 1x
497 5266 700 5332 saeculi,
725 5281 876 5320 num.
907 5267 960 5327 5,
987 5266 1150 5320 habet
1181 5266 1316 5331 Zai;
1343 5268 1500 5334 alter,
1534 5283 1584 5321 xu
1622 5269 1840 5324 circiter
1879 5285 1982 5324 sre-

413 5362 542 5428 culi,
570 5375 723 5415 num.
751 5359 839 5427 12,
864 5359 992 5414 item
1015 5357 1148 5423 Zai;
1181 5361 1394 5424 tertius,
1419 5377 1494 5414 xu
1526 5361 1742 5416 circiter
1774 5362 1981 5428 saeculi,

484 5517 560 5586 (τι)
592 5517 724 5583 Quae
752 5517 821 5586 ab
843 5516 967 5570 inde
999 5525 1303 5584 sequuntur
1343 5515 1601 5585 prchatus
1639 5526 1724 5572 est
1771 5517 1982 5574 Monte-

414 5587 682 5642 falconins
704 5586 758 5639 in
794 5585 1194 5659 Dissertatione
1217 5586 1727 5659 Lexico-Hebraico,
1763 5590 1831 5643 ab
1863 5590 1983 5659 ipso

414 5661 698 5721 adornato,
725 5657 1028 5725 praemissa,
1055 5658 1200 5726 quod
1225 5658 1289 5710 ad
1318 5658 1521 5713 calcem
1564 5658 1820 5714 editionis
1869 5657 1983 5714 sua:

416 5729 694 5785 curonidis
720 5731 834 5782 vice
861 5727 1061 5798 posuit.
1095 5726 1249 5793 Quod
1274 5743 1398 5783 cum
1443 5729 1702 5785 recudere
1747 5729 1980 5786 instituti

2094 4533 2276 4579 autem
2308 4539 2497 4579 vocum
2525 4541 2556 4577 ε
2578 4533 2672 4578 aut
2694 4542 2732 4592 η
2759 4524 2869 4580 fere
2889 4527 3234 4596 exprimitur,
3258 4531 3362 4586 nisi
3403 4546 3669 4603 sequatur

2092 4626 2131 4675 Π
2153 4617 2554 4687 paragogicum.
2582 4615 2674 4673 Sic
2714 4616 2848 4672 Gen.
2880 4634 2963 4680 Ill,
2993 4619 3026 4672 8
3051 4661 3064 4686 ,
3095 4619 3294 4694 λαρουή
3322 4661 3337 4687 ,
3380 4610 3549 4692 m5,
3594 4630 3665 4682 ad

2093 4710 2338 4791 spiritum
2369 4708 2454 4763 vel
2483 4711 2552 4762 ad
2577 4725 2787 4763 auram.
2816 4707 3016 4764 Psalm.
3059 4727 3154 4766 vm
3182 4754 3196 4778 ,
3227 4714 3284 4778 1,
3314 4715 3664 4791 λαμανασσὴ,

2091 4785 2308 4867 T133135,
2355 4801 2570 4857 Victori.
2608 4803 2694 4857 Ps.
2756 4819 2944 4869 vam,
2979 4805 3041 4871 1,
3098 4807 3264 4879 Κορέ,
3503 4785 3663 4870 Deut.

2091 4911 2204 4960 xw,
2231 4895 2282 4948 1.
2312 4895 2402 4957 A.,
2433 4895 2588 4964 φεσέ,
2617 4904 2762 4962 non,
2796 4894 2968 4950 Pliase
2995 4899 3076 4952 vel
3110 4898 3338 4956 Pascite.
3385 4894 3666 4962 Malachize

2093 5003 2152 5052 ιι,
2193 4987 2279 5050 is,
2312 4987 2552 5059 μασϐηή,
2585 4997 2740 5048 mm
2773 4987 2961 5056 altare,
2995 4997 3050 5044 et
3083 4991 3216 5046 ibid.
3251 4979 3439 5082 mp5,
3471 4995 3663 5052 λακὲθ.

2091 5081 2396 5150 Aliquando
2424 5083 2589 5136 etiam
2622 5084 2956 5154 praponitur
2979 5102 3020 5139 α
3063 5097 3188 5141 ante
3231 5104 3282 5153 ε,
3337 5081 3398 5143 ιιι.
3423 5089 3489 5144 IV
3519 5090 3658 5164 Reg.

2092 5189 2167 5239 xl,
2195 5172 2246 5228 6.
2276 5174 2339 5227 A.
2371 5176 2564 5244 μεσαέ,
2593 5186 2742 5239 non.

2157 5278 2281 5328 una
2313 5271 2460 5326 Teth.
2493 5272 2760 5328 Eusebius
2783 5279 2837 5327 et
2868 5271 3117 5329 cod.Jes.
3141 5275 3242 5347 τήθ
3273 5291 3395 5331 cum
3419 5278 3662 5348 aspirata

2089 5362 2132 5416 Θ
2161 5363 2214 5418 in
2247 5363 2376 5429 ﬁne,
2413 5365 2760 5436 alphabetum
2796 5365 3151 5424 Murbacense
3178 5384 3322 5424 'rs'rn
3345 5411 3360 5438 ,
3391 5371 3516 5426 licet
3548 5387 3661 5428 non

2089 5518 2262 5576 nostri
2283 5534 2389 5594 non
2427 5520 2736 5594 sit,rutpote
2764 5523 2858 5592 qui
2895 5523 3008 5594 jam
3049 5523 3286 5582 Lexicon
3327 5525 3657 5584 Hebraicum

2090 5591 2630 5666 numerisﬁomnibus
2676 5591 2986 5666 absumtum
3033 5597 3386 5663 ediderimus,
3432 5601 3547 5658 haec
3589 5617 3658 5666 ex

2089 5661 2306 5738 laudata
2342 5659 2733 5738 Disquisitione
2766 5664 2820 5718 in
2855 5666 3088 5738 gratiam
3125 5666 3345 5726 lectoris
3373 5659 3481 5726 huc
3505 5659 3658 5727 revo-

2090 5732 2355 5789 cavimus.
2388 5730 2548 5788 Enn.
2581 5730 2751 5788 Pun.
