3832 6214
175 385 246 441 49
1394 378 1463 438 ΙΝ
1501 379 1826 436 HEXAPLA
1860 377 2207 437 ORIGENlS.
2647 392 2655 402 ‘
3368 370 3438 426 50

175 502 457 575 aspiretur
478 501 633 559 initio
665 501 852 570 vocis,
878 500 972 558 sed
1006 518 1041 556 τ
1083 501 1294 573 legatur
1343 503 1486 574 apud
1520 511 1688 559 vetere

1920 502 2054 556 ialm.
2073 517 2235 567 Lxxv,
2254 499 2337 565 l0,
2356 497 2500 580 ᾁνιθ.
2520 503 2648 560 nr).
2667 494 2870 551 Psalm.
2890 508 3078 559 XLVI",
3105 492 3159 556 6,
3177 499 3277 580 py,
3299 488 3433 544 ἀώνο

175 596 320 649 utin
352 595 441 650 his
463 595 727 664 exemplis
748 596 1044 649 cernimus.
1072 591 1227 648 Unde
1247 592 1500 649 fortassis
1519 592 1759 663 suspicio
1823 663 1826 666 ἢ
1864 596 1990 651 ibid.
2041 595 2127 658 12,
2169 593 2293 664 ἀλή,
2341 576 2450 656 95y.
2484 590 2606 645 lsai.
2647 604 2735 655 xv,
2775 589 2828 654 1,
2871 576 3192 648 Theodotto,
3226 584 3434 654 ἄρνἾῖο

171 687 415 751 oriatur,
443 696 775 757 postremam
809 685 1066 751 litteram,
1101 701 1224 756 quae
1266 686 1323 740 in
1365 686 1544 741 allatis
1583 686 1760 740 omni-
1861 686 1916 740 ln
1947 684 2243 756 appendice
2270 683 2423 737 Deut.
2468 695 2529 746 tt,
2561 681 2651 735 25.
2680 681 2770 744 A.,
2815 678 2951 743 ἀζὰ,
2987 686 3108 742 my.
3153 674 3226 745 In;
3256 674 3438 737 medio

173 779 276 833 bus
336 778 603 847 exemplis
641 777 948 846 aspiratur,
1004 777 1134 830 olim
1169 777 1336 832 fuisse
1363 787 1405 837 τι
1439 776 1758 846 aspiratum,
1860 787 2042 833 autem
2070 793 2288 840 vocum,
2321 775 2435 832 sive
2461 782 2586 840 post
2608 773 2839 844 primam
2870 772 3129 836 litteram,
3157 767 3320 822 modo
3339 783 3436 837 per

171 872 491 940 lectumque
519 869 686 923 fuisse
715 877 831 927 nua
853 883 951 938 pro
977 877 1102 926 τοττι
1124 867 1387 923 hodierno
1419 869 1510 938 (Ἴ.
1545 866 1680 922 Nam
1709 881 1760 925 ω
1859 888 1909 935 ε,
1942 870 2105 924 modo
2138 885 2234 940 per
2253 885 2310 932 a,
2336 878 2390 923 et
2417 867 2635 937 quidem
2669 864 3031 934 frequentius,
3063 859 3390 932 exprimitur
3419 878 3444 925 ;.

171 976 284 1015 non
315 961 654 1032 aspirabaut.
706 958 798 1015 Sic
849 961 1044 1030 psalm.
1075 976 1186 1026 cur,
1214 962 1272 1024 4,
1303 961 1405 1015 τάλ
1425 999 1440 1025 ,
1482 944 1588 1027 ‘71:,
1635 977 1684 1014 rc

1919 981 1953 1016 :r
1982 981 2011 1017 8
2042 962 2270 1018 Malach.
2305 978 2364 1027 ll,
2393 962 2482 1026 15,
2509 971 2682 1025 11mm,
2717 958 2897 1026 Θεσού,
2929 957 3068 1013 Osee
3102 973 3180 1020 XI,
3211 957 3277 1024 1,
3314 955 3432 1026 νέρ.

171 1054 377 1122 psalm.
411 1069 530 1117 vnt,
561 1054 615 1116 6,
647 1051 973 1122 panum,
1006 1069 1237 1121 parum;
1275 1051 1569 1106 Deuteron.
1594 1067 1670 1116 XI,
1701 1051 1755 1106 5.
1857 1069 1994 1123 1373;
2030 1073 2126 1127 per
2151 1057 2225 1126 ξα,
2269 1055 2468 1110 Psalm.
2505 1069 2624 1117 vm,
2669 1053 2722 1121 6,
2756 1053 2884 1124 μὰτ,
2921 1062 3081 1116 nam.
3113 1049 3320 1106 Psalm.
3355 1065 3434 1112 XI,

171 1143 269 1209 A.,
313 1143 527 1213 σεττὶμ,
559 1149 764 1207 metu;
799 1147 854 1195 et
886 1140 1034 1195 Isaiae
1059 1157 1206 1208 xxvr,
1232 1141 1266 1195 5
1296 1150 1351 1196 et
1379 1141 1434 1207 4,
1468 1141 1631 1213 βατοὺ
1663 1139 1684 1211 β

1941 1151 2185 1221 βααλιάλ,
2211 1133 2391 1213 595m.
2421 1145 2487 1201 1V
2513 1145 2645 1217 Reg.
2679 1163 2718 1210 ι,
2748 1146 2805 1210 2,
2833 1129 3103 1216 $61,531:.
3136 1141 3432 1207 lsai.xxvt,

176 1232 324 1297 τοού,
363 1243 513 1294 rm:
533 1243 703 1292 mea.

1947 1239 2204 1313 σααρεεμ,
2232 1249 2451 1304 ω’·πνω.
2487 1239 2542 1293 In
2568 1240 2674 1294 fine
2709 1247 2889 1292 autem
2919 1249 3114 1290 vocum
3143 1248 3238 1303 per
3267 1249 3297 1286 ε
3320 1230 3433 1285 fere

245 1330 327 1380 τιν
353 1321 474 1376 Iod.
512 1322 779 1378 Eusebius
807 1321 935 1391 legit
976 1322 1077 1376 ‘166
1117 1331 1173 1378 et
1200 1338 1305 1378 ms.
1353 1320 1464 1378 Jes.
1509 1322 1649 1378 Ἰὼθ.
1699 1321 1756 1378 1η

1923 1349 2074 1405 mper
2101 1335 2288 1402 legunt
2313 1373 2327 1395 ,
2369 1333 2476 1388 nisi
2520 1345 2782 1402 sequatur
2812 1341 2850 1388 Π
2889 1328 3277 1399 paragogicum
3317 1323 3435 1380 sive

176 1413 468 1482 alphabeto
490 1414 618 1468 item
651 1414 996 1472 Mnrhaceusi
1019 1416 1216 1486 legitur
1247 1430 1396 1471 toru.
1421 1414 1603 1470 Codex
1627 1417 1756 1471 item
1858 1425 2258 1480 heemanticum
2287 1441 2300 1476 :
2338 1441 2464 1480 nam
2507 1432 2636 1478 tunc
2678 1438 2775 1492 per
2807 1439 2846 1474 α
2887 1422 3102 1492 legitur.
3138 1421 3161 1472 ι
3193 1417 3430 1487 Paralip.

175 1501 408 1557 Coislin.
450 1502 696 1571 Gracus,
753 1522 985 1562 numero
1044 1506 1168 1572 191,
1224 1507 1387 1560 habet
1452 1503 1590 1560 Ἰώθ.
1652 1506 1688 1572 (1

1919 1535 1954 1583 I,
1977 1519 2080 1586 26,
2126 1518 2331 1589 Ἰησουὲ
2354 1557 2367 1580 ,
2405 1525 2598 1580 mm.
2637 1513 2703 1568 IV
2751 1513 2884 1584 Reg.
2917 1529 2996 1576 XI,
3025 1513 3092 1578 4.
3114 1517 3314 1577 arum-tt,
3347 1508 3432 1577 S.,

176 1594 480 1648 multorum
513 1596 568 1649 in
598 1607 876 1666 postrema
904 1598 1082 1653 littera
1110 1612 1415 1654 consensus
1444 1598 1758 1654 subindicat
1856 1607 2022 1672 LXX,
2065 1607 2264 1662 Ἰωδαέ.
2305 1606 2370 1660 IV
2402 1605 2535 1674 Reg.
2569 1621 2722 1667 xvnt,
2748 1605 2836 1658 5-1.
2869 1604 2957 1668 A.,
2988 1602 3083 1656 ἀνὲ
3107 1642 3120 1666 ,
3163 1611 3296 1666 νεῖ-ις
3329 1600 3433 1653 ali-

177 1685 309 1739 olim
339 1685 539 1741 lectum
599 1687 768 1745 fuisse
810 1699 932 1756 nr,
983 1691 1127 1760 quod
1177 1691 1503 1746 conﬁrmare
1545 1690 1757 1745 videtur
1856 1701 2076 1772 quando
2103 1709 2280 1754 tamen
2306 1714 2402 1767 per
2432 1716 2470 1752 α
2497 1697 2648 1751 Dem,
2684 1692 2944 1757 1,153.0“
2987 1693 3432 1763 ἰησουά,ιτωπ,-ιν,

189 1775 346 1830 Ἰὦτα
378 1777 649 1847 Graecum,
679 1781 822 1836 haud
847 1783 1011 1838 dubie
1032 1799 1098 1837 ex
1131 1781 1399 1838 Hebraico
1424 1784 1702 1838 derivatun

1261 1784 1399 1838 raico
1424 1778 1756 1838 derivatumi
1857 1803 1910 1850 et
1937 1792 2102 1847 Josue
2130 1808 2218 1857 xv,
2245 1790 2337 1856 26,
2377 1790 2584 1862 σαμαά,
2615 1798 2774 1854 mu.

177 1865 436 1933 Quotidie
471 1871 654 1926 incido
687 1874 738 1927 in
774 1876 989 1930 codices
1033 1875 1127 1943 qui
1171 1874 1287 1928 Ἰὼθ
1320 1875 1552 1941 habent,
1608 1877 1754 1930 unde
1783 1865 1827 1920 Β
1924 1885 2145 1940 Certum
2167 1893 2347 1938 autem
2374 1891 2458 1938 es;
2485 1881 2812 1952 εηιιυηιιετη
2844 1878 3082 1948 aliquam
3112 1873 3433 1946 ρι-οηυηιῖα-

176 1962 442 2017 asseritur
468 1964 520 2018 id
550 1966 694 2034 quod
724 1982 888 2036 supra
922 1969 1188 2023 diximus.
1239 1965 1310 2022 Ut
1352 1975 1412 2022 ut
1457 1983 1586 2022 vero
1635 1969 1705 2022 sit
1734 1977 1754 2017 ⁷
1853 1977 2055 2032 tionem
2088 1976 2347 2032 habuisse
2378 1986 2416 2039 Ἡ
2449 1973 2588 2045 apud
2626 1973 2901 2028 Hebraeos.
2947 1969 3154 2039 Spiritu
3181 1967 3288 2022 leni
3320 1966 3433 2021 alli-
3505 2011 3515 2019 .

176 2054 377 2111 mobile
408 2056 653 2112 redditur
682 2073 780 2129 per
813 2077 834 2114 ι
876 2061 946 2115 ab
988 2061 1265 2116 omnibus.
1318 2059 1393 2116 De
1449 2059 1752 2131 quiescenti
1853 2069 1995 2126 citur
2021 2079 2079 2123 ut
2103 2067 2401 2139 plurimum
2435 2064 2656 2136 quando
2682 2063 2836 2119 initio
2874 2062 3023 2117 vocis
3051 2060 3197 2130 jacet
3233 2059 3287 2113 in
3318 2057 3428 2113 [τε-

175 2144 339 2201 infra.
1853 2161 2086 2233 gmentis
2111 2169 2352 2215 veterum
2401 2159 2757 2228 interpretum
2791 2170 2912 2226 quae
2944 2159 3272 2224 supersunt:
3308 2151 3432 2221 qui-

245 2251 317 2326 q:
341 2239 547 2312 Chaph,
577 2245 660 2300 vel
693 2241 874 2313 Kaph,
906 2251 967 2300 ut
993 2244 1332 2316 grammatici
1375 2243 1667 2312 hodierni,
1701 2253 1756 2302 et

1916 2272 1956 2312 IS
1984 2265 2165 2310 tamen
2197 2269 2306 2308 non
2338 2253 2496 2323 plena
2526 2253 2659 2308 fides
2701 2248 2970 2311 habenda,
3004 2255 3065 2302 ut
3095 2247 3332 2302 diximus
3361 2245 3429 2300 ad

176 2331 525 2401 alphabetum
581 2333 958 2391 Murbaccuse.
1020 2335 1290 2392 Eusebius
1347 2344 1401 2392 et
1450 2353 1585 2393 mss.
1616 2336 1753 2406 Jes.,
1852 2347 2087 2402 ιίιιετεηι
2116 2358 2178 2408 η,
2210 2343 2575 2414 Hieronymus
2603 2344 2720 2399 sine
2753 2342 2992 2411 aspiram
3043 2340 3285 2410 sapius;
3321 2337 3432 2392 ali-

174 2422 307 2493 χάφ·
339 2424 426 2478 ΑΙ)
448 2425 838 2495 interpretibus
865 2427 1140 2496 δερίτθῑυτ
1187 2443 1435 2498 semper»
1482 2436 1542 2483 ιη
1593 2429 1754 2484 ίηηιι·
1852 2439 2071 2511 quando
2101 2449 2277 2492 tamen
2308 2451 2432 2491 cum
2467 2435 2704 2503 aspirata
2745 2433 2892 2503 legit.
2928 2429 3067 2485 LXX
3099 2429 3430 2500 quandoque

175 2517 340 2570 meris
361 2518 625 2586 exemplis
656 2535 722 2572 ex
747 2519 851 2573 hac
873 2520 1194 2575 collectione
1215 2520 1516 2590 desumptis
1533 2520 1754 2591 probari
1853 2547 1977 2588 cum
2018 2549 2057 2600 γ
2095 2538 2157 2585 ιιι
2201 2529 2322 2583 rat.
2375 2526 2683 2596 Aliquando
2735 2541 2860 2580 cum
2907 2543 2967 2593 χ,
3019 2532 3079 2578 ut
3114 2523 3280 2577 Amos
3306 2537 3344 2585 ι,
3372 2520 3431 2585 5,

171 2615 352 2675 potest
373 2607 571 2711 ;“quod.
600 2607 646 2662 si
677 2608 760 2663 bis
791 2616 940 2663 terve
987 2611 1324 2664 contrarium
1375 2619 1664 2677 occurrat,
1699 2611 1753 2666 id
1850 2630 1962 2711 py,
2017 2622 2188 2687 Εάεη,
2232 2622 2324 2677 ubi
2365 2619 2507 2674 LXX
2552 2619 2736 2689 legunt
2773 2627 2896 2707 Tw,
2931 2625 2984 2671 et
3027 2623 3241 2670 vertunt
3281 2615 3431 2685 Χαῤ-

172 2707 355 2786 Ροιεεξ
389 2700 737 2757 librariorum
769 2703 1074 2759 οεοίιθηῑίίε
1103 2703 1328 2759 ascribi-
1855 2700 1973 2786 βάν.
2006 2712 2110 2769 Ubi
2137 2713 2540 2784 Hieronymus:
2584 2709 2651 2764 In
2679 2726 2737 2764 eo
2783 2700 2975 2780 quippe
3021 2707 3156 2774 loco,
3189 2707 3279 2760 ubi
3335 2721 3428 2759 nos

243 2778 364 2856 "tu";
387 2795 605 2850 Lamed.
657 2795 927 2852 Eusebius
956 2805 1011 2850 et
1036 2811 1170 2851 mss.
1218 2795 1329 2853 Jes.
1377 2795 1530 2862 λάϐδ,
1578 2795 1750 2853 Labd.
1853 2778 2232 2872 aiximusmtc.
2268 2778 2404 2861 Vide
2444 2804 2495 2858 in
2529 2810 2659 2858 nota
2691 2778 2824 2857 ibid.

172 2887 468 2944 Crederem
501 2889 710 2944 librarii
744 2899 926 2945 errato
968 2889 1101 2944 λάὸδ
1153 2906 1252 2960 pro
1296 2888 1440 2961 λάμδ
1486 2891 1685 2960 scriptu

1923 2908 2000 2964 τω
2021 2899 2117 2954 Pe.
2149 2896 2422 2953 Eusebius
2445 2906 2499 2952 et
2521 2913 2626 2951 ms.
2654 2893 2766 2950 Jes.
2797 2893 2894 2964 φῆ,
2922 2889 3266 2962 alphabetum
3291 2887 3430 2943 Mur-

170 2980 383 3048 fuisse,
419 2983 548 3052 quia
581 2999 610 3037 a
637 2997 687 3037 Ix
717 2983 801 3038 vel
835 2999 868 3036 ι
900 2984 1100 3039 saeculo
1139 2983 1188 3048 ,Β
1220 2992 1274 3039 et
1310 3001 1357 3054 μ
1390 2984 1444 3039 in
1471 2984 1753 3040 codicibus
1852 2987 2084 3043 hacense
2139 3002 2223 3046 ne.
2277 2983 2500 3040 Veteres
2555 2999 2744 3040 omnes
2791 2982 3114 3051 interpretes
3158 2987 3197 3041 Β
3234 2994 3329 3049 per
3385 2997 3428 3046 φ

171 3071 389 3128 afﬁnem
425 3089 567 3144 saape
591 3073 821 3129 formam
848 3075 1069 3142 habent,
1103 3083 1163 3128 ut
1192 3073 1406 3130 difﬁcile
1425 3075 1754 3145 quandoque
1855 3096 2070 3150 semper
2108 3079 2358 3134 efferunt.
2393 3077 2594 3147 Aitque
2640 3075 3005 3146 Hieronymus
3048 3072 3340 3128 Comment.
3373 3072 3430 3123 in

171 3167 244 3222 sit
277 3167 442 3220 aliam
471 3168 540 3221 ab
556 3166 660 3221 alia
683 3166 864 3220 littera
893 3164 1247 3236 distinguere,
1271 3166 1506 3220 maxime
1532 3167 1752 3236 quando
1779 3210 1821 3267 ο
1856 3171 2078 3239 Isaiam,
2112 3181 2242 3226 tom.
2275 3169 2374 3227 Ill:
2412 3170 2458 3224 P
2492 3168 2727 3223 litteram
2777 3183 2947 3221 sermo
2992 3165 3288 3219 Hebraicus
3320 3180 3424 3217 non

171 3273 376 3315 sensus
406 3274 515 3313 non
542 3258 726 3328 juvat,
755 3265 817 3312 ut
853 3257 941 3312 hic
967 3258 1268 3328 contingit;
1305 3258 1401 3314 sed
1427 3273 1549 3313 cum
1581 3259 1749 3313 codex
1783 3256 1821 3267 “’
1854 3265 2039 3333 habet;
2067 3265 2157 3319 sed
2186 3280 2281 3333 pro
2309 3280 2370 3319 ea
2405 3277 2490 3318 rm
2516 3261 2916 3317 Graeco-utitur.
2946 3257 3014 3312 Et
3048 3256 3342 3312 Comment.
3374 3257 3429 3307 in

167 3348 431 3415 Jes.,vm
449 3350 668 3405 circiter
689 3349 892 3406 saeculo
910 3350 1408 3417 exaratus,unciali
1439 3352 1754 3406 charactere
1855 3357 2148 3423 Danielem,
2177 3371 2297 3426 cap.
2348 3371 2423 3421 xi,
2459 3353 2490 3424 ᾖ
2535 3353 2624 3420 55,
2674 3351 2805 3408 dicit
2851 3351 2904 3405 in
2945 3350 3059 3406 sola
3096 3363 3228 3404 voce
3269 3357 3430 3410 1:193

171 3442 416 3511 scriptus
446 3442 538 3506 sit,
571 3442 678 3496 alia
703 3440 994 3510 quaerenda
1025 3440 1190 3509 hujus
1213 3439 1340 3496 nodi
1374 3441 1577 3496 solutio
1603 3459 1617 3495 :
1642 3439 1756 3496 for-
1854 3451 1957 3522 legi
1991 3464 2194 3504 Αιιεοκο
2213 3465 2228 3514 ;
2265 3447 2320 3502 in
2356 3446 2478 3502 aliis
2507 3461 2603 3517 per
2633 3462 2671 3514 φ
2703 3458 2937 3512 semper.

169 3533 341 3587 tassis
365 3532 431 3586 ad
456 3532 785 3602 euphoniam
821 3540 877 3586 et
905 3530 1206 3586 faciliorem
1250 3533 1754 3602 pronuntiationem
1921 3547 2016 3598 ’ππ
2048 3539 2237 3593 Tsade.
2283 3535 2482 3591 Euseb.
2517 3545 2570 3590 et
2603 3549 2706 3589 ms.
2743 3530 2853 3588 Jes.
2894 3530 3050 3603 σάδη,
3081 3529 3426 3600 alphabetum

168 3641 274 3695 pro
298 3624 464 3695 λάμδ,
495 3623 628 3677 λάὸδ
655 3624 925 3695 scriptum
955 3621 1080 3679 fuit.
1121 3623 1486 3695 Alphabetum
1536 3623 1755 3680 Murba-
1853 3631 2211 3688 Murbacense
2237 3645 2387 3685 sane.
2421 3627 2624 3682 Omnes
2669 3626 2990 3695 interpretes
3031 3639 3128 3694 per
3160 3639 3191 3675 σ
3219 3621 3425 3692 legunt.

169 3728 339 3768 cense
376 3728 603 3813 limini-
705 3806 756 3813 __
1016 3808 1032 3813 _
1099 3805 1119 3813 _
1235 3807 1311 3813 ω
1423 3808 1440 3813 _
1705 3808 1718 3813 -
1926 3735 2027 3813 ἿῚΡ
2050 3724 2257 3793 Quoph.
2298 3720 2657 3813 Eusebius
2697 3733 2801 3773 ms.
2842 3715 2954 3772 Jes.
2998 3714 3156 3786 Κώφ,
3211 3713 3430 3813 biurba-

244 3817 347 3866 an
370 3805 528 3859 Hem.
562 3804 829 3862 Eusebius
853 3816 908 3864 et
931 3808 1057 3865 cod.
1089 3805 1203 3864 les.
1235 3807 1372 3880 Μὴμ
1423 3808 1640 3879 legunt,
1672 3808 1755 3862 al-

1910 3804 2018 3872 :nse
2048 3815 2391 3885 alphabetum
2419 3827 2576 3868 KOPII.
2612 3809 2837 3864 Veteres
2879 3822 2975 3878 per
3013 3824 3049 3860 κ
3094 3805 3423 3874 exprimunt.

171 3900 400 3969 phabet.
433 3897 678 3955 Murbac.
705 3916 837 3955 usu.
867 3901 1070 3957 Omnes
1102 3917 1234 3956 vero
1260 3912 1312 3960 in
1340 3916 1433 3972 per
1482 3919 1535 3954 m
1577 3902 1756 3971 expri-
1859 3908 1915 3963 Si
1949 3923 2107 3964 secus
2154 3904 2444 3973 aliquando
2485 3903 2636 3958 reddi
2674 3902 3013 3964 observetur,
3042 3896 3292 3951 videlicet
3335 3909 3431 3964 per

173 3995 361 4051 munt,
386 3997 748 4060 prreterquam
780 3991 834 4045 in
866 3990 972 4047 [ine
995 4007 1213 4056 vocum,
1244 3992 1336 4046 ubi
1365 4009 1396 4044 η
1422 4006 1522 4064 pro
1553 4008 1605 4044 m
1643 3991 1754 4046 fre-
1856 4019 1916 4070 χ,
1948 4007 2080 4069 puto
2113 3997 2164 4052 id
2203 3996 2550 4051 librariorum
2575 3991 2862 4048 oscitantia
2895 3987 3180 4042 accidisse.

173 4080 538 4150 quentissime
565 4089 772 4151 ponunt
804 4081 1000 4148 Graeci,
1029 4083 1158 4153 quia
1192 4098 1387 4154 nempe
1434 4098 1466 4138 a
1498 4083 1757 4138 termina-
1925 4099 2040 4150 uri-1
2069 4088 2253 4144 Resclt.
2305 4087 2576 4142 Eusebius
2618 4092 2672 4140 et
2701 4099 2804 4138 ms.
2849 4079 2958 4136 Jcs.
2997 4079 3144 4151 Ῥής,
3195 4077 3425 4148 Alphab.

175 4175 330 4228 tione
358 4175 409 4225 in
431 4190 479 4242 μ
508 4173 765 4228 abhorret
790 4173 975 4230 Graeca
1001 4174 1230 4246 Lingua.
1856 4180 2099 4237 Murbac.
2128 4197 2247 4234 nes.
2270 4204 2272 4211 ι

245 4273 319 4354 ΓΕ
353 4263 404 4318 Ν
411 4283 500 4361 au.
530 4265 802 4361 Eustehius
845 4277 903 4361 et
934 4268 1104 4323 codex
1134 4267 1354 4332 Jesuit.,
1387 4266 1532 4322 νοῦν.
1581 4266 1684 4323 Per
1723 4285 1758 4323 ιι
1924 4281 2020 4361 την]
2042 4271 2222 4326 Schin.
2257 4269 2524 4324 Eusebius
2546 4277 2598 4322 et
2629 4282 2730 4321 ms.
2756 4263 2864 4320 Jes.
2899 4263 3010 4328 σέν,
3040 4260 3273 4361 alphab.‘
3294 4259 3433 4315 Ilur-

176 4352 394 4414 omnes.
425 4359 785 4429 Alphabetum
812 4359 1165 4417 Murbacense
1190 4377 1316 4416 ΜΞΝ.
1857 4352 1980 4420 hac.
2019 4365 2144 4418 item
2176 4378 2293 4417 seu.
2331 4359 2556 4415 Veteres
2586 4373 2798 4426 semper
2823 4370 2866 4408 σ
2890 4357 3074 4426 legunt
3097 4355 3209 4409 sive
3243 4352 3431 4407 dextro

247 4437 379 4536 1nd
398 4449 638 4507 Sameclt.
662 4452 929 4510 Eusebius
954 4465 1007 4510 et
1029 4456 1197 4510 codex
1214 4454 1350 4522 Jes.,
1376 4456 1542 4527 σάμχ.
1562 4455 1757 4525 Alpha-
1860 4457 1974 4511 sive
2013 4455 2234 4510 sinistro
2261 4463 2461 4524 puncto
2500 4453 2572 4506 sit
2606 4451 2925 4506 notandum.

177 4545 368 4602 betum
392 4543 744 4600 Murbacense
761 4561 990 4601 suam.
1010 4545 1215 4602 Omnes
1237 4563 1364 4602 vero
1383 4549 1754 4618 leguntpero’.
1784 4571 1838 4631 ι)
1932 4557 1996 4608 ΊΠ
2035 4546 2168 4600 Tau.
2203 4546 2435 4615 Alphab.
2471 4543 2710 4598 Murbac.
2747 4543 2907 4597 habet
2947 4543 3114 4597 eriam
3160 4556 3300 4598 nu;
3337 4540 3430 4593 sed

246 4647 336 4727 py
367 4640 491 4692 Ain.
523 4637 718 4694 Euseb.
750 4649 804 4695 et
826 4641 946 4695 cod.
988 4640 1124 4709 Jes.,
1159 4641 1265 4696 ἄῖν.
1301 4641 1530 4712 Alphab.
1575 4640 1750 4697 Morb.
1862 4641 2132 4696 Eusebius
2165 4648 2219 4694 et
2249 4653 2352 4692 ms.
2383 4635 2492 4692 Jes.
2521 4635 2656 4701 Θαῦ,
2689 4635 2863 4690 Thau.
2905 4633 3122 4690 Veteres
3159 4648 3371 4703 semper
3398 4635 3433 4687 θ

179 4748 294 4788 aut.
327 4730 469 4785 LXX
514 4730 840 4802 lnterpretes
872 4751 979 4789 non
1036 4751 1160 4791 raro
1211 4751 1305 4804 per
1340 4754 1378 4805 γ
1420 4736 1752 4805 exprimunt.
1861 4734 2113 4800 reddunt,
2144 4747 2250 4786 non
2279 4748 2330 4784 τ.

179 4824 271 4886 Α..
297 4824 454 4891 γαυέ,
474 4833 588 4888 my.
608 4823 748 4879 Alibi
773 4835 826 4880 et
848 4825 1083 4880 litteram
1108 4837 1163 4882 et
1184 4827 1478 4882 motionem
1503 4827 1757 4898 frequen-
2215 4822 2304 4878 Vl.
2330 4822 2406 4877 De
2427 4821 2689 4876 vocalibus
2715 4819 3075 4874 Hebraeorum.

182 4917 294 4971 tius
329 4931 421 4984 per
444 4933 494 4982 ε,
527 4933 921 4986 nonnunquam
972 4933 1068 4988 per
1100 4935 1138 4972 a
1176 4919 1425 4972 reddunt.
1480 4919 1571 4973 Sic
1616 4919 1752 4975 Gen.
1932 4914 2088 4982 Quod
2124 4914 2188 4968 ad
2216 4913 2434 4967 vocales
2461 4920 2642 4965 autem
2673 4909 3023 4964 llcbrzeorum
3055 4909 3265 4975 attinet,
3294 4907 3434 4962 inter

185 5024 247 5072 ll,
276 5008 332 5070 8,
362 5017 472 5095 rm,
499 5009 634 5062 ὲδέν.
670 5009 805 5063 Gen.
833 5025 1027 5073 xxvnt,
1058 5010 1146 5076 19,
1172 5011 1276 5080 εῐρ,
1301 5018 1431 5076 173:;
1463 5009 1628 5066 Josue
1656 5027 1756 5079 VII,
1862 5012 2052 5066 doctos
2082 5009 2413 5078 disputatum
2445 5017 2526 5062 est
2561 5022 2689 5059 num
2740 5005 2932 5059 litterae
2969 5011 3131 5068 mira:
3162 5000 3434 5056 vocalium

180 5099 276 5165 24,
314 5089 468 5170 ὲιὶὲκ,
494 5110 624 5187 Pu}:
650 5118 664 5166 ;
703 5099 722 5152 l
753 5099 886 5170 Reg.
915 5117 1045 5165 xvtt,
1077 5101 1166 5159 18.
1191 5103 1279 5167 Α.,
1305 5102 1523 5174 ὲρουϐά,
1556 5113 1693 5168 ΠΞἽΞ

1920 5103 1990 5156 im
2020 5101 2196 5157 ollicio
2236 5100 2609 5170 fungerentur,
2636 5105 2695 5151 ut
2727 5095 3024 5152 credidisse
3066 5094 3278 5147 videtur
3309 5089 3433 5144 llie-

185 5191 250 5245 lll
281 5189 417 5258 Reg.
448 5183 523 5254 Iv,
565 5191 652 5254 12,
676 5201 842 5254 ’τινε
864 5231 878 5255 ,
907 5189 1070 5257 LXX,
1098 5192 1330 5264 μεεὸέρ;
1367 5189 1433 5243 lV
1462 5189 1591 5262 Reg.
1625 5207 1663 5253 ι,
1699 5190 1753 5256 2,
1863 5209 2152 5265 ronymus;
2181 5209 2250 5248 an
2290 5190 2646 5248 consonantis
2691 5189 2863 5244 vicem
2907 5187 3189 5250 haberent,
3239 5195 3298 5237 ut
3344 5183 3436 5238 do-

181 5294 376 5372 rnpzt,
409 5283 606 5354 ἐκρὼν.
651 5285 854 5338 PSaIm.
895 5300 1041 5347 XLVI,
1079 5284 1113 5353 Ῡ
1150 5285 1273 5349 ult.,
1305 5293 1421 5350 ειη
1468 5283 1559 5353 ἐμ,
1606 5299 1694 5335 cun

1921 5299 1988 5340 :nt
2018 5285 2260 5356 plerique
2297 5284 2546 5339 hodierni
2579 5282 2698 5337 viri.
2743 5281 2884 5335 Sane
2916 5280 2961 5334 si
3003 5279 3086 5333 hae
3118 5277 3309 5331 litterae
3342 5289 3434 5329 vo-

185 5367 280 5429 sed
314 5377 532 5443 quando
548 5386 631 5439 n3:
651 5377 919 5443 significat
943 5376 1192 5445 populus,
1217 5377 1412 5445 legitur
1433 5375 1530 5444 ἄμ.
1552 5373 1754 5428 Psalm.
1865 5378 2060 5432 calinm
2087 5393 2244 5431 usum
2280 5376 2587 5440 habuerint,
2616 5388 2838 5428 necesse
2863 5386 3088 5442 prorsus
3113 5369 3275 5425 fuerit
3301 5367 3437 5422 alias

186 5482 273 5529 xc,
305 5465 360 5529 9,
405 5466 612 5530 Ἐλιὼν,
635 5449 791 5549 p753.
819 5467 948 5521 Isai.
983 5481 1127 5530 utr,
1155 5466 1208 5519 5.
1234 5464 1558 5528 'I‘heodotio,
1582 5464 1699 5534 ἐδδελ

1923 5486 2031 5524 mes
2065 5468 2319 5522 Hebrazos
2357 5467 2527 5522 fuisse
2569 5466 2801 5527 vocales,
2836 5479 2957 5533 quae
2992 5463 3116 5517 licet
3154 5477 3260 5517 non
3289 5470 3436 5515 nota-

185 5569 345 5621 ειη-ιν.
376 5557 443 5610 Et
473 5558 552 5612 sic
592 5558 740 5611 alibi.
777 5557 878 5611 Per
907 5577 947 5610 α
976 5569 1159 5635 autem
1192 5557 1326 5612 Gen.
1365 5575 1451 5620 tu,
1483 5561 1537 5621 1,
1571 5558 1698 5628 ἁμὸς

1922 5570 2057 5615 :ntur
2086 5563 2140 5615 in
2172 5561 2344 5626 libris,
2375 5575 2440 5615 ex
2469 5559 2866 5614 consuetudine
2897 5566 3074 5610 tamen
3105 5571 3435 5626 usurparen-

189 5661 352 5714 επ-ιν,
385 5651 576 5704 nudus.
599 5649 764 5706 Josue
792 5667 889 5715 vn,
916 5651 1006 5716 21,
1030 5652 1376 5724 ἀχώρπῇῡπ.
1412 5652 1611 5707 Psalm.
1636 5668 1756 5717 vm,
1869 5663 1975 5706 tur.
2008 5651 2144 5706 Cum
2194 5651 2340 5706 enim
2384 5651 2533 5704 nulla
2573 5664 2698 5711 vos,
2744 5648 2950 5701 nullum
2999 5649 3221 5702 verbum
3265 5649 3435 5713 possit

195 5745 320 5811 ‘11.
367 5747 453 5809 ἀλ,
499 5729 592 5811 επ.
643 5744 843 5799 Psalm.
891 5760 1088 5811 Lxxtv,
1146 5746 1202 5808 4,
1265 5745 1498 5816 ἀμουδά,
1557 5751 1760 5807 nmis}!
1869 5745 1987 5798 sine
2016 5743 2189 5798 vocali
2214 5741 2664 5814 pronuntiari,ct.
2683 5741 2982 5797 innumera:
3010 5739 3151 5810 apud
3179 5736 3438 5793 Hebraeos

257 5833 322 5898 (⁸)
375 5835 584 5893 Hebraei
621 5837 868 5894 moderni
903 5837 1150 5893 scribunt
1181 5847 1233 5893 et
1261 5837 1548 5908 proferunt
1583 5850 1792 5902 omnes,
1831 5843 1966 5896 ritu.
2007 5834 2192 5890 Dmcn.
