3832 6214
412 420 472 474 51
1713 414 2236 472 ΡΒᾹΖΗΜΙΝΑΒΙΛ

3586 410 3662 464 52

407 506 569 592 voces
603 537 804 591 nullam
828 551 892 590 ex
910 535 1112 614 litteris
1135 542 1297 600 ama
1323 534 1628 604 praeferant,
1657 543 1864 590 certum
1893 544 1976 590 est
2005 542 2047 595 Α
2077 534 2258 597 bac/ia,
2292 533 2396 600 illi,
2433 533 2560 602 βὰχ.
2600 533 2830 598 Quando
2881 540 3062 586 autem
3105 530 3411 614 praecedens
3452 527 3664 584 vocalis

408 647 505 686 eus
535 640 728 699 praeter
764 631 861 683 has
891 629 1100 704 litteras
1141 628 1276 682 alias
1313 626 1567 681 habuisse
1599 626 1836 692 vocales,
1857 641 1979 694 quae

409 723 630 791 quidem
656 738 762 776 non
787 721 1185 783 scribebantur,
1211 719 1302 774 sed
1327 735 1393 773 ex
1417 717 1807 773 consuetudine
1835 716 1983 771 adhi-

409 817 700 881 bebantur,
729 815 832 870 etsi
863 831 1055 885 magna
1075 822 1217 869 esset
1245 814 1298 866 in
1327 812 1556 882 legendo
1586 811 1841 865 varietas.
1868 809 1982 864 Lit-

408 917 540 962 terae
571 916 750 961 autem
793 914 957 970 ν’τιιει
1007 904 1302 974 praesertim
1348 918 1469 971 quae
1512 901 1822 970 aspirantur
1861 909 1977 962 vna:

408 1014 520 1053 non
553 997 966 1052 determinatam
1005 991 1267 1057 vocalem,
1302 994 1398 1048 sed
1433 993 1594 1048 modo
1623 992 1788 1055 hanc,
1817 992 1978 1046 modo

407 1090 568 1145 aliam
600 1089 654 1144 in
684 1104 787 1144 usu
811 1082 1025 1159 legendi
1059 1094 1114 1141 et
1146 1083 1405 1155 loquendi
1432 1081 1769 1145 obtinebant,
1804 1081 1876 1133 ita
1919 1090 1978 1134 ut

406 1191 461 1234 et
490 1180 747 1249 aspiratio
779 1187 835 1233 et
880 1178 1088 1233 vocalis
1134 1192 1242 1232 una
1293 1182 1591 1232 sonarent:
1625 1173 1770 1241 quod
1815 1186 1976 1226 nemo

406 1272 702 1341 negaverit.
751 1268 944 1325 Utrum
996 1279 1174 1324 autem
1225 1266 1316 1322 illa
1361 1266 1618 1337 aspiratio
1666 1278 1975 1320 consonans

404 1365 511 1419 dici
536 1363 748 1428 debeat,
782 1361 991 1416 videtur
1020 1376 1138 1416 esse
1167 1376 1316 1416 mera
1340 1360 1578 1413 nominis
1611 1357 1858 1428 quaestio.
1900 1355 1974 1410 De

404 1462 424 1502 9
454 1465 506 1509 et
539 1463 562 1513 ’ί
588 1469 695 1508 non
727 1462 831 1517 est,
866 1462 926 1507 ut
953 1452 1170 1522 quidem
1201 1459 1352 1520 puto,
1383 1465 1481 1520 par
1508 1449 1649 1502 ratio
1676 1467 1690 1501 :
1717 1462 1840 1500 nam
1877 1460 1972 1500 ve-

402 1546 630 1601 risimile
655 1553 738 1600 est
767 1560 884 1606 eas,
919 1554 976 1599 ut
1005 1543 1298 1613 plurimum
1326 1541 1537 1605 saltem,
1563 1539 1832 1594 vocalium
1859 1537 1973 1592 0Πὶ-

402 1639 491 1692 cio
538 1637 751 1692 functas
795 1651 951 1700 esse;
988 1636 1080 1689 sed
1129 1635 1196 1689 iis
1240 1635 1332 1704 qui
1382 1647 1541 1688 secus
1584 1630 1972 1686 existimabunt

399 1744 538 1795 rem,
571 1744 832 1798 perquam
877 1726 1057 1796 exigui
1097 1725 1376 1789 momenti,
1413 1723 1656 1793 pluribus
1707 1721 1968 1791 indagan-

399 1822 524 1876 dam
557 1821 734 1875 mitto.
765 1819 884 1874 Jam
931 1819 996 1873 ad
1027 1819 1239 1874 vocales
1291 1818 1410 1872 illas
1444 1825 1684 1870 veterum
1714 1829 1837 1868 cum
1871 1814 1970 1868 ho-

2081 635 2165 680 est
2194 642 2220 676 ε
2253 640 2346 694 per
2377 642 2402 676 ε
2444 625 2759 690 terminant,
2788 633 2848 678 ut
2879 639 3042 694 supra
3068 606 3235 705 ’τη-ὣν
3279 619 3563 691 ἱελεδεθὲχ.

2116 744 2122 748 -
2150 717 2458 786 Aliquando
2486 716 2670 779 etiam,
2699 714 2791 770 sed
2830 731 2975 781 raro,
3002 733 3035 769 ο
3058 715 3143 770 vel
3186 732 3229 766 ω
3263 731 3360 782 pro
3391 729 3431 766 a
3461 714 3656 782 legunt

2079 817 2290 861 veteres
2332 807 2432 870 illi,
2479 822 2544 860 ac
2577 806 2834 862 vicissim.
2887 806 2979 862 Sic
3019 805 3156 861 Gen.
3203 821 3402 871 xxxvi,
3453 804 3544 867 24,
3593 805 3655 858 in

2080 909 2232 962 nota,
2257 906 2435 984 Ἥρῃ,
2479 897 2789 953 Massoreta:
2823 897 3024 963 mukor,
3061 906 3216 951 vetus
3240 896 3398 950 lectio
3426 893 3654 966 μωκὼρ,

2079 991 2184 1043 nisi
2211 991 2282 1044 sit
2308 989 2564 1044 mendum
2598 1005 2696 1058 pro
2727 987 2954 1061 μακὼρ;
2981 997 3034 1042 et
3053 987 3221 1044 Iosue
3249 1003 3346 1050 vti,
3378 987 3470 1049 24,
3494 996 3658 1051 't'DY,

2079 1081 2390 1137 Massoretze
2427 1082 2616 1135 Achar.
2652 1081 2834 1150 Aliqui
2884 1081 3129 1152 legerunt
3164 1078 3351 1150 Ἀχάρ,
3385 1094 3494 1133 non
3547 1079 3656 1132 ob-

2002 1179 2005 1183 ‘
2079 1180 2258 1228 stante
2283 1181 2325 1230 Ἰ.
2363 1171 2466 1224 Alii
2504 1171 2699 1242 Ἀχώρ.
2742 1171 2763 1223 l
2797 1170 2930 1242 Reg.
2967 1187 3098 1236 xvii,
3137 1171 3188 1235 l,
3223 1178 3392 1233 Dim,
3436 1168 3652 1223 Masso-

2075 1272 2205 1317 retae
2241 1262 2510 1316 Dammim
2534 1279 2550 1315 :
2577 1263 2651 1316 illi
2676 1262 2893 1333 δομμίν,
2919 1271 2972 1317 et
3001 1262 3196 1333 psalm.
3225 1276 3411 1325 vaut,
3436 1260 3492 1327 2,
3520 1243 3657 1325 ⁸1³71⁵1,

2075 1354 2405 1418 Massoretze,
2437 1355 2589 1408 haled
2614 1371 2634 1419 ;
2665 1356 2740 1408 illi
2763 1355 2874 1408 δλδ.

2146 1445 2220 1500 De
2255 1447 2451 1500 scheva
2481 1445 2727 1514 quzedam
2767 1445 3102 1500 observanda
3138 1443 3296 1498 nobis
3324 1451 3470 1500 sunt.
3503 1440 3653 1498 Mas-

2073 1538 2305 1592 soretico
2338 1537 2555 1606 quidem
2591 1551 2741 1590 more
2772 1536 3064 1604 aliquando
3096 1535 3311 1605 legitur,
3347 1536 3650 1605 aliquando

2071 1628 2212 1682 silet.
2239 1627 2460 1698 Legitur
2488 1642 2701 1697 semper
2726 1627 2879 1681 initio
2901 1628 3048 1682 vocis
3078 1629 3178 1681 sub
3206 1628 3383 1682 littera
3408 1629 3647 1699 daghes—

2071 1729 2208 1784 sata,
2240 1722 2292 1774 in
2322 1721 2498 1775 medio
2529 1722 2679 1776 vocis
2705 1730 2828 1790 post
2861 1719 3006 1774 aliud
3040 1721 3259 1785 scheva,
3290 1729 3343 1775 et
3367 1730 3488 1790 post
3519 1737 3647 1776 mo-

2070 1813 2274 1867 tionem
2304 1827 2578 1883 magnam.
2616 1811 2753 1866 Alibi
2780 1814 3061 1882 quiescere
3091 1813 3248 1879 solet,
3276 1828 3306 1867 e
3337 1822 3515 1866 autem
3551 1828 3650 1867 so-

397 1913 601 1966 diernis
632 1909 1058 1966 hebraizantium
1089 1907 1422 1963 motionibus
1449 1903 1846 1976 comparandas
1874 1918 1968 1956 ve-
2001 1903 2041 1955 B
2073 1913 2165 1957 nat
2195 1918 2320 1958 cum
2367 1904 2581 1974 legitur.
2616 1902 2775 1958 Hisce
2826 1918 2989 1974 porro
3027 1904 3236 1973 legibus
3271 1919 3377 1958 non
3425 1903 3653 1958 stabant

397 2006 636 2058 uiamus.
672 2001 926 2057 Vocalcm
968 2001 1014 2054 A
1059 2001 1391 2070 exprimunt,
1444 2006 1566 2068 post
1615 1996 1964 2058 Massoretas,

398 2093 647 2147 hodierni
678 2091 1015 2162 grammatici
1043 2107 1136 2160 per
1161 2098 1365 2144 camets
1389 2087 1425 2156 ',
1466 2103 1560 2158 per
1600 2087 1802 2158 patahh
1829 2085 1883 2150 ’,
1915 2095 1968 2139 et

395 2199 492 2253 per
513 2183 708 2238 scheva
737 2183 934 2252 patahh
953 2180 988 2204 "
1011 2181 1056 2235 E
1077 2197 1204 2237 vero
1234 2195 1328 2251 per
1356 2188 1497 2235 tsere
1516 2179 1542 2202 "
1566 2195 1662 2250 per
1676 2179 1825 2250 segol
1915 2187 1968 2232 et
1989 2237 1995 2252 Ι

393 2290 491 2344 per
512 2275 707 2330 scheva
724 2275 870 2345 scgol
971 2273 1016 2327 Ε
1033 2283 1210 2328 autem
1233 2272 1609 2328 tenuissimum
1626 2287 1720 2342 per
1734 2271 1960 2327 scheva:

394 2365 428 2420 1
465 2382 559 2435 per
587 2368 764 2437 hliiriq
794 2383 1050 2440 magnum
1084 2371 1164 2425 sic
1197 2377 1251 2424 1.
1279 2369 1364 2423 vel
1407 2382 1656 2438 parvum,
1686 2381 1780 2422 seu
1825 2381 1964 2435 pun-

389 2469 540 2512 ctum
581 2459 684 2514 sub
721 2459 922 2526 littera,
951 2476 1114 2530 quam
1155 2459 1317 2516 allicit
1341 2461 1575 2532 positum
1607 2459 1687 2514 sic
1711 2468 1770 2532 ιι,
1808 2456 1877 2509 bi.
1918 2454 1962 2510 Ο

389 2565 489 2618 per
529 2545 553 2609 ἦ
599 2551 813 2605 hholem
857 2553 1099 2621 plenum,
1153 2552 1236 2605 vel
1274 2566 1368 2620 per
1414 2551 1632 2604 bholem
1679 2548 1962 2610 deﬁciens,

390 2658 487 2697 seu
537 2651 797 2712 punctum
848 2644 902 2696 in
953 2658 1188 2713 superno
1231 2643 1399 2697 latere
1449 2641 1727 2712 sequentis
1773 2641 1964 2694 litterae

387 2735 648 2803 scriptum
674 2734 752 2790 sic
780 2727 858 2793 n‘t
884 2735 1041 2798 dom;
1074 2736 1200 2788 item
1228 2749 1322 2803 per
1344 2742 1550 2788 eamets
1581 2730 1855 2800 bllatoupb
1883 2732 1962 2785 sic

384 2815 406 2834 '
433 2821 515 2874 vel
556 2835 652 2890 per
705 2820 943 2890 hbateph
983 2830 1221 2885 camets,
1257 2817 1287 2843 ’³
1332 2819 1377 2875 U
1424 2831 1604 2875 autem
1644 2836 1806 2890 grave
1865 2835 1961 2889 per

386 2909 652 2964 schourcc
682 2922 705 2968 η
746 2909 790 2966 U
834 2919 996 2965 tenue
1035 2927 1132 2981 per
1170 2911 1388 2966 kibbus.
1433 2910 1510 2966 De
1555 2910 1820 2980 gravitate
1847 2910 1960 2964 sive

384 3001 647 3056 tenuitate
698 3002 1036 3072 singularum
1089 3003 1356 3057 vocalium
1402 3017 1511 3057 non
1564 3003 1792 3071 loquar,
1831 3003 1957 3072 quia

386 3092 522 3147 nihil
551 3091 864 3162 huiusmodi
891 3094 1210 3148 observatur
1240 3095 1292 3146 in
1329 3093 1560 3149 lectione
1583 3101 1852 3154 veterum.

455 3228 646 3300 Magna
682 3245 846 3300 porro
876 3231 1088 3302 legendi
1127 3229 1361 3286 varietas
1404 3231 1546 3284 inter
1588 3240 1799 3285 veteres
1833 3230 1955 3286 illos
1983 3258 2024 3317 ρ

382 3323 708 3390 interpretes
740 3330 796 3378 et
821 3320 1148 3376 Massoretas
1190 3321 1632 3393 deprehenditur,
1657 3321 1729 3376 ita
1778 3331 1836 3376 ut
1867 3321 1955 3376 ubi

381 3412 461 3466 illi
486 3413 673 3483 legunt
700 3430 754 3477 a,
787 3414 840 3467 hi
868 3413 1046 3483 legant
1069 3429 1116 3474 e,
1143 3420 1198 3467 et
1227 3413 1488 3479 vicissim,
1522 3421 1578 3467 ut
1609 3411 1628 3465 l
1655 3407 1787 3484 Reg.
1821 3429 1952 3477 xvn,

382 3503 472 3568 18,
508 3515 667 3568 nm:
712 3505 905 3574 Aquila
957 3504 1173 3574 ὲρουὸά,
1215 3504 1522 3560 Massoretae
1552 3521 1680 3560 vero
1709 3505 1952 3573 arubath,

381 3610 505 3658 cum
541 3596 740 3650 scheva
775 3595 974 3664 patahh
1019 3595 1070 3648 in
1103 3593 1277 3664 prima
1307 3604 1360 3651 et
1378 3594 1576 3651 kibbus
1611 3595 1664 3649 in
1693 3597 1951 3661 secunda,

382 3704 448 3755 ac
469 3688 770 3758 saepissime
802 3688 892 3742 tibi
919 3698 958 3752 ιι
986 3696 1039 3766 et
1070 3700 1109 3746 Π
1133 3698 1391 3743 notantur
1420 3689 1594 3744 vocali
1628 3707 1681 3756 a,
1713 3689 1788 3743 illi
1819 3707 1844 3744 e
1878 3691 1955 3743 le-

379 3787 534 3848 gunt.
565 3778 768 3834 Psalm.
817 3794 988 3844 nvtl,
1029 3780 1082 3844 5,
1121 3779 1214 3836 ubi
1259 3779 1570 3835 Massoretae
1603 3780 1735 3834 illud
1771 3790 1948 3846 ing-1v,

381 3869 659 3931 larchethe
701 3872 902 3942 legunt.
943 3870 1000 3924 In
1036 3872 1267 3927 vetustis
1296 3873 1574 3928 codi’cibus
1610 3874 1807 3943 legitur
1840 3877 1950 3945 ἱερ-

379 3962 482 4035 χθή
503 3980 515 3992 ·
551 3971 605 4018 et
631 3963 820 4018 eodem
850 3965 1056 4032 psalmo
1075 3964 1131 4032 ᾗ,
1155 3963 1245 4030 10,
1278 3973 1434 4027 ’ωσι
1459 3964 1786 4030 Massoretze,
1813 3967 1952 4020 dim-

381 4055 581 4116 minou,
633 4055 730 4118 illi,
781 4053 1058 4127 δεμμηνοῦ
1111 4055 1344 4122 habent;
1391 4066 1444 4111 et
1493 4058 1687 4126 psalm.
1737 4073 1850 4124 crx,
1893 4059 1948 4122 4,

359 4127 811 4223 ‘1m'iv,uassor.
846 4147 1180 4211 Ialdutheca,
1209 4147 1307 4211 illi,
1346 4146 1652 4217 Ἱελεδεθὲχ.
1673 4147 1950 4203 Malachize

377 4247 441 4297 ιι,
475 4234 564 4300 15,
596 4244 751 4300 mea,
785 4236 1013 4294 Massor.
1043 4252 1314 4304 casso'ru;
1352 4237 1430 4294 illi
1475 4237 1722 4309 χεσσούθ.
1765 4237 1949 4310 Longe

377 4341 510 4381 vero
539 4328 737 4396 saepius
771 4328 847 4382 illi
893 4347 932 4409 e-
965 4329 1378 4386 Massoreticum
1426 4347 1520 4409 per
1564 4349 1598 4384 a
1647 4333 1850 4402 legunt,
1890 4342 1948 4386 ut

377 4415 549 4472 Levit.
597 4434 755 4483 xvm,
803 4421 890 4486 15,
921 4405 1053 4484 5:11.
1090 4421 1316 4477 Massor.
1365 4405 1486 4478 cum
1527 4424 1728 4492 duplici
1776 4425 1944 4495 segol,

377 4508 602 4578 Theben
649 4508 948 4566 Theodotio
995 4513 1189 4566 Θάϐελ.
1238 4514 1489 4570 Judicum
1521 4532 1582 4576 ιιι
1625 4533 1766 4586 saepe
1810 4528 1946 4576 ’σπι-εκ

375 4598 690 4655 Hassoreta:
717 4618 840 4656 cum
869 4611 1008 4659 tsere
1051 4605 1154 4659 sub
1174 4607 1348 4675 pritua
1380 4606 1555 4662 Eltud.
1587 4607 1748 4662 LXX.
1787 4608 1942 4673 ’Λώδ,
1981 4601 2022 4654 Ι)

375 4691 503 4755 Alii,
540 4689 734 4746 Ἀαώδ.
788 4693 810 4744 Ι
856 4691 984 4763 Reg.
1036 4709 1168 4760 xvii,
1201 4695 1253 4759 1,
1302 4704 1419 4755 βεδε
1469 4695 1701 4751 Massor.
1750 4695 1943 4765 Epltes,

373 4780 450 4834 illi
486 4780 640 4850 ἀφές.
681 4780 748 4834 lV
799 4781 930 4852 Reg.
983 4799 1138 4848 xviii,
1184 4785 1272 4848 5'4,
1315 4796 1418 4848 νπι
1455 4784 1684 4846 Massor.
1735 4785 1944 4856 Henah,

372 4873 569 4941 Aquila
613 4873 752 4926 Ἀνέ.
780 4871 847 4925 ιν
881 4873 1011 4944 Reg.
1053 4891 1177 4939 xxv,
1214 4876 1300 4941 l7,
1329 4887 1504 4943 mm,
1541 4877 1767 4933 Massor.
1810 4879 1949 4935 Cho-

373 4962 594 5056 tfzerelh,
616 4961 820 5056 Symm.
838 4973 892 5056 et
909 4962 1206 5056 Tlteodotio
1234 4966 1471 5038 χωθάρθ.
1489 4965 1592 5021 Job
1609 4982 1740 5036 tht,
1759 4969 1824 5022 M
1843 4978 1947 5056 pp

371 5052 602 5132 Massor.
637 5055 810 5121 keren,
841 5054 1036 5132 Aquila
1083 5071 1137 5111 et
1171 5055 1376 5128 Symm.
1415 5059 1570 5129 κάρν.
1603 5057 1810 5115 Psalm.
1845 5052 1942 5126 vti,

371 5145 461 5208 15,
494 5130 625 5206 'nm
654 5147 883 5203 Massor.
914 5130 1192 5203 viehabbel:
1223 5159 1430 5206 veteres
1469 5152 1546 5205 illi
1582 5152 1750 5205 ιεϐἀλ.

441 5279 542 5336 Hic
572 5297 701 5338 vero
738 5284 1035 5340 notandum
1067 5293 1151 5347 est
1180 5285 1233 5341 in
1261 5285 1434 5340 alliais
1467 5287 1716 5342 secundae
1753 5303 1966 5357 persos

370 5385 457 5426 na:
485 5372 777 5443 singularis
807 5376 1094 5434 masculini
1121 5377 1334 5446 generis
1360 5387 1401 5461 ’π
1425 5379 1706 5448 supposito
1737 5390 1943 5436 camets

319 5540 323 5548 ι
369 5479 436 5517 ca
460 5472 670 5520 veteres
699 5465 1020 5537 interpretes
1050 5485 1083 5522 a
1108 5477 1234 5526 ante
1266 5488 1296 5523 c
1334 5471 1533 5542 legere,
1565 5472 1824 5527 nimirum
1855 5491 1938 5528 ac.

300 5549 321 5613 ἔ
370 5555 464 5612 Sic
505 5557 697 5626 psalm.
743 5576 885 5624 :Ltv,
930 5562 985 5626 8,
1027 5548 1221 5643 Tn‘m,
1267 5566 1356 5620 ubi
1391 5565 1702 5643 Massoretae
1751 5567 1942 5622 Eloeca

363 5649 568 5717 legunt,
606 5649 682 5704 illi
727 5650 924 5723 ὲλωὰχ.
958 5641 1163 5710 Psalm.
1198 5671 1365 5722 XLVII,
1394 5658 1482 5722 10,
1508 5641 1674 5736 152m
1710 5658 1937 5715 Massor.

362 5737 679 5835 ιιεσαιεσιια,
703 5741 777 5796 illi
802 5743 1035 5815 ὴχαλέιχ.
1055 5744 1255 5804 Psalm.
1277 5765 1386 5812 ω,
1401 5751 1455 5812 5.
1475 5737 1565 5835 75,
1591 5751 1822 5806 Massor.
1839 5749 1939 5806 Le-

358 5829 455 5894 clza
479 5845 496 5882 .'
529 5830 604 5897 illi
630 5831 752 5898 λάκ,
789 5834 982 5890 melius
1015 5834 1133 5908 λάχ.
1165 5839 1292 5894 lsai.
1326 5856 1474 5904 nix,
1502 5829 1554 5906 3,
1585 5851 1665 5923 ἐξ
1705 5841 1932 5899 Massor.

2074 2003 2283 2050 veteres
2314 1996 2632 2064 interpretes
2667 2013 2681 2051 :
2716 2011 2840 2050 nam
2869 1996 3064 2050 scheva
3095 2011 3236 2065 sape
3259 2010 3364 2049 non
3394 1995 3649 2067 legebant

2075 2086 2231 2141 initio
2261 2086 2438 2148 vocis:
2471 2095 2533 2141 ut
2560 2086 2693 2142 Gen.
2734 2103 2773 2151 ι,
2803 2087 2854 2152 1,
2889 2095 3143 2146 mxima.
3167 2085 3507 2156 ~Illassoretae,
3537 2085 3646 2140 Be-

2075 2177 2319 2241 reschitlt,
2355 2177 2452 2241 illi,
2491 2177 2704 2249 βρησίθ.
2751 2177 2886 2233 Gen.
2917 2195 2978 2244 ll,
3019 2178 3074 2243 8,
3100 2187 3251 2260 Tum,
3286 2178 3509 2234 Massor.
3546 2179 3641 2232 be-

2073 2270 2256 2334 Iteden,
2279 2269 2356 2323 illi
2390 2269 2559 2340 βεδέν.
2599 2269 2770 2326 Levit.
2810 2286 2930 2336 xm,
2965 2271 3021 2334 2,
3053 2281 3186 2331 nam
3215 2270 3443 2326 Massor.
3473 2272 3639 2335 seeth,

2036 2361 2041 2365 ’
2074 2360 2399 2426 Theodotio,
2439 2361 2559 2434 σήθ.
2599 2362 2798 2417 Psalm.
2833 2379 2910 2428 χι,
2961 2363 3015 2429 9,
3057 2373 3193 2430 D‘D,
3240 2362 3471 2420 Massor.
3515 2363 3638 2418 clte-

2071 2470 2210 2514 rum,
2262 2453 2337 2506 illi
2380 2454 2551 2524 χράμ.
2593 2453 2792 2508 Psalm.
2841 2469 3009 2520 cxvn,
3058 2453 3149 2521 25,
3197 2465 3350 2519 επις,
3406 2454 3638 2510 Massor.

2071 2543 2323 2609 beschem,
2365 2544 2441 2597 illi
2471 2543 2638 2615 βσήμ.

2138 2634 2472 2705 Frequenter
2523 2638 2685 2693 etiam
2738 2655 2835 2709 pro
2881 2639 3141 2695 hodierno
3191 2640 3387 2696 scheva
3441 2641 3642 2697 initiali

2068 2728 2314 2783 eamdem
2341 2729 2583 2783 vocalem
2618 2730 2875 2785 adhibent
2910 2747 3031 2801 qua:
3056 2732 3108 2785 in
3147 2733 3393 2802 sequenti
3429 2734 3638 2804 syllaba

2069 2819 2316 2875 habetur.
2350 2820 2486 2876 Gen.
2518 2837 2628 2886 xiv,
2656 2823 2709 2889 5,
2743 2831 2950 2886 man-1.
2983 2823 3312 2890 Massorette,
3359 2824 3634 2893 Rephaim,

2065 2911 2281 2980 Aquila,
2328 2914 2588 2984 ραφαείμ.
2638 2912 2808 2968 Levit.
2855 2932 2970 2980 mi,
3007 2917 3098 2983 27,
3135 2925 3256 2977 me}:
3296 2916 3633 2978 Massoreue,

2066 2999 2294 3063 Pheath,
2331 3005 2406 3058 illi
2459 3004 2624 3074 φαάθ.
2671 3005 2876 3072 Psalm,
2924 3022 3045 3072 xcv,
3094 3007 3147 3072 8,
3179 3018 3360 3070 mani:
3403 3007 3630 3064 Massor.

2065 3091 2317 3168 tsebaotlt,
2347 3092 2567 3151 Veteres
2592 3095 2667 3149 illi
2698 3095 2915 3150 ααδαώθ
2947 3112 3110 3168 saepe.
3137 3098 3336 3154 Psalm.
3366 3115 3532 3165 nvu,
3567 3101 3624 3164 5,

2059 3167 2232 3249 τῇδε,
2291 3183 2550 3250 Massam,
2613 3186 2863 3258 pelago»;
2921 3167 3038 3257 illi,
3090 3190 3362 3258 φαλαγαῦ.
3424 3190 3628 3246 Psalm.

2057 3290 2249 3341 xum,
2297 3278 2352 3345 5,
2392 3263 2594 3345 Βαδὺ,
2644 3279 2875 3336 Massor.
2928 3281 3250 3348 lemascltal;
3304 3284 3403 3350 illi,
3453 3283 3630 3354 λαμα-

2059 3370 2176 3426 σάλ.
2237 3370 2440 3426 Horum
2495 3374 2742 3443 exempla
2792 3374 3095 3444 frequentia
3149 3377 3388 3447 reperire
3436 3385 3522 3432 est
3571 3379 3628 3431 in

2057 3461 2197 3516 LXX
2243 3462 2653 3534 lnterpretihus,
2689 3476 2750 3521 ut
2791 3467 3072 3536 scheiomo,
3107 3467 3376 3538 Σολομὼν,
3407 3478 3460 3523 et
3500 3469 3626 3523 alia.

2055 3551 2152 3606 Est
2176 3553 2338 3607 etiam
2370 3555 2462 3609 ubi
2493 3565 2760 3624 sequente
2781 3573 2840 3608 ου
2883 3559 3080 3612 scheva
3115 3559 3244 3611 illud
3283 3559 3487 3613 initiale
3531 3575 3628 3629 per

2052 3660 2092 3696 a
2126 3645 2450 3713 exprimant,
2483 3654 2543 3700 ut
2574 3647 2772 3716 psalm.
2807 3665 2961 3714 xuii,
3000 3650 3084 3714 13,
3120 3658 3271 3714 11:73,
3313 3650 3533 3719 μανούδ.

2125 3733 2202 3790 De
2233 3744 2253 3782 ν
2287 3737 2405 3804 iod,
2441 3747 2494 3792 et
2537 3739 2604 3793 de
2645 3741 2819 3795 vocali
2865 3741 2880 3793 Ι
2927 3741 3040 3795 1]ωο
3090 3741 3427 3796 observanda
3466 3752 3624 3808 sunt;

2052 3833 2074 3872 ν
2112 3841 2326 3897 semper
2357 3829 2668 3898 exprimunt
2705 3839 2913 3886 veteres
2950 3847 3043 3900 per
3072 3851 3115 3897 1.,
3163 3834 3247 3886 vel
3293 3833 3626 3888 indiscrimi-

2053 3920 2221 3971 natim
2265 3934 2363 3987 per
2409 3936 2480 3984 ει,
2524 3921 2627 3974 nisi
2669 3924 2864 3976 mendo
2910 3922 3255 3976 librariorum
3303 3939 3355 3976 ει
3385 3923 3622 3992 positum

2054 4009 2219 4064 fuerit
2267 4027 2364 4080 pro
2406 4029 2444 4074 ι,
2480 4013 2624 4081 quod
2667 4011 3103 4084 frequentissime
3136 4017 3188 4069 in
3235 4017 3622 4086 manuscriptis

2051 4103 2252 4158 Graecis
2273 4119 2406 4174 pene
2429 4106 2684 4160 omnibus
2701 4109 3038 4162 observatur.
3059 4109 3191 4163 Gen.
3223 4126 3260 4176 ι,
3287 4110 3335 4173 1,
3361 4119 3620 4174 nium-1:,

2052 4193 2266 4265 βρησίθ.
2297 4194 2432 4260 Gen,
2463 4213 2572 4262 xw,
2611 4197 2663 4262 5,
2697 4207 2904 4266 ωδε-π,
2935 4201 3151 4271 Aquila,
3187 4201 3451 4272 ῥαφαείμ.
3482 4200 3618 4256 Gen.

2049 4303 2241 4354 xxvm,
2285 4287 2372 4353 19,
2412 4296 2573 4354 nam,
2614 4289 2757 4359 ἀείρ.
2795 4289 2964 4344 Levit.
3004 4305 3043 4354 ι,
3081 4289 3130 4355 1,
3176 4299 3364 4377 κηρη,
3401 4291 3620 4360 οὑικρά.

2048 4378 2182 4433 Gen.
2216 4395 2402 4445 xxxvr,
2429 4380 2519 4443 21,
2556 4382 2609 4434 in
2658 4388 2786 4435 uota
2825 4389 2999 4446 mm,
3035 4382 3278 4454 ἀμμαίμ.
3313 4380 3336 4434 ι
3372 4381 3505 4453 Reg.
3545 4399 3622 4445 tv.

2049 4471 2136 4535 18,
2173 4480 2418 4537 minas,
2449 4471 2709 4542 ἁρὸαείμ.
2741 4470 2763 4524 ι
2806 4471 2937 4542 Reg.
2971 4489 3104 4537 xvii,
3139 4475 3190 4536 1,
3220 4482 3370 4533 εγω
3399 4474 3618 4545 δομμίν.

2049 4561 2090 4614 ll
2137 4562 2271 4631 Reg.
2303 4579 2412 4629 xiv,
2460 4563 2552 4629 26,
2595 4573 2815 4627 ninam.
2862 4563 3119 4634 μαθαείμ.
3168 4565 3234 4617 lll
3274 4565 3404 4635 Reg.
3454 4581 3530 4628 vi,
3568 4568 3624 4632 l,

2049 4657 2305 4709 Enim:
2332 4650 2686 4722 βασεμονείμ.
2736 4651 2802 4705 ιν
2832 4653 2963 4724 Reg.
2998 4671 3036 4720 ι,
3066 4654 3121 4718 2,
3163 4664 3350 4719 Πντηκ,
3381 4655 3447 4710 A.
3493 4657 3620 4710 ’Δα-

2048 4741 2159 4809 Cia,
2189 4742 2246 4797 S.
2291 4743 2554 4814 Ὀχοζίας.
2595 4744 2663 4797 ιν
2707 4743 2839 4816 Reg.
2874 4762 3030 4812 xxm,
3064 4746 3116 4813 7,
3162 4757 3413 4835 arma,
3455 4750 3623 4804 dixer

2045 4833 2227 4905 δασίμ.
2259 4835 2360 4891 Job
2387 4853 2516 4902 xui,
2543 4838 2630 4904 M,
2653 4843 2833 4896 t'lD’D’
2860 4839 2948 4904 A.,
2975 4836 3057 4901 S.,
3083 4841 3292 4911 ἱεμιμα.
3318 4833 3465 4896 Psal.
3498 4859 3628 4909 vui,

2047 4926 2099 4989 1,
2146 4931 2339 4990 ninia,
2376 4927 2620 4996 ἀγεθθίῦ.
2657 4927 2799 4984 Psal.
2833 4946 2908 4996 xl,
2940 4930 2992 4993 1,
3031 4937 3306 4997 nimam,
3342 4933 3616 5002 ἀσεμινίθ.

2043 5015 2188 5073 Psal.
2225 5035 2370 5084 thv,
2404 5021 2454 5086 1,
2481 5030 2656 5086 n‘n'l',
2700 5021 2893 5087 ἰδιδώθ,
2926 5033 2979 5078 et
3007 5026 3133 5078 alibi
3173 5041 3331 5096 szepe.

2117 5109 2218 5178 Ubi
2255 5128 2383 5168 vero
2417 5120 2437 5159 ν
2472 5114 2706 5183 quieseit
2746 5115 2800 5167 in
2831 5122 2990 5181 tsere,
3035 5132 3128 5185 per
3167 5135 3205 5184 η
3243 5118 3400 5188 vulgo
3437 5121 3624 5190 expri-

2043 5212 2219 5268 munt,
2251 5205 2430 5279 rarius
2465 5221 2560 5275 per
2581 5222 2630 5258 ε.
2664 5203 2731 5259 ιν
2773 5189 2902 5273 Reg.
2940 5223 2978 5269 ι,
3016 5207 3070 5270 8,
3102 5191 3257 5273 7.158,
3291 5209 3436 5279 ὲλοὴ.
3468 5189 3624 5276 Psal.,

2044 5308 2141 5359 vti,
2172 5293 2226 5357 8,
2257 5278 2432 5359 δήν-ί,
2460 5295 2658 5348 οὐαλεά
2689 5294 2833 5350 Psal.
2884 5313 3048 5360 XLVII,
3089 5299 3142 5365 5,
3181 5307 3358 5368 ina-19,
3403 5278 3614 5373 iepxﬁﬁ.

2042 5385 2190 5446 Psal.
2221 5404 2386 5455 xuii,
2415 5390 2499 5456 10,
2532 5391 2766 5461 ὴχαλὰχ,
2807 5375 2992 5473 153m.
3025 5393 3142 5448 Alia
3174 5397 3341 5451 multa
3368 5401 3616 5470 exempla

2043 5478 2286 5548 proferre
2309 5497 2618 5550 possemus,
2638 5484 2733 5538 sed
2766 5485 2881 5539 haec
2911 5485 3044 5544 satis.
3075 5498 3259 5542 sunto.

2113 5568 2341 5636 Quando
2370 5580 2550 5627 autem
2579 5574 2757 5627 littera
2784 5581 2803 5620 ν
2839 5590 2938 5630 nec
2978 5577 3320 5644 exprimitur,
3352 5594 3452 5634 nec
3483 5581 3614 5634 sub—

2041 5665 2378 5735 intelligitur,
2424 5672 2482 5720 ut
2514 5668 2568 5721 in
2603 5683 2732 5722 voce
2760 5676 2871 5730 1m
2914 5669 3105 5732 David,
3146 5687 3266 5739 qua:
3306 5673 3616 5740 szepiusw

2040 5757 2296 5811 scribitur
2335 5773 2656 5828 suppresso,
2702 5760 2794 5815 sed
2835 5761 3212 5816 subintellecto
3251 5767 3296 5826 ν,
3350 5774 3475 5818 tunc
3515 5781 3612 5834 per

2039 5849 2220 5916 hbiriq
2270 5865 2493 5915 parvum
2548 5867 2575 5904 a
2625 5850 2936 5919 Massoretis
2985 5859 3226 5921 notatur,
3259 5869 3288 5907 a
3343 5855 3611 5919 veteribus
