3832 6214
205 364 275 422 53
1437 360 1507 415 IN
1545 357 1873 414 HEXAPLA
1911 355 2256 417 ORIGENIS.
3384 359 3449 414 54

205 498 484 558 nunquam
535 486 679 557 peri
717 485 936 559 legitur,
993 482 1088 542 sed
1121 479 1462 554 frequentius
1502 495 1598 552 per
1644 495 1673 533 ε
1721 487 1780 533 ut
1809 481 1857 538 Δ
1885 485 2209 544 temporum,
2241 475 2462 530 inducta
2496 472 2672 530 fuisse
2713 471 2986 543 suspicari
3034 470 3116 527 fas
3148 478 3252 539 est,
3284 485 3452 542 quare

203 572 342 632 Gen.
381 590 444 639 ll,
467 574 522 640 8,
549 587 736 663 D‘TFQ.
769 577 995 632 Massor.
1033 575 1339 635 mikkedem.
1376 573 1475 637 illi,
1518 570 1777 644 μεκεδέμ.

204 666 376 723 Levit.
409 684 511 734 vn,
557 653 646 734 18,
696 653 844 734 5139,
885 668 1199 725 Massoreta:
1243 665 1504 737 Pliiggonl
1558 665 1779 727 habent,

203 759 507 814 Theodotio
534 771 713 815 autem
742 762 978 830 φεγγοὺλ
1018 761 1098 814 vel
1131 760 1367 830 φεγγώλ.
1404 757 1548 813 Psal.
1584 774 1660 820 ix,
1693 756 1778 822 l7,

198 861 360 934 ῘὫΣΠ,
407 850 718 907 Marsorth
747 853 1015 924 Itiggaion,
1069 853 1146 907 illi
1194 850 1428 921 ὲγγαὼν.
1474 849 1618 905 Psal.
1668 865 1780 916 CIX,

196 953 406 1006 11:31:,
433 943 661 998 Massor.
679 944 1004 1013 Mischhhar,
1030 946 1126 1011 illi,
1149 945 1418 1018 μεσσαάρ.
1442 945 1585 999 Psal.
1609 959 1777 1006 cxvii,

195 1030 288 1084 9.7.
335 1041 503 1099 hin,
552 1033 778 1090 Massor.
821 1037 987 1098 isrou,
1047 1036 1147 1102 illi,
1203 1036 1388 1106 ὲςρού.
1437 1036 1563 1091 l-sai.
1610 1051 1686 1100 Ix,
1723 1035 1778 1101 5,

197 1121 439 1187 Blassor,
474 1125 726 1194 ghibbor;
757 1127 852 1191 illi,
893 1127 1094 1200 γεὸὡρ.
1130 1126 1267 1183 Osee
1305 1144 1380 1194 χι,
1425 1128 1480 1194 1,
1508 1135 1778 1193 137137232.

196 1213 437 1271 Massor.
470 1218 883 1273 mimmitsraim.
924 1217 1025 1282 llli,
1071 1220 1451 1291 μεμμεσραὶμ.
1500 1219 1781 1274 Malachia:

201 1320 266 1370 ιι,
299 1308 388 1374 15,
410 1317 588 1375 mm,
619 1309 955 1378 Massorette,
989 1313 1206 1377 dimalt;
1237 1313 1334 1380 illi,
1369 1312 1528 1384 δεμὲ.

277 1443 510 1528 Quando
551 1446 735 1518 bhiriq
784 1463 1011 1517 parvum
1062 1447 1208 1517 jacet
1259 1457 1382 1517 post
1430 1464 1482 1510 a,
1534 1447 1780 1502 vocalem

205 1546 338 1593 tunc
365 1553 460 1608 per
481 1555 514 1592 a
540 1541 869 1608 exprimunt.
901 1540 944 1593 ll
977 1539 1109 1611 Reg.
1146 1555 1281 1606 xvn,
1310 1540 1398 1608 l9,
1417 1547 1618 1610 I'a'a‘i‘t,
1639 1539 1781 1596 Mas-

204 1647 318 1688 sor.
354 1631 637 1702 hariphoth
654 1649 674 1698 ;
705 1633 801 1701 illi,
827 1631 1076 1705 ἁραφὼο.

282 1763 382 1821 Ubi
419 1766 720 1822 secundum
739 1765 1065 1823 Massoretas
1084 1766 1282 1822 scbeva
1313 1765 1467 1823 initio
1483 1781 1780 1824 occurrens
1809 1818 1858 1881 Β

282 1868 330 1881 .-
369 1859 514 1881 _..___.
549 1859 740 1881 ηιμ--
785 1869 1028 1881 _-_.-._-_
1061 1861 1109 1881 ε-
1150 1860 1328 1881 μεμε-
1375 1875 1595 1881 --ΜΨ

207 1868 333 1913 ante
367 1859 516 1914 aliud
547 1859 748 1916 schcva
785 1869 1031 1915 mutatur
1061 1861 1115 1915 in
1150 1860 1330 1931 hhiriq
1375 1875 1624 1931 parvum,
1650 1868 1783 1916 tunc

208 1960 418 2006 veteres
454 1951 534 2006 illi
563 1961 857 2023 utrumque
883 1953 1081 2008 scheva
1114 1954 1299 2022 legunt
1321 1969 1417 2022 per
1439 1970 1466 2007 e
1486 1954 1569 2008 vel
1593 1972 1661 2017 a;
1689 1969 1782 2023 per

205 2060 232 2096 ε
257 2043 396 2113 psal.
418 2059 496 2102 ιι.
522 2027 731 2107 θηλώ,
758 2043 986 2100 Massor.
1007 2045 1186 2107 Libne.
1208 2046 1289 2100 vel
1309 2046 1465 2112 liene,
1495 2048 1568 2100 illi
1595 2046 1778 2118 λεϐνή.

208 2135 347 2192 Psal.
367 2152 453 2204 cn,
469 2135 526 2203 2,
545 2145 818 2202 vri-11:12,
835 2137 1061 2194 Massor.
1083 2139 1494 2210 bigbourothav;
1517 2141 1616 2208 illi,
1636 2140 1782 2211 βεγε-

205 2231 507 2304 σσδφθαῦς
532 2247 629 2302 per
655 2250 686 2284 a
711 2242 870 2294 ann:
892 2233 1138 2302 pluribus
1163 2233 1216 2287 in
1243 2233 1376 2290 locis
1401 2233 1627 2290 Massor.
1652 2235 1784 2288 min-

206 2324 339 2388 halt;
368 2323 465 2388 illi,
515 2323 700 2394 μαναὰ
732 2326 812 2378 vel
847 2325 1008 2396 μανά.
1055 2323 1198 2379 Psal.
1248 2340 1410 2390 Lxxv,
1450 2326 1504 2388 4,
1549 2309 1780 2392 ΠῸΠΞὩ.

207 2417 436 2472 Hassor.
471 2417 755 2480 mil/mnta;
788 2417 884 2480 illi,
925 2416 1168 2488 μαλαμά.
1206 2416 1350 2476 Psal.
1385 2434 1475 2485 xv,
1507 2419 1558 2483 l,
1591 2427 1782 2488 unm,

205 2508 436 2564 Massor.
465 2507 788 2572 Mirm/tam;
825 2509 920 2575 illi,
957 2509 1204 2581 μαχοάμ.
1232 2512 1390 2566 Osee.
1435 2527 1490 2577 Χ,
1534 2510 1590 2577 9,
1616 2521 1781 2578 Πῖειι,

204 2598 437 2655 lassor.
471 2597 711 2662 Chibah;
740 2599 838 2666 illi,
873 2599 1079 2654 Γαϐαά.
1112 2599 1342 2666 Quando
1371 2607 1496 2670 post
1528 2581 1780 2670 'primam

205 2693 448 2748 vocalem
490 2694 735 2762 sequitur
766 2709 817 2758 ο,
847 2693 929 2748 vel
954 2711 1018 2758 ω,
1053 2693 1134 2748 vel
1160 2711 1255 2758 ου,
1289 2708 1386 2763 per
1410 2709 1467 2746 a.
1500 2691 1665 2750 Num.
1698 2708 1780 2758 ιι,

202 2786 298 2850 54,
333 2795 542 2872 n'nzp,
571 2785 902 2852 Massorette,
933 2785 1176 2850 kibroth;
1226 2785 1325 2852 illi,
1355 2783 1599 2856 χαὸρὼθ,
1644 2785 1784 2842 forte

205 2875 405 2930 melius
442 2874 684 2946 καϐρὼο.
724 2875 926 2932 Jerem.
975 2892 1169 2940 XLvIn,
1215 2876 1271 2940 1,
1310 2884 1500 2939 nam,
1547 2875 1780 2932 Massor.

206 2967 432 3039 misgab.
461 2969 552 3032 A.,
600 2967 729 3034 Th.,
767 2969 1034 3039 μασογάϐ.
1069 2968 1266 3024 Ezech.
1314 2985 1466 3036 χχιχ,
1501 2969 1586 3036 10,
1617 2953 1780 3034 ἤτω,

207 3058 442 3116 Massor.
480 3059 714 3131 Dligdol:
763 3062 860 3127 illi,
914 3059 1152 3132 μαγδώλ.
1209 3059 1494 3131 Reperitur
1541 3063 1704 3116 etiam
1752 3079 1784 3116 a

1882 580 2221 638 peroptarem
2255 576 2316 620 ut
2350 569 2465 621 haec
2493 582 2618 622 cum
2654 581 2788 622 mss.
2819 563 3214 620 conferrentur.

1950 661 2108 715 Circa
2137 662 2368 715 litteram
2413 660 2703 723 'Ihholem,
2741 658 2974 713 selmrek
3021 666 3074 712 et
3117 656 3451 711 cametshba-

1884 753 2014 822 tuph
2055 753 2168 806 hzce
2195 753 2626 808 observavimus.
2677 761 2699 810 Ἰ
2744 750 2947 805 initiale
2979 750 3293 804 schevatum
3326 763 3454 818 per-

1882 844 2006 899 inde
2055 854 2219 913 atque
2265 845 2531 899 schourcc
2561 843 2737 898 solent
2764 859 2858 912 per
2887 842 2946 894 οὐ
2995 841 3317 909 exprimere,
3359 855 3453 893 ne—

1882 938 2060 1008 glecto
2094 938 2291 992 scheva
2319 937 2602 992 hodierno.
2632 936 2722 990 Sic
2743 936 2954 1005 psalmo
2985 951 3173 1000 XLVIII,
3197 937 3251 998 4,
3279 943 3455 997 num.

1880 1028 2212 1095 Massoretat,
2237 1030 2526 1100 vehaguth;
2561 1029 2636 1082 illi
2667 1028 2879 1096 οὖαγίθ,
2914 1035 2936 1075 ν
2969 1043 3065 1098 pro
3089 1037 3112 1085 ἰ
3139 1038 3196 1082 ut
3231 1041 3340 1080 non
3373 1027 3456 1080 in-

1882 1121 2195 1192 frequenter
2254 1122 2469 1176 accidit.
2529 1120 2655 1175 lsai.
2711 1137 2861 1186 XXVI,
2912 1121 2968 1184 2,
3021 1128 3163 1183 N271,
3221 1118 3452 1174 Massor.

1880 1215 2105 1279 veiabo;
2134 1213 2232 1280 illi,
2264 1212 2488 1266 οὐιαϐώ.
2519 1212 2800 1269 Malachite
2831 1229 2891 1276 ιι,
2932 1212 3020 1276 15,
3059 1220 3191 1270 rimi
3223 1209 3454 1266 Massor.

1879 1309 2093 1373 vezoth;
2157 1308 2272 1374 illi,
2332 1305 2526 1371 οὐζώο.
2586 1306 2720 1362 lbid.
2776 1289 2991 1393 nnp‘n,
3043 1303 3274 1360 Massor.
3315 1303 3456 1360 vela-

1879 1399 2106 1454 kaltltath
2128 1417 2146 1464 ,'
2172 1400 2268 1464 illi,
2300 1397 2547 1452 οὔλακέθ.

1951 1491 2177 1547 Etiamsi
2216 1501 2398 1552 vero}
2436 1491 2662 1556 initiale,
2705 1497 2888 1560 utpote
2939 1488 3318 1545 conversivum
3368 1483 3458 1540 fu-

1879 1584 1987 1639 turi
2021 1584 2077 1638 in
2112 1585 2466 1655 prtcteritum,
2517 1583 2870 1638 Massorctico
2919 1583 3025 1636 ritu
3055 1581 3318 1636 afﬁciatur
3361 1593 3458 1648 pa-

1880 1677 2034 1744 tahh,
2069 1694 2162 1748 per
2192 1695 2262 1733 ου
2285 1686 2492 1732 tantum
2524 1677 2764 1730 redditur
2794 1676 2861 1730 ab
2889 1676 3126 1745 antiquis
3156 1675 3261 1728 illis
3292 1673 3458 1725 inter-

1882 1771 2127 1842 pretibus
2175 1785 2285 1824 non
2332 1784 2592 1839 expresso
2627 1768 2862 1838 patahb;
2903 1767 2982 1822 sic
3029 1762 3226 1836 οὐικρὰ
3273 1763 3458 1832 legunt

1885 1879 1984 1936 pro
2026 1871 2214 1951 ΝἻΡἽΊ,
2266 1879 2374 1916 non
2416 1861 2664 1934 οὺαικρὰ,
2712 1859 2970 1931 οὑιδαϐὴρ
3026 1873 3126 1928 pro
3176 1854 3458 1910 οὖαιεδαϐ-

1884 1956 2008 2029 ὃὴρ,
2044 1949 2258 2012 etiamsi
2292 1957 2348 2011 in
2385 1954 2575 2010 Bibliis
2610 1954 2818 2009 Latinis
2852 1952 3127 2007 hodiernis
3183 1949 3373 2003 Vairra
3403 1957 3458 2002 et

1895 2048 2254 2104 Vaieddabber
2284 2049 2492 2118 legatur
2518 2049 2673 2103 initio
2701 2047 2966 2102 librorum
3004 2043 3228 2100 Levitici
3260 2051 3314 2098 et
3345 2039 3460 2094 Nu-

1884 2157 2181 2197 merorum.
2233 2141 2494 2198 Similiter
2538 2139 2607 2196 lV
2655 2140 2788 2214 Reg.
2838 2155 2913 2208 iv,
2957 2139 3048 2205 55,
3093 2135 3319 2209 οὐιεγὰρ
3360 2151 3458 2207 pro

1882 2242 2056 2301 Tum,
2083 2251 2191 2289 non
2225 2235 2509 2308 οὑαιεγάρ.

1958 2327 2185 2382 llholem
2209 2343 2340 2382 vero
2372 2327 2486 2382 sive
2511 2326 2752 2398 plenum,
2789 2324 2905 2382 sive
2928 2322 3206 2390 deficiens,
3249 2335 3459 2376 necnon

1884 2421 2123 2490 hhateph
2157 2431 2382 2484 camets,
2411 2431 2465 2475 et
2503 2429 2709 2475 camets
2741 2418 3021 2487 hhathuph
3065 2432 3162 2486 per
3193 2433 3248 2478 ο,
3281 2423 3335 2468 et
3366 2429 3462 2482 per

1884 2531 1928 2567 ω
1961 2529 2281 2584 expressum
2315 2513 2625 2584 reperitur:
2657 2511 2819 2582 idque
2853 2508 3086 2564 fortasse
3118 2507 3248 2562 vitio
3288 2505 3458 2560 libra-

1883 2603 2091 2658 riorum
2137 2605 2231 2674 qui
2278 2605 2443 2660 hasce
2485 2603 2692 2657 litteras
2736 2601 3072 2658 confundere
3106 2600 3301 2666 solent,
3343 2613 3463 2654 nia-

1885 2694 2030 2749 xime
2061 2695 2115 2748 in
2142 2696 2368 2750 vocibus
2398 2694 2722 2765 peregrinis.

1956 2785 2198 2843 Schurec
2231 2797 2283 2843 et
2313 2786 2526 2844 Kibbus
2553 2803 2648 2857 per
2670 2803 2763 2853 ου,
2790 2786 3004 2841 etiamsi
3037 2801 3145 2840 non
3174 2783 3339 2839 semel
3365 2798 3461 2852 per

1885 2897 1919 2934 ο
1943 2881 2024 2934 vel
2062 2897 2156 2950 per
2187 2898 2233 2934 ω
2262 2881 2656 2950 exprimantur.
2695 2878 3014 2948 Cuiusmodi
3048 2886 3132 2933 est
3161 2891 3264 2931 vox
3302 2886 3459 2944 D'DD,

1886 2975 2108 3044 operire,
2156 2973 2483 3028 inﬁnitivum
2525 2972 2925 3042 quiescentium
2957 2969 3161 3024 Lamed
3207 2967 3306 3034 lle,
3341 2982 3464 3038 quae

1885 3067 2210 3139 exprimitur
2236 3066 2464 3138 χεσσοὺθ
2497 3067 2550 3120 in
2579 3066 2764 3122 codice
2803 3063 3118 3119 Barberino.

205 3159 334 3206 “me
358 3167 406 3206 ε·
440 3151 653 3222 mRBS-
680 3170 754 3214 Vl.
782 3155 832 3219 1,
854 3162 1130 3218 unum,
1155 3153 1385 3210 Massot‘.
1409 3155 1786 3211 bisc‘hmonim:
1813 3158 1857 3218 C
1961 3161 2086 3216 Hrec
2116 3161 2182 3215 de
2225 3169 2469 3216 veterum
2500 3158 2712 3230 legendi
2758 3173 2908 3211 more
2950 3155 3139 3225 paucis
3181 3151 3464 3222 praelibare

205 3244 307 3308 illi,
343 3243 695 3316 βασεμονείμ.
727 3244 797 3300 lli
830 3248 960 3316 Reg.
989 3264 1088 3312 vn,
1113 3247 1206 3315 48,
1229 3256 1520 3313 nam,
1557 3248 1786 3305 Massor.

201 3334 555 3388 ‘Eth-mizbah
582 3350 600 3388 :
628 3337 727 3401 illi,
754 3336 1062 3409 ἐθμασὸηή.
1082 3338 1118 3392 1.
1145 3337 1450 3412 ὲθμαζϐηή.
1477 3337 1632 3396 Unde
1656 3340 1790 3396 infe-

204 3441 299 3482 ras
320 3427 642 3482 hodiernum
672 3428 799 3484 illud
821 3429 1002 3500 hhiriq
1023 3439 1147 3485 ante
1174 3430 1373 3485 scheva
1399 3429 1736 3501 frequentius
1757 3449 1786 3487 a

204 3517 488 3573 veteribus
505 3518 608 3573 illis
624 3534 718 3589 per
736 3537 767 3572 a
785 3521 907 3590 legi.
927 3509 1186 3592 Origen'es
1205 3529 1380 3576 tamen
1399 3523 1465 3576 ad
1482 3522 1615 3577 Gen.
1638 3537 1788 3577 xxxii

203 3611 318 3665 duo
334 3611 644 3679 suppeditat
658 3612 921 3680 exempla,
941 3613 1032 3666 ubi
1052 3613 1180 3682 peri
1197 3613 1410 3684 legitur,
1426 3630 1615 3684 nempe
1630 3614 1786 3686 διὸρὴ

203 3701 416 3774 αιαμιμ
435 3711 490 3757 et
514 3702 741 3773 μισλώθ,
769 3717 868 3772 pro
891 3705 1078 3781 μισλή.
1099 3712 1278 3767 ninia
1303 3713 1456 3772 rm,
1481 3689 1654 3767 ήκω.
1683 3706 1787 3762 Sed

205 3799 326 3852 haec
357 3808 410 3851 et
442 3795 676 3852 fortasse
719 3797 917 3852 similia
947 3799 1192 3869 exempla
1236 3815 1358 3869 qua:
1402 3800 1621 3855 aliunde
1655 3815 1782 3870 sup-

206 3892 442 3963 peditari
504 3900 757 3967 possunt,
812 3893 881 3950 ab
923 3893 1364 3955 hebraizantibus
1420 3898 1784 3966 posteriorum

1889 3254 2065 3308 visum
2099 3261 2202 3307 est.
2241 3250 2380 3308 llinc
2407 3267 2571 3322 porro
2612 3250 2796 3304 videas
2841 3248 3057 3303 dillicile
3092 3262 3214 3301 esse
3254 3262 3352 3316 pro
3380 3245 3464 3299 le-

1889 3344 2069 3398 ctione
2095 3351 2338 3398 veterum
2367 3351 2543 3398 certas
2573 3341 2788 3411 regulas
2814 3341 3046 3403 tradere,
3081 3351 3204 3392 cum
3231 3336 3306 3390 illi
3353 3351 3463 3390 non

1890 3435 2053 3490 modo
2099 3451 2129 3489 a
2163 3435 2579 3500 recentioribus,
2625 3433 2721 3489 sed
2769 3433 2932 3487 etiam
2976 3430 3044 3484 ab
3084 3428 3381 3499 atqualibus
3411 3435 3466 3480 et

1889 3528 2084 3584 ceteris
2115 3528 2230 3582 suis
2274 3527 2327 3580 in
2364 3527 2577 3581 ratione
2605 3522 2998 3595 pronuntiandi
3036 3521 3304 3577 differant.
3345 3518 3464 3573 Cte-

1889 3629 2064 3677 terum
2095 3640 2159 3677 ex
2201 3623 2267 3678 iis
2310 3637 2430 3692 (ιιιω
2465 3634 2629 3688 supra
2674 3615 3020 3680 tradidimus,
3053 3614 3145 3667 illa
3192 3610 3466 3666 verisimi-

1887 3714 2023 3770 liora
2061 3717 2309 3770 videntur
2342 3729 2462 3770 esse
2491 3727 2613 3783 qua:
2636 3710 2884 3780 pluribus
2907 3706 3172 3776 exemplis
3206 3718 3464 3758 asserum

1892 3815 2002 3862 tur.
2050 3805 2276 3879 Reliqua
2309 3820 2435 3861 vero
2473 3803 2718 3861 Lecwris
2745 3800 2944 3856 eruditi
2986 3797 3195 3870 judicio
3237 3795 3464 3868 permit--

1895 3897 2082 3953 timus.

1327 4257 1703 4348 CAPUT
1773 4255 2368 4347 TERTIUM.

434 4449 523 4512 De
553 4448 845 4512 Historia
876 4452 1050 4514 LXX
1085 4453 1181 4516 vel
1229 4455 1462 4517 LXXII
1495 4455 1958 4533 Interpretum,
1990 4467 2136 4534 qum
2160 4452 2430 4514 Aristeas
2464 4447 2726 4510 nomine
2764 4443 3239 4510 circumfertur.

209 4765 252 4825 L
277 4769 564 4830 Aristeana
585 4769 807 4818 historian
828 4771 1190 4830 compendium.
1221 4769 1285 4820 ll.
1310 4770 1436 4830 Quid
1457 4771 1520 4819 de
1541 4771 1632 4820 hac
1655 4770 1860 4820 historia
1882 4771 2104 4819 dixerint
2125 4769 2441 4820 Aristobulus
2463 4774 2517 4818 et
2534 4770 2678 4818 Philo
2700 4763 3026 4830 Judaeustlll.

3051 4763 3180 4830 Quid
3208 4762 3432 4830 .losevphu
3445 4774 3470 4805 κ

382 4820 536 4899 Quam
554 4833 700 4899 longe
725 4820 1003 4879 abAristéte
1026 4820 1862 4899 narratioueiiberraveritJustinus
1888 4833 2087 4899 illartyr,
2113 4841 2166 4880 et
2186 4836 2382 4899 quinam
2409 4833 2564 4899 ipsum
2599 4827 2975 4899 secuti_s_int..V.
2997 4820 3299 4899 Epiphanius
3327 4820 3471 4886 longe

275 4889 472 4940 diversa
496 4892 556 4941 ab
574 4889 768 4940 Aristea
793 4899 845 4940 et
867 4906 893 4940 a
917 4895 1110 4941 ueteris
1127 4895 1296 4941 refert.
1313 4894 1389 4941 Vl.
1405 4895 1526 4943 Tota
1551 4896 1882 4942 controversia
1908 4896 1958 4941 in
1979 4889 2081 4942 tres
2098 4889 2399 4955 quat'stiones
2414 4889 2786 4955 dividitur._}'ll.
2805 4889 3044 4955 lfrobatur
3067 4890 3277 4936 Aristea‘.
3299 4899 3475 4955 exem-

277 4957 434 5063 tlaria
456 4967 566 5015 quae
588 4961 872 5015 supersunt.
899 4957 1134 5014 genuina,
1159 4964 1446 5004 cteterorum
1471 4963 1636 5004 autem
1661 4957 1992 5004 additamenta
2037 4952 2314 5016 respuenda
2343 4967 2475 5002 esse.
2503 4952 2631 5002 Vlll.
2663 4953 2778 5002 Post
2820 4953 3171 5009 Hieronymum
3215 4952 3472 5017 asseritur.

325 5015 402 5063 XX
429 5017 504 5062 vel
532 5027 619 5063 eos
640 5016 723 5063 oui
752 5015 1139 5063 l’enlatenchuni
1167 5021 1541 5063 transtulerunt.
1569 5030 1666 5063 non
1693 5017 1881 5063 retiuua
1907 5021 2261 5063 interpretatos
2285 5030 2415 5063 esse.
2454 5014 2532 5062 lx.
2564 5014 2734 5062 L'trum
2760 5013 2970 5061 Aristeze
3007 5011 3290 5063 primigenia
3320 5011 3472 5058 histo-

325 5015 402 5064 ΧΧ
429 5010 504 5062 vel
532 5027 619 5063 eos
640 5010 723 5074 (iui
752 5010 1139 5064 l’enlaleuchuni
1167 5021 1541 5078 transtulerunt.
1569 5030 1666 5064 non
1693 5017 1881 5078 reliqua
1907 5010 2261 5077 interpretatos
2285 5030 2415 5064 esse.
2454 5014 2532 5062 lx.
2564 5014 2734 5062 L'trum
2760 5013 2970 5078 Aristeas
3006 5011 3290 5073 primigenia
3320 5010 3476 5058 histo-

280 5079 355 5124 ria
378 5088 493 5126 vera
516 5079 601 5137 sit,
624 5089 686 5125 an
709 5078 818 5125 ticta
844 5084 897 5124 et
918 5077 1226 5138 supposititia
1254 5092 1265 5125 :
1292 5080 1565 5128 atl‘eruntur
1586 5077 1880 5141 argumenta
1903 5080 2151 5140 utrinque.
2180 5078 2235 5127 Χ.
2263 5078 2624 5139 Disputationis
2641 5077 2908 5124 conclusio.

465 5220 508 5277 1.
545 5222 846 5292 Ατὶειεῳιω
873 5223 1112 5276 historice
1140 5225 1524 5292 compendium.

284 5312 421 5383 Qute
456 5313 524 5369 ad
575 5315 858 5370 historiam
911 5315 1137 5370 Aristeze
1188 5327 1476 5386 spectant,
1517 5325 1598 5371 tot
1629 5318 1788 5387 plena

207 5405 646 5471 diﬂicultatibus,
685 5414 760 5460 tct
783 5406 984 5477 agitata
1025 5409 1419 5476 quaestionibus
1452 5417 1602 5473 sunt,
1635 5418 1693 5462 ut
1739 5407 1784 5463 si

211 5498 424 5553 luberet
453 5499 636 5552 omnia
661 5498 870 5567 prolixe
894 5506 1151 5564 tractare,
1184 5501 1634 5570 singulorumque
1658 5516 1783 5554 sen-

217 5589 414 5642 tentias
443 5589 766 5656 expendere,
802 5588 1015 5657 longius
1039 5603 1069 5642 a
1105 5591 1380 5658 proposito
1403 5599 1589 5644 nostro
1617 5591 1789 5643 abdu-

212 5696 504 5734 ceretnur:
551 5681 678 5749 quia
728 5689 906 5734 tamen
952 5695 1142 5736 eorum
1186 5683 1376 5736 notitia
1422 5683 1787 5750 intelligemlis

211 5780 282 5832 iis
312 5794 433 5840 qua:
473 5778 543 5839 de
582 5777 818 5831 editione
859 5776 964 5831 τῶν
997 5777 1050 5836 0.’
1087 5777 1362 5835 hexanlari
1417 5777 1555 5833 infra
1588 5777 1784 5835 dicturi

1822 5235 1867 5289 ι)
1897 5240 2110 5290 sumus,
2157 5239 2384 5292 prorsus
2427 5222 2737 5278 necessaria
2773 5221 2987 5275 videtur
3010 5258 3026 5280 ,
3070 5233 3185 5273 rem
3216 5219 3290 5272 ita
3319 5233 3474 5272 com~

1895 5317 2093 5386 pendio
2121 5317 2414 5384 explanare
2447 5314 2764 5377 statuimus,
2816 5321 2878 5368 ut
2916 5311 3053 5365 nihil
3091 5310 3287 5364 debeat
3332 5309 3472 5363 ultra

1895 5409 2174 5463 Studiosus
2198 5407 2367 5460 lector
2402 5405 2737 5460 desiderare.

1968 5501 2195 5554 Aristeze
2225 5498 2451 5567 epistola
2511 5497 2577 5552 ad
2621 5495 3012 5557 Philocratem,
3041 5507 3164 5562 quae
3210 5491 3474 5545 hactenus

1896 5599 2095 5654 exstat,
2113 5598 2167 5642 et
2185 5587 2524 5643 eruditorum
2553 5585 2807 5639 manibus
2833 5583 3045 5647 teritur,
3067 5581 3370 5634 minutatim
3389 5596 3475 5631 re-

1896 5689 2081 5736 censet
2105 5694 2164 5732 ea
2189 5693 2309 5746 quae
2335 5677 2492 5746 jussu
2519 5675 2937 5743 sumptibusque
2962 5670 3238 5724 Ptolema-i
3257 5666 3475 5737 .‘Egypti

1895 5774 2058 5839 regis,
2077 5786 2174 5828 oro
2193 5767 2609 5834 interpretandis
2620 5783 2684 5823 ex
2702 5766 2967 5823 llebraico
2983 5764 3036 5818 in
3050 5763 3291 5818 Graecum
3308 5761 3478 5820 saetis
