  <div class='ocr_page' id='page_1' title='image "/cluster/home/n/w/nwhite01/storage/ocr_20150623/15/nnc1.0046978852/035.png"; bbox 0 0 3832 6214; ppageno 0'>
   <div class='ocr_carea' id='block_1_1' title="bbox 369 322 3644 384">
    <p class='ocr_par' dir='ltr' id='par_1_1' title="bbox 369 322 3644 384">
     <span class='ocr_line' id='line_1_1' title="bbox 369 322 3644 384; baseline -0.002 0"><span class='ocrx_word' id='word_1_1' title='bbox 369 328 440 384; x_wconf 79' lang='lat'><strong>55</strong></span> <span class='ocrx_word' id='word_1_2' title='bbox 1743 323 2287 381; x_wconf 65' lang='lat' dir='ltr'><strong>PRELIMINARIA</strong></span> <span class='ocrx_word' id='word_1_3' title='bbox 2519 358 2525 363; x_wconf 82' lang='lat'><strong><em>~</em></strong></span> <span class='ocrx_word' id='word_1_4' title='bbox 3566 322 3644 378; x_wconf 79' lang='lat'><strong>56</strong></span> 
     </span>
    </p>
   </div>
   <div class='ocr_carea' id='block_1_2' title="bbox 371 436 3643 516">
    <p class='ocr_par' dir='ltr' id='par_1_2' title="bbox 371 436 3643 516">
     <span class='ocr_line' id='line_1_2' title="bbox 371 436 3643 516; baseline -0.003 -16"><span class='ocrx_word' id='word_1_5' title='bbox 371 443 691 514; x_wconf 82' lang='lat' dir='ltr'><strong>Scripturis,</strong></span> <span class='ocrx_word' id='word_1_6' title='bbox 722 452 873 516; x_wconf 87' lang='lat' dir='ltr'><strong>gesta</strong></span> <span class='ocrx_word' id='word_1_7' title='bbox 906 451 1053 500; x_wconf 80' lang='lat' dir='ltr'><strong>sunt.</strong></span> <span class='ocrx_word' id='word_1_8' title='bbox 1085 442 1212 501; x_wconf 81' lang='lat' dir='ltr'><strong>Haec</strong></span> <span class='ocrx_word' id='word_1_9' title='bbox 1243 452 1426 500; x_wconf 88' lang='lat' dir='ltr'><strong>autem</strong></span> <span class='ocrx_word' id='word_1_10' title='bbox 1446 442 1785 508; x_wconf 83' lang='grc' dir='ltr'><strong>συνοπτικῶς</strong></span> <span class='ocrx_word' id='word_1_11' title='bbox 1811 459 1942 515; x_wconf 85' lang='lat' dir='ltr'><strong>pro—</strong></span> <span class='ocrx_word' id='word_1_12' title='bbox 1972 451 2019 507; x_wconf 73' lang='grc' dir='ltr'><strong>Α</strong></span> <span class='ocrx_word' id='word_1_13' title='bbox 2047 442 2253 499; x_wconf 89' lang='lat' dir='ltr'><strong>rissimi</strong></span> <span class='ocrx_word' id='word_1_14' title='bbox 2280 441 2654 513; x_wconf 75' lang='lat' dir='ltr'><strong>perhibentur.</strong></span> <span class='ocrx_word' id='word_1_15' title='bbox 2683 437 2879 495; x_wconf 87' lang='lat' dir='ltr'><strong>Postea</strong></span> <span class='ocrx_word' id='word_1_16' title='bbox 2918 438 2987 494; x_wconf 88' lang='lat' dir='ltr'><strong>de</strong></span> <span class='ocrx_word' id='word_1_17' title='bbox 3026 445 3176 495; x_wconf 85' lang='lat' dir='ltr'><strong>recta</strong></span> <span class='ocrx_word' id='word_1_18' title='bbox 3201 451 3417 492; x_wconf 85' lang='lat' dir='ltr'><strong>morum</strong></span> <span class='ocrx_word' id='word_1_19' title='bbox 3468 436 3643 493; x_wconf 85' lang='lat' dir='ltr'><strong>insti-</strong></span> 
     </span>
    </p>
   </div>
   <div class='ocr_carea' id='block_1_3' title="bbox 368 536 619 592">
    <p class='ocr_par' dir='ltr' id='par_1_3' title="bbox 368 536 619 592">
     <span class='ocr_line' id='line_1_3' title="bbox 368 536 619 592; baseline -0.008 -1"><span class='ocrx_word' id='word_1_20' title='bbox 368 536 619 592; x_wconf 84' lang='lat' dir='ltr'><strong>ferimus.</strong></span> 
     </span>
    </p>
   </div>
   <div class='ocr_carea' id='block_1_4' title="bbox 440 627 1948 696">
    <p class='ocr_par' dir='ltr' id='par_1_4' title="bbox 440 627 1948 696">
     <span class='ocr_line' id='line_1_4' title="bbox 440 627 1948 696; baseline 0 -14"><span class='ocrx_word' id='word_1_21' title='bbox 440 628 750 685; x_wconf 86' lang='lat' dir='ltr'><strong>Demetrius</strong></span> <span class='ocrx_word' id='word_1_22' title='bbox 772 627 1092 696; x_wconf 81' lang='lat' dir='ltr'><strong>Phalereus,</strong></span> <span class='ocrx_word' id='word_1_23' title='bbox 1121 630 1466 686; x_wconf 71' lang='lat' dir='ltr'><strong>bibliothecae</strong></span> <span class='ocrx_word' id='word_1_24' title='bbox 1496 627 1775 685; x_wconf 74' lang='lat' dir='ltr'><strong>Ptolemaei</strong></span> <span class='ocrx_word' id='word_1_25' title='bbox 1799 627 1948 683; x_wconf 87' lang='lat' dir='ltr'><strong>Phil-</strong></span> 
     </span>
    </p>
   </div>
   <div class='ocr_carea' id='block_1_5' title="bbox 367 718 1949 793">
    <p class='ocr_par' dir='ltr' id='par_1_5' title="bbox 367 718 1949 793">
     <span class='ocr_line' id='line_1_5' title="bbox 367 718 1949 793; baseline -0.003 -16"><span class='ocrx_word' id='word_1_26' title='bbox 367 721 608 791; x_wconf 82' lang='lat' dir='ltr'><strong>adelphi,</strong></span> <span class='ocrx_word' id='word_1_27' title='bbox 641 720 860 793; x_wconf 70' lang='lat' dir='ltr'><strong>Egypti</strong></span> <span class='ocrx_word' id='word_1_28' title='bbox 897 722 1062 792; x_wconf 88' lang='lat' dir='ltr'><strong>regis,</strong></span> <span class='ocrx_word' id='word_1_29' title='bbox 1092 720 1401 791; x_wconf 83' lang='lat' dir='ltr'><strong>praefectus,</strong></span> <span class='ocrx_word' id='word_1_30' title='bbox 1428 718 1754 790; x_wconf 83' lang='lat' dir='ltr'><strong>conquisitis</strong></span> <span class='ocrx_word' id='word_1_31' title='bbox 1784 720 1949 773; x_wconf 92' lang='lat' dir='ltr'><strong>undi-</strong></span> 
     </span>
    </p>
   </div>
   <div class='ocr_carea' id='block_1_6' title="bbox 370 811 1947 883">
    <p class='ocr_par' dir='ltr' id='par_1_6' title="bbox 370 811 1947 883">
     <span class='ocr_line' id='line_1_6' title="bbox 370 811 1947 883; baseline -0.001 -18"><span class='ocrx_word' id='word_1_32' title='bbox 370 826 478 879; x_wconf 85' lang='lat' dir='ltr'><strong>que</strong></span> <span class='ocrx_word' id='word_1_33' title='bbox 503 811 679 879; x_wconf 85' lang='lat' dir='ltr'><strong>libris,</strong></span> <span class='ocrx_word' id='word_1_34' title='bbox 718 827 838 867; x_wconf 89' lang='lat' dir='ltr'><strong>eam</strong></span> <span class='ocrx_word' id='word_1_35' title='bbox 871 828 1053 883; x_wconf 86' lang='lat' dir='ltr'><strong>usque</strong></span> <span class='ocrx_word' id='word_1_36' title='bbox 1076 813 1213 867; x_wconf 90' lang='lat' dir='ltr'><strong>adeo</strong></span> <span class='ocrx_word' id='word_1_37' title='bbox 1256 822 1503 879; x_wconf 68' lang='lat' dir='ltr'><strong>auxerat,</strong></span> <span class='ocrx_word' id='word_1_38' title='bbox 1545 821 1606 867; x_wconf 92' lang='lat' dir='ltr'><strong>ut</strong></span> <span class='ocrx_word' id='word_1_39' title='bbox 1655 813 1947 883; x_wconf 86' lang='lat' dir='ltr'><strong>plusquam</strong></span> 
     </span>
    </p>
   </div>
   <div class='ocr_carea' id='block_1_7' title="bbox 368 902 1951 973">
    <p class='ocr_par' dir='ltr' id='par_1_7' title="bbox 368 902 1951 973">
     <span class='ocr_line' id='line_1_7' title="bbox 368 902 1951 973; baseline -0.001 -16"><span class='ocrx_word' id='word_1_40' title='bbox 368 902 608 958; x_wconf 80' lang='lat' dir='ltr'><strong>ducenta</strong></span> <span class='ocrx_word' id='word_1_41' title='bbox 654 903 997 958; x_wconf 87' lang='lat' dir='ltr'><strong>voluminum</strong></span> <span class='ocrx_word' id='word_1_42' title='bbox 1053 904 1218 959; x_wconf 81' lang='lat' dir='ltr'><strong>millia</strong></span> <span class='ocrx_word' id='word_1_43' title='bbox 1271 904 1740 973; x_wconf 81' lang='lat' dir='ltr'><strong>complecteretur.</strong></span> <span class='ocrx_word' id='word_1_44' title='bbox 1792 902 1951 969; x_wconf 83' lang='lat' dir='ltr'><strong>Quod</strong></span> 
     </span>
    </p>
   </div>
   <div class='ocr_carea' id='block_1_8' title="bbox 369 994 1951 1065">
    <p class='ocr_par' dir='ltr' id='par_1_8' title="bbox 369 994 1951 1065">
     <span class='ocr_line' id='line_1_8' title="bbox 369 994 1951 1065; baseline -0.001 -18"><span class='ocrx_word' id='word_1_45' title='bbox 369 1008 494 1047; x_wconf 89' lang='lat' dir='ltr'><strong>cum</strong></span> <span class='ocrx_word' id='word_1_46' title='bbox 525 994 828 1049; x_wconf 83' lang='lat' dir='ltr'><strong>sciscitanti</strong></span> <span class='ocrx_word' id='word_1_47' title='bbox 866 996 1003 1065; x_wconf 84' lang='lat' dir='ltr'><strong>regi,</strong></span> <span class='ocrx_word' id='word_1_48' title='bbox 1047 1005 1315 1064; x_wconf 65' lang='lat' dir='ltr'><strong>praesente</strong></span> <span class='ocrx_word' id='word_1_49' title='bbox 1343 1006 1458 1050; x_wconf 90' lang='lat' dir='ltr'><strong>tum</strong></span> <span class='ocrx_word' id='word_1_50' title='bbox 1478 994 1716 1059; x_wconf 84' lang='lat' dir='ltr'><strong>Aristea,</strong></span> <span class='ocrx_word' id='word_1_51' title='bbox 1749 1008 1951 1047; x_wconf 86' lang='lat' dir='ltr'><strong>renun-</strong></span> 
     </span>
    </p>
   </div>
   <div class='ocr_carea' id='block_1_9' title="bbox 371 1082 1951 1154">
    <p class='ocr_par' dir='ltr' id='par_1_9' title="bbox 371 1082 1951 1154">
     <span class='ocr_line' id='line_1_9' title="bbox 371 1082 1951 1154; baseline 0.001 -17"><span class='ocrx_word' id='word_1_52' title='bbox 371 1082 555 1149; x_wconf 90' lang='lat' dir='ltr'><strong>tiaret,</strong></span> <span class='ocrx_word' id='word_1_53' title='bbox 584 1082 1119 1152; x_wconf 80' lang='lat' dir='ltr'><strong>adjecitefl‘eeturum</strong></span> <span class='ocrx_word' id='word_1_54' title='bbox 1152 1101 1212 1142; x_wconf 89' lang='lat' dir='ltr'><strong>se</strong></span> <span class='ocrx_word' id='word_1_55' title='bbox 1244 1093 1303 1139; x_wconf 92' lang='lat' dir='ltr'><strong>ut</strong></span> <span class='ocrx_word' id='word_1_56' title='bbox 1339 1084 1490 1140; x_wconf 86' lang='lat' dir='ltr'><strong>brevi</strong></span> <span class='ocrx_word' id='word_1_57' title='bbox 1543 1083 1611 1138; x_wconf 90' lang='lat' dir='ltr'><strong>ad</strong></span> <span class='ocrx_word' id='word_1_58' title='bbox 1653 1083 1951 1154; x_wconf 71' lang='lat' dir='ltr'><strong>quingenta</strong></span> 
     </span>
    </p>
   </div>
   <div class='ocr_carea' id='block_1_10' title="bbox 372 1175 1951 1247">
    <p class='ocr_par' dir='ltr' id='par_1_10' title="bbox 372 1175 1951 1247">
     <span class='ocr_line' id='line_1_10' title="bbox 372 1175 1951 1247; baseline 0.001 -19"><span class='ocrx_word' id='word_1_59' title='bbox 372 1175 543 1230; x_wconf 89' lang='lat' dir='ltr'><strong>millia</strong></span> <span class='ocrx_word' id='word_1_60' title='bbox 563 1175 826 1230; x_wconf 88' lang='lat' dir='ltr'><strong>librorum</strong></span> <span class='ocrx_word' id='word_1_61' title='bbox 856 1193 1116 1232; x_wconf 87' lang='lat' dir='ltr'><strong>numerus</strong></span> <span class='ocrx_word' id='word_1_62' title='bbox 1139 1177 1490 1247; x_wconf 89' lang='lat' dir='ltr'><strong>pertingeret,</strong></span> <span class='ocrx_word' id='word_1_63' title='bbox 1540 1176 1720 1245; x_wconf 83' lang='lat' dir='ltr'><strong>aitque</strong></span> <span class='ocrx_word' id='word_1_64' title='bbox 1737 1191 1796 1231; x_wconf 93' lang='lat' dir='ltr'><strong>se</strong></span> <span class='ocrx_word' id='word_1_65' title='bbox 1820 1190 1951 1230; x_wconf 88' lang='lat' dir='ltr'><strong>nar-</strong></span> 
     </span>
    </p>
   </div>
   <div class='ocr_carea' id='block_1_11' title="bbox 372 1266 1954 1337">
    <p class='ocr_par' dir='ltr' id='par_1_11' title="bbox 372 1266 1954 1337">
     <span class='ocr_line' id='line_1_11' title="bbox 372 1266 1954 1337; baseline 0.001 -17"><span class='ocrx_word' id='word_1_66' title='bbox 372 1275 498 1322; x_wconf 88' lang='lat' dir='ltr'><strong>ratu</strong></span> <span class='ocrx_word' id='word_1_67' title='bbox 529 1267 892 1337; x_wconf 90' lang='lat' dir='ltr'><strong>quorumdam</strong></span> <span class='ocrx_word' id='word_1_68' title='bbox 933 1269 1299 1337; x_wconf 81' lang='lat' dir='ltr'><strong>comperisse,</strong></span> <span class='ocrx_word' id='word_1_69' title='bbox 1331 1266 1647 1322; x_wconf 64' lang='lat' dir='ltr'><strong>Judieorum</strong></span> <span class='ocrx_word' id='word_1_70' title='bbox 1682 1267 1829 1337; x_wconf 80' lang='lat' dir='ltr'><strong>leges</strong></span> <span class='ocrx_word' id='word_1_71' title='bbox 1870 1267 1954 1322; x_wconf 88' lang='lat' dir='ltr'><strong>di-</strong></span> 
     </span>
    </p>
   </div>
   <div class='ocr_carea' id='block_1_12' title="bbox 373 1360 1955 1432">
    <p class='ocr_par' dir='ltr' id='par_1_12' title="bbox 373 1360 1955 1432">
     <span class='ocr_line' id='line_1_12' title="bbox 373 1360 1955 1432; baseline 0.002 -20"><span class='ocrx_word' id='word_1_72' title='bbox 373 1374 509 1429; x_wconf 84' lang='lat' dir='ltr'><strong>gnas</strong></span> <span class='ocrx_word' id='word_1_73' title='bbox 527 1375 647 1415; x_wconf 86' lang='lat' dir='ltr'><strong>esse</strong></span> <span class='ocrx_word' id='word_1_74' title='bbox 668 1376 790 1430; x_wconf 86' lang='lat' dir='ltr'><strong>quae</strong></span> <span class='ocrx_word' id='word_1_75' title='bbox 814 1361 867 1414; x_wconf 92' lang='lat' dir='ltr'><strong>in</strong></span> <span class='ocrx_word' id='word_1_76' title='bbox 884 1360 1004 1430; x_wconf 87' lang='lat' dir='ltr'><strong>ejus</strong></span> <span class='ocrx_word' id='word_1_77' title='bbox 1023 1361 1346 1418; x_wconf 86' lang='lat' dir='ltr'><strong>bibliotheca</strong></span> <span class='ocrx_word' id='word_1_78' title='bbox 1363 1373 1775 1432; x_wconf 89' lang='lat' dir='ltr'><strong>reponerentur,</strong></span> <span class='ocrx_word' id='word_1_79' title='bbox 1795 1361 1955 1417; x_wconf 68' lang='lat' dir='ltr'><strong>dum«~</strong></span> 
     </span>
    </p>
   </div>
   <div class='ocr_carea' id='block_1_13' title="bbox 378 1448 1953 1520">
    <p class='ocr_par' dir='ltr' id='par_1_13' title="bbox 378 1448 1953 1520">
     <span class='ocr_line' id='line_1_13' title="bbox 378 1448 1953 1520; baseline 0.001 -17"><span class='ocrx_word' id='word_1_80' title='bbox 378 1449 544 1504; x_wconf 90' lang='lat' dir='ltr'><strong>modo</strong></span> <span class='ocrx_word' id='word_1_81' title='bbox 577 1465 643 1504; x_wconf 82' lang='lat' dir='ltr'><strong>ex</strong></span> <span class='ocrx_word' id='word_1_82' title='bbox 674 1448 899 1520; x_wconf 87' lang='lat' dir='ltr'><strong>Syriaca</strong></span> <span class='ocrx_word' id='word_1_83' title='bbox 933 1451 1116 1520; x_wconf 81' lang='lat' dir='ltr'><strong>lingua</strong></span> <span class='ocrx_word' id='word_1_84' title='bbox 1149 1450 1166 1520; x_wconf 94' lang='lat'>(</span> <span class='ocrx_word' id='word_1_85' title='bbox 1186 1451 1260 1505; x_wconf 87' lang='lat' dir='ltr'><strong>ita</strong></span> <span class='ocrx_word' id='word_1_86' title='bbox 1308 1452 1579 1507; x_wconf 88' lang='lat' dir='ltr'><strong>vocabant</strong></span> <span class='ocrx_word' id='word_1_87' title='bbox 1623 1451 1822 1517; x_wconf 91' lang='lat' dir='ltr'><strong>multi,</strong></span> <span class='ocrx_word' id='word_1_88' title='bbox 1858 1452 1953 1507; x_wconf 90' lang='lat' dir='ltr'><strong>sed</strong></span> 
     </span>
    </p>
   </div>
   <div class='ocr_carea' id='block_1_14' title="bbox 374 1539 1955 1612">
    <p class='ocr_par' dir='ltr' id='par_1_14' title="bbox 374 1539 1955 1612">
     <span class='ocr_line' id='line_1_14' title="bbox 374 1539 1955 1612; baseline -0.001 -17"><span class='ocrx_word' id='word_1_89' title='bbox 374 1541 444 1595; x_wconf 86' lang='lat' dir='ltr'><strong>iis</strong></span> <span class='ocrx_word' id='word_1_90' title='bbox 472 1549 740 1612; x_wconf 79' lang='lat' dir='ltr'><strong>repugnat</strong></span> <span class='ocrx_word' id='word_1_91' title='bbox 771 1539 1117 1608; x_wconf 87' lang='lat' dir='ltr'><strong>Demetrius)</strong></span> <span class='ocrx_word' id='word_1_92' title='bbox 1151 1558 1256 1611; x_wconf 91' lang='lat' dir='ltr'><strong>qua</strong></span> <span class='ocrx_word' id='word_1_93' title='bbox 1291 1541 1602 1611; x_wconf 90' lang='lat' dir='ltr'><strong>conscripta</strong></span> <span class='ocrx_word' id='word_1_94' title='bbox 1648 1548 1846 1606; x_wconf 88' lang='lat' dir='ltr'><strong>erant,</strong></span> <span class='ocrx_word' id='word_1_95' title='bbox 1896 1540 1955 1594; x_wconf 91' lang='lat' dir='ltr'><strong>in</strong></span> 
     </span>
    </p>
   </div>
   <div class='ocr_carea' id='block_1_15' title="bbox 374 1632 1957 1700">
    <p class='ocr_par' dir='ltr' id='par_1_15' title="bbox 374 1632 1957 1700">
     <span class='ocr_line' id='line_1_15' title="bbox 374 1632 1957 1700; baseline 0 -12"><span class='ocrx_word' id='word_1_96' title='bbox 374 1632 618 1689; x_wconf 65' lang='lat' dir='ltr'><strong>Graecam</strong></span> <span class='ocrx_word' id='word_1_97' title='bbox 649 1642 1116 1690; x_wconf 84' lang='lat' dir='ltr'><strong>converterentur.</strong></span> <span class='ocrx_word' id='word_1_98' title='bbox 1137 1632 1245 1691; x_wconf 82' lang='lat' dir='ltr'><strong>Nec</strong></span> <span class='ocrx_word' id='word_1_99' title='bbox 1274 1651 1449 1700; x_wconf 91' lang='lat' dir='ltr'><strong>mora,</strong></span> <span class='ocrx_word' id='word_1_100' title='bbox 1488 1651 1584 1691; x_wconf 82' lang='lat' dir='ltr'><strong>rex</strong></span> <span class='ocrx_word' id='word_1_101' title='bbox 1623 1636 1862 1691; x_wconf 83' lang='lat' dir='ltr'><strong>decrevit</strong></span> <span class='ocrx_word' id='word_1_102' title='bbox 1887 1635 1957 1689; x_wconf 91' lang='lat' dir='ltr'><strong>ad</strong></span> 
     </span>
    </p>
   </div>
   <div class='ocr_carea' id='block_1_16' title="bbox 376 1727 1956 1797">
    <p class='ocr_par' dir='ltr' id='par_1_16' title="bbox 376 1727 1956 1797">
     <span class='ocr_line' id='line_1_16' title="bbox 376 1727 1956 1797; baseline 0.001 -15"><span class='ocrx_word' id='word_1_103' title='bbox 376 1742 654 1782; x_wconf 89' lang='lat' dir='ltr'><strong>summum</strong></span> <span class='ocrx_word' id='word_1_104' title='bbox 714 1727 1027 1796; x_wconf 70' lang='lat' dir='ltr'><strong>pontificem</strong></span> <span class='ocrx_word' id='word_1_105' title='bbox 1085 1729 1346 1794; x_wconf 89' lang='lat' dir='ltr'><strong>scribere,</strong></span> <span class='ocrx_word' id='word_1_106' title='bbox 1397 1737 1457 1783; x_wconf 92' lang='lat' dir='ltr'><strong>ut</strong></span> <span class='ocrx_word' id='word_1_107' title='bbox 1499 1742 1622 1797; x_wconf 72' lang='lat' dir='ltr'><strong>quae</strong></span> <span class='ocrx_word' id='word_1_108' title='bbox 1671 1729 1726 1781; x_wconf 90' lang='lat' dir='ltr'><strong>in</strong></span> <span class='ocrx_word' id='word_1_109' title='bbox 1755 1727 1956 1797; x_wconf 80' lang='lat' dir='ltr'><strong>optatis</strong></span> 
     </span>
    </p>
   </div>
   <div class='ocr_carea' id='block_1_17' title="bbox 2048 528 3645 602">
    <p class='ocr_par' dir='ltr' id='par_1_17' title="bbox 2048 528 3645 602">
     <span class='ocr_line' id='line_1_17' title="bbox 2048 528 3645 602; baseline -0.006 -11"><span class='ocrx_word' id='word_1_110' title='bbox 2048 537 2278 601; x_wconf 91' lang='lat' dir='ltr'><strong>tutione,</strong></span> <span class='ocrx_word' id='word_1_111' title='bbox 2303 535 2368 589; x_wconf 90' lang='lat' dir='ltr'><strong>de</strong></span> <span class='ocrx_word' id='word_1_112' title='bbox 2397 534 2636 588; x_wconf 83' lang='lat' dir='ltr'><strong>vanitate</strong></span> <span class='ocrx_word' id='word_1_113' title='bbox 2662 533 2888 588; x_wconf 91' lang='lat' dir='ltr'><strong>deorum</strong></span> <span class='ocrx_word' id='word_1_114' title='bbox 2917 531 3236 602; x_wconf 87' lang='lat' dir='ltr'><strong>gentilium,</strong></span> <span class='ocrx_word' id='word_1_115' title='bbox 3264 529 3329 583; x_wconf 89' lang='lat' dir='ltr'><strong>de</strong></span> <span class='ocrx_word' id='word_1_116' title='bbox 3360 529 3496 597; x_wconf 81' lang='lat' dir='ltr'><strong>legis</strong></span> <span class='ocrx_word' id='word_1_117' title='bbox 3519 528 3645 582; x_wconf 77' lang='grc' dir='ltr'><strong>Μο-</strong></span> 
     </span>
    </p>
   </div>
   <div class='ocr_carea' id='block_1_18' title="bbox 2048 620 3644 698">
    <p class='ocr_par' dir='ltr' id='par_1_18' title="bbox 2048 620 3644 698">
     <span class='ocr_line' id='line_1_18' title="bbox 2048 620 3644 698; baseline -0.008 -13"><span class='ocrx_word' id='word_1_118' title='bbox 2048 632 2210 685; x_wconf 71' lang='lat' dir='ltr'><strong>saicae</strong></span> <span class='ocrx_word' id='word_1_119' title='bbox 2255 626 2571 698; x_wconf 68' lang='lat' dir='ltr'><strong>praastantia</strong></span> <span class='ocrx_word' id='word_1_120' title='bbox 2631 624 3064 691; x_wconf 79' lang='lat' dir='ltr'><strong>excellentiaque</strong></span> <span class='ocrx_word' id='word_1_121' title='bbox 3129 621 3298 675; x_wconf 85' lang='lat' dir='ltr'><strong>multa</strong></span> <span class='ocrx_word' id='word_1_122' title='bbox 3372 620 3644 675; x_wconf 84' lang='lat' dir='ltr'><strong>edisserit</strong></span> 
     </span>
    </p>
   </div>
   <div class='ocr_carea' id='block_1_19' title="bbox 2048 713 3644 778">
    <p class='ocr_par' dir='ltr' id='par_1_19' title="bbox 2048 713 3644 778">
     <span class='ocr_line' id='line_1_19' title="bbox 2048 713 3644 778; baseline -0.006 -3"><span class='ocrx_word' id='word_1_123' title='bbox 2048 721 2364 776; x_wconf 85' lang='lat' dir='ltr'><strong>Eleazarus.</strong></span> <span class='ocrx_word' id='word_1_124' title='bbox 2399 717 2539 771; x_wconf 79' lang='lat' dir='ltr'><strong>Hinc</strong></span> <span class='ocrx_word' id='word_1_125' title='bbox 2571 716 2756 771; x_wconf 89' lang='lat' dir='ltr'><strong>oblato</strong></span> <span class='ocrx_word' id='word_1_126' title='bbox 2790 713 3061 771; x_wconf 89' lang='lat' dir='ltr'><strong>sacrificio</strong></span> <span class='ocrx_word' id='word_1_127' title='bbox 3090 721 3338 768; x_wconf 90' lang='lat' dir='ltr'><strong>oratores</strong></span> <span class='ocrx_word' id='word_1_128' title='bbox 3365 752 3381 778; x_wconf 92' lang='lat'><strong>,</strong></span> <span class='ocrx_word' id='word_1_129' title='bbox 3428 722 3482 766; x_wconf 92' lang='lat' dir='ltr'><strong>et</strong></span> <span class='ocrx_word' id='word_1_130' title='bbox 3520 726 3644 766; x_wconf 69' lang='lat' dir='ltr'><strong>una</strong></span> 
     </span>
    </p>
   </div>
   <div class='ocr_carea' id='block_1_20' title="bbox 2052 803 3642 874">
    <p class='ocr_par' dir='ltr' id='par_1_20' title="bbox 2052 803 3642 874">
     <span class='ocr_line' id='line_1_20' title="bbox 2052 803 3642 874; baseline -0.008 -5"><span class='ocrx_word' id='word_1_131' title='bbox 2052 812 2240 869; x_wconf 72' lang='lat' dir='ltr'><strong>LXXII</strong></span> <span class='ocrx_word' id='word_1_132' title='bbox 2271 803 2309 867; x_wconf 25' lang='lat' dir='ltr'><strong>a&#39;</strong></span> <span class='ocrx_word' id='word_1_133' title='bbox 2332 827 2390 868; x_wconf 89' lang='lat' dir='ltr'><strong>se</strong></span> <span class='ocrx_word' id='word_1_134' title='bbox 2420 810 2660 865; x_wconf 90' lang='lat' dir='ltr'><strong>delectos</strong></span> <span class='ocrx_word' id='word_1_135' title='bbox 2683 809 2830 862; x_wconf 89' lang='lat' dir='ltr'><strong>viros</strong></span> <span class='ocrx_word' id='word_1_136' title='bbox 2859 823 2984 862; x_wconf 91' lang='lat' dir='ltr'><strong>cum</strong></span> <span class='ocrx_word' id='word_1_137' title='bbox 3006 805 3203 860; x_wconf 87' lang='lat' dir='ltr'><strong>litteris</strong></span> <span class='ocrx_word' id='word_1_138' title='bbox 3231 804 3298 859; x_wconf 84' lang='lat' dir='ltr'><strong>ad</strong></span> <span class='ocrx_word' id='word_1_139' title='bbox 3325 818 3506 874; x_wconf 87' lang='lat' dir='ltr'><strong>regem</strong></span> <span class='ocrx_word' id='word_1_140' title='bbox 3545 803 3642 858; x_wconf 90' lang='lat' dir='ltr'><strong>di-</strong></span> 
     </span>
    </p>
   </div>
   <div class='ocr_carea' id='block_1_21' title="bbox 2052 895 3644 975">
    <p class='ocr_par' dir='ltr' id='par_1_21' title="bbox 2052 895 3644 975">
     <span class='ocr_line' id='line_1_21' title="bbox 2052 895 3644 975; baseline -0.008 -16"><span class='ocrx_word' id='word_1_141' title='bbox 2052 906 2237 961; x_wconf 90' lang='lat' dir='ltr'><strong>mittit.</strong></span> <span class='ocrx_word' id='word_1_142' title='bbox 2270 903 2406 968; x_wconf 76' lang='lat' dir='ltr'><strong>Rex,</strong></span> <span class='ocrx_word' id='word_1_143' title='bbox 2430 905 2521 975; x_wconf 88' lang='lat' dir='ltr'><strong>qui</strong></span> <span class='ocrx_word' id='word_1_144' title='bbox 2556 911 2817 959; x_wconf 88' lang='lat' dir='ltr'><strong>venturos</strong></span> <span class='ocrx_word' id='word_1_145' title='bbox 2848 898 3221 969; x_wconf 79' lang='lat' dir='ltr'><strong>exspectabat,</strong></span> <span class='ocrx_word' id='word_1_146' title='bbox 3256 895 3474 952; x_wconf 91' lang='lat' dir='ltr'><strong>eosdem</strong></span> <span class='ocrx_word' id='word_1_147' title='bbox 3503 909 3644 963; x_wconf 87' lang='lat' dir='ltr'><strong>per-</strong></span> 
     </span>
    </p>
   </div>
   <div class='ocr_carea' id='block_1_22' title="bbox 2013 987 3643 1066">
    <p class='ocr_par' dir='ltr' id='par_1_22' title="bbox 2013 987 3643 1066">
     <span class='ocr_line' id='line_1_22' title="bbox 2013 987 3643 1066; baseline -0.008 -15"><span class='ocrx_word' id='word_1_148' title='bbox 2013 1022 2019 1033; x_wconf 74' lang='grc' dir='ltr'><strong><em>ι</em></strong></span> <span class='ocrx_word' id='word_1_149' title='bbox 2054 997 2366 1051; x_wconf 85' lang='lat' dir='ltr'><strong>humaniter</strong></span> <span class='ocrx_word' id='word_1_150' title='bbox 2396 996 2629 1066; x_wconf 83' lang='lat' dir='ltr'><strong>excepit,</strong></span> <span class='ocrx_word' id='word_1_151' title='bbox 2652 994 2846 1049; x_wconf 87' lang='lat' dir='ltr'><strong>deinde</strong></span> <span class='ocrx_word' id='word_1_152' title='bbox 2876 992 3149 1050; x_wconf 82' lang='lat' dir='ltr'><strong>exhibitas</strong></span> <span class='ocrx_word' id='word_1_153' title='bbox 3192 989 3296 1045; x_wconf 88' lang='lat' dir='ltr'><strong>sibi</strong></span> <span class='ocrx_word' id='word_1_154' title='bbox 3350 987 3603 1043; x_wconf 88' lang='lat' dir='ltr'><strong>membra</strong></span> <span class='ocrx_word' id='word_1_155' title='bbox 3627 1015 3643 1025; x_wconf 92' lang='lat'><strong>-</strong></span> 
     </span>
    </p>
   </div>
   <div class='ocr_carea' id='block_1_23' title="bbox 2054 1084 3648 1152">
    <p class='ocr_par' dir='ltr' id='par_1_23' title="bbox 2054 1084 3648 1152">
     <span class='ocr_line' id='line_1_23' title="bbox 2054 1084 3648 1152; baseline -0.007 -9"><span class='ocrx_word' id='word_1_156' title='bbox 2054 1106 2153 1145; x_wconf 91' lang='lat' dir='ltr'><strong>nas</strong></span> <span class='ocrx_word' id='word_1_157' title='bbox 2183 1091 2275 1145; x_wconf 91' lang='lat' dir='ltr'><strong>ubi</strong></span> <span class='ocrx_word' id='word_1_158' title='bbox 2310 1090 2396 1143; x_wconf 76' lang='lat' dir='ltr'><strong>lex</strong></span> <span class='ocrx_word' id='word_1_159' title='bbox 2445 1090 2624 1143; x_wconf 90' lang='lat' dir='ltr'><strong>aureis</strong></span> <span class='ocrx_word' id='word_1_160' title='bbox 2654 1086 2851 1142; x_wconf 85' lang='lat' dir='ltr'><strong>litteris</strong></span> <span class='ocrx_word' id='word_1_161' title='bbox 2900 1084 3172 1152; x_wconf 88' lang='lat' dir='ltr'><strong>descripta</strong></span> <span class='ocrx_word' id='word_1_162' title='bbox 3221 1090 3360 1146; x_wconf 83' lang='lat' dir='ltr'><strong>erat,</strong></span> <span class='ocrx_word' id='word_1_163' title='bbox 3404 1093 3648 1133; x_wconf 84' lang='lat' dir='ltr'><strong>venera-</strong></span> 
     </span>
    </p>
   </div>
   <div class='ocr_carea' id='block_1_24' title="bbox 2054 1173 3648 1250">
    <p class='ocr_par' dir='ltr' id='par_1_24' title="bbox 2054 1173 3648 1250">
     <span class='ocr_line' id='line_1_24' title="bbox 2054 1173 3648 1250; baseline -0.007 -14"><span class='ocrx_word' id='word_1_164' title='bbox 2054 1181 2270 1236; x_wconf 89' lang='lat' dir='ltr'><strong>bundus</strong></span> <span class='ocrx_word' id='word_1_165' title='bbox 2299 1181 2500 1250; x_wconf 88' lang='lat' dir='ltr'><strong>septies</strong></span> <span class='ocrx_word' id='word_1_166' title='bbox 2533 1180 2800 1243; x_wconf 88' lang='lat' dir='ltr'><strong>adoravit,</strong></span> <span class='ocrx_word' id='word_1_167' title='bbox 2829 1192 2892 1233; x_wconf 90' lang='lat' dir='ltr'><strong>ac</strong></span> <span class='ocrx_word' id='word_1_168' title='bbox 2925 1191 3036 1247; x_wconf 66' lang='lat' dir='ltr'><strong>pra:</strong></span> <span class='ocrx_word' id='word_1_169' title='bbox 3067 1173 3263 1245; x_wconf 89' lang='lat' dir='ltr'><strong>gaudio</strong></span> <span class='ocrx_word' id='word_1_170' title='bbox 3298 1173 3648 1243; x_wconf 83' lang='lat' dir='ltr'><strong>laerymatus</strong></span> 
     </span>
    </p>
   </div>
   <div class='ocr_carea' id='block_1_25' title="bbox 2054 1264 3641 1342">
    <p class='ocr_par' dir='ltr' id='par_1_25' title="bbox 2054 1264 3641 1342">
     <span class='ocr_line' id='line_1_25' title="bbox 2054 1264 3641 1342; baseline -0.008 -14"><span class='ocrx_word' id='word_1_171' title='bbox 2054 1283 2170 1341; x_wconf 91' lang='lat' dir='ltr'><strong>est;</strong></span> <span class='ocrx_word' id='word_1_172' title='bbox 2205 1280 2261 1327; x_wconf 91' lang='lat' dir='ltr'><strong>et</strong></span> <span class='ocrx_word' id='word_1_173' title='bbox 2286 1273 2416 1342; x_wconf 79' lang='lat' dir='ltr'><strong>quia</strong></span> <span class='ocrx_word' id='word_1_174' title='bbox 2449 1273 2641 1327; x_wconf 84' lang='lat' dir='ltr'><strong>eodem</strong></span> <span class='ocrx_word' id='word_1_175' title='bbox 2673 1281 2916 1340; x_wconf 85' lang='lat' dir='ltr'><strong>tempore</strong></span> <span class='ocrx_word' id='word_1_176' title='bbox 2948 1267 3177 1322; x_wconf 85' lang='lat' dir='ltr'><strong>victoria</strong></span> <span class='ocrx_word' id='word_1_177' title='bbox 3205 1265 3384 1319; x_wconf 87' lang='lat' dir='ltr'><strong>navali</strong></span> <span class='ocrx_word' id='word_1_178' title='bbox 3433 1264 3641 1317; x_wconf 88' lang='lat' dir='ltr'><strong>adver-</strong></span> 
     </span>
    </p>
   </div>
   <div class='ocr_carea' id='block_1_26' title="bbox 2056 1354 3642 1436">
    <p class='ocr_par' dir='ltr' id='par_1_26' title="bbox 2056 1354 3642 1436">
     <span class='ocr_line' id='line_1_26' title="bbox 2056 1354 3642 1436; baseline -0.008 -15"><span class='ocrx_word' id='word_1_179' title='bbox 2056 1382 2151 1421; x_wconf 88' lang='lat' dir='ltr'><strong>sus</strong></span> <span class='ocrx_word' id='word_1_180' title='bbox 2181 1365 2515 1435; x_wconf 81' lang='lat' dir='ltr'><strong>Antigonum</strong></span> <span class='ocrx_word' id='word_1_181' title='bbox 2548 1364 2755 1436; x_wconf 83' lang='lat' dir='ltr'><strong>potitus</strong></span> <span class='ocrx_word' id='word_1_182' title='bbox 2789 1373 2927 1427; x_wconf 90' lang='lat' dir='ltr'><strong>erat,</strong></span> <span class='ocrx_word' id='word_1_183' title='bbox 2979 1377 3103 1415; x_wconf 92' lang='lat' dir='ltr'><strong>eum</strong></span> <span class='ocrx_word' id='word_1_184' title='bbox 3157 1358 3258 1415; x_wconf 90' lang='lat' dir='ltr'><strong>sibi</strong></span> <span class='ocrx_word' id='word_1_185' title='bbox 3304 1357 3446 1412; x_wconf 91' lang='lat' dir='ltr'><strong>diem</strong></span> <span class='ocrx_word' id='word_1_186' title='bbox 3483 1354 3642 1410; x_wconf 88' lang='lat' dir='ltr'><strong>sole-</strong></span> 
     </span>
    </p>
   </div>
   <div class='ocr_carea' id='block_1_27' title="bbox 2056 1449 3644 1527">
    <p class='ocr_par' dir='ltr' id='par_1_27' title="bbox 2056 1449 3644 1527">
     <span class='ocr_line' id='line_1_27' title="bbox 2056 1449 3644 1527; baseline -0.005 -15"><span class='ocrx_word' id='word_1_187' title='bbox 2056 1472 2235 1513; x_wconf 88' lang='lat' dir='ltr'><strong>mnem</strong></span> <span class='ocrx_word' id='word_1_188' title='bbox 2262 1467 2314 1512; x_wconf 89' lang='lat' dir='ltr'><strong>et</strong></span> <span class='ocrx_word' id='word_1_189' title='bbox 2335 1456 2574 1512; x_wconf 86' lang='lat' dir='ltr'><strong>faustum</strong></span> <span class='ocrx_word' id='word_1_190' title='bbox 2605 1455 2898 1527; x_wconf 88' lang='lat' dir='ltr'><strong>quotannis</strong></span> <span class='ocrx_word' id='word_1_191' title='bbox 2922 1453 3039 1509; x_wconf 84' lang='lat' dir='ltr'><strong>fore</strong></span> <span class='ocrx_word' id='word_1_192' title='bbox 3067 1450 3425 1513; x_wconf 84' lang='lat' dir='ltr'><strong>denuntiavit,</strong></span> <span class='ocrx_word' id='word_1_193' title='bbox 3452 1449 3644 1504; x_wconf 86' lang='lat' dir='ltr'><strong>viros-</strong></span> 
     </span>
    </p>
   </div>
   <div class='ocr_carea' id='block_1_28' title="bbox 2058 1542 3642 1623">
    <p class='ocr_par' dir='ltr' id='par_1_28' title="bbox 2058 1542 3642 1623">
     <span class='ocr_line' id='line_1_28' title="bbox 2058 1542 3642 1623; baseline -0.009 -14"><span class='ocrx_word' id='word_1_194' title='bbox 2058 1569 2167 1623; x_wconf 89' lang='lat' dir='ltr'><strong>que</strong></span> <span class='ocrx_word' id='word_1_195' title='bbox 2218 1552 2411 1607; x_wconf 89' lang='lat' dir='ltr'><strong>eodem</strong></span> <span class='ocrx_word' id='word_1_196' title='bbox 2457 1552 2577 1621; x_wconf 91' lang='lat' dir='ltr'><strong>ipso</strong></span> <span class='ocrx_word' id='word_1_197' title='bbox 2631 1549 2719 1605; x_wconf 88' lang='lat' dir='ltr'><strong>die</strong></span> <span class='ocrx_word' id='word_1_198' title='bbox 2761 1549 2829 1603; x_wconf 91' lang='lat' dir='ltr'><strong>ad</strong></span> <span class='ocrx_word' id='word_1_199' title='bbox 2862 1548 3067 1602; x_wconf 87' lang='lat' dir='ltr'><strong>lautam</strong></span> <span class='ocrx_word' id='word_1_200' title='bbox 3099 1560 3309 1600; x_wconf 84' lang='lat' dir='ltr'><strong>coenam</strong></span> <span class='ocrx_word' id='word_1_201' title='bbox 3358 1542 3642 1598; x_wconf 77' lang='lat' dir='ltr'><strong>invitavit.</strong></span> 
     </span>
    </p>
   </div>
   <div class='ocr_carea' id='block_1_29' title="bbox 2058 1634 3642 1701">
    <p class='ocr_par' dir='ltr' id='par_1_29' title="bbox 2058 1634 3642 1701">
     <span class='ocr_line' id='line_1_29' title="bbox 2058 1634 3642 1701; baseline -0.009 0"><span class='ocrx_word' id='word_1_202' title='bbox 2058 1645 2458 1701; x_wconf 83' lang='lat' dir='ltr'><strong>Aceumbentes</strong></span> <span class='ocrx_word' id='word_1_203' title='bbox 2492 1657 2679 1699; x_wconf 88' lang='lat' dir='ltr'><strong>secum</strong></span> <span class='ocrx_word' id='word_1_204' title='bbox 2711 1654 2869 1696; x_wconf 87' lang='lat' dir='ltr'><strong>senes</strong></span> <span class='ocrx_word' id='word_1_205' title='bbox 2910 1638 3076 1692; x_wconf 88' lang='lat' dir='ltr'><strong>variis</strong></span> <span class='ocrx_word' id='word_1_206' title='bbox 3125 1635 3193 1690; x_wconf 88' lang='lat' dir='ltr'><strong>ad</strong></span> <span class='ocrx_word' id='word_1_207' title='bbox 3242 1635 3407 1690; x_wconf 88' lang='lat' dir='ltr'><strong>vitam</strong></span> <span class='ocrx_word' id='word_1_208' title='bbox 3473 1634 3642 1688; x_wconf 82' lang='lat' dir='ltr'><strong>iusti—</strong></span> 
     </span>
    </p>
   </div>
   <div class='ocr_carea' id='block_1_30' title="bbox 2060 1724 3642 1805">
    <p class='ocr_par' dir='ltr' id='par_1_30' title="bbox 2060 1724 3642 1805">
     <span class='ocr_line' id='line_1_30' title="bbox 2060 1724 3642 1805; baseline -0.011 -11"><span class='ocrx_word' id='word_1_209' title='bbox 2060 1739 2320 1794; x_wconf 88' lang='lat' dir='ltr'><strong>tuendam</strong></span> <span class='ocrx_word' id='word_1_210' title='bbox 2389 1748 2728 1805; x_wconf 79' lang='lat' dir='ltr'><strong>regnumque</strong></span> <span class='ocrx_word' id='word_1_211' title='bbox 2795 1728 3186 1785; x_wconf 86' lang='lat' dir='ltr'><strong>moderandum</strong></span> <span class='ocrx_word' id='word_1_212' title='bbox 3238 1724 3642 1798; x_wconf 81' lang='lat' dir='ltr'><strong>quaestionibus</strong></span> 
     </span>
    </p>
   </div>
   <div class='ocr_carea' id='block_1_31' title="bbox 376 1813 3643 1903">
    <p class='ocr_par' dir='ltr' id='par_1_31' title="bbox 376 1813 3643 1903">
     <span class='ocr_line' id='line_1_31' title="bbox 376 1813 3643 1903; baseline -0.005 -29"><span class='ocrx_word' id='word_1_213' title='bbox 376 1829 534 1875; x_wconf 88' lang='lat' dir='ltr'><strong>erant</strong></span> <span class='ocrx_word' id='word_1_214' title='bbox 570 1830 974 1890; x_wconf 87' lang='lat' dir='ltr'><strong>assequeretur.</strong></span> <span class='ocrx_word' id='word_1_215' title='bbox 1002 1819 1140 1875; x_wconf 91' lang='lat' dir='ltr'><strong>Tum</strong></span> <span class='ocrx_word' id='word_1_216' title='bbox 1171 1822 1414 1876; x_wconf 84' lang='lat' dir='ltr'><strong>Aristeas</strong></span> <span class='ocrx_word' id='word_1_217' title='bbox 1438 1836 1502 1875; x_wconf 89' lang='lat' dir='ltr'><strong>ea</strong></span> <span class='ocrx_word' id='word_1_218' title='bbox 1528 1821 1596 1875; x_wconf 88' lang='lat' dir='ltr'><strong>de</strong></span> <span class='ocrx_word' id='word_1_219' title='bbox 1621 1819 1821 1891; x_wconf 88' lang='lat' dir='ltr'><strong>quibus</strong></span> <span class='ocrx_word' id='word_1_220' title='bbox 1840 1819 1953 1889; x_wconf 90' lang='lat' dir='ltr'><strong>jam</strong></span> <span class='ocrx_word' id='word_1_221' title='bbox 1991 1813 2031 1868; x_wconf 84' lang='grc' dir='ltr'><strong>Β</strong></span> <span class='ocrx_word' id='word_1_222' title='bbox 2058 1837 2338 1903; x_wconf 60' lang='lat' dir='ltr'><strong>provocat,</strong></span> <span class='ocrx_word' id='word_1_223' title='bbox 2368 1842 2601 1899; x_wconf 65' lang='lat' dir='ltr'><strong>quam“,</strong></span> <span class='ocrx_word' id='word_1_224' title='bbox 2624 1824 2854 1896; x_wconf 62' lang='lat' dir='ltr'><strong>singulis</strong></span> <span class='ocrx_word' id='word_1_225' title='bbox 2880 1839 3039 1879; x_wconf 71' lang='lat' dir='ltr'><strong>senes</strong></span> <span class='ocrx_word' id='word_1_226' title='bbox 3060 1837 3153 1892; x_wconf 66' lang='lat' dir='ltr'><strong>per</strong></span> <span class='ocrx_word' id='word_1_227' title='bbox 3184 1819 3432 1874; x_wconf 64' lang='lat' dir='ltr'><strong>ordinem</strong></span> <span class='ocrx_word' id='word_1_228' title='bbox 3463 1817 3643 1872; x_wconf 53' lang='lat' dir='ltr'><strong>inter.</strong></span> 
     </span>
    </p>
   </div>
   <div class='ocr_carea' id='block_1_32' title="bbox 377 1911 1959 1983">
    <p class='ocr_par' dir='ltr' id='par_1_32' title="bbox 377 1911 1959 1983">
     <span class='ocr_line' id='line_1_32' title="bbox 377 1911 1959 1983; baseline 0 -17"><span class='ocrx_word' id='word_1_229' title='bbox 377 1911 656 1969; x_wconf 89' lang='lat' dir='ltr'><strong>Sosibium</strong></span> <span class='ocrx_word' id='word_1_230' title='bbox 686 1911 1040 1968; x_wconf 89' lang='lat' dir='ltr'><strong>Tarentinum</strong></span> <span class='ocrx_word' id='word_1_231' title='bbox 1069 1921 1125 1969; x_wconf 93' lang='lat' dir='ltr'><strong>et</strong></span> <span class='ocrx_word' id='word_1_232' title='bbox 1151 1912 1421 1967; x_wconf 84' lang='lat' dir='ltr'><strong>Andream</strong></span> <span class='ocrx_word' id='word_1_233' title='bbox 1471 1913 1744 1983; x_wconf 78' lang='lat' dir='ltr'><strong>regiorum</strong></span> <span class='ocrx_word' id='word_1_234' title='bbox 1774 1922 1959 1967; x_wconf 82' lang='lat' dir='ltr'><strong>custo-</strong></span> 
     </span>
    </p>
   </div>
   <div class='ocr_carea' id='block_1_33' title="bbox 375 2004 1956 2077">
    <p class='ocr_par' dir='ltr' id='par_1_33' title="bbox 375 2004 1956 2077">
     <span class='ocr_line' id='line_1_33' title="bbox 375 2004 1956 2077; baseline -0.002 -16"><span class='ocrx_word' id='word_1_235' title='bbox 375 2006 506 2061; x_wconf 89' lang='lat' dir='ltr'><strong>dum</strong></span> <span class='ocrx_word' id='word_1_236' title='bbox 539 2006 813 2077; x_wconf 89' lang='lat' dir='ltr'><strong>principes</strong></span> <span class='ocrx_word' id='word_1_237' title='bbox 838 2006 1109 2062; x_wconf 89' lang='lat' dir='ltr'><strong>allocutus</strong></span> <span class='ocrx_word' id='word_1_238' title='bbox 1157 2021 1299 2076; x_wconf 66' lang='lat' dir='ltr'><strong>saepe</strong></span> <span class='ocrx_word' id='word_1_239' title='bbox 1334 2004 1554 2071; x_wconf 91' lang='lat' dir='ltr'><strong>fuerat,</strong></span> <span class='ocrx_word' id='word_1_240' title='bbox 1587 2005 1703 2077; x_wconf 87' lang='lat' dir='ltr'><strong>regi</strong></span> <span class='ocrx_word' id='word_1_241' title='bbox 1741 2005 1956 2075; x_wconf 90' lang='lat' dir='ltr'><strong>aperit;</strong></span> 
     </span>
    </p>
   </div>
   <div class='ocr_carea' id='block_1_34' title="bbox 376 2098 1955 2168">
    <p class='ocr_par' dir='ltr' id='par_1_34' title="bbox 376 2098 1955 2168">
     <span class='ocr_line' id='line_1_34' title="bbox 376 2098 1955 2168; baseline -0.001 -16"><span class='ocrx_word' id='word_1_242' title='bbox 376 2098 639 2152; x_wconf 87' lang='lat' dir='ltr'><strong>nimirum</strong></span> <span class='ocrx_word' id='word_1_243' title='bbox 670 2114 772 2168; x_wconf 90' lang='lat' dir='ltr'><strong>par</strong></span> <span class='ocrx_word' id='word_1_244' title='bbox 802 2114 924 2153; x_wconf 88' lang='lat' dir='ltr'><strong>esse</strong></span> <span class='ocrx_word' id='word_1_245' title='bbox 952 2107 1013 2153; x_wconf 90' lang='lat' dir='ltr'><strong>ut</strong></span> <span class='ocrx_word' id='word_1_246' title='bbox 1034 2098 1306 2153; x_wconf 89' lang='lat' dir='ltr'><strong>missurus</strong></span> <span class='ocrx_word' id='word_1_247' title='bbox 1339 2098 1406 2152; x_wconf 91' lang='lat' dir='ltr'><strong>ad</strong></span> <span class='ocrx_word' id='word_1_248' title='bbox 1429 2112 1707 2152; x_wconf 90' lang='lat' dir='ltr'><strong>summum</strong></span> <span class='ocrx_word' id='word_1_249' title='bbox 1730 2098 1955 2167; x_wconf 84' lang='lat' dir='ltr'><strong>pontiﬁ—</strong></span> 
     </span>
    </p>
   </div>
   <div class='ocr_carea' id='block_1_35' title="bbox 376 2187 1961 2261">
    <p class='ocr_par' dir='ltr' id='par_1_35' title="bbox 376 2187 1961 2261">
     <span class='ocr_line' id='line_1_35' title="bbox 376 2187 1961 2261; baseline 0.001 -18"><span class='ocrx_word' id='word_1_250' title='bbox 376 2205 496 2243; x_wconf 89' lang='lat' dir='ltr'><strong>cem</strong></span> <span class='ocrx_word' id='word_1_251' title='bbox 522 2190 732 2261; x_wconf 89' lang='lat' dir='ltr'><strong>legatos</strong></span> <span class='ocrx_word' id='word_1_252' title='bbox 764 2189 856 2259; x_wconf 87' lang='lat' dir='ltr'><strong>qui</strong></span> <span class='ocrx_word' id='word_1_253' title='bbox 884 2188 1197 2245; x_wconf 67' lang='lat' dir='ltr'><strong>Iudaeorum</strong></span> <span class='ocrx_word' id='word_1_254' title='bbox 1233 2190 1404 2245; x_wconf 90' lang='lat' dir='ltr'><strong>libros</strong></span> <span class='ocrx_word' id='word_1_255' title='bbox 1425 2189 1703 2256; x_wconf 74' lang='lat' dir='ltr'><strong>afferrent,</strong></span> <span class='ocrx_word' id='word_1_256' title='bbox 1740 2187 1961 2245; x_wconf 77' lang='lat' dir='ltr'><strong>Judzeos</strong></span> 
     </span>
    </p>
   </div>
   <div class='ocr_carea' id='block_1_36' title="bbox 378 2277 1961 2350">
    <p class='ocr_par' dir='ltr' id='par_1_36' title="bbox 378 2277 1961 2350">
     <span class='ocr_line' id='line_1_36' title="bbox 378 2277 1961 2350; baseline -0.003 -15"><span class='ocrx_word' id='word_1_257' title='bbox 378 2295 592 2345; x_wconf 90' lang='lat' dir='ltr'><strong>omnes,</strong></span> <span class='ocrx_word' id='word_1_258' title='bbox 618 2281 711 2349; x_wconf 89' lang='lat' dir='ltr'><strong>qui</strong></span> <span class='ocrx_word' id='word_1_259' title='bbox 753 2296 784 2335; x_wconf 87' lang='lat' dir='ltr'><strong>a</strong></span> <span class='ocrx_word' id='word_1_260' title='bbox 836 2290 991 2348; x_wconf 85' lang='lat' dir='ltr'><strong>patre</strong></span> <span class='ocrx_word' id='word_1_261' title='bbox 1022 2279 1194 2350; x_wconf 89' lang='lat' dir='ltr'><strong>ipsius</strong></span> <span class='ocrx_word' id='word_1_262' title='bbox 1221 2279 1277 2333; x_wconf 90' lang='lat' dir='ltr'><strong>in</strong></span> <span class='ocrx_word' id='word_1_263' title='bbox 1316 2279 1685 2349; x_wconf 88' lang='lat' dir='ltr'><strong>captivitatem</strong></span> <span class='ocrx_word' id='word_1_264' title='bbox 1743 2277 1961 2332; x_wconf 91' lang='lat' dir='ltr'><strong>abducti</strong></span> 
     </span>
    </p>
   </div>
   <div class='ocr_carea' id='block_1_37' title="bbox 379 2369 1963 2441">
    <p class='ocr_par' dir='ltr' id='par_1_37' title="bbox 379 2369 1963 2441">
     <span class='ocr_line' id='line_1_37' title="bbox 379 2369 1963 2441; baseline -0.001 -15"><span class='ocrx_word' id='word_1_265' title='bbox 379 2370 638 2436; x_wconf 83' lang='lat' dir='ltr'><strong>fuerant,</strong></span> <span class='ocrx_word' id='word_1_266' title='bbox 684 2373 888 2429; x_wconf 89' lang='lat' dir='ltr'><strong>liberos</strong></span> <span class='ocrx_word' id='word_1_267' title='bbox 935 2372 1181 2428; x_wconf 82' lang='lat' dir='ltr'><strong>remittat</strong></span> <span class='ocrx_word' id='word_1_268' title='bbox 1210 2370 1266 2425; x_wconf 94' lang='lat' dir='ltr'><strong>in</strong></span> <span class='ocrx_word' id='word_1_269' title='bbox 1299 2370 1556 2441; x_wconf 89' lang='lat' dir='ltr'><strong>patriam.</strong></span> <span class='ocrx_word' id='word_1_270' title='bbox 1601 2369 1963 2425; x_wconf 88' lang='lat' dir='ltr'><strong>Percontatus</strong></span> 
     </span>
    </p>
   </div>
   <div class='ocr_carea' id='block_1_38' title="bbox 380 2460 1966 2535">
    <p class='ocr_par' dir='ltr' id='par_1_38' title="bbox 380 2460 1966 2535">
     <span class='ocr_line' id='line_1_38' title="bbox 380 2460 1966 2535; baseline -0.003 -16"><span class='ocrx_word' id='word_1_271' title='bbox 380 2480 477 2519; x_wconf 82' lang='lat' dir='ltr'><strong>rex</strong></span> <span class='ocrx_word' id='word_1_272' title='bbox 512 2474 645 2535; x_wconf 93' lang='lat' dir='ltr'><strong>quot</strong></span> <span class='ocrx_word' id='word_1_273' title='bbox 668 2464 981 2520; x_wconf 70' lang='lat' dir='ltr'><strong>Iudaeorum</strong></span> <span class='ocrx_word' id='word_1_274' title='bbox 1018 2464 1189 2519; x_wconf 90' lang='lat' dir='ltr'><strong>millia</strong></span> <span class='ocrx_word' id='word_1_275' title='bbox 1217 2463 1271 2518; x_wconf 91' lang='lat' dir='ltr'><strong>in</strong></span> <span class='ocrx_word' id='word_1_276' title='bbox 1312 2461 1549 2535; x_wconf 66' lang='lat' dir='ltr'><strong>Egypto</strong></span> <span class='ocrx_word' id='word_1_277' title='bbox 1588 2461 1838 2518; x_wconf 81' lang='lat' dir='ltr'><strong>servituti</strong></span> <span class='ocrx_word' id='word_1_278' title='bbox 1869 2460 1966 2515; x_wconf 83' lang='lat' dir='ltr'><strong>ad-</strong></span> 
     </span>
    </p>
   </div>
   <div class='ocr_carea' id='block_1_39' title="bbox 382 2552 1964 2627">
    <p class='ocr_par' dir='ltr' id='par_1_39' title="bbox 382 2552 1964 2627">
     <span class='ocr_line' id='line_1_39' title="bbox 382 2552 1964 2627; baseline -0.003 -15"><span class='ocrx_word' id='word_1_279' title='bbox 382 2556 525 2612; x_wconf 88' lang='lat' dir='ltr'><strong>dicta</strong></span> <span class='ocrx_word' id='word_1_280' title='bbox 558 2565 777 2622; x_wconf 85' lang='lat' dir='ltr'><strong>essent,</strong></span> <span class='ocrx_word' id='word_1_281' title='bbox 832 2557 958 2627; x_wconf 90' lang='lat' dir='ltr'><strong>plus</strong></span> <span class='ocrx_word' id='word_1_282' title='bbox 1014 2572 1178 2627; x_wconf 91' lang='lat' dir='ltr'><strong>quam</strong></span> <span class='ocrx_word' id='word_1_283' title='bbox 1207 2563 1425 2611; x_wconf 82' lang='lat' dir='ltr'><strong>centum</strong></span> <span class='ocrx_word' id='word_1_284' title='bbox 1455 2554 1623 2609; x_wconf 89' lang='lat' dir='ltr'><strong>millia</strong></span> <span class='ocrx_word' id='word_1_285' title='bbox 1656 2569 1799 2621; x_wconf 91' lang='lat' dir='ltr'><strong>esse,</strong></span> <span class='ocrx_word' id='word_1_286' title='bbox 1824 2552 1964 2608; x_wconf 80' lang='lat' dir='ltr'><strong>refe-</strong></span> 
     </span>
    </p>
   </div>
   <div class='ocr_carea' id='block_1_40' title="bbox 380 2648 1966 2716">
    <p class='ocr_par' dir='ltr' id='par_1_40' title="bbox 380 2648 1966 2716">
     <span class='ocr_line' id='line_1_40' title="bbox 380 2648 1966 2716; baseline -0.004 -8"><span class='ocrx_word' id='word_1_287' title='bbox 380 2666 536 2708; x_wconf 82' lang='lat' dir='ltr'><strong>rente</strong></span> <span class='ocrx_word' id='word_1_288' title='bbox 560 2654 797 2716; x_wconf 84' lang='lat' dir='ltr'><strong>Andrea,</strong></span> <span class='ocrx_word' id='word_1_289' title='bbox 823 2651 1050 2706; x_wconf 85' lang='lat' dir='ltr'><strong>audivit.</strong></span> <span class='ocrx_word' id='word_1_290' title='bbox 1085 2649 1224 2705; x_wconf 85' lang='lat' dir='ltr'><strong>Hinc</strong></span> <span class='ocrx_word' id='word_1_291' title='bbox 1252 2664 1519 2704; x_wconf 83' lang='lat' dir='ltr'><strong>converso</strong></span> <span class='ocrx_word' id='word_1_292' title='bbox 1550 2649 1606 2703; x_wconf 88' lang='lat' dir='ltr'><strong>in</strong></span> <span class='ocrx_word' id='word_1_293' title='bbox 1633 2648 1966 2703; x_wconf 86' lang='lat' dir='ltr'><strong>hilaritatem</strong></span> 
     </span>
    </p>
   </div>
   <div class='ocr_carea' id='block_1_41' title="bbox 380 2740 1966 2814">
    <p class='ocr_par' dir='ltr' id='par_1_41' title="bbox 380 2740 1966 2814">
     <span class='ocr_line' id='line_1_41' title="bbox 380 2740 1966 2814; baseline -0.003 -15"><span class='ocrx_word' id='word_1_294' title='bbox 380 2744 541 2799; x_wconf 85' lang='lat' dir='ltr'><strong>vultu</strong></span> <span class='ocrx_word' id='word_1_295' title='bbox 564 2760 662 2799; x_wconf 81' lang='lat' dir='ltr'><strong>rex</strong></span> <span class='ocrx_word' id='word_1_296' title='bbox 691 2745 857 2814; x_wconf 89' lang='lat' dir='ltr'><strong>jussit</strong></span> <span class='ocrx_word' id='word_1_297' title='bbox 881 2744 1082 2798; x_wconf 92' lang='lat' dir='ltr'><strong>liberos</strong></span> <span class='ocrx_word' id='word_1_298' title='bbox 1109 2742 1310 2797; x_wconf 87' lang='lat' dir='ltr'><strong>dimitti</strong></span> <span class='ocrx_word' id='word_1_299' title='bbox 1360 2740 1578 2797; x_wconf 67' lang='lat' dir='ltr'><strong>Judaeos</strong></span> <span class='ocrx_word' id='word_1_300' title='bbox 1606 2756 1818 2807; x_wconf 87' lang='lat' dir='ltr'><strong>omnes,</strong></span> <span class='ocrx_word' id='word_1_301' title='bbox 1851 2749 1966 2794; x_wconf 89' lang='lat' dir='ltr'><strong>tum</strong></span> 
     </span>
    </p>
   </div>
   <div class='ocr_carea' id='block_1_42' title="bbox 384 2834 1971 2906">
    <p class='ocr_par' dir='ltr' id='par_1_42' title="bbox 384 2834 1971 2906">
     <span class='ocr_line' id='line_1_42' title="bbox 384 2834 1971 2906; baseline -0.003 -15"><span class='ocrx_word' id='word_1_302' title='bbox 384 2850 485 2891; x_wconf 91' lang='lat' dir='ltr'><strong>eos</strong></span> <span class='ocrx_word' id='word_1_303' title='bbox 508 2836 603 2906; x_wconf 88' lang='lat' dir='ltr'><strong>qui</strong></span> <span class='ocrx_word' id='word_1_304' title='bbox 636 2851 667 2890; x_wconf 92' lang='lat' dir='ltr'><strong>a</strong></span> <span class='ocrx_word' id='word_1_305' title='bbox 705 2844 861 2906; x_wconf 87' lang='lat' dir='ltr'><strong>patre</strong></span> <span class='ocrx_word' id='word_1_306' title='bbox 894 2836 1104 2905; x_wconf 91' lang='lat' dir='ltr'><strong>ipsius,</strong></span> <span class='ocrx_word' id='word_1_307' title='bbox 1147 2845 1264 2890; x_wconf 91' lang='lat' dir='ltr'><strong>tum</strong></span> <span class='ocrx_word' id='word_1_308' title='bbox 1297 2836 1460 2890; x_wconf 87' lang='lat' dir='ltr'><strong>etiam</strong></span> <span class='ocrx_word' id='word_1_309' title='bbox 1495 2835 1631 2890; x_wconf 90' lang='lat' dir='ltr'><strong>alios</strong></span> <span class='ocrx_word' id='word_1_310' title='bbox 1660 2834 1753 2904; x_wconf 91' lang='lat' dir='ltr'><strong>qui</strong></span> <span class='ocrx_word' id='word_1_311' title='bbox 1808 2843 1971 2889; x_wconf 85' lang='lat' dir='ltr'><strong>antea</strong></span> 
     </span>
    </p>
   </div>
   <div class='ocr_carea' id='block_1_43' title="bbox 382 2925 1969 2998">
    <p class='ocr_par' dir='ltr' id='par_1_43' title="bbox 382 2925 1969 2998">
     <span class='ocr_line' id='line_1_43' title="bbox 382 2925 1969 2998; baseline -0.001 -16"><span class='ocrx_word' id='word_1_312' title='bbox 382 2928 439 2983; x_wconf 83' lang='lat' dir='ltr'><strong>in</strong></span> <span class='ocrx_word' id='word_1_313' title='bbox 464 2927 779 2991; x_wconf 82' lang='lat' dir='ltr'><strong>servitutem</strong></span> <span class='ocrx_word' id='word_1_314' title='bbox 809 2927 1029 2982; x_wconf 92' lang='lat' dir='ltr'><strong>abducti</strong></span> <span class='ocrx_word' id='word_1_315' title='bbox 1045 2925 1280 2994; x_wconf 85' lang='lat' dir='ltr'><strong>fuerant,</strong></span> <span class='ocrx_word' id='word_1_316' title='bbox 1311 2926 1560 2998; x_wconf 87' lang='lat' dir='ltr'><strong>tradique</strong></span> <span class='ocrx_word' id='word_1_317' title='bbox 1585 2925 1842 2992; x_wconf 83' lang='lat' dir='ltr'><strong>dominis,</strong></span> <span class='ocrx_word' id='word_1_318' title='bbox 1872 2926 1969 2996; x_wconf 92' lang='lat' dir='ltr'><strong>qui</strong></span> 
     </span>
    </p>
   </div>
   <div class='ocr_carea' id='block_1_44' title="bbox 382 3017 1969 3090">
    <p class='ocr_par' dir='ltr' id='par_1_44' title="bbox 382 3017 1969 3090">
     <span class='ocr_line' id='line_1_44' title="bbox 382 3017 1969 3090; baseline -0.001 -17"><span class='ocrx_word' id='word_1_319' title='bbox 382 3019 701 3090; x_wconf 85' lang='lat' dir='ltr'><strong>hujusmodi</strong></span> <span class='ocrx_word' id='word_1_320' title='bbox 733 3017 1007 3074; x_wconf 82' lang='lat' dir='ltr'><strong>famulitio</strong></span> <span class='ocrx_word' id='word_1_321' title='bbox 1047 3020 1359 3084; x_wconf 85' lang='lat' dir='ltr'><strong>utebantur,</strong></span> <span class='ocrx_word' id='word_1_322' title='bbox 1394 3034 1493 3090; x_wconf 91' lang='lat' dir='ltr'><strong>pro</strong></span> <span class='ocrx_word' id='word_1_323' title='bbox 1515 3018 1747 3090; x_wconf 83' lang='lat' dir='ltr'><strong>singulis</strong></span> <span class='ocrx_word' id='word_1_324' title='bbox 1772 3019 1969 3089; x_wconf 81' lang='lat' dir='ltr'><strong>capiti-</strong></span> 
     </span>
    </p>
   </div>
   <div class='ocr_carea' id='block_1_45' title="bbox 381 3107 1968 3181">
    <p class='ocr_par' dir='ltr' id='par_1_45' title="bbox 381 3107 1968 3181">
     <span class='ocr_line' id='line_1_45' title="bbox 381 3107 1968 3181; baseline 0.001 -15"><span class='ocrx_word' id='word_1_325' title='bbox 381 3109 491 3166; x_wconf 82' lang='lat' dir='ltr'><strong>bus</strong></span> <span class='ocrx_word' id='word_1_326' title='bbox 521 3109 709 3180; x_wconf 85' lang='lat' dir='ltr'><strong>viginti</strong></span> <span class='ocrx_word' id='word_1_327' title='bbox 744 3109 1057 3164; x_wconf 81' lang='lat' dir='ltr'><strong>draclrmas.</strong></span> <span class='ocrx_word' id='word_1_328' title='bbox 1093 3107 1319 3165; x_wconf 88' lang='lat' dir='ltr'><strong>Summa</strong></span> <span class='ocrx_word' id='word_1_329' title='bbox 1343 3125 1508 3181; x_wconf 89' lang='lat' dir='ltr'><strong>porro</strong></span> <span class='ocrx_word' id='word_1_330' title='bbox 1534 3110 1672 3180; x_wconf 89' lang='lat' dir='ltr'><strong>regii</strong></span> <span class='ocrx_word' id='word_1_331' title='bbox 1720 3111 1968 3167; x_wconf 80' lang='lat' dir='ltr'><strong>muneris</strong></span> 
     </span>
    </p>
   </div>
   <div class='ocr_carea' id='block_1_46' title="bbox 382 3200 1198 3257">
    <p class='ocr_par' dir='ltr' id='par_1_46' title="bbox 382 3200 1198 3257">
     <span class='ocr_line' id='line_1_46' title="bbox 382 3200 1198 3257; baseline 0.004 -2"><span class='ocrx_word' id='word_1_332' title='bbox 382 3200 485 3256; x_wconf 78' lang='lat' dir='ltr'><strong>fuit</strong></span> <span class='ocrx_word' id='word_1_333' title='bbox 515 3201 621 3256; x_wconf 84' lang='lat'><strong>660</strong></span> <span class='ocrx_word' id='word_1_334' title='bbox 651 3201 994 3257; x_wconf 87' lang='lat' dir='ltr'><strong>talentorum.</strong></span> <span class='ocrx_word' id='word_1_335' title='bbox 1194 3217 1198 3219; x_wconf 74' lang='lat'><em>‘</em></span> 
     </span>
    </p>
   </div>
   <div class='ocr_carea' id='block_1_47' title="bbox 459 3293 1967 3368">
    <p class='ocr_par' dir='ltr' id='par_1_47' title="bbox 459 3293 1967 3368">
     <span class='ocr_line' id='line_1_47' title="bbox 459 3293 1967 3368; baseline 0.002 -20"><span class='ocrx_word' id='word_1_336' title='bbox 459 3293 766 3350; x_wconf 87' lang='lat' dir='ltr'><strong>Demetrius</strong></span> <span class='ocrx_word' id='word_1_337' title='bbox 787 3293 1083 3351; x_wconf 89' lang='lat' dir='ltr'><strong>Phalereus</strong></span> <span class='ocrx_word' id='word_1_338' title='bbox 1098 3304 1286 3366; x_wconf 90' lang='lat' dir='ltr'><strong>postea</strong></span> <span class='ocrx_word' id='word_1_339' title='bbox 1315 3296 1557 3352; x_wconf 85' lang='lat' dir='ltr'><strong>libellum</strong></span> <span class='ocrx_word' id='word_1_340' title='bbox 1582 3301 1676 3352; x_wconf 90' lang='lat' dir='ltr'><strong>dat</strong></span> <span class='ocrx_word' id='word_1_341' title='bbox 1700 3296 1835 3368; x_wconf 88' lang='lat' dir='ltr'><strong>regi,</strong></span> <span class='ocrx_word' id='word_1_342' title='bbox 1852 3311 1967 3366; x_wconf 89' lang='lat' dir='ltr'><strong>quo</strong></span> 
     </span>
    </p>
   </div>
   <div class='ocr_carea' id='block_1_48' title="bbox 386 3387 1993 3458">
    <p class='ocr_par' dir='ltr' id='par_1_48' title="bbox 386 3387 1993 3458">
     <span class='ocr_line' id='line_1_48' title="bbox 386 3387 1993 3458; baseline 0.001 -15"><span class='ocrx_word' id='word_1_343' title='bbox 386 3396 582 3443; x_wconf 80' lang='lat' dir='ltr'><strong>auctor</strong></span> <span class='ocrx_word' id='word_1_344' title='bbox 612 3397 695 3444; x_wconf 88' lang='lat' dir='ltr'><strong>est</strong></span> <span class='ocrx_word' id='word_1_345' title='bbox 725 3395 784 3442; x_wconf 90' lang='lat' dir='ltr'><strong>ut</strong></span> <span class='ocrx_word' id='word_1_346' title='bbox 817 3397 964 3458; x_wconf 88' lang='lat' dir='ltr'><strong>petat</strong></span> <span class='ocrx_word' id='word_1_347' title='bbox 996 3403 1029 3444; x_wconf 84' lang='lat' dir='ltr'><strong>a</strong></span> <span class='ocrx_word' id='word_1_348' title='bbox 1058 3404 1276 3445; x_wconf 91' lang='lat' dir='ltr'><strong>summo</strong></span> <span class='ocrx_word' id='word_1_349' title='bbox 1330 3387 1645 3446; x_wconf 67' lang='lat' dir='ltr'><strong>Iudaeorum</strong></span> <span class='ocrx_word' id='word_1_350' title='bbox 1680 3391 1993 3446; x_wconf 72' lang='lat' dir='ltr'><strong>sacerdote-</strong></span> 
     </span>
    </p>
   </div>
   <div class='ocr_carea' id='block_1_49' title="bbox 386 3477 1964 3549">
    <p class='ocr_par' dir='ltr' id='par_1_49' title="bbox 386 3477 1964 3549">
     <span class='ocr_line' id='line_1_49' title="bbox 386 3477 1964 3549; baseline 0.001 -18"><span class='ocrx_word' id='word_1_351' title='bbox 386 3477 648 3533; x_wconf 84' lang='lat' dir='ltr'><strong>Eleazaro</strong></span> <span class='ocrx_word' id='word_1_352' title='bbox 681 3494 776 3534; x_wconf 79' lang='lat' dir='ltr'><strong>sex</strong></span> <span class='ocrx_word' id='word_1_353' title='bbox 804 3494 872 3533; x_wconf 76' lang='lat' dir='ltr'><strong>ex</strong></span> <span class='ocrx_word' id='word_1_354' title='bbox 900 3494 1119 3549; x_wconf 90' lang='lat' dir='ltr'><strong>quaque</strong></span> <span class='ocrx_word' id='word_1_355' title='bbox 1146 3479 1292 3534; x_wconf 89' lang='lat' dir='ltr'><strong>tribu</strong></span> <span class='ocrx_word' id='word_1_356' title='bbox 1336 3495 1518 3546; x_wconf 90' lang='lat' dir='ltr'><strong>senes,</strong></span> <span class='ocrx_word' id='word_1_357' title='bbox 1552 3480 1839 3535; x_wconf 87' lang='lat' dir='ltr'><strong>honestate</strong></span> <span class='ocrx_word' id='word_1_358' title='bbox 1881 3479 1964 3535; x_wconf 88' lang='lat' dir='ltr'><strong>vi-</strong></span> 
     </span>
    </p>
   </div>
   <div class='ocr_carea' id='block_1_50' title="bbox 386 3570 1966 3642">
    <p class='ocr_par' dir='ltr' id='par_1_50' title="bbox 386 3570 1966 3642">
     <span class='ocr_line' id='line_1_50' title="bbox 386 3570 1966 3642; baseline 0.001 -17"><span class='ocrx_word' id='word_1_359' title='bbox 386 3578 457 3625; x_wconf 72' lang='lat' dir='ltr'><strong>ta:</strong></span> <span class='ocrx_word' id='word_1_360' title='bbox 490 3580 545 3625; x_wconf 90' lang='lat' dir='ltr'><strong>et</strong></span> <span class='ocrx_word' id='word_1_361' title='bbox 566 3570 760 3641; x_wconf 85' lang='lat' dir='ltr'><strong>peritia</strong></span> <span class='ocrx_word' id='word_1_362' title='bbox 786 3571 961 3642; x_wconf 85' lang='lat' dir='ltr'><strong>legum</strong></span> <span class='ocrx_word' id='word_1_363' title='bbox 991 3579 1330 3642; x_wconf 80' lang='lat' dir='ltr'><strong>praestantes,</strong></span> <span class='ocrx_word' id='word_1_364' title='bbox 1358 3579 1420 3626; x_wconf 91' lang='lat' dir='ltr'><strong>ut</strong></span> <span class='ocrx_word' id='word_1_365' title='bbox 1442 3571 1680 3642; x_wconf 89' lang='lat' dir='ltr'><strong>plurium</strong></span> <span class='ocrx_word' id='word_1_366' title='bbox 1703 3572 1966 3641; x_wconf 87' lang='lat' dir='ltr'><strong>interpre-</strong></span> 
     </span>
    </p>
   </div>
   <div class='ocr_carea' id='block_1_51' title="bbox 390 3662 1965 3733">
    <p class='ocr_par' dir='ltr' id='par_1_51' title="bbox 390 3662 1965 3733">
     <span class='ocr_line' id='line_1_51' title="bbox 390 3662 1965 3733; baseline 0.001 -17"><span class='ocrx_word' id='word_1_367' title='bbox 390 3662 528 3717; x_wconf 87' lang='lat' dir='ltr'><strong>tatio</strong></span> <span class='ocrx_word' id='word_1_368' title='bbox 550 3663 656 3718; x_wconf 87' lang='lat' dir='ltr'><strong>fide</strong></span> <span class='ocrx_word' id='word_1_369' title='bbox 685 3662 901 3733; x_wconf 80' lang='lat' dir='ltr'><strong>dignior</strong></span> <span class='ocrx_word' id='word_1_370' title='bbox 929 3663 1218 3719; x_wconf 88' lang='lat' dir='ltr'><strong>habeatur.</strong></span> <span class='ocrx_word' id='word_1_371' title='bbox 1252 3663 1366 3719; x_wconf 82' lang='lat' dir='ltr'><strong>Rex</strong></span> <span class='ocrx_word' id='word_1_372' title='bbox 1390 3672 1639 3719; x_wconf 89' lang='lat' dir='ltr'><strong>oratores</strong></span> <span class='ocrx_word' id='word_1_373' title='bbox 1665 3662 1832 3717; x_wconf 90' lang='lat' dir='ltr'><strong>mittit</strong></span> <span class='ocrx_word' id='word_1_374' title='bbox 1853 3663 1965 3717; x_wconf 84' lang='lat' dir='ltr'><strong>An-</strong></span> 
     </span>
    </p>
   </div>
   <div class='ocr_carea' id='block_1_52' title="bbox 389 3751 1968 3823">
    <p class='ocr_par' dir='ltr' id='par_1_52' title="bbox 389 3751 1968 3823">
     <span class='ocr_line' id='line_1_52' title="bbox 389 3751 1968 3823; baseline 0.001 -16"><span class='ocrx_word' id='word_1_375' title='bbox 389 3752 578 3808; x_wconf 84' lang='lat' dir='ltr'><strong>dream</strong></span> <span class='ocrx_word' id='word_1_376' title='bbox 613 3761 669 3808; x_wconf 90' lang='lat' dir='ltr'><strong>et</strong></span> <span class='ocrx_word' id='word_1_377' title='bbox 696 3753 966 3808; x_wconf 82' lang='lat' dir='ltr'><strong>Aristeam</strong></span> <span class='ocrx_word' id='word_1_378' title='bbox 1016 3764 1267 3809; x_wconf 89' lang='lat' dir='ltr'><strong>nostrum</strong></span> <span class='ocrx_word' id='word_1_379' title='bbox 1318 3769 1444 3809; x_wconf 91' lang='lat' dir='ltr'><strong>cum</strong></span> <span class='ocrx_word' id='word_1_380' title='bbox 1494 3751 1968 3823; x_wconf 61' lang='lat' dir='ltr'><strong>praestantissimis</strong></span> 
     </span>
    </p>
   </div>
   <div class='ocr_carea' id='block_1_53' title="bbox 388 3844 1966 3915">
    <p class='ocr_par' dir='ltr' id='par_1_53' title="bbox 388 3844 1966 3915">
     <span class='ocr_line' id='line_1_53' title="bbox 388 3844 1966 3915; baseline 0.001 -16"><span class='ocrx_word' id='word_1_381' title='bbox 388 3844 734 3911; x_wconf 86' lang='lat' dir='ltr'><strong>muneribus,</strong></span> <span class='ocrx_word' id='word_1_382' title='bbox 770 3861 891 3913; x_wconf 82' lang='lat' dir='ltr'><strong>quae</strong></span> <span class='ocrx_word' id='word_1_383' title='bbox 932 3845 1131 3900; x_wconf 88' lang='lat' dir='ltr'><strong>ibidem</strong></span> <span class='ocrx_word' id='word_1_384' title='bbox 1160 3854 1535 3908; x_wconf 89' lang='lat' dir='ltr'><strong>recensentur,</strong></span> <span class='ocrx_word' id='word_1_385' title='bbox 1563 3855 1618 3901; x_wconf 88' lang='lat' dir='ltr'><strong>et</strong></span> <span class='ocrx_word' id='word_1_386' title='bbox 1646 3846 1843 3901; x_wconf 90' lang='lat' dir='ltr'><strong>litteris</strong></span> <span class='ocrx_word' id='word_1_387' title='bbox 1879 3862 1966 3915; x_wconf 72' lang='lat' dir='ltr'><strong>re;-</strong></span> 
     </span>
    </p>
   </div>
   <div class='ocr_carea' id='block_1_54' title="bbox 389 3932 1966 4006">
    <p class='ocr_par' dir='ltr' id='par_1_54' title="bbox 389 3932 1966 4006">
     <span class='ocr_line' id='line_1_54' title="bbox 389 3932 1966 4006; baseline 0.003 -21"><span class='ocrx_word' id='word_1_388' title='bbox 389 3933 516 4003; x_wconf 88' lang='lat' dir='ltr'><strong>giis,</strong></span> <span class='ocrx_word' id='word_1_389' title='bbox 543 3932 636 3988; x_wconf 89' lang='lat' dir='ltr'><strong>ubi</strong></span> <span class='ocrx_word' id='word_1_390' title='bbox 662 3935 731 3987; x_wconf 90' lang='lat' dir='ltr'><strong>de</strong></span> <span class='ocrx_word' id='word_1_391' title='bbox 758 3932 961 3988; x_wconf 80' lang='lat' dir='ltr'><strong>Judaeis</strong></span> <span class='ocrx_word' id='word_1_392' title='bbox 986 3949 1017 3989; x_wconf 93' lang='lat' dir='ltr'><strong>a</strong></span> <span class='ocrx_word' id='word_1_393' title='bbox 1045 3935 1307 3989; x_wconf 84' lang='lat' dir='ltr'><strong>servitute</strong></span> <span class='ocrx_word' id='word_1_394' title='bbox 1344 3936 1641 4006; x_wconf 89' lang='lat' dir='ltr'><strong>redemptis</strong></span> <span class='ocrx_word' id='word_1_395' title='bbox 1660 3976 1677 4000; x_wconf 93' lang='lat'><strong>,</strong></span> <span class='ocrx_word' id='word_1_396' title='bbox 1729 3936 1796 3992; x_wconf 91' lang='lat' dir='ltr'><strong>de</strong></span> <span class='ocrx_word' id='word_1_397' title='bbox 1837 3936 1966 3990; x_wconf 89' lang='lat' dir='ltr'><strong>mit-</strong></span> 
     </span>
    </p>
   </div>
   <div class='ocr_carea' id='block_1_55' title="bbox 389 4025 1964 4096">
    <p class='ocr_par' dir='ltr' id='par_1_55' title="bbox 389 4025 1964 4096">
     <span class='ocr_line' id='line_1_55' title="bbox 389 4025 1964 4096; baseline 0.001 -15"><span class='ocrx_word' id='word_1_398' title='bbox 389 4025 570 4081; x_wconf 79' lang='lat' dir='ltr'><strong>tendis</strong></span> <span class='ocrx_word' id='word_1_399' title='bbox 592 4026 660 4080; x_wconf 91' lang='lat' dir='ltr'><strong>ad</strong></span> <span class='ocrx_word' id='word_1_400' title='bbox 692 4026 1193 4096; x_wconf 86' lang='lat' dir='ltr'><strong>interpretationem</strong></span> <span class='ocrx_word' id='word_1_401' title='bbox 1236 4025 1532 4096; x_wconf 77' lang='lat' dir='ltr'><strong>Scriptura:</strong></span> <span class='ocrx_word' id='word_1_402' title='bbox 1560 4029 1786 4085; x_wconf 73' lang='lat' dir='ltr'><strong>senibu‘s</strong></span> <span class='ocrx_word' id='word_1_403' title='bbox 1808 4070 1822 4095; x_wconf 91' lang='lat'><strong>,</strong></span> <span class='ocrx_word' id='word_1_404' title='bbox 1866 4028 1964 4084; x_wconf 89' lang='lat' dir='ltr'><strong>de-</strong></span> 
     </span>
    </p>
   </div>
   <div class='ocr_carea' id='block_1_56' title="bbox 391 4117 1967 4191">
    <p class='ocr_par' dir='ltr' id='par_1_56' title="bbox 391 4117 1967 4191">
     <span class='ocr_line' id='line_1_56' title="bbox 391 4117 1967 4191; baseline 0.002 -19"><span class='ocrx_word' id='word_1_405' title='bbox 391 4133 500 4181; x_wconf 87' lang='lat' dir='ltr'><strong>que</strong></span> <span class='ocrx_word' id='word_1_406' title='bbox 533 4117 719 4172; x_wconf 85' lang='lat' dir='ltr'><strong>missis</strong></span> <span class='ocrx_word' id='word_1_407' title='bbox 752 4118 1077 4172; x_wconf 84' lang='lat' dir='ltr'><strong>muneribus</strong></span> <span class='ocrx_word' id='word_1_408' title='bbox 1102 4119 1301 4189; x_wconf 90' lang='lat' dir='ltr'><strong>agitur.</strong></span> <span class='ocrx_word' id='word_1_409' title='bbox 1344 4117 1455 4175; x_wconf 86' lang='lat' dir='ltr'><strong>Has</strong></span> <span class='ocrx_word' id='word_1_410' title='bbox 1503 4120 1715 4177; x_wconf 90' lang='lat' dir='ltr'><strong>litteras</strong></span> <span class='ocrx_word' id='word_1_411' title='bbox 1765 4120 1967 4191; x_wconf 81' lang='lat' dir='ltr'><strong>excipit</strong></span> 
     </span>
    </p>
   </div>
   <div class='ocr_carea' id='block_1_57' title="bbox 391 4207 1969 4281">
    <p class='ocr_par' dir='ltr' id='par_1_57' title="bbox 391 4207 1969 4281">
     <span class='ocr_line' id='line_1_57' title="bbox 391 4207 1969 4281; baseline 0 -15"><span class='ocrx_word' id='word_1_412' title='bbox 391 4210 619 4281; x_wconf 88' lang='lat' dir='ltr'><strong>epistola</strong></span> <span class='ocrx_word' id='word_1_413' title='bbox 644 4207 890 4263; x_wconf 86' lang='lat' dir='ltr'><strong>Eleazari</strong></span> <span class='ocrx_word' id='word_1_414' title='bbox 924 4208 992 4263; x_wconf 85' lang='lat' dir='ltr'><strong>ad</strong></span> <span class='ocrx_word' id='word_1_415' title='bbox 1040 4207 1388 4263; x_wconf 70' lang='lat' dir='ltr'><strong>Ptolemaeum</strong></span> <span class='ocrx_word' id='word_1_416' title='bbox 1420 4250 1436 4276; x_wconf 94' lang='lat'><strong>,</strong></span> <span class='ocrx_word' id='word_1_417' title='bbox 1490 4210 1584 4265; x_wconf 89' lang='lat' dir='ltr'><strong>ubi</strong></span> <span class='ocrx_word' id='word_1_418' title='bbox 1637 4210 1694 4264; x_wconf 89' lang='lat' dir='ltr'><strong>in</strong></span> <span class='ocrx_word' id='word_1_419' title='bbox 1733 4212 1969 4280; x_wconf 79' lang='lat' dir='ltr'><strong>gratiam</strong></span> 
     </span>
    </p>
   </div>
   <div class='ocr_carea' id='block_1_58' title="bbox 392 4300 1967 4372">
    <p class='ocr_par' dir='ltr' id='par_1_58' title="bbox 392 4300 1967 4372">
     <span class='ocr_line' id='line_1_58' title="bbox 392 4300 1967 4372; baseline 0.003 -16"><span class='ocrx_word' id='word_1_420' title='bbox 392 4301 783 4357; x_wconf 88' lang='lat' dir='ltr'><strong>beneficiorum</strong></span> <span class='ocrx_word' id='word_1_421' title='bbox 817 4300 994 4355; x_wconf 87' lang='lat' dir='ltr'><strong>fausta</strong></span> <span class='ocrx_word' id='word_1_422' title='bbox 1030 4301 1141 4371; x_wconf 85' lang='lat' dir='ltr'><strong>regi</strong></span> <span class='ocrx_word' id='word_1_423' title='bbox 1167 4301 1509 4372; x_wconf 84' lang='lat' dir='ltr'><strong>Arsinoeque</strong></span> <span class='ocrx_word' id='word_1_424' title='bbox 1542 4303 1703 4357; x_wconf 76' lang='lat' dir='ltr'><strong>uxori</strong></span> <span class='ocrx_word' id='word_1_425' title='bbox 1748 4311 1803 4359; x_wconf 89' lang='lat' dir='ltr'><strong>et</strong></span> <span class='ocrx_word' id='word_1_426' title='bbox 1838 4304 1967 4362; x_wconf 87' lang='lat' dir='ltr'><strong>filiis</strong></span> 
     </span>
    </p>
   </div>
   <div class='ocr_carea' id='block_1_59' title="bbox 393 4394 1967 4466">
    <p class='ocr_par' dir='ltr' id='par_1_59' title="bbox 393 4394 1967 4466">
     <span class='ocr_line' id='line_1_59' title="bbox 393 4394 1967 4466; baseline 0.003 -16"><span class='ocrx_word' id='word_1_427' title='bbox 393 4403 738 4466; x_wconf 85' lang='lat' dir='ltr'><strong>apprecatur,</strong></span> <span class='ocrx_word' id='word_1_428' title='bbox 762 4403 819 4449; x_wconf 90' lang='lat' dir='ltr'><strong>et</strong></span> <span class='ocrx_word' id='word_1_429' title='bbox 843 4411 906 4448; x_wconf 79' lang='lat' dir='ltr'><strong>ex</strong></span> <span class='ocrx_word' id='word_1_430' title='bbox 935 4394 1164 4465; x_wconf 80' lang='lat' dir='ltr'><strong>singulis</strong></span> <span class='ocrx_word' id='word_1_431' title='bbox 1194 4395 1443 4452; x_wconf 89' lang='lat' dir='ltr'><strong>tribubus</strong></span> <span class='ocrx_word' id='word_1_432' title='bbox 1467 4412 1626 4453; x_wconf 90' lang='lat' dir='ltr'><strong>senes</strong></span> <span class='ocrx_word' id='word_1_433' title='bbox 1662 4414 1758 4454; x_wconf 81' lang='lat' dir='ltr'><strong>sex</strong></span> <span class='ocrx_word' id='word_1_434' title='bbox 1796 4400 1967 4456; x_wconf 89' lang='lat' dir='ltr'><strong>inter-</strong></span> 
     </span>
    </p>
   </div>
   <div class='ocr_carea' id='block_1_60' title="bbox 1991 3157 2038 3220">
    <p class='ocr_par' dir='ltr' id='par_1_60' title="bbox 1991 3157 2038 3220">
     <span class='ocr_line' id='line_1_60' title="bbox 1991 3157 2038 3220; baseline 0 0"><span class='ocrx_word' id='word_1_435' title='bbox 1991 3157 2038 3220; x_wconf 91' lang='lat' dir='ltr'><strong>C</strong></span> 
     </span>
    </p>
   </div>
   <div class='ocr_carea' id='block_1_61' title="bbox 2061 1913 3643 1994">
    <p class='ocr_par' dir='ltr' id='par_1_61' title="bbox 2061 1913 3643 1994">
     <span class='ocr_line' id='line_1_61' title="bbox 2061 1913 3643 1994; baseline -0.011 -14"><span class='ocrx_word' id='word_1_436' title='bbox 2061 1923 2232 1994; x_wconf 87' lang='lat' dir='ltr'><strong>rogati</strong></span> <span class='ocrx_word' id='word_1_437' title='bbox 2275 1920 2681 1991; x_wconf 86' lang='lat' dir='ltr'><strong>sapientissime</strong></span> <span class='ocrx_word' id='word_1_438' title='bbox 2733 1916 3168 1987; x_wconf 83' lang='lat' dir='ltr'><strong>responderunt,</strong></span> <span class='ocrx_word' id='word_1_439' title='bbox 3202 1913 3278 1966; x_wconf 87' lang='lat' dir='ltr'><strong>ita</strong></span> <span class='ocrx_word' id='word_1_440' title='bbox 3311 1919 3374 1965; x_wconf 89' lang='lat' dir='ltr'><strong>ut</strong></span> <span class='ocrx_word' id='word_1_441' title='bbox 3423 1916 3643 1980; x_wconf 74' lang='lat' dir='ltr'><strong>septem</strong></span> 
     </span>
    </p>
   </div>
   <div class='ocr_carea' id='block_1_62' title="bbox 2060 1998 3643 2082">
    <p class='ocr_par' dir='ltr' id='par_1_62' title="bbox 2060 1998 3643 2082">
     <span class='ocr_line' id='line_1_62' title="bbox 2060 1998 3643 2082; baseline -0.009 -11"><span class='ocrx_word' id='word_1_442' title='bbox 2060 2016 2272 2071; x_wconf 86' lang='lat' dir='ltr'><strong>dierum</strong></span> <span class='ocrx_word' id='word_1_443' title='bbox 2300 2011 2498 2082; x_wconf 90' lang='lat' dir='ltr'><strong>spatio,</strong></span> <span class='ocrx_word' id='word_1_444' title='bbox 2534 2009 2763 2080; x_wconf 86' lang='lat' dir='ltr'><strong>repetito</strong></span> <span class='ocrx_word' id='word_1_445' title='bbox 2809 2008 2999 2073; x_wconf 83' lang='lat' dir='ltr'><strong>eodem</strong></span> <span class='ocrx_word' id='word_1_446' title='bbox 3028 2020 3200 2061; x_wconf 61' lang='lat' dir='ltr'><strong>cumse</strong></span> <span class='ocrx_word' id='word_1_447' title='bbox 3233 2016 3404 2068; x_wconf 88' lang='lat' dir='ltr'><strong>more,</strong></span> <span class='ocrx_word' id='word_1_448' title='bbox 3441 1998 3643 2056; x_wconf 79' lang='lat' dir='ltr'><strong>LXXII</strong></span> 
     </span>
    </p>
   </div>
   <div class='ocr_carea' id='block_1_63' title="bbox 2061 2092 3643 2175">
    <p class='ocr_par' dir='ltr' id='par_1_63' title="bbox 2061 2092 3643 2175">
     <span class='ocr_line' id='line_1_63' title="bbox 2061 2092 3643 2175; baseline -0.011 -11"><span class='ocrx_word' id='word_1_449' title='bbox 2061 2121 2252 2164; x_wconf 88' lang='lat' dir='ltr'><strong>senum</strong></span> <span class='ocrx_word' id='word_1_450' title='bbox 2277 2103 2592 2175; x_wconf 84' lang='lat' dir='ltr'><strong>singulatim</strong></span> <span class='ocrx_word' id='word_1_451' title='bbox 2616 2101 2915 2157; x_wconf 87' lang='lat' dir='ltr'><strong>sententias</strong></span> <span class='ocrx_word' id='word_1_452' title='bbox 2939 2095 3246 2166; x_wconf 81' lang='lat' dir='ltr'><strong>exceperit,</strong></span> <span class='ocrx_word' id='word_1_453' title='bbox 3274 2108 3341 2149; x_wconf 90' lang='lat' dir='ltr'><strong>ac</strong></span> <span class='ocrx_word' id='word_1_454' title='bbox 3366 2092 3643 2163; x_wconf 85' lang='lat' dir='ltr'><strong>cujusque</strong></span> 
     </span>
    </p>
   </div>
   <div class='ocr_carea' id='block_1_64' title="bbox 2061 2185 3642 2259">
    <p class='ocr_par' dir='ltr' id='par_1_64' title="bbox 2061 2185 3642 2259">
     <span class='ocr_line' id='line_1_64' title="bbox 2061 2185 3642 2259; baseline -0.009 -4"><span class='ocrx_word' id='word_1_455' title='bbox 2061 2199 2268 2255; x_wconf 91' lang='lat' dir='ltr'><strong>dictum</strong></span> <span class='ocrx_word' id='word_1_456' title='bbox 2300 2196 2554 2252; x_wconf 88' lang='lat' dir='ltr'><strong>laudibus</strong></span> <span class='ocrx_word' id='word_1_457' title='bbox 2583 2192 2895 2258; x_wconf 86' lang='lat' dir='ltr'><strong>eelebrarit,</strong></span> <span class='ocrx_word' id='word_1_458' title='bbox 2925 2190 3256 2259; x_wconf 87' lang='lat' dir='ltr'><strong>demumque</strong></span> <span class='ocrx_word' id='word_1_459' title='bbox 3285 2185 3513 2258; x_wconf 83' lang='lat' dir='ltr'><strong>singulis</strong></span> <span class='ocrx_word' id='word_1_460' title='bbox 3550 2194 3642 2240; x_wconf 86' lang='lat' dir='ltr'><strong>ta-</strong></span> 
     </span>
    </p>
   </div>
   <div class='ocr_carea' id='block_1_65' title="bbox 2064 2282 2824 2344">
    <p class='ocr_par' dir='ltr' id='par_1_65' title="bbox 2064 2282 2824 2344">
     <span class='ocr_line' id='line_1_65' title="bbox 2064 2282 2824 2344; baseline -0.011 0"><span class='ocrx_word' id='word_1_461' title='bbox 2064 2291 2207 2344; x_wconf 77' lang='lat' dir='ltr'><strong>lenta</strong></span> <span class='ocrx_word' id='word_1_462' title='bbox 2240 2288 2341 2342; x_wconf 90' lang='lat' dir='ltr'><strong>tria</strong></span> <span class='ocrx_word' id='word_1_463' title='bbox 2372 2287 2516 2342; x_wconf 88' lang='lat' dir='ltr'><strong>dono</strong></span> <span class='ocrx_word' id='word_1_464' title='bbox 2548 2282 2824 2339; x_wconf 88' lang='lat' dir='ltr'><strong>obtulerit.</strong></span> 
     </span>
    </p>
   </div>
   <div class='ocr_carea' id='block_1_66' title="bbox 2136 2364 3641 2452">
    <p class='ocr_par' dir='ltr' id='par_1_66' title="bbox 2136 2364 3641 2452">
     <span class='ocr_line' id='line_1_66' title="bbox 2136 2364 3641 2452; baseline -0.011 -15"><span class='ocrx_word' id='word_1_465' title='bbox 2136 2383 2332 2452; x_wconf 86' lang='lat' dir='ltr'><strong>Elapso</strong></span> <span class='ocrx_word' id='word_1_466' title='bbox 2358 2388 2481 2451; x_wconf 90' lang='lat' dir='ltr'><strong>post</strong></span> <span class='ocrx_word' id='word_1_467' title='bbox 2506 2377 2750 2433; x_wconf 88' lang='lat' dir='ltr'><strong>convivia</strong></span> <span class='ocrx_word' id='word_1_468' title='bbox 2779 2373 2985 2437; x_wconf 91' lang='lat' dir='ltr'><strong>triduo,</strong></span> <span class='ocrx_word' id='word_1_469' title='bbox 3021 2386 3180 2428; x_wconf 89' lang='lat' dir='ltr'><strong>senes</strong></span> <span class='ocrx_word' id='word_1_470' title='bbox 3210 2385 3241 2425; x_wconf 91' lang='lat' dir='ltr'><strong>a</strong></span> <span class='ocrx_word' id='word_1_471' title='bbox 3265 2367 3537 2423; x_wconf 87' lang='lat' dir='ltr'><strong>Demetrio</strong></span> <span class='ocrx_word' id='word_1_472' title='bbox 3568 2364 3641 2420; x_wconf 83' lang='lat' dir='ltr'><strong>ad</strong></span> 
     </span>
    </p>
   </div>
   <div class='ocr_carea' id='block_1_67' title="bbox 2065 2456 3647 2545">
    <p class='ocr_par' dir='ltr' id='par_1_67' title="bbox 2065 2456 3647 2545">
     <span class='ocr_line' id='line_1_67' title="bbox 2065 2456 3647 2545; baseline -0.012 -16"><span class='ocrx_word' id='word_1_473' title='bbox 2065 2474 2373 2545; x_wconf 77' lang='lat' dir='ltr'><strong>proximam</strong></span> <span class='ocrx_word' id='word_1_474' title='bbox 2415 2469 2651 2525; x_wconf 83' lang='lat' dir='ltr'><strong>insulam</strong></span> <span class='ocrx_word' id='word_1_475' title='bbox 2701 2466 3089 2530; x_wconf 85' lang='lat' dir='ltr'><strong>deducuntur,</strong></span> <span class='ocrx_word' id='word_1_476' title='bbox 3139 2471 3195 2517; x_wconf 90' lang='lat' dir='ltr'><strong>et</strong></span> <span class='ocrx_word' id='word_1_477' title='bbox 3245 2460 3299 2514; x_wconf 91' lang='lat' dir='ltr'><strong>in</strong></span> <span class='ocrx_word' id='word_1_478' title='bbox 3356 2456 3647 2527; x_wconf 77' lang='lat' dir='ltr'><strong>splendida</strong></span> 
     </span>
    </p>
   </div>
   <div class='ocr_carea' id='block_1_68' title="bbox 2066 2546 3642 2632">
    <p class='ocr_par' dir='ltr' id='par_1_68' title="bbox 2066 2546 3642 2632">
     <span class='ocr_line' id='line_1_68' title="bbox 2066 2546 3642 2632; baseline -0.013 -12"><span class='ocrx_word' id='word_1_479' title='bbox 2066 2568 2229 2622; x_wconf 84' lang='lat' dir='ltr'><strong>domo</strong></span> <span class='ocrx_word' id='word_1_480' title='bbox 2254 2563 2441 2631; x_wconf 90' lang='lat' dir='ltr'><strong>locati,</strong></span> <span class='ocrx_word' id='word_1_481' title='bbox 2476 2558 2718 2632; x_wconf 89' lang='lat' dir='ltr'><strong>quotidie</strong></span> <span class='ocrx_word' id='word_1_482' title='bbox 2747 2557 2813 2612; x_wconf 89' lang='lat' dir='ltr'><strong>ad</strong></span> <span class='ocrx_word' id='word_1_483' title='bbox 2843 2570 3045 2610; x_wconf 88' lang='lat' dir='ltr'><strong>nonam</strong></span> <span class='ocrx_word' id='word_1_484' title='bbox 3069 2567 3246 2623; x_wconf 88' lang='lat' dir='ltr'><strong>usque</strong></span> <span class='ocrx_word' id='word_1_485' title='bbox 3283 2551 3472 2604; x_wconf 91' lang='lat' dir='ltr'><strong>horam</strong></span> <span class='ocrx_word' id='word_1_486' title='bbox 3500 2546 3642 2615; x_wconf 87' lang='lat' dir='ltr'><strong>legis</strong></span> 
     </span>
    </p>
   </div>
   <div class='ocr_carea' id='block_1_69' title="bbox 2068 2641 3646 2729">
    <p class='ocr_par' dir='ltr' id='par_1_69' title="bbox 2068 2641 3646 2729">
     <span class='ocr_line' id='line_1_69' title="bbox 2068 2641 3646 2729; baseline -0.015 -14"><span class='ocrx_word' id='word_1_487' title='bbox 2068 2655 2497 2729; x_wconf 86' lang='lat' dir='ltr'><strong>interpretationi</strong></span> <span class='ocrx_word' id='word_1_488' title='bbox 2518 2653 2720 2709; x_wconf 88' lang='lat' dir='ltr'><strong>dabant</strong></span> <span class='ocrx_word' id='word_1_489' title='bbox 2740 2664 2982 2720; x_wconf 87' lang='lat' dir='ltr'><strong>operam,</strong></span> <span class='ocrx_word' id='word_1_490' title='bbox 3003 2644 3279 2701; x_wconf 88' lang='lat' dir='ltr'><strong>Demetrio</strong></span> <span class='ocrx_word' id='word_1_491' title='bbox 3311 2641 3501 2697; x_wconf 73' lang='lat' dir='ltr'><strong>scriba:</strong></span> <span class='ocrx_word' id='word_1_492' title='bbox 3520 2655 3646 2694; x_wconf 90' lang='lat' dir='ltr'><strong>mu-</strong></span> 
     </span>
    </p>
   </div>
   <div class='ocr_carea' id='block_1_70' title="bbox 2070 2734 3650 2820">
    <p class='ocr_par' dir='ltr' id='par_1_70' title="bbox 2070 2734 3650 2820">
     <span class='ocr_line' id='line_1_70' title="bbox 2070 2734 3650 2820; baseline -0.015 -11"><span class='ocrx_word' id='word_1_493' title='bbox 2070 2767 2198 2808; x_wconf 91' lang='lat' dir='ltr'><strong>nere</strong></span> <span class='ocrx_word' id='word_1_494' title='bbox 2239 2751 2520 2820; x_wconf 86' lang='lat' dir='ltr'><strong>fungeute.</strong></span> <span class='ocrx_word' id='word_1_495' title='bbox 2573 2749 2752 2815; x_wconf 79' lang='lat' dir='ltr'><strong>Atque</strong></span> <span class='ocrx_word' id='word_1_496' title='bbox 2799 2742 2965 2796; x_wconf 87' lang='lat' dir='ltr'><strong>etiam</strong></span> <span class='ocrx_word' id='word_1_497' title='bbox 3023 2736 3267 2809; x_wconf 89' lang='lat' dir='ltr'><strong>quotidie</strong></span> <span class='ocrx_word' id='word_1_498' title='bbox 3312 2734 3447 2789; x_wconf 89' lang='lat' dir='ltr'><strong>bene</strong></span> <span class='ocrx_word' id='word_1_499' title='bbox 3480 2746 3650 2787; x_wconf 85' lang='lat' dir='ltr'><strong>mane</strong></span> 
     </span>
    </p>
   </div>
   <div class='ocr_carea' id='block_1_71' title="bbox 2069 2824 3645 2902">
    <p class='ocr_par' dir='ltr' id='par_1_71' title="bbox 2069 2824 3645 2902">
     <span class='ocr_line' id='line_1_71' title="bbox 2069 2824 3645 2902; baseline -0.015 -2"><span class='ocrx_word' id='word_1_500' title='bbox 2069 2843 2355 2900; x_wconf 87' lang='lat' dir='ltr'><strong>veniebant</strong></span> <span class='ocrx_word' id='word_1_501' title='bbox 2388 2840 2443 2895; x_wconf 89' lang='lat' dir='ltr'><strong>in</strong></span> <span class='ocrx_word' id='word_1_502' title='bbox 2468 2838 2673 2902; x_wconf 84' lang='lat' dir='ltr'><strong>aulam,</strong></span> <span class='ocrx_word' id='word_1_503' title='bbox 2699 2843 2753 2890; x_wconf 91' lang='lat' dir='ltr'><strong>et</strong></span> <span class='ocrx_word' id='word_1_504' title='bbox 2775 2834 3021 2890; x_wconf 88' lang='lat' dir='ltr'><strong>salutato</strong></span> <span class='ocrx_word' id='word_1_505' title='bbox 3049 2845 3177 2901; x_wconf 87' lang='lat' dir='ltr'><strong>rege</strong></span> <span class='ocrx_word' id='word_1_506' title='bbox 3207 2827 3457 2882; x_wconf 83' lang='lat' dir='ltr'><strong>redibant</strong></span> <span class='ocrx_word' id='word_1_507' title='bbox 3478 2825 3532 2879; x_wconf 92' lang='lat' dir='ltr'><strong>in</strong></span> <span class='ocrx_word' id='word_1_508' title='bbox 3562 2824 3645 2877; x_wconf 87' lang='lat' dir='ltr'><strong>lo-</strong></span> 
     </span>
    </p>
   </div>
   <div class='ocr_carea' id='block_1_72' title="bbox 2071 2922 3646 3000">
    <p class='ocr_par' dir='ltr' id='par_1_72' title="bbox 2071 2922 3646 3000">
     <span class='ocr_line' id='line_1_72' title="bbox 2071 2922 3646 3000; baseline -0.015 -6"><span class='ocrx_word' id='word_1_509' title='bbox 2071 2952 2194 2994; x_wconf 88' lang='lat' dir='ltr'><strong>cum</strong></span> <span class='ocrx_word' id='word_1_510' title='bbox 2229 2949 2413 2991; x_wconf 92' lang='lat' dir='ltr'><strong>suum.</strong></span> <span class='ocrx_word' id='word_1_511' title='bbox 2444 2932 2643 3000; x_wconf 84' lang='lat' dir='ltr'><strong>Sicque</strong></span> <span class='ocrx_word' id='word_1_512' title='bbox 2668 2927 2880 2984; x_wconf 90' lang='lat' dir='ltr'><strong>collatis</strong></span> <span class='ocrx_word' id='word_1_513' title='bbox 2928 2922 3331 2995; x_wconf 81' lang='lat' dir='ltr'><strong>exemplaribus</strong></span> <span class='ocrx_word' id='word_1_514' title='bbox 3359 2961 3375 2987; x_wconf 96' lang='lat'><strong>,</strong></span> <span class='ocrx_word' id='word_1_515' title='bbox 3421 2930 3646 2986; x_wconf 86' lang='lat' dir='ltr'><strong>unaque</strong></span> 
     </span>
    </p>
   </div>
   <div class='ocr_carea' id='block_1_73' title="bbox 2071 3008 3642 3099">
    <p class='ocr_par' dir='ltr' id='par_1_73' title="bbox 2071 3008 3642 3099">
     <span class='ocr_line' id='line_1_73' title="bbox 2071 3008 3642 3099; baseline -0.015 -16"><span class='ocrx_word' id='word_1_516' title='bbox 2071 3024 2409 3099; x_wconf 82' lang='lat' dir='ltr'><strong>congregati,</strong></span> <span class='ocrx_word' id='word_1_517' title='bbox 2440 3021 2781 3093; x_wconf 85' lang='lat' dir='ltr'><strong>septuaginta</strong></span> <span class='ocrx_word' id='word_1_518' title='bbox 2819 3019 3053 3074; x_wconf 87' lang='lat' dir='ltr'><strong>duorum</strong></span> <span class='ocrx_word' id='word_1_519' title='bbox 3092 3017 3303 3071; x_wconf 90' lang='lat' dir='ltr'><strong>dierum</strong></span> <span class='ocrx_word' id='word_1_520' title='bbox 3334 3009 3510 3083; x_wconf 86' lang='lat' dir='ltr'><strong>spatio</strong></span> <span class='ocrx_word' id='word_1_521' title='bbox 3551 3008 3642 3061; x_wconf 90' lang='lat' dir='ltr'><strong>iu-</strong></span> 
     </span>
    </p>
   </div>
   <div class='ocr_carea' id='block_1_74' title="bbox 2075 3101 3643 3188">
    <p class='ocr_par' dir='ltr' id='par_1_74' title="bbox 2075 3101 3643 3188">
     <span class='ocr_line' id='line_1_74' title="bbox 2075 3101 3643 3188; baseline -0.015 -13"><span class='ocrx_word' id='word_1_522' title='bbox 2075 3116 2512 3188; x_wconf 89' lang='lat' dir='ltr'><strong>terpretationem</strong></span> <span class='ocrx_word' id='word_1_523' title='bbox 2535 3111 2844 3167; x_wconf 88' lang='lat' dir='ltr'><strong>absolvunt.</strong></span> <span class='ocrx_word' id='word_1_524' title='bbox 2896 3107 3201 3164; x_wconf 84' lang='lat' dir='ltr'><strong>Demetrius</strong></span> <span class='ocrx_word' id='word_1_525' title='bbox 3245 3110 3413 3159; x_wconf 89' lang='lat' dir='ltr'><strong>lotam</strong></span> <span class='ocrx_word' id='word_1_526' title='bbox 3472 3101 3643 3155; x_wconf 89' lang='lat' dir='ltr'><strong>inter-</strong></span> 
     </span>
    </p>
   </div>
   <div class='ocr_carea' id='block_1_75' title="bbox 2068 3194 3642 3283">
    <p class='ocr_par' dir='ltr' id='par_1_75' title="bbox 2068 3194 3642 3283">
     <span class='ocr_line' id='line_1_75' title="bbox 2068 3194 3642 3283; baseline -0.013 -15"><span class='ocrx_word' id='word_1_527' title='bbox 2068 3212 2429 3283; x_wconf 86' lang='lat' dir='ltr'><strong>pretationem</strong></span> <span class='ocrx_word' id='word_1_528' title='bbox 2456 3206 2659 3262; x_wconf 71' lang='lat' dir='ltr'><strong>Judaeis</strong></span> <span class='ocrx_word' id='word_1_529' title='bbox 2689 3202 2944 3260; x_wconf 89' lang='lat' dir='ltr'><strong>omnibus</strong></span> <span class='ocrx_word' id='word_1_530' title='bbox 2968 3210 3084 3257; x_wconf 89' lang='lat' dir='ltr'><strong>tum</strong></span> <span class='ocrx_word' id='word_1_531' title='bbox 3109 3197 3473 3272; x_wconf 66' lang='lat' dir='ltr'><strong>prmscutibus</strong></span> <span class='ocrx_word' id='word_1_532' title='bbox 3500 3194 3642 3251; x_wconf 89' lang='lat' dir='ltr'><strong>reci—</strong></span> 
     </span>
    </p>
   </div>
   <div class='ocr_carea' id='block_1_76' title="bbox 2068 3289 3637 3372">
    <p class='ocr_par' dir='ltr' id='par_1_76' title="bbox 2068 3289 3637 3372">
     <span class='ocr_line' id='line_1_76' title="bbox 2068 3289 3637 3372; baseline -0.012 -12"><span class='ocrx_word' id='word_1_533' title='bbox 2068 3303 2231 3367; x_wconf 86' lang='lat' dir='ltr'><strong>tavit,</strong></span> <span class='ocrx_word' id='word_1_534' title='bbox 2280 3301 2374 3372; x_wconf 90' lang='lat' dir='ltr'><strong>qui</strong></span> <span class='ocrx_word' id='word_1_535' title='bbox 2428 3298 2662 3354; x_wconf 85' lang='lat' dir='ltr'><strong>summis</strong></span> <span class='ocrx_word' id='word_1_536' title='bbox 2691 3310 2813 3350; x_wconf 87' lang='lat' dir='ltr'><strong>eam</strong></span> <span class='ocrx_word' id='word_1_537' title='bbox 2864 3293 3118 3349; x_wconf 89' lang='lat' dir='ltr'><strong>laudibus</strong></span> <span class='ocrx_word' id='word_1_538' title='bbox 3168 3289 3441 3365; x_wconf 90' lang='lat' dir='ltr'><strong>prosecuti</strong></span> <span class='ocrx_word' id='word_1_539' title='bbox 3491 3295 3637 3343; x_wconf 89' lang='lat' dir='ltr'><strong>sunt.</strong></span> 
     </span>
    </p>
   </div>
   <div class='ocr_carea' id='block_1_77' title="bbox 2069 3381 3641 3454">
    <p class='ocr_par' dir='ltr' id='par_1_77' title="bbox 2069 3381 3641 3454">
     <span class='ocr_line' id='line_1_77' title="bbox 2069 3381 3641 3454; baseline -0.011 -2"><span class='ocrx_word' id='word_1_540' title='bbox 2069 3396 2209 3451; x_wconf 82' lang='lat' dir='ltr'><strong>Tum</strong></span> <span class='ocrx_word' id='word_1_541' title='bbox 2232 3394 2479 3451; x_wconf 91' lang='lat' dir='ltr'><strong>omnium</strong></span> <span class='ocrx_word' id='word_1_542' title='bbox 2512 3404 2808 3454; x_wconf 88' lang='lat' dir='ltr'><strong>consensu,</strong></span> <span class='ocrx_word' id='word_1_543' title='bbox 2840 3386 3106 3442; x_wconf 87' lang='lat' dir='ltr'><strong>suadente</strong></span> <span class='ocrx_word' id='word_1_544' title='bbox 3141 3383 3415 3439; x_wconf 89' lang='lat' dir='ltr'><strong>Demetrio</strong></span> <span class='ocrx_word' id='word_1_545' title='bbox 3439 3423 3455 3448; x_wconf 94' lang='lat'><strong>,</strong></span> <span class='ocrx_word' id='word_1_546' title='bbox 3490 3381 3641 3435; x_wconf 88' lang='lat' dir='ltr'><strong>diras</strong></span> 
     </span>
    </p>
   </div>
   <div class='ocr_carea' id='block_1_78' title="bbox 2069 3473 3641 3560">
    <p class='ocr_par' dir='ltr' id='par_1_78' title="bbox 2069 3473 3641 3560">
     <span class='ocr_line' id='line_1_78' title="bbox 2069 3473 3641 3560; baseline -0.013 -14"><span class='ocrx_word' id='word_1_547' title='bbox 2069 3488 2350 3560; x_wconf 88' lang='lat' dir='ltr'><strong>imprecati</strong></span> <span class='ocrx_word' id='word_1_548' title='bbox 2374 3494 2504 3542; x_wconf 89' lang='lat' dir='ltr'><strong>sunt</strong></span> <span class='ocrx_word' id='word_1_549' title='bbox 2530 3485 2600 3540; x_wconf 91' lang='lat' dir='ltr'><strong>iis</strong></span> <span class='ocrx_word' id='word_1_550' title='bbox 2627 3484 2721 3555; x_wconf 91' lang='lat' dir='ltr'><strong>qui</strong></span> <span class='ocrx_word' id='word_1_551' title='bbox 2754 3482 2884 3538; x_wconf 89' lang='lat' dir='ltr'><strong>huic</strong></span> <span class='ocrx_word' id='word_1_552' title='bbox 2920 3478 3159 3536; x_wconf 88' lang='lat' dir='ltr'><strong>versioni</strong></span> <span class='ocrx_word' id='word_1_553' title='bbox 3187 3477 3390 3546; x_wconf 92' lang='lat' dir='ltr'><strong>aliquid</strong></span> <span class='ocrx_word' id='word_1_554' title='bbox 3419 3473 3641 3537; x_wconf 89' lang='lat' dir='ltr'><strong>addere,</strong></span> 
     </span>
    </p>
   </div>
   <div class='ocr_carea' id='block_1_79' title="bbox 2070 3564 3638 3647">
    <p class='ocr_par' dir='ltr' id='par_1_79' title="bbox 2070 3564 3638 3647">
     <span class='ocr_line' id='line_1_79' title="bbox 2070 3564 3638 3647; baseline -0.012 -9"><span class='ocrx_word' id='word_1_555' title='bbox 2070 3583 2154 3638; x_wconf 89' lang='lat' dir='ltr'><strong>vel</strong></span> <span class='ocrx_word' id='word_1_556' title='bbox 2184 3582 2424 3646; x_wconf 90' lang='lat' dir='ltr'><strong>demere,</strong></span> <span class='ocrx_word' id='word_1_557' title='bbox 2453 3578 2541 3635; x_wconf 89' lang='lat' dir='ltr'><strong>vel</strong></span> <span class='ocrx_word' id='word_1_558' title='bbox 2573 3577 2629 3631; x_wconf 90' lang='lat' dir='ltr'><strong>in</strong></span> <span class='ocrx_word' id='word_1_559' title='bbox 2658 3590 2723 3632; x_wconf 85' lang='lat' dir='ltr'><strong>ea</strong></span> <span class='ocrx_word' id='word_1_560' title='bbox 2772 3572 3055 3647; x_wconf 79' lang='lat' dir='ltr'><strong>quidpiam</strong></span> <span class='ocrx_word' id='word_1_561' title='bbox 3108 3572 3398 3626; x_wconf 86' lang='lat' dir='ltr'><strong>immutare</strong></span> <span class='ocrx_word' id='word_1_562' title='bbox 3449 3564 3638 3622; x_wconf 90' lang='lat' dir='ltr'><strong>ausuri</strong></span> 
     </span>
    </p>
   </div>
   <div class='ocr_carea' id='block_1_80' title="bbox 2068 3681 2272 3730">
    <p class='ocr_par' dir='ltr' id='par_1_80' title="bbox 2068 3681 2272 3730">
     <span class='ocr_line' id='line_1_80' title="bbox 2068 3681 2272 3730; baseline -0.02 0"><span class='ocrx_word' id='word_1_563' title='bbox 2068 3681 2272 3730; x_wconf 81' lang='lat' dir='ltr'><strong>essent.</strong></span> 
     </span>
    </p>
   </div>
   <div class='ocr_carea' id='block_1_81' title="bbox 2145 3749 3641 3829">
    <p class='ocr_par' dir='ltr' id='par_1_81' title="bbox 2145 3749 3641 3829">
     <span class='ocr_line' id='line_1_81' title="bbox 2145 3749 3641 3829; baseline -0.011 -11"><span class='ocrx_word' id='word_1_564' title='bbox 2145 3763 2297 3829; x_wconf 74' lang='lat' dir='ltr'><strong>Rex,</strong></span> <span class='ocrx_word' id='word_1_565' title='bbox 2332 3761 2518 3819; x_wconf 84' lang='lat' dir='ltr'><strong>fausto</strong></span> <span class='ocrx_word' id='word_1_566' title='bbox 2569 3760 2652 3817; x_wconf 90' lang='lat' dir='ltr'><strong>rei</strong></span> <span class='ocrx_word' id='word_1_567' title='bbox 2705 3759 2857 3815; x_wconf 79' lang='lat' dir='ltr'><strong>exitu</strong></span> <span class='ocrx_word' id='word_1_568' title='bbox 2888 3758 3066 3819; x_wconf 57' lang='lat' dir='ltr'><strong>laetus,</strong></span> <span class='ocrx_word' id='word_1_569' title='bbox 3099 3762 3153 3810; x_wconf 89' lang='lat' dir='ltr'><strong>et</strong></span> <span class='ocrx_word' id='word_1_570' title='bbox 3184 3761 3310 3825; x_wconf 91' lang='lat' dir='ltr'><strong>post</strong></span> <span class='ocrx_word' id='word_1_571' title='bbox 3354 3749 3641 3806; x_wconf 82' lang='lat' dir='ltr'><strong>lectionem-</strong></span> 
     </span>
    </p>
   </div>
   <div class='ocr_carea' id='block_1_82' title="bbox 2071 3845 3641 3927">
    <p class='ocr_par' dir='ltr' id='par_1_82' title="bbox 2071 3845 3641 3927">
     <span class='ocr_line' id='line_1_82' title="bbox 2071 3845 3641 3927; baseline -0.011 -14"><span class='ocrx_word' id='word_1_572' title='bbox 2071 3855 2394 3927; x_wconf 84' lang='lat' dir='ltr'><strong>legislatoris</strong></span> <span class='ocrx_word' id='word_1_573' title='bbox 2422 3855 2746 3925; x_wconf 88' lang='lat' dir='ltr'><strong>sapientiam</strong></span> <span class='ocrx_word' id='word_1_574' title='bbox 2805 3851 3140 3913; x_wconf 80' lang='lat' dir='ltr'><strong>admiratus,</strong></span> <span class='ocrx_word' id='word_1_575' title='bbox 3191 3845 3500 3903; x_wconf 84' lang='lat' dir='ltr'><strong>sciscitatur</strong></span> <span class='ocrx_word' id='word_1_576' title='bbox 3542 3857 3641 3897; x_wconf 92' lang='lat' dir='ltr'><strong>cur</strong></span> 
     </span>
    </p>
   </div>
   <div class='ocr_carea' id='block_1_83' title="bbox 2070 3933 3640 4019">
    <p class='ocr_par' dir='ltr' id='par_1_83' title="bbox 2070 3933 3640 4019">
     <span class='ocr_line' id='line_1_83' title="bbox 2070 3933 3640 4019; baseline -0.012 -14"><span class='ocrx_word' id='word_1_577' title='bbox 2070 3957 2243 4019; x_wconf 77' lang='lat' dir='ltr'><strong>poetae</strong></span> <span class='ocrx_word' id='word_1_578' title='bbox 2273 3959 2327 4004; x_wconf 87' lang='lat' dir='ltr'><strong>et</strong></span> <span class='ocrx_word' id='word_1_579' title='bbox 2357 3944 2783 4016; x_wconf 87' lang='lat' dir='ltr'><strong>historiograpbi</strong></span> <span class='ocrx_word' id='word_1_580' title='bbox 2813 3943 3016 3998; x_wconf 82' lang='lat' dir='ltr'><strong>nullam</strong></span> <span class='ocrx_word' id='word_1_581' title='bbox 3045 3939 3181 3995; x_wconf 87' lang='lat' dir='ltr'><strong>tanti</strong></span> <span class='ocrx_word' id='word_1_582' title='bbox 3204 3936 3383 4008; x_wconf 91' lang='lat' dir='ltr'><strong>operis</strong></span> <span class='ocrx_word' id='word_1_583' title='bbox 3414 3933 3640 3989; x_wconf 88' lang='lat' dir='ltr'><strong>mentio-</strong></span> 
     </span>
    </p>
   </div>
   <div class='ocr_carea' id='block_1_84' title="bbox 2072 4028 3637 4110">
    <p class='ocr_par' dir='ltr' id='par_1_84' title="bbox 2072 4028 3637 4110">
     <span class='ocr_line' id='line_1_84' title="bbox 2072 4028 3637 4110; baseline -0.01 -14"><span class='ocrx_word' id='word_1_584' title='bbox 2072 4057 2195 4096; x_wconf 90' lang='lat' dir='ltr'><strong>nem</strong></span> <span class='ocrx_word' id='word_1_585' title='bbox 2230 4040 2478 4096; x_wconf 87' lang='lat' dir='ltr'><strong>feceriut.</strong></span> <span class='ocrx_word' id='word_1_586' title='bbox 2521 4038 2833 4110; x_wconf 82' lang='lat' dir='ltr'><strong>Respondet</strong></span> <span class='ocrx_word' id='word_1_587' title='bbox 2885 4033 3191 4090; x_wconf 87' lang='lat' dir='ltr'><strong>Demetrius</strong></span> <span class='ocrx_word' id='word_1_588' title='bbox 3239 4028 3637 4086; x_wconf 86' lang='lat' dir='ltr'><strong>sanctissimam</strong></span> 
     </span>
    </p>
   </div>
   <div class='ocr_carea' id='block_1_85' title="bbox 2072 4121 3639 4205">
    <p class='ocr_par' dir='ltr' id='par_1_85' title="bbox 2072 4121 3639 4205">
     <span class='ocr_line' id='line_1_85' title="bbox 2072 4121 3639 4205; baseline -0.008 -18"><span class='ocrx_word' id='word_1_589' title='bbox 2072 4134 2241 4205; x_wconf 86' lang='lat' dir='ltr'><strong>legem</strong></span> <span class='ocrx_word' id='word_1_590' title='bbox 2270 4148 2377 4187; x_wconf 92' lang='lat' dir='ltr'><strong>non</strong></span> <span class='ocrx_word' id='word_1_591' title='bbox 2406 4133 2652 4203; x_wconf 90' lang='lat' dir='ltr'><strong>potuisse</strong></span> <span class='ocrx_word' id='word_1_592' title='bbox 2670 4131 2788 4186; x_wconf 90' lang='lat' dir='ltr'><strong>sine</strong></span> <span class='ocrx_word' id='word_1_593' title='bbox 2816 4127 3058 4201; x_wconf 85' lang='lat' dir='ltr'><strong>periculo</strong></span> <span class='ocrx_word' id='word_1_594' title='bbox 3088 4126 3143 4179; x_wconf 92' lang='lat' dir='ltr'><strong>in</strong></span> <span class='ocrx_word' id='word_1_595' title='bbox 3179 4121 3399 4191; x_wconf 90' lang='lat' dir='ltr'><strong>scriptis</strong></span> <span class='ocrx_word' id='word_1_596' title='bbox 3428 4131 3639 4175; x_wconf 78' lang='lat' dir='ltr'><strong>extero-</strong></span> 
     </span>
    </p>
   </div>
   <div class='ocr_carea' id='block_1_86' title="bbox 2072 4210 3634 4293">
    <p class='ocr_par' dir='ltr' id='par_1_86' title="bbox 2072 4210 3634 4293">
     <span class='ocr_line' id='line_1_86' title="bbox 2072 4210 3634 4293; baseline -0.01 -14"><span class='ocrx_word' id='word_1_597' title='bbox 2072 4240 2192 4279; x_wconf 81' lang='lat' dir='ltr'><strong>rum</strong></span> <span class='ocrx_word' id='word_1_598' title='bbox 2220 4223 2498 4293; x_wconf 87' lang='lat' dir='ltr'><strong>usurpari.</strong></span> <span class='ocrx_word' id='word_1_599' title='bbox 2538 4221 2945 4291; x_wconf 86' lang='lat' dir='ltr'><strong>Theopompum</strong></span> <span class='ocrx_word' id='word_1_600' title='bbox 2975 4216 3121 4271; x_wconf 87' lang='lat' dir='ltr'><strong>enim</strong></span> <span class='ocrx_word' id='word_1_601' title='bbox 3155 4222 3210 4269; x_wconf 88' lang='lat' dir='ltr'><strong>et</strong></span> <span class='ocrx_word' id='word_1_602' title='bbox 3251 4210 3589 4267; x_wconf 82' lang='lat' dir='ltr'><strong>Theodectcn</strong></span> <span class='ocrx_word' id='word_1_603' title='bbox 3615 4251 3634 4276; x_wconf 95' lang='lat'><strong>,</strong></span> 
     </span>
    </p>
   </div>
   <div class='ocr_carea' id='block_1_87' title="bbox 2072 4299 3634 4387">
    <p class='ocr_par' dir='ltr' id='par_1_87' title="bbox 2072 4299 3634 4387">
     <span class='ocr_line' id='line_1_87' title="bbox 2072 4299 3634 4387; baseline -0.009 -17"><span class='ocrx_word' id='word_1_604' title='bbox 2072 4316 2166 4387; x_wconf 91' lang='lat' dir='ltr'><strong>qui</strong></span> <span class='ocrx_word' id='word_1_605' title='bbox 2197 4315 2249 4370; x_wconf 90' lang='lat' dir='ltr'><strong>id</strong></span> <span class='ocrx_word' id='word_1_606' title='bbox 2277 4313 2518 4385; x_wconf 85' lang='lat' dir='ltr'><strong>aggressi</strong></span> <span class='ocrx_word' id='word_1_607' title='bbox 2564 4311 2801 4376; x_wconf 81' lang='lat' dir='ltr'><strong>fuerant,</strong></span> <span class='ocrx_word' id='word_1_608' title='bbox 2856 4308 3115 4364; x_wconf 85' lang='lat' dir='ltr'><strong>divinitus</strong></span> <span class='ocrx_word' id='word_1_609' title='bbox 3146 4303 3409 4361; x_wconf 87' lang='lat' dir='ltr'><strong>immissis</strong></span> <span class='ocrx_word' id='word_1_610' title='bbox 3463 4299 3634 4372; x_wconf 76' lang='lat' dir='ltr'><strong>pcenis</strong></span> 
     </span>
    </p>
   </div>
   <div class='ocr_carea' id='block_1_88' title="bbox 2074 4394 3637 4470">
    <p class='ocr_par' dir='ltr' id='par_1_88' title="bbox 2074 4394 3637 4470">
     <span class='ocr_line' id='line_1_88' title="bbox 2074 4394 3637 4470; baseline -0.012 -6"><span class='ocrx_word' id='word_1_611' title='bbox 2074 4408 2344 4464; x_wconf 91' lang='lat' dir='ltr'><strong>coercitos</strong></span> <span class='ocrx_word' id='word_1_612' title='bbox 2372 4406 2562 4460; x_wconf 81' lang='lat' dir='ltr'><strong>fuisse.</strong></span> <span class='ocrx_word' id='word_1_613' title='bbox 2595 4402 2689 4459; x_wconf 87' lang='lat' dir='ltr'><strong>llis</strong></span> <span class='ocrx_word' id='word_1_614' title='bbox 2720 4403 2922 4458; x_wconf 88' lang='lat' dir='ltr'><strong>auditis</strong></span> <span class='ocrx_word' id='word_1_615' title='bbox 2945 4416 3043 4456; x_wconf 72' lang='lat' dir='ltr'><strong>rex</strong></span> <span class='ocrx_word' id='word_1_616' title='bbox 3074 4399 3245 4470; x_wconf 89' lang='lat' dir='ltr'><strong>legem</strong></span> <span class='ocrx_word' id='word_1_617' title='bbox 3266 4394 3523 4466; x_wconf 85' lang='lat' dir='ltr'><strong>religiosa</strong></span> <span class='ocrx_word' id='word_1_618' title='bbox 3544 4406 3637 4447; x_wconf 84' lang='lat' dir='ltr'><strong>ve-</strong></span> 
     </span>
    </p>
   </div>
   <div class='ocr_carea' id='block_1_89' title="bbox 392 4482 1963 4573">
    <p class='ocr_par' dir='ltr' id='par_1_89' title="bbox 392 4482 1963 4556">
     <span class='ocr_line' id='line_1_89' title="bbox 392 4482 1963 4556; baseline 0.004 -15"><span class='ocrx_word' id='word_1_619' title='bbox 392 4485 675 4556; x_wconf 87' lang='lat' dir='ltr'><strong>pretandis</strong></span> <span class='ocrx_word' id='word_1_620' title='bbox 698 4482 999 4555; x_wconf 86' lang='lat' dir='ltr'><strong>Scripturis</strong></span> <span class='ocrx_word' id='word_1_621' title='bbox 1046 4499 1107 4539; x_wconf 90' lang='lat' dir='ltr'><strong>se</strong></span> <span class='ocrx_word' id='word_1_622' title='bbox 1159 4485 1373 4541; x_wconf 90' lang='lat' dir='ltr'><strong>mittere</strong></span> <span class='ocrx_word' id='word_1_623' title='bbox 1414 4486 1719 4556; x_wconf 87' lang='lat' dir='ltr'><strong>profitetur.</strong></span> <span class='ocrx_word' id='word_1_624' title='bbox 1760 4487 1963 4547; x_wconf 91' lang='lat' dir='ltr'><strong>Deinde</strong></span> 
     </span>
    </p>
   </div>
   <div class='ocr_carea' id='block_1_90' title="bbox 2074 4482 3637 4573">
    <p class='ocr_par' dir='ltr' id='par_1_90' title="bbox 2074 4489 3637 4567">
     <span class='ocr_line' id='line_1_90' title="bbox 2074 4489 3637 4567; baseline -0.01 -13"><span class='ocrx_word' id='word_1_625' title='bbox 2074 4499 2353 4554; x_wconf 73' lang='lat' dir='ltr'><strong>iteratione</strong></span> <span class='ocrx_word' id='word_1_626' title='bbox 2373 4504 2695 4567; x_wconf 89' lang='lat' dir='ltr'><strong>prosecutus</strong></span> <span class='ocrx_word' id='word_1_627' title='bbox 2723 4502 2826 4560; x_wconf 90' lang='lat' dir='ltr'><strong>est,</strong></span> <span class='ocrx_word' id='word_1_628' title='bbox 2850 4508 3080 4561; x_wconf 89' lang='lat' dir='ltr'><strong>eamque</strong></span> <span class='ocrx_word' id='word_1_629' title='bbox 3102 4489 3269 4561; x_wconf 89' lang='lat' dir='ltr'><strong>jussit</strong></span> <span class='ocrx_word' id='word_1_630' title='bbox 3296 4500 3513 4543; x_wconf 90' lang='lat' dir='ltr'><strong>summo</strong></span> <span class='ocrx_word' id='word_1_631' title='bbox 3531 4493 3637 4540; x_wconf 85' lang='lat' dir='ltr'><strong>stu-</strong></span> 
     </span>
    </p>
   </div>
   <div class='ocr_carea' id='block_1_91' title="bbox 394 4576 3635 4655">
    <p class='ocr_par' dir='ltr' id='par_1_91' title="bbox 394 4576 3635 4655">
     <span class='ocr_line' id='line_1_91' title="bbox 394 4576 3635 4655; baseline 0 -22"><span class='ocrx_word' id='word_1_632' title='bbox 394 4594 590 4634; x_wconf 79' lang='lat' dir='ltr'><strong>scnum</strong></span> <span class='ocrx_word' id='word_1_633' title='bbox 620 4577 889 4647; x_wconf 84' lang='lat' dir='ltr'><strong>cujusque</strong></span> <span class='ocrx_word' id='word_1_634' title='bbox 919 4576 1096 4630; x_wconf 88' lang='lat' dir='ltr'><strong>tribus</strong></span> <span class='ocrx_word' id='word_1_635' title='bbox 1120 4577 1344 4631; x_wconf 88' lang='lat' dir='ltr'><strong>nomina</strong></span> <span class='ocrx_word' id='word_1_636' title='bbox 1391 4577 1725 4635; x_wconf 82' lang='lat' dir='ltr'><strong>referuntur.</strong></span> <span class='ocrx_word' id='word_1_637' title='bbox 1785 4581 1968 4638; x_wconf 88' lang='lat' dir='ltr'><strong>Dono—</strong></span> <span class='ocrx_word' id='word_1_638' title='bbox 2069 4592 2161 4646; x_wconf 85' lang='lat' dir='ltr'><strong>dio</strong></span> <span class='ocrx_word' id='word_1_639' title='bbox 2208 4588 2499 4650; x_wconf 85' lang='lat' dir='ltr'><strong>asservari,</strong></span> <span class='ocrx_word' id='word_1_640' title='bbox 2541 4601 2808 4655; x_wconf 85' lang='lat' dir='ltr'><strong>senesque</strong></span> <span class='ocrx_word' id='word_1_641' title='bbox 2835 4583 3043 4654; x_wconf 88' lang='lat' dir='ltr'><strong>rogavit</strong></span> <span class='ocrx_word' id='word_1_642' title='bbox 3080 4591 3139 4636; x_wconf 88' lang='lat' dir='ltr'><strong>ut</strong></span> <span class='ocrx_word' id='word_1_643' title='bbox 3171 4582 3224 4635; x_wconf 92' lang='lat' dir='ltr'><strong>in</strong></span> <span class='ocrx_word' id='word_1_644' title='bbox 3256 4588 3532 4646; x_wconf 84' lang='lat' dir='ltr'><strong>posterum</strong></span> <span class='ocrx_word' id='word_1_645' title='bbox 3574 4591 3635 4632; x_wconf 82' lang='lat' dir='ltr'><strong>se</strong></span> 
     </span>
    </p>
   </div>
   <div class='ocr_carea' id='block_1_92' title="bbox 393 4669 1967 4743">
    <p class='ocr_par' dir='ltr' id='par_1_92' title="bbox 393 4669 1967 4743">
     <span class='ocr_line' id='line_1_92' title="bbox 393 4669 1967 4743; baseline 0.001 -15"><span class='ocrx_word' id='word_1_646' title='bbox 393 4688 520 4728; x_wconf 86' lang='lat' dir='ltr'><strong>rum</strong></span> <span class='ocrx_word' id='word_1_647' title='bbox 545 4681 734 4743; x_wconf 85' lang='lat' dir='ltr'><strong>postea</strong></span> <span class='ocrx_word' id='word_1_648' title='bbox 762 4669 938 4724; x_wconf 84' lang='lat' dir='ltr'><strong>forma</strong></span> <span class='ocrx_word' id='word_1_649' title='bbox 978 4670 1403 4739; x_wconf 59' lang='lat' dir='ltr'><strong>prastantiaque</strong></span> <span class='ocrx_word' id='word_1_650' title='bbox 1440 4670 1561 4727; x_wconf 85' lang='lat' dir='ltr'><strong>fuse</strong></span> <span class='ocrx_word' id='word_1_651' title='bbox 1613 4673 1967 4731; x_wconf 88' lang='lat' dir='ltr'><strong>describitur.</strong></span> 
     </span>
    </p>
   </div>
   <div class='ocr_carea' id='block_1_93' title="bbox 397 4760 1970 4836">
    <p class='ocr_par' dir='ltr' id='par_1_93' title="bbox 397 4760 1970 4836">
     <span class='ocr_line' id='line_1_93' title="bbox 397 4760 1970 4836; baseline 0.002 -16"><span class='ocrx_word' id='word_1_652' title='bbox 397 4764 660 4835; x_wconf 79' lang='lat' dir='ltr'><strong>Sequitur</strong></span> <span class='ocrx_word' id='word_1_653' title='bbox 689 4762 936 4817; x_wconf 90' lang='lat' dir='ltr'><strong>narratio</strong></span> <span class='ocrx_word' id='word_1_654' title='bbox 959 4776 1151 4817; x_wconf 83' lang='lat' dir='ltr'><strong>eorum</strong></span> <span class='ocrx_word' id='word_1_655' title='bbox 1182 4777 1304 4833; x_wconf 65' lang='lat' dir='ltr'><strong>quae</strong></span> <span class='ocrx_word' id='word_1_656' title='bbox 1326 4760 1689 4836; x_wconf 67' lang='lat' dir='ltr'><strong>Jcrosolymis</strong></span> <span class='ocrx_word' id='word_1_657' title='bbox 1725 4766 1970 4823; x_wconf 84' lang='lat' dir='ltr'><strong>Aristeas</strong></span> 
     </span>
    </p>
   </div>
   <div class='ocr_carea' id='block_1_94' title="bbox 393 4851 1973 4928">
    <p class='ocr_par' dir='ltr' id='par_1_94' title="bbox 393 4851 1973 4928">
     <span class='ocr_line' id='line_1_94' title="bbox 393 4851 1973 4928; baseline 0 -15"><span class='ocrx_word' id='word_1_658' title='bbox 393 4858 804 4919; x_wconf 82' lang='lat' dir='ltr'><strong>observaverat,</strong></span> <span class='ocrx_word' id='word_1_659' title='bbox 835 4851 1304 4926; x_wconf 73' lang='lat' dir='ltr'><strong>Jerosolymorum</strong></span> <span class='ocrx_word' id='word_1_660' title='bbox 1338 4870 1533 4925; x_wconf 90' lang='lat' dir='ltr'><strong>nempe</strong></span> <span class='ocrx_word' id='word_1_661' title='bbox 1563 4856 1753 4925; x_wconf 90' lang='lat' dir='ltr'><strong>situm,</strong></span> <span class='ocrx_word' id='word_1_662' title='bbox 1784 4859 1973 4928; x_wconf 85' lang='lat' dir='ltr'><strong>templi</strong></span> 
     </span>
    </p>
   </div>
   <div class='ocr_carea' id='block_1_95' title="bbox 389 4946 1971 5019">
    <p class='ocr_par' dir='ltr' id='par_1_95' title="bbox 389 4946 1971 5019">
     <span class='ocr_line' id='line_1_95' title="bbox 389 4946 1971 5019; baseline 0.001 -14"><span class='ocrx_word' id='word_1_663' title='bbox 389 4947 838 5019; x_wconf 83' lang='lat' dir='ltr'><strong>Jerosolymitaui</strong></span> <span class='ocrx_word' id='word_1_664' title='bbox 865 4946 1123 5013; x_wconf 87' lang='lat' dir='ltr'><strong>formam,</strong></span> <span class='ocrx_word' id='word_1_665' title='bbox 1154 4948 1503 5004; x_wconf 87' lang='lat' dir='ltr'><strong>sacerdotum</strong></span> <span class='ocrx_word' id='word_1_666' title='bbox 1545 4948 1674 5005; x_wconf 91' lang='lat' dir='ltr'><strong>item</strong></span> <span class='ocrx_word' id='word_1_667' title='bbox 1721 4952 1971 5007; x_wconf 84' lang='lat' dir='ltr'><strong>ministe-</strong></span> 
     </span>
    </p>
   </div>
   <div class='ocr_carea' id='block_1_96' title="bbox 389 5040 1971 5113">
    <p class='ocr_par' dir='ltr' id='par_1_96' title="bbox 389 5040 1971 5113">
     <span class='ocr_line' id='line_1_96' title="bbox 389 5040 1971 5113; baseline 0.001 -15"><span class='ocrx_word' id='word_1_668' title='bbox 389 5044 564 5109; x_wconf 88' lang='lat' dir='ltr'><strong>rium,</strong></span> <span class='ocrx_word' id='word_1_669' title='bbox 588 5040 835 5097; x_wconf 84' lang='lat' dir='ltr'><strong>Eleazari</strong></span> <span class='ocrx_word' id='word_1_670' title='bbox 863 5040 1210 5095; x_wconf 89' lang='lat' dir='ltr'><strong>sacerdotum</strong></span> <span class='ocrx_word' id='word_1_671' title='bbox 1240 5042 1506 5113; x_wconf 89' lang='lat' dir='ltr'><strong>principis</strong></span> <span class='ocrx_word' id='word_1_672' title='bbox 1542 5058 1701 5099; x_wconf 89' lang='lat' dir='ltr'><strong>sacra</strong></span> <span class='ocrx_word' id='word_1_673' title='bbox 1729 5052 1971 5100; x_wconf 84' lang='lat' dir='ltr'><strong>tractan-</strong></span> 
     </span>
    </p>
   </div>
   <div class='ocr_carea' id='block_1_97' title="bbox 388 5130 1972 5206">
    <p class='ocr_par' dir='ltr' id='par_1_97' title="bbox 388 5130 1972 5206">
     <span class='ocr_line' id='line_1_97' title="bbox 388 5130 1972 5206; baseline 0.001 -16"><span class='ocrx_word' id='word_1_674' title='bbox 388 5137 461 5189; x_wconf 89' lang='lat' dir='ltr'><strong>tis</strong></span> <span class='ocrx_word' id='word_1_675' title='bbox 499 5135 731 5199; x_wconf 90' lang='lat' dir='ltr'><strong>cultum,</strong></span> <span class='ocrx_word' id='word_1_676' title='bbox 757 5134 903 5189; x_wconf 86' lang='lat' dir='ltr'><strong>arcis</strong></span> <span class='ocrx_word' id='word_1_677' title='bbox 929 5130 1435 5206; x_wconf 70' lang='lat' dir='ltr'><strong>Hierosolymitanaa</strong></span> <span class='ocrx_word' id='word_1_678' title='bbox 1468 5135 1667 5202; x_wconf 90' lang='lat' dir='ltr'><strong>situm,</strong></span> <span class='ocrx_word' id='word_1_679' title='bbox 1701 5136 1856 5193; x_wconf 91' lang='lat' dir='ltr'><strong>urbis</strong></span> <span class='ocrx_word' id='word_1_680' title='bbox 1889 5145 1972 5192; x_wconf 87' lang='lat' dir='ltr'><strong>to-</strong></span> 
     </span>
    </p>
   </div>
   <div class='ocr_carea' id='block_1_98' title="bbox 390 5225 1971 5297">
    <p class='ocr_par' dir='ltr' id='par_1_98' title="bbox 390 5225 1971 5297">
     <span class='ocr_line' id='line_1_98' title="bbox 390 5225 1971 5297; baseline 0.003 -18"><span class='ocrx_word' id='word_1_681' title='bbox 390 5227 506 5280; x_wconf 88' lang='lat' dir='ltr'><strong>tius</strong></span> <span class='ocrx_word' id='word_1_682' title='bbox 540 5226 831 5289; x_wconf 91' lang='lat' dir='ltr'><strong>ambitum,</strong></span> <span class='ocrx_word' id='word_1_683' title='bbox 864 5225 977 5296; x_wconf 87' lang='lat' dir='ltr'><strong>agri</strong></span> <span class='ocrx_word' id='word_1_684' title='bbox 1021 5234 1077 5281; x_wconf 91' lang='lat' dir='ltr'><strong>et</strong></span> <span class='ocrx_word' id='word_1_685' title='bbox 1109 5227 1349 5297; x_wconf 88' lang='lat' dir='ltr'><strong>regionis</strong></span> <span class='ocrx_word' id='word_1_686' title='bbox 1381 5226 1800 5296; x_wconf 85' lang='lat' dir='ltr'><strong>fecunditatem,</strong></span> <span class='ocrx_word' id='word_1_687' title='bbox 1851 5229 1971 5284; x_wconf 88' lang='lat' dir='ltr'><strong>fru-</strong></span> 
     </span>
    </p>
   </div>
   <div class='ocr_carea' id='block_1_99' title="bbox 392 5315 1973 5387">
    <p class='ocr_par' dir='ltr' id='par_1_99' title="bbox 392 5315 1973 5387">
     <span class='ocr_line' id='line_1_99' title="bbox 392 5315 1973 5387; baseline 0.004 -18"><span class='ocrx_word' id='word_1_688' title='bbox 392 5323 587 5369; x_wconf 88' lang='lat' dir='ltr'><strong>ctuum</strong></span> <span class='ocrx_word' id='word_1_689' title='bbox 620 5316 833 5387; x_wconf 91' lang='lat' dir='ltr'><strong>copiam</strong></span> <span class='ocrx_word' id='word_1_690' title='bbox 864 5324 921 5370; x_wconf 88' lang='lat' dir='ltr'><strong>et</strong></span> <span class='ocrx_word' id='word_1_691' title='bbox 949 5316 1289 5373; x_wconf 89' lang='lat' dir='ltr'><strong>varietatem.</strong></span> <span class='ocrx_word' id='word_1_692' title='bbox 1314 5315 1604 5375; x_wconf 69' lang='lat' dir='ltr'><strong>Iordanem</strong></span> <span class='ocrx_word' id='word_1_693' title='bbox 1632 5319 1860 5375; x_wconf 81' lang='lat' dir='ltr'><strong>fluvium</strong></span> <span class='ocrx_word' id='word_1_694' title='bbox 1889 5322 1973 5375; x_wconf 88' lang='lat' dir='ltr'><strong>in-</strong></span> 
     </span>
    </p>
   </div>
   <div class='ocr_carea' id='block_1_100' title="bbox 399 5406 1975 5483">
    <p class='ocr_par' dir='ltr' id='par_1_100' title="bbox 399 5406 1975 5483">
     <span class='ocr_line' id='line_1_100' title="bbox 399 5406 1975 5483; baseline 0.004 -21"><span class='ocrx_word' id='word_1_695' title='bbox 399 5418 512 5462; x_wconf 83' lang='lat' dir='ltr'><strong>star</strong></span> <span class='ocrx_word' id='word_1_696' title='bbox 542 5406 648 5462; x_wconf 83' lang='lat' dir='ltr'><strong>Nili</strong></span> <span class='ocrx_word' id='word_1_697' title='bbox 677 5408 1043 5464; x_wconf 77' lang='lat' dir='ltr'><strong>exundantem</strong></span> <span class='ocrx_word' id='word_1_698' title='bbox 1082 5420 1366 5480; x_wconf 89' lang='lat' dir='ltr'><strong>terrasque</strong></span> <span class='ocrx_word' id='word_1_699' title='bbox 1399 5410 1714 5483; x_wconf 80' lang='lat' dir='ltr'><strong>irrigantem</strong></span> <span class='ocrx_word' id='word_1_700' title='bbox 1753 5414 1975 5469; x_wconf 74' lang='lat' dir='ltr'><strong>exhibet</strong></span> 
     </span>
    </p>
   </div>
   <div class='ocr_carea' id='block_1_101' title="bbox 399 5500 1755 5572">
    <p class='ocr_par' dir='ltr' id='par_1_101' title="bbox 399 5500 1755 5572">
     <span class='ocr_line' id='line_1_101' title="bbox 399 5500 1755 5572; baseline 0.003 -18"><span class='ocrx_word' id='word_1_701' title='bbox 399 5500 667 5565; x_wconf 79' lang='lat' dir='ltr'><strong>Aristeas,</strong></span> <span class='ocrx_word' id='word_1_702' title='bbox 699 5515 872 5571; x_wconf 89' lang='lat' dir='ltr'><strong>eaque</strong></span> <span class='ocrx_word' id='word_1_703' title='bbox 898 5500 954 5554; x_wconf 93' lang='lat' dir='ltr'><strong>in</strong></span> <span class='ocrx_word' id='word_1_704' title='bbox 983 5516 1043 5555; x_wconf 93' lang='lat' dir='ltr'><strong>re</strong></span> <span class='ocrx_word' id='word_1_705' title='bbox 1068 5500 1190 5556; x_wconf 80' lang='lat' dir='ltr'><strong>falsi</strong></span> <span class='ocrx_word' id='word_1_706' title='bbox 1221 5502 1469 5572; x_wconf 89' lang='lat' dir='ltr'><strong>arguitur</strong></span> <span class='ocrx_word' id='word_1_707' title='bbox 1496 5519 1528 5558; x_wconf 92' lang='lat' dir='ltr'><strong>a</strong></span> <span class='ocrx_word' id='word_1_708' title='bbox 1550 5504 1755 5560; x_wconf 88' lang='lat' dir='ltr'><strong>multis.</strong></span> 
     </span>
    </p>
   </div>
   <div class='ocr_carea' id='block_1_102' title="bbox 472 5585 1972 5665">
    <p class='ocr_par' dir='ltr' id='par_1_102' title="bbox 472 5585 1972 5665">
     <span class='ocr_line' id='line_1_102' title="bbox 472 5585 1972 5665; baseline 0.007 -24"><span class='ocrx_word' id='word_1_709' title='bbox 472 5585 588 5642; x_wconf 88' lang='lat' dir='ltr'><strong>Sub</strong></span> <span class='ocrx_word' id='word_1_710' title='bbox 618 5589 734 5644; x_wconf 63' lang='lat' dir='ltr'><strong>haec</strong></span> <span class='ocrx_word' id='word_1_711' title='bbox 763 5590 831 5644; x_wconf 90' lang='lat' dir='ltr'><strong>de</strong></span> <span class='ocrx_word' id='word_1_712' title='bbox 860 5591 1082 5646; x_wconf 88' lang='lat' dir='ltr'><strong>senibus</strong></span> <span class='ocrx_word' id='word_1_713' title='bbox 1108 5591 1177 5645; x_wconf 90' lang='lat' dir='ltr'><strong>ab</strong></span> <span class='ocrx_word' id='word_1_714' title='bbox 1198 5590 1459 5648; x_wconf 78' lang='lat' dir='ltr'><strong>Eleazaro</strong></span> <span class='ocrx_word' id='word_1_715' title='bbox 1485 5610 1550 5649; x_wconf 80' lang='lat' dir='ltr'><strong>ex</strong></span> <span class='ocrx_word' id='word_1_716' title='bbox 1576 5610 1794 5665; x_wconf 87' lang='lat' dir='ltr'><strong>quaque</strong></span> <span class='ocrx_word' id='word_1_717' title='bbox 1826 5597 1972 5652; x_wconf 85' lang='lat' dir='ltr'><strong>tribu</strong></span> 
     </span>
    </p>
   </div>
   <div class='ocr_carea' id='block_1_103' title="bbox 400 5682 1973 5757">
    <p class='ocr_par' dir='ltr' id='par_1_103' title="bbox 400 5682 1973 5757">
     <span class='ocr_line' id='line_1_103' title="bbox 400 5682 1973 5757; baseline 0.005 -22"><span class='ocrx_word' id='word_1_718' title='bbox 400 5682 617 5737; x_wconf 80' lang='lat' dir='ltr'><strong>selectis</strong></span> <span class='ocrx_word' id='word_1_719' title='bbox 644 5684 823 5752; x_wconf 87' lang='lat' dir='ltr'><strong>agitur</strong></span> <span class='ocrx_word' id='word_1_720' title='bbox 853 5701 867 5737; x_wconf 89' lang='lat'><strong>:</strong></span> <span class='ocrx_word' id='word_1_721' title='bbox 902 5684 955 5737; x_wconf 90' lang='lat' dir='ltr'><strong>hi</strong></span> <span class='ocrx_word' id='word_1_722' title='bbox 984 5684 1269 5755; x_wconf 91' lang='lat' dir='ltr'><strong>utriusque</strong></span> <span class='ocrx_word' id='word_1_723' title='bbox 1320 5687 1541 5757; x_wconf 68' lang='lat' dir='ltr'><strong>linguae,</strong></span> <span class='ocrx_word' id='word_1_724' title='bbox 1580 5686 1861 5743; x_wconf 66' lang='lat' dir='ltr'><strong>Hebraieat</strong></span> <span class='ocrx_word' id='word_1_725' title='bbox 1884 5689 1973 5743; x_wconf 90' lang='lat' dir='ltr'><strong>ni-</strong></span> 
     </span>
    </p>
   </div>
   <div class='ocr_carea' id='block_1_104' title="bbox 400 5772 1961 5850">
    <p class='ocr_par' dir='ltr' id='par_1_104' title="bbox 400 5772 1961 5850">
     <span class='ocr_line' id='line_1_104' title="bbox 400 5772 1961 5850; baseline 0.006 -23"><span class='ocrx_word' id='word_1_726' title='bbox 400 5772 599 5828; x_wconf 87' lang='lat' dir='ltr'><strong>mirum</strong></span> <span class='ocrx_word' id='word_1_727' title='bbox 628 5783 683 5829; x_wconf 86' lang='lat' dir='ltr'><strong>et</strong></span> <span class='ocrx_word' id='word_1_728' title='bbox 710 5774 931 5843; x_wconf 60' lang='lat' dir='ltr'><strong>Grecae,</strong></span> <span class='ocrx_word' id='word_1_729' title='bbox 959 5775 1302 5848; x_wconf 86' lang='lat' dir='ltr'><strong>peritissimi,</strong></span> <span class='ocrx_word' id='word_1_730' title='bbox 1323 5788 1377 5835; x_wconf 89' lang='lat' dir='ltr'><strong>et</strong></span> <span class='ocrx_word' id='word_1_731' title='bbox 1401 5778 1579 5850; x_wconf 85' lang='lat' dir='ltr'><strong>legum</strong></span> <span class='ocrx_word' id='word_1_732' title='bbox 1616 5779 1840 5838; x_wconf 86' lang='lat' dir='ltr'><strong>scientia</strong></span> <span class='ocrx_word' id='word_1_733' title='bbox 1861 5780 1961 5838; x_wconf 84' lang='lat' dir='ltr'><strong>cla-</strong></span> 
     </span>
    </p>
   </div>
   <div class='ocr_carea' id='block_1_105' title="bbox 2070 4666 3637 4744">
    <p class='ocr_par' dir='ltr' id='par_1_105' title="bbox 2070 4666 3637 4744">
     <span class='ocr_line' id='line_1_105' title="bbox 2070 4666 3637 4744; baseline -0.009 -9"><span class='ocrx_word' id='word_1_734' title='bbox 2070 4679 2313 4735; x_wconf 87' lang='lat' dir='ltr'><strong>crebrius</strong></span> <span class='ocrx_word' id='word_1_735' title='bbox 2340 4676 2711 4739; x_wconf 86' lang='lat' dir='ltr'><strong>convenirent,</strong></span> <span class='ocrx_word' id='word_1_736' title='bbox 2736 4676 2993 4744; x_wconf 91' lang='lat' dir='ltr'><strong>ipsosque</strong></span> <span class='ocrx_word' id='word_1_737' title='bbox 3015 4689 3139 4728; x_wconf 92' lang='lat' dir='ltr'><strong>cum</strong></span> <span class='ocrx_word' id='word_1_738' title='bbox 3165 4671 3324 4726; x_wconf 90' lang='lat' dir='ltr'><strong>donis</strong></span> <span class='ocrx_word' id='word_1_739' title='bbox 3345 4678 3398 4725; x_wconf 91' lang='lat' dir='ltr'><strong>et</strong></span> <span class='ocrx_word' id='word_1_740' title='bbox 3421 4666 3637 4738; x_wconf 82' lang='lat' dir='ltr'><strong>amplis-</strong></span> 
     </span>
    </p>
   </div>
   <div class='ocr_carea' id='block_1_106' title="bbox 2069 4761 3635 4835">
    <p class='ocr_par' dir='ltr' id='par_1_106' title="bbox 2069 4761 3635 4835">
     <span class='ocr_line' id='line_1_106' title="bbox 2069 4761 3635 4835; baseline -0.008 -7"><span class='ocrx_word' id='word_1_741' title='bbox 2069 4772 2225 4828; x_wconf 90' lang='lat' dir='ltr'><strong>simis</strong></span> <span class='ocrx_word' id='word_1_742' title='bbox 2249 4769 2567 4825; x_wconf 89' lang='lat' dir='ltr'><strong>muneribus</strong></span> <span class='ocrx_word' id='word_1_743' title='bbox 2592 4767 2850 4822; x_wconf 81' lang='lat' dir='ltr'><strong>Eleazaro</strong></span> <span class='ocrx_word' id='word_1_744' title='bbox 2878 4780 3097 4822; x_wconf 90' lang='lat' dir='ltr'><strong>summo</strong></span> <span class='ocrx_word' id='word_1_745' title='bbox 3127 4763 3373 4835; x_wconf 88' lang='lat' dir='ltr'><strong>pontifici</strong></span> <span class='ocrx_word' id='word_1_746' title='bbox 3400 4761 3635 4817; x_wconf 84' lang='lat' dir='ltr'><strong>destina-</strong></span> 
     </span>
    </p>
   </div>
   <div class='ocr_carea' id='block_1_107' title="bbox 2072 4859 2664 4927">
    <p class='ocr_par' dir='ltr' id='par_1_107' title="bbox 2072 4859 2664 4927">
     <span class='ocr_line' id='line_1_107' title="bbox 2072 4859 2664 4927; baseline -0.008 -11"><span class='ocrx_word' id='word_1_747' title='bbox 2072 4862 2161 4927; x_wconf 85' lang='lat' dir='ltr'><strong>tis,</strong></span> <span class='ocrx_word' id='word_1_748' title='bbox 2189 4861 2411 4916; x_wconf 89' lang='lat' dir='ltr'><strong>domum</strong></span> <span class='ocrx_word' id='word_1_749' title='bbox 2434 4859 2664 4914; x_wconf 91' lang='lat' dir='ltr'><strong>remisit.</strong></span> 
     </span>
    </p>
   </div>
   <div class='ocr_carea' id='block_1_108' title="bbox 2141 4942 3631 5018">
    <p class='ocr_par' dir='ltr' id='par_1_108' title="bbox 2141 4942 3631 5018">
     <span class='ocr_line' id='line_1_108' title="bbox 2141 4942 3631 5018; baseline -0.006 -10"><span class='ocrx_word' id='word_1_750' title='bbox 2141 4953 2220 5008; x_wconf 84' lang='lat' dir='ltr'><strong>En</strong></span> <span class='ocrx_word' id='word_1_751' title='bbox 2248 4961 2417 5007; x_wconf 87' lang='lat' dir='ltr'><strong>totam</strong></span> <span class='ocrx_word' id='word_1_752' title='bbox 2443 4951 2671 5006; x_wconf 81' lang='lat' dir='ltr'><strong>Aristeae</strong></span> <span class='ocrx_word' id='word_1_753' title='bbox 2688 4960 2743 5006; x_wconf 90' lang='lat' dir='ltr'><strong>et</strong></span> <span class='ocrx_word' id='word_1_754' title='bbox 2769 4948 2910 5005; x_wconf 76' lang='lat' dir='ltr'><strong>LXX</strong></span> <span class='ocrx_word' id='word_1_755' title='bbox 2949 4948 3308 5018; x_wconf 85' lang='lat' dir='ltr'><strong>lnterpretum</strong></span> <span class='ocrx_word' id='word_1_756' title='bbox 3326 4942 3631 5000; x_wconf 87' lang='lat' dir='ltr'><strong>historiam.</strong></span> 
     </span>
    </p>
   </div>
   <div class='ocr_carea' id='block_1_109' title="bbox 2070 5036 3646 5113">
    <p class='ocr_par' dir='ltr' id='par_1_109' title="bbox 2070 5036 3646 5113">
     <span class='ocr_line' id='line_1_109' title="bbox 2070 5036 3646 5113; baseline -0.009 -10"><span class='ocrx_word' id='word_1_757' title='bbox 2070 5048 2223 5103; x_wconf 86' lang='lat' dir='ltr'><strong>Licet</strong></span> <span class='ocrx_word' id='word_1_758' title='bbox 2252 5054 2431 5102; x_wconf 90' lang='lat' dir='ltr'><strong>autem</strong></span> <span class='ocrx_word' id='word_1_759' title='bbox 2472 5045 2601 5100; x_wconf 85' lang='lat' dir='ltr'><strong>hinc</strong></span> <span class='ocrx_word' id='word_1_760' title='bbox 2630 5044 2882 5101; x_wconf 89' lang='lat' dir='ltr'><strong>hausisse</strong></span> <span class='ocrx_word' id='word_1_761' title='bbox 2918 5051 3177 5113; x_wconf 91' lang='lat' dir='ltr'><strong>putentur</strong></span> <span class='ocrx_word' id='word_1_762' title='bbox 3203 5045 3473 5109; x_wconf 90' lang='lat' dir='ltr'><strong>quotquot</strong></span> <span class='ocrx_word' id='word_1_763' title='bbox 3499 5036 3646 5092; x_wconf 82' lang='lat' dir='ltr'><strong>idem</strong></span> 
     </span>
    </p>
   </div>
   <div class='ocr_carea' id='block_1_110' title="bbox 2070 5133 3649 5211">
    <p class='ocr_par' dir='ltr' id='par_1_110' title="bbox 2070 5133 3649 5211">
     <span class='ocr_line' id='line_1_110' title="bbox 2070 5133 3649 5211; baseline -0.008 -16"><span class='ocrx_word' id='word_1_764' title='bbox 2070 5147 2451 5211; x_wconf 89' lang='lat' dir='ltr'><strong>argumentum</strong></span> <span class='ocrx_word' id='word_1_765' title='bbox 2488 5145 2916 5209; x_wconf 76' lang='lat' dir='ltr'><strong>pertractaruut,</strong></span> <span class='ocrx_word' id='word_1_766' title='bbox 2965 5144 3201 5190; x_wconf 87' lang='lat' dir='ltr'><strong>attamen</strong></span> <span class='ocrx_word' id='word_1_767' title='bbox 3230 5133 3307 5188; x_wconf 91' lang='lat' dir='ltr'><strong>illi</strong></span> <span class='ocrx_word' id='word_1_768' title='bbox 3365 5141 3481 5187; x_wconf 90' lang='lat' dir='ltr'><strong>tum</strong></span> <span class='ocrx_word' id='word_1_769' title='bbox 3512 5146 3542 5185; x_wconf 90' lang='lat' dir='ltr'><strong>a</strong></span> <span class='ocrx_word' id='word_1_770' title='bbox 3593 5146 3649 5183; x_wconf 83' lang='lat' dir='ltr'><strong>se</strong></span> 
     </span>
    </p>
   </div>
   <div class='ocr_carea' id='block_1_111' title="bbox 2072 5223 3645 5298">
    <p class='ocr_par' dir='ltr' id='par_1_111' title="bbox 2072 5223 3645 5298">
     <span class='ocr_line' id='line_1_111' title="bbox 2072 5223 3645 5298; baseline -0.006 -12"><span class='ocrx_word' id='word_1_771' title='bbox 2072 5240 2284 5295; x_wconf 85' lang='lat' dir='ltr'><strong>mutuo,</strong></span> <span class='ocrx_word' id='word_1_772' title='bbox 2310 5240 2425 5286; x_wconf 89' lang='lat' dir='ltr'><strong>tum</strong></span> <span class='ocrx_word' id='word_1_773' title='bbox 2454 5230 2523 5285; x_wconf 89' lang='lat' dir='ltr'><strong>ab</strong></span> <span class='ocrx_word' id='word_1_774' title='bbox 2548 5229 2765 5284; x_wconf 81' lang='lat' dir='ltr'><strong>Aristea</strong></span> <span class='ocrx_word' id='word_1_775' title='bbox 2790 5228 2905 5293; x_wconf 90' lang='lat' dir='ltr'><strong>illo,</strong></span> <span class='ocrx_word' id='word_1_776' title='bbox 2941 5242 3103 5298; x_wconf 90' lang='lat' dir='ltr'><strong>quem</strong></span> <span class='ocrx_word' id='word_1_777' title='bbox 3141 5225 3305 5280; x_wconf 86' lang='lat' dir='ltr'><strong>modo</strong></span> <span class='ocrx_word' id='word_1_778' title='bbox 3330 5223 3543 5280; x_wconf 89' lang='lat' dir='ltr'><strong>retulim</strong></span> <span class='ocrx_word' id='word_1_779' title='bbox 3562 5237 3645 5286; x_wconf 84' lang='lat' dir='ltr'><strong>us,</strong></span> 
     </span>
    </p>
   </div>
   <div class='ocr_carea' id='block_1_112' title="bbox 2072 5320 2607 5377">
    <p class='ocr_par' dir='ltr' id='par_1_112' title="bbox 2072 5320 2607 5377">
     <span class='ocr_line' id='line_1_112' title="bbox 2072 5320 2607 5377; baseline -0.006 -1"><span class='ocrx_word' id='word_1_780' title='bbox 2072 5321 2303 5377; x_wconf 91' lang='lat' dir='ltr'><strong>multum</strong></span> <span class='ocrx_word' id='word_1_781' title='bbox 2332 5320 2607 5376; x_wconf 81' lang='lat' dir='ltr'><strong>differunt.</strong></span> 
     </span>
    </p>
   </div>
   <div class='ocr_carea' id='block_1_113' title="bbox 2072 5425 3629 5560">
    <p class='ocr_par' dir='ltr' id='par_1_113' title="bbox 2072 5425 3629 5560">
     <span class='ocr_line' id='line_1_113' title="bbox 2072 5425 3629 5560; baseline -0.006 -71"><span class='ocrx_word' id='word_1_782' title='bbox 2072 5436 2140 5490; x_wconf 88' lang='lat' dir='ltr'><strong>ll.</strong></span> <span class='ocrx_word' id='word_1_783' title='bbox 2176 5435 2317 5502; x_wconf 82' lang='lat' dir='ltr'><strong>Quid</strong></span> <span class='ocrx_word' id='word_1_784' title='bbox 2337 5436 2400 5491; x_wconf 82' lang='lat' dir='ltr'><strong>de</strong></span> <span class='ocrx_word' id='word_1_785' title='bbox 2426 5435 2523 5488; x_wconf 83' lang='lat' dir='ltr'><strong>hac</strong></span> <span class='ocrx_word' id='word_1_786' title='bbox 2548 5433 3041 5560; x_wconf 46' lang='lat' dir='ltr'><strong>Histonfuﬁixerint</strong></span> <span class='ocrx_word' id='word_1_787' title='bbox 3060 5429 3394 5485; x_wconf 74' lang='lat' dir='ltr'><strong>Aristobulus</strong></span> <span class='ocrx_word' id='word_1_788' title='bbox 3407 5436 3459 5483; x_wconf 77' lang='lat' dir='ltr'><strong>et</strong></span> <span class='ocrx_word' id='word_1_789' title='bbox 3483 5425 3629 5482; x_wconf 78' lang='lat' dir='ltr'><strong>Philo</strong></span> 
     </span>
     <span class='ocr_line' id='line_1_114' title="bbox 2854 5520 2984 5558; baseline -0.023 0"><span class='ocrx_word' id='word_1_790' title='bbox 2854 5520 2984 5558; x_wconf 77' lang='lat' dir='ltr'><strong>ams.</strong></span> 
     </span>
    </p>
   </div>
   <div class='ocr_carea' id='block_1_114' title="bbox 2854 5520 2984 5558">
    <p class='ocr_par' dir='ltr' id='par_1_114' title="bbox 2854 5520 2984 5558">
     <span class='ocr_line' id='line_1_115' title="bbox 2854 5520 2984 5558; baseline -0.023 0"><span class='ocrx_word' id='word_1_791' title='bbox 2854 5520 2984 5558; x_wconf 72' lang='lat' dir='ltr'><strong>mus.</strong></span> 
     </span>
    </p>
   </div>
   <div class='ocr_carea' id='block_1_115' title="bbox 2145 5590 3635 5668">
    <p class='ocr_par' dir='ltr' id='par_1_115' title="bbox 2145 5590 3635 5668">
     <span class='ocr_line' id='line_1_116' title="bbox 2145 5590 3635 5668; baseline -0.005 -17"><span class='ocrx_word' id='word_1_792' title='bbox 2145 5596 2248 5664; x_wconf 87' lang='lat' dir='ltr'><strong>Qui</strong></span> <span class='ocrx_word' id='word_1_793' title='bbox 2285 5596 2496 5668; x_wconf 89' lang='lat' dir='ltr'><strong>primus</strong></span> <span class='ocrx_word' id='word_1_794' title='bbox 2522 5596 2750 5653; x_wconf 66' lang='lat' dir='ltr'><strong>Aristeas</strong></span> <span class='ocrx_word' id='word_1_795' title='bbox 2783 5595 3079 5652; x_wconf 80' lang='lat' dir='ltr'><strong>Historiam</strong></span> <span class='ocrx_word' id='word_1_796' title='bbox 3111 5591 3451 5650; x_wconf 81' lang='lat' dir='ltr'><strong>memoravit.</strong></span> <span class='ocrx_word' id='word_1_797' title='bbox 3476 5590 3635 5645; x_wconf 86' lang='lat' dir='ltr'><strong>tacito</strong></span> 
     </span>
    </p>
   </div>
   <div class='ocr_carea' id='block_1_116' title="bbox 2075 5680 3634 5754">
    <p class='ocr_par' dir='ltr' id='par_1_116' title="bbox 2075 5680 3634 5754">
     <span class='ocr_line' id='line_1_117' title="bbox 2075 5680 3634 5754; baseline -0.006 -9"><span class='ocrx_word' id='word_1_798' title='bbox 2075 5699 2256 5745; x_wconf 92' lang='lat' dir='ltr'><strong>tamen</strong></span> <span class='ocrx_word' id='word_1_799' title='bbox 2280 5688 2508 5745; x_wconf 65' lang='lat' dir='ltr'><strong>Aristeas</strong></span> <span class='ocrx_word' id='word_1_800' title='bbox 2528 5688 2767 5754; x_wconf 88' lang='lat' dir='ltr'><strong>nomine,</strong></span> <span class='ocrx_word' id='word_1_801' title='bbox 2791 5696 2876 5742; x_wconf 90' lang='lat' dir='ltr'><strong>est</strong></span> <span class='ocrx_word' id='word_1_802' title='bbox 2910 5684 3277 5749; x_wconf 87' lang='lat' dir='ltr'><strong>Aristobulus,</strong></span> <span class='ocrx_word' id='word_1_803' title='bbox 3312 5684 3380 5737; x_wconf 89' lang='lat' dir='ltr'><strong>ab</strong></span> <span class='ocrx_word' id='word_1_804' title='bbox 3406 5680 3634 5737; x_wconf 83' lang='lat' dir='ltr'><strong>Eusebio</strong></span> 
     </span>
    </p>
   </div>
   <div class='ocr_carea' id='block_1_117' title="bbox 2076 5772 3635 5853">
    <p class='ocr_par' dir='ltr' id='par_1_117' title="bbox 2076 5772 3635 5853">
     <span class='ocr_line' id='line_1_118' title="bbox 2076 5772 3635 5853; baseline -0.004 -18"><span class='ocrx_word' id='word_1_805' title='bbox 2076 5780 2401 5839; x_wconf 67' lang='lat' dir='ltr'><strong>Cassarieusi</strong></span> <span class='ocrx_word' id='word_1_806' title='bbox 2442 5780 2637 5838; x_wconf 89' lang='lat' dir='ltr'><strong>allatus</strong></span> <span class='ocrx_word' id='word_1_807' title='bbox 2666 5777 2888 5851; x_wconf 66' lang='lat' dir='ltr'><strong>(Priap.</strong></span> <span class='ocrx_word' id='word_1_808' title='bbox 2939 5792 3122 5849; x_wconf 71' lang='lat' dir='ltr'><strong>evang.</strong></span> <span class='ocrx_word' id='word_1_809' title='bbox 3164 5791 3220 5853; x_wconf 61' lang='grc' dir='ltr'><strong>ρ.</strong></span> <span class='ocrx_word' id='word_1_810' title='bbox 3255 5774 3362 5836; x_wconf 74' lang='grc' dir='ltr'><strong>66ι</strong></span> <span class='ocrx_word' id='word_1_811' title='bbox 3377 5773 3420 5848; x_wconf 85' lang='grc'><strong>),</strong></span> <span class='ocrx_word' id='word_1_812' title='bbox 3456 5775 3549 5848; x_wconf 77' lang='lat' dir='ltr'><strong>qui</strong></span> <span class='ocrx_word' id='word_1_813' title='bbox 3568 5772 3635 5830; x_wconf 81' lang='lat' dir='ltr'><strong>de</strong></span> 
     </span>
    </p>
   </div>
  </div>
