3832 6214
313 313 385 367 51
447 297 453 302 ’
1547 319 1616 375 lN
1651 319 1979 376 HEXAPLA
2017 319 2361 377 ORIGENIS.
3489 327 3557 383 58

313 433 611 503 Scripturas
641 432 920 490 llebraicae
944 435 1388 507 interpretatione
1415 441 1573 512 jussu
1600 441 1876 499 Ptolemmi
1906 448 1952 504 Α
1978 451 2060 498 tes
2107 443 2266 513 quasi
2297 443 2513 498 divinos
2551 443 2803 501 homines
2851 446 3173 503 muneribus
3225 449 3558 514 cumulasse,

310 523 679 593 Philadelphi,
708 535 934 580 curante
956 525 1227 581 Demetrio
1253 528 1516 585 Phalereo
1545 531 1721 597 facta,
1755 550 1878 588 car-

308 618 446 689 ptim
485 619 744 688 loquitur.
790 619 948 675 Hune
975 621 1196 690 quidam
1234 625 1336 679 sub
1364 624 1658 681 Ptolemaeo
1692 627 1878 681 Phila-

307 712 529 781 delpho,
566 713 750 782 plures
775 715 878 768 sub
909 714 1292 780 Philometore,
1325 718 1416 772 alii
1457 720 1561 773 sub
1588 722 1878 789 postremis

303 801 726 870 Ptolemaeorum
750 805 953 861 vixisse
979 807 1336 862 arbitrantur.
1393 807 1503 864 Nec
1528 811 1727 865 desunt
1783 813 1878 880 qui

303 898 612 970 fragmenta
644 901 938 956 Aristobuli
969 903 1037 957 ab
1063 901 1297 956 Eusebio
1327 904 1510 968 allata,
1533 918 1599 957 ex
1621 903 1878 971 operibus

303 993 694 1060 supposititiis,
715 1003 768 1046 et
784 997 956 1062 prima
974 994 1297 1048 Christiana
1322 995 1397 1048 rei
1426 1003 1582 1049 aetate
1606 993 1873 1062 confictis,

301 1087 591 1156 desumpta
622 1104 742 1143 esse
779 1099 986 1158 putent.

373 1178 532 1232 Philo
585 1178 804 1236 Judaeus
840 1183 892 1235 in
937 1182 1058 1237 Vita
1109 1183 1293 1247 illosis,
1341 1183 1435 1239 lib.
1485 1199 1547 1249 tt,
1579 1183 1872 1240 Historiam

300 1267 446 1322 LXX
479 1271 831 1341 lnterpretum
861 1283 1268 1336 commemorat,
1299 1289 1361 1328 ac
1395 1274 1572 1344 primo
1595 1275 1724 1329 dicit
1756 1273 1875 1329 Pto-

299 1361 553 1416 lemwum
589 1362 1024 1433 Philadelphum,
1061 1381 1221 1434 quem
1247 1367 1478 1421 summis
1505 1367 1755 1422 laudibus
1787 1383 1877 1421 ex-

299 1453 464 1514 tollit,
491 1469 592 1523 pro
634 1456 1078 1525 interpretatione
1123 1458 1527 1526 Scripturarum
1559 1458 1872 1514 adornanda

298 1545 520 1599 misisse
551 1547 617 1600 ad
646 1563 920 1602 summum
941 1551 1274 1604 sacerdotem
1305 1559 1359 1604 et
1403 1565 1581 1618 regem
1628 1549 1828 1605 Judaeze
1854 1595 1868 1616 ,

297 1637 395 1707 qui
434 1655 577 1694 unus
621 1652 674 1695 et
724 1641 866 1694 idem
914 1651 1080 1708 erat,
1124 1642 1432 1713 Ἐξέπεμπε
1471 1644 1608 1713 πρὸς
1649 1641 1741 1696 τὸν
1771 1645 1873 1714 τῆς

311 1729 573 1794 Ἰουδαὶας
602 1733 859 1804 ἀρχιερέα
892 1735 988 1787 καὶ
1018 1735 1257 1804 βασιλέα·
1302 1738 1329 1788 ὁ
1353 1735 1462 1806 γὰρ
1482 1737 1642 1799 αὐτὸς
1669 1731 1757 1806 ἦν.
1777 1737 1871 1790 llle

295 1837 429 1876 vero
456 1824 812 1893 peritissimos
851 1841 1096 1895 quosque
1129 1826 1344 1897 delegit,
1364 1827 1454 1896 qui
1483 1827 1550 1880 de
1576 1827 1866 1881 Chaldaica

295 1913 354 1967 in
386 1912 629 1968 Graecam
650 1915 888 1984 linguam
934 1917 1046 1986 (sic
1088 1917 1214 1978 ille)
1259 1920 1429 1987 legem
1464 1927 1862 1975 converterent.

292 2001 371 2057 De
403 2019 633 2057 numero
661 2015 838 2060 autem
883 2007 1236 2077 interpretum
1269 2010 1401 2063 nihil
1450 2010 1662 2079 uspiam
1703 2010 1868 2064 tradit

291 2093 474 2150 Philo.
496 2095 675 2167 Pergit
708 2113 834 2151 vero
864 2099 1076 2164 deinde,
1106 2103 1289 2170 aitque
1337 2101 1658 2170 interpretes
1686 2102 1740 2154 in
1770 2115 1866 2155 oc-

290 2191 445 2244 culto
479 2191 804 2260 nemineque
840 2201 1107 2261 praesente
1128 2233 1143 2257 ,
1199 2193 1506 2246 versionem
1538 2207 1695 2247 suam
1743 2193 1864 2247 edi-

289 2281 459 2336 disse.
489 2281 624 2335 Cum
653 2264 832 2336 autem
862 2285 915 2336 in
950 2281 1130 2338 Pharo
1155 2284 1334 2339 insula
1353 2285 1467 2339 haec
1492 2285 1864 2355 interpretatio

287 2368 435 2425 facta
471 2371 680 2435 fuisset,
712 2374 1030 2428 testiﬁcatur
1056 2373 1212 2428 Philo
1228 2375 1294 2428 ad
1321 2391 1482 2430 suum
1513 2392 1688 2445 usque
1721 2385 1860 2430 tem-

285 2478 394 2533 pus
427 2463 659 2534 hujusce
703 2474 867 2520 tantze
900 2468 976 2520 rei
1019 2468 1338 2522 memoriam
1379 2470 1670 2538 quotannis
1717 2471 1860 2524 cele-

287 2555 474 2620 brari;
525 2557 599 2609 ita
635 2565 692 2610 ut
726 2573 832 2610 non
872 2559 1034 2613 modo
1061 2557 1256 2625 Judaei,
1304 2560 1398 2615 sed
1430 2561 1594 2615 etiam
1642 2561 1756 2624 alii,
1801 2561 1859 2620 in

285 2661 410 2701 eam
441 2647 676 2701 insulam
708 2658 1126 2717 transmeantes,
1149 2652 1446 2721 gratiarum
1470 2654 1778 2709 actionibus
1805 2662 1860 2709 et

285 2738 556 2792 conviviis
587 2748 794 2794 tantum
831 2742 1148 2796 beneficium
1181 2744 1501 2799 recolerent.

769 2830 858 2885 Ill.
889 2832 1031 2897 Quid
1059 2831 1341 2902 Iosephus.

353 2915 624 2990 Iosephus
656 2922 962 2993 (Antiquit.
993 2923 1122 2978 Jud.
1167 2927 1260 2979 lib.
1285 2942 1385 2990 xu,
1414 2927 1510 2998 2),
1552 2930 1646 2999 qui
1703 2945 1762 2985 se
1789 2945 1856 2987 ea

279 3025 407 3079 qua:
441 3013 604 3066 tradit
638 3030 704 3067 ex
747 3014 958 3070 Aristea
1009 3018 1127 3086 ipso
1173 3027 1480 3074 mutuatum
1525 3022 1849 3090 profitetur,

276 3104 481 3172 stylum
513 3105 739 3160 Aristeze
760 3110 980 3161 omnino
1006 3111 1254 3177 mutavit,
1284 3112 1356 3165 ita
1379 3121 1439 3167 ut
1463 3113 1626 3168 etiam
1650 3116 1852 3186 episto-
1872 3134 1921 3194 ο

277 3198 364 3252 las
394 3199 692 3265 variorum,
722 3215 843 3270 quae
873 3202 927 3256 in
964 3202 1190 3257 historia
1245 3206 1432 3259 eadem
1485 3218 1800 3278 comparent
1828 3249 1846 3275 ,

277 3288 437 3358 longe
451 3291 554 3345 alia
578 3293 866 3347 verborum
885 3295 1023 3348 serie
1035 3295 1326 3351 describat.
1345 3295 1453 3352 Nec
1472 3299 1632 3352 modo
1658 3302 1848 3369 verba,

274 3383 374 3436 sed
407 3393 462 3436 et
487 3399 574 3438 res
604 3385 749 3453 ipsas
780 3386 1070 3455 aliquando
1103 3398 1429 3453 commutat,
1463 3393 1632 3444 multa
1663 3391 1848 3447 detra-

273 3473 379 3537 hit,
402 3490 509 3528 non
536 3490 708 3544 pauca
736 3476 802 3531 de
826 3492 928 3531 suo
958 3479 1168 3547 adjicit.
1197 3480 1449 3534 Attamen
1491 3481 1681 3535 eodem
1726 3482 1846 3551 ipso

271 3567 591 3636 exemplari,
624 3584 733 3638 quo
783 3569 1078 3624 hodiernus
1120 3571 1362 3627 Aristeas
1408 3573 1475 3627 ad
1525 3589 1624 3628 uos
1672 3589 1846 3644 usque

271 3655 629 3711 transmissus
662 3666 784 3724 est,
825 3675 958 3715 usus
1007 3658 1180 3716 fuisse
1232 3660 1479 3728 videtur;
1528 3662 1654 3716 licet
1696 3663 1843 3718 enim

271 3747 568 3816 plurimum
594 3751 762 3805 variet
788 3751 842 3804 in
870 3751 1226 3818 recensione;
1261 3754 1312 3808 id
1347 3770 1414 3808 ex
1456 3769 1606 3809 more
1634 3771 1735 3811 suo
1760 3755 1844 3811 fe-

269 3841 368 3898 cit.
395 3838 704 3910 Scripturas
727 3845 870 3897 enim
895 3859 1104 3909 sacras,
1138 3845 1338 3914 quibus
1385 3846 1498 3900 fere
1540 3863 1634 3916 per
1671 3856 1843 3903 totam

270 3929 568 3988 Historiam
595 3934 784 4000 utitur,
825 3937 1047 4006 paribus
1093 3938 1489 3994 mutationibus
1521 3940 1726 4009 passim
1758 3941 1843 3995 vi-

267 4023 442 4076 tiavit.

303 4135 394 4191 ιν.
425 4137 597 4202 Quam
627 4142 779 4208 longe
807 4140 870 4192 ab
899 4142 1123 4194 Aristea:
1145 4143 1450 4197 narratione
1476 4142 1800 4199 aberraverit

792 4209 1037 4264 Justinus
1074 4212 1124 4264 Μ
1134 4222 1304 4282 artyr.

339 4297 589 4354 Justinus
612 4299 835 4372 .Vlartyr,
859 4303 1229 4358 Admonitione
1265 4304 1333 4357 ad
1365 4304 1576 4360 Crwcos
1607 4346 1623 4371 ,
1676 4307 1838 4380 longe

265 4391 374 4446 alia
403 4393 661 4447 narravit.
696 4393 785 4446 Ait
813 4395 1008 4464 quippe
1034 4394 1382 4450 Ptolemaeum
1410 4395 1627 4469 ,Ἑωριὶ
1651 4415 1832 4470 regem

1981 534 2313 604 domumque
2351 533 2648 590 remisisse.
2676 537 2734 589 In
2761 537 2835 591 rei
2879 538 3041 593 fidem
3073 538 3322 596 Justinus
3365 540 3559 595 testifi-

1980 635 2134 680 catur
2172 641 2232 680 se
2256 625 2710 681 domuncularum
2739 629 3050 696 huiusmodi
3078 630 3271 686 rudera
3297 633 3351 686 in
3373 631 3556 686 Pharo

1980 720 2158 774 insula
2186 719 2318 789 ipsis
2347 722 2520 776 oculis
2545 723 2920 789 eonspcxisse,
2950 734 3003 778 et
3027 723 3096 778 ab
3127 724 3396 794 indigenis
3437 741 3560 795 qua:

1980 811 2143 866 refert
2167 813 2459 880 accepisse.
2484 814 2698 868 (Ilaudit
2721 814 2961 878 demum,
2994 825 3046 869 et
3074 815 3330 871 lectorem
3362 817 3554 872 remit-

1981 904 2042 956 tit
2069 903 2132 956 ad
2165 903 2448 958 Philonem
2484 913 2536 959 et
2571 905 2635 958 ad
2669 902 2988 975 Josephum,
3023 906 3114 959 ubi
3165 914 3346 960 tamen
3403 907 3555 961 nulla

1978 994 2294 1048 cellularum
2328 994 2551 1048 mentio.
2589 992 2643 1047 In
2676 995 2915 1049 secunda
2944 1011 3073 1048 vero
3108 1011 3202 1064 pro
3229 995 3549 1050 Christianis

1978 1085 2257 1156 Apologia,
2294 1087 2370 1140 ait
2391 1085 2742 1142 Ptolemaeum
2769 1103 2974 1156 regem,
3001 1103 3124 1141 ctnn
3160 1087 3330 1143 libros
3390 1089 3554 1143 undi-

1975 1194 2082 1249 que
2118 1179 2369 1249 parandze
2411 1180 2749 1234 bibliothecae
2796 1180 3126 1250 comportari
3163 1187 3405 1244 curaret,
3441 1179 3552 1235 He—

1975 1269 2160 1322 rodem
2195 1284 2374 1339 regem
2410 1269 2705 1338 rogavisse,
2757 1269 2926 1324 libros
2986 1269 3088 1324 sibi
3138 1270 3550 1339 prophetiarum

1977 1359 2406 1414 transmitteret:
2445 1376 2508 1414 ac
2542 1377 2665 1415 cum
2701 1359 2995 1415 llebraicos
3029 1361 3198 1415 libros
3235 1361 3412 1432 legere
3439 1377 3547 1417 non

1972 1462 2174 1522 posset,
2205 1469 2416 1508 rursum
2442 1453 2512 1507 ab
2527 1453 2717 1507 eodem
2749 1453 3070 1524 interpretes
3101 1454 3428 1523 postulasse,
3453 1455 3548 1524 qui

1972 1543 2235 1599 llebraica
2267 1543 2452 1600 Graece
2483 1553 2881 1613 converterent,
2933 1554 3036 1600 etc.
3096 1528 3187 1599 Sic
3222 1545 3310 1600 ille
3346 1546 3546 1601 imma-

1973 1651 2095 1688 nem
2122 1634 2327 1705 profert
2365 1638 2850 1692 anachronismum
2880 1655 2895 1704 ;
2944 1653 3069 1690 nam
3113 1636 3355 1694 Herodes
3385 1639 3545 1696 annis

1969 1727 2190 1781 circiter
2215 1727 2466 1782 ducentis
2496 1728 2935 1798 quinquaquinta
2959 1739 3080 1798 post
3105 1728 3381 1784 Ptolemzei
3410 1729 3542 1784 Phi-

1904 1790 1943 1844 B
1969 1817 2201 1886 ladelphi
2228 1818 2438 1872 obitum
2462 1790 2688 1888 regnare
2723 1790 2908 1888 coepit.

2039 1910 2296 1964 Eamdem
2327 1926 2510 1979 porro,
2536 1927 2699 1982 quam
2727 1911 2998 1978 Justinus,
3024 1913 3341 1968 cellularum
3367 1914 3543 1970 histo-

1967 2005 2104 2058 riam
2134 2003 2297 2059 refert
2321 2003 2558 2075 Cyrillus
2594 2002 3141 2076 Hierosolymitanus.
3176 2007 3243 2061 At
3273 2007 3364 2076 qui
3418 2023 3540 2078 pro-

1966 2097 2110 2151 xime
2141 2107 2263 2166 post
2287 2096 2561 2152 Justinum
2596 2097 2954 2166 scripserunt,
2993 2099 3263 2161 Irenazus,
3324 2097 3539 2154 Tertul-

1963 2188 2142 2243 lianus
2172 2196 2228 2243 et
2248 2188 2497 2243 Clemens
2527 2189 2930 2244 Alexandrinus
2953 2231 2968 2255 ,
3013 2191 3080 2243 de
3128 2189 3367 2245 Historia
3393 2189 3536 2244 LXX

1963 2280 2319 2350 interpretum
2350 2295 2522 2349 pauca
2571 2281 2769 2345 locuti,
2820 2281 2958 2334 nihil
2997 2281 3065 2335 de
3099 2282 3310 2337 cellulis
3344 2283 3538 2352 hujus-

1962 2375 2110 2428 modi
2137 2382 2500 2428 narraverunt
2532 2392 2546 2428 :
2580 2389 2646 2428 ex
2673 2374 2875 2444 quibus
2901 2375 3140 2427 lrenreus
3180 2384 3234 2428 et
3283 2373 3537 2432 Clemens

1959 2463 2360 2520 Alexandrinus
2389 2465 2694 2519 versionem
2722 2481 2914 2519 eorum
2945 2467 3132 2521 divino
3165 2466 3378 2522 alliante
3407 2467 3536 2538 Spi-

1959 2556 2066 2610 ritu
2097 2556 2294 2610 factam
2323 2564 2660 2610 asseverant.
2690 2555 2957 2611 Eusebius
2983 2573 3111 2612 vero
3151 2557 3224 2611 De
3259 2575 3535 2629 praepara-

1960 2648 2099 2701 tione
2120 2648 2436 2718 evangelica,
2468 2647 2560 2702 lib.
2591 2664 2710 2712 vm,
2745 2647 2975 2703 Aristeze
2998 2649 3290 2703 maximam
3316 2660 3530 2719 partem

1958 2738 2144 2803 refert,
2179 2748 2379 2795 etcum
2413 2739 2817 2811 exemplaribus
2846 2740 3123 2796 hodiernis
3153 2729 3217 2797 ut
3236 2742 3533 2812 plurimum

1956 2831 2250 2890 consentit.

1956 2940 2022 2996 ν.
2063 2919 2400 3013 Epiphanius
2429 2945 2580 3017 longe
2604 2946 2812 3086 divefrs?
2845 2945 2909 2999 ab
2942 2946 3152 2999 Aristea
3186 2954 3236 3000 et
3266 2963 3300 3000 a
3324 2947 3530 3002 ueteris

2644 3033 2698 3070 re
2725 3033 2780 3069 er
2809 3055 2825 3071 .

2644 3033 2825 3071 νειεη.

2023 3105 2250 3162 Demum
2291 3105 2630 3176 Epiphanius
2674 3107 2833 3179 longe
2871 3107 2975 3163 alia
3007 3124 3173 3180 quam
3222 3107 3400 3163 caeteri
3448 3124 3530 3164 re-

1951 3196 2075 3254 fert.
2103 3196 2171 3250 Et
2188 3198 2316 3268 quia
2347 3199 2466 3269 ejus
2488 3201 2729 3254 narratio
2754 3216 2785 3254 a
2821 3200 3007 3254 multis
3031 3216 3130 3270 pro
3156 3201 3443 3256 verissima
3473 3209 3528 3256 et

1951 3289 2327 3344 sincerissima
2362 3291 2608 3344 omnium
2643 3290 2826 3345 habita
2872 3300 2989 3356 est,
3027 3305 3147 3344 eam
3203 3291 3292 3346 hic
3319 3291 3527 3347 referre

1948 3394 2056 3434 non
2089 3381 2455 3450 gravabimur.
2487 3384 2546 3435 lu
2578 3382 2716 3437 libro
2749 3381 2826 3436 De
2857 3383 3116 3437 mensuris
3136 3392 3187 3436 et
3209 3384 3527 3453 ponderibus

1946 3475 2050 3530 sub
2100 3474 2349 3538 initium,
2404 3485 2694 3544 postquam
2746 3475 3002 3530 editionis
3031 3473 3139 3528 τῶν
3166 3478 3221 3528 0'
3261 3485 3526 3544 praastan-

1946 3565 2075 3619 tiam
2099 3563 2431 3634 praedicavit,
2466 3579 2698 3634 eamque
2730 3579 2837 3619 non
2887 3565 3005 3620 sine
3059 3563 3235 3620 sancti
3285 3563 3526 3636 Spiritus

1945 3656 2124 3710 alllatu
2156 3653 2355 3709 factam
2379 3656 2634 3718 asseruit,
2665 3655 2744 3710 sic
2772 3655 3121 3725 prosequitur
3148 3675 3160 3710 :

2021 3765 2038 3796 ι
2077 3745 2194 3801 Duo
2218 3747 2362 3802 enim
2390 3762 2454 3802 ac
2493 3737 2637 3800 LXX
2678 3746 2780 3800 viri
2833 3746 2887 3802 in
2940 3745 3120 3801 Pharo
3146 3747 3347 3812 insula,
3399 3763 3525 3818 qua:

1944 3839 2113 3894 Terra
2143 3842 2392 3910 superior
2422 3841 2642 3903 dicitur,
2672 3854 2702 3894 e
2742 3839 2963 3910 regione
3011 3840 3166 3895 urbis
3198 3839 3524 3897 Alexandri.

1943 3945 2045 3993 me,
2078 3930 2134 3984 iu
2168 3946 2265 3986 sex
2297 3939 2350 3984 et
2376 3929 2596 4000 triginta
2635 3929 2985 3984 domunculis
3013 3930 3124 3984 sive
3145 3931 3374 3993 cellulis,
3403 3931 3518 3986 bini

1941 4022 2152 4076 scilicet
2177 4021 2231 4075 in
2269 4021 2522 4091 singulis,
2551 4037 2581 4075 a
2616 4021 2797 4091 primo
2835 4021 3078 4075 diluculo
3102 4037 3275 4090 usque
3322 4021 3374 4075 in
3425 4038 3518 4076 ve-

1939 4127 2152 4183 speram
2190 4113 2674 4167 concludebantur.
2701 4111 2938 4182 Vespere
2965 4121 3146 4165 autem
3178 4112 3399 4183 triginta
3421 4127 3516 4167 sex

1939 4205 2157 4274 scaphis
2193 4206 2248 4259 in
2293 4204 2570 4260 Ptolemaei
2624 4204 2964 4274 Philadelphi
3016 4204 3276 4274 palatium
3327 4213 3513 4260 trans-

1938 4297 2111 4361 vecti,
2161 4297 2230 4350 ad
2276 4297 2394 4366 ejus
2426 4296 2616 4366 epulas
2653 4294 3072 4349 adhibebantur.
3123 4294 3261 4348 Tum
3308 4295 3422 4349 bini
3455 4297 3515 4352 in

1939 4388 2154 4456 triginta
2172 4403 2266 4444 sex
2285 4387 2550 4441 cubiculis
2567 4386 2927 4448 dormiebant,
2949 4401 3015 4441 ne
3032 4394 3220 4440 mutuo
3242 4385 3520 4456 colloquia

261 4499 388 4538 cum
413 4485 796 4541 bibliothecam
826 4487 1163 4543 Alexandrize
1187 4499 1421 4558 pararet,
1457 4506 1510 4545 et
1538 4492 1706 4549 libros
1730 4510 1833 4548 un-
1863 4489 1909 4543 D
1939 4481 2170 4535 miscere
2199 4489 2443 4549 Ροεεθηῑν
2475 4478 2567 4533 sed
2599 4477 2702 4532 Sibi
2730 4477 3003 4547 Propriam
3040 4493 3140 4532 nec
3169 4477 3238 4530 ab
3270 4476 3392 4531 aliis
3415 4493 3510 4531 ³0-

257 4575 426 4646 dique
458 4578 789 4646 comportari
820 4587 1053 4644 curaret,
1081 4580 1352 4635 audivisse
1372 4584 1624 4653 antiquas
1653 4585 1828 4641 histon

258 4667 372 4720 rias
401 4665 678 4723 Hebraicis
703 4668 898 4723 litteris
928 4669 1262 4739 conscriptas
1289 4665 1594 4741 superesse,
1652 4689 1715 4729 ac
1751 4675 1829 4730 le-

256 4756 417 4825 gendi
453 4757 732 4826 cupidum,
767 4758 1106 4829 septuaginta
1125 4760 1270 4814 viros
1303 4759 1577 4816 llebraicae
1604 4772 1658 4818 et
1679 4762 1830 4819 Gree-

256 4861 336 4900 cae
365 4840 563 4916 lingua:
593 4849 797 4916 peritos
815 4848 1184 4913 accersivisse,
1204 4849 1294 4918 qui
1321 4850 1825 4920 interpretationem

257 4933 502 4989 Grecam
533 4937 776 4998 ederent,
808 4947 972 5006 utque
1001 4940 1190 5007 procul
1208 4941 1438 4995 tumultu
1466 4957 1580 4996 rem
1599 4958 1824 5013 perage-

256 5036 399 5091 rent,
440 5027 584 5082 LXX
631 5029 766 5083 viris
807 5031 1029 5084 totidem
1079 5031 1301 5086 cellulas
1332 5048 1424 5087 seu
1467 5034 1822 5090 domunculas

253 5117 499 5171 construi
528 5118 785 5185 jussisse,
813 5133 880 5174 eo
917 5119 1170 5184 consilio,
1191 5129 1250 5175 ut
1271 5122 1503 5192 quisque
1529 5125 1819 5192 separatim

251 5209 686 5280 inconsultisque
743 5211 866 5266 aliis
928 5212 1429 5282 interpretationem
1482 5214 1818 5272 adornaret:

252 5302 630 5371 ministrisque
656 5302 723 5357 ad
746 5318 864 5357 eam
891 5318 1004 5359 rem
1028 5305 1311 5361 destinatis
1333 5307 1654 5377 praecepisse
1680 5349 1695 5374 ,
1749 5323 1818 5363 ne

251 5395 406 5465 ipsos
430 5404 624 5451 mutuo
658 5397 927 5466 colloquia
948 5397 1088 5453 inire
1111 5399 1506 5468 permitterent,
1562 5409 1623 5455 ut
1651 5402 1818 5456 colla-

252 5489 322 5542 tis
347 5499 539 5556 postea
567 5487 1132 5558 interpretationibus,
1165 5492 1233 5548 de
1258 5508 1450 5549 eorum
1479 5493 1582 5549 fide
1601 5495 1819 5564 peritia-

248 5596 354 5649 que
387 5580 637 5649 judicare
685 5589 888 5652 posset.
922 5581 1060 5638 Cum
1083 5593 1264 5638 autem
1297 5586 1541 5640 eamdem
1581 5602 1772 5644 omnes
1793 5626 1812 5654 ,

250 5686 318 5725 ne
338 5672 570 5727 minimo
597 5672 816 5742 quidem
836 5674 1126 5729 verborum
1164 5674 1500 5740 discrimine,
1548 5676 1814 5747 interpre-

251 5764 509 5821 tationem
541 5765 896 5837 peregissent,
926 5768 1289 5838 stupefactum
1315 5783 1499 5840 regem
1543 5769 1809 5841 interpre.
1852 5843 1856 5846 Ι

1936 4581 2146 4640 ceptam
2215 4569 2716 4639 interpretationem
2761 4569 2982 4623 ederent
3032 4569 3180 4640 (ἀλλ’
3208 4569 3518 4634 ἀνοοεύτως,

1936 4661 2327 4735 ἑρμηνεῦσαι).
2381 4659 2707 4716 Ptolemaeus
2761 4661 2908 4714 enim
2961 4661 3179 4730 triginta
3217 4677 3310 4715 sex
3341 4661 3462 4716 illas
3489 4699 3506 4725 ,

1933 4770 2069 4824 quas
2110 4754 2245 4822 dixi,
2290 4754 2650 4809 domunculas
2707 4752 2762 4806 in
2813 4754 2991 4807 insula
3045 4753 3273 4822 paravit,
3302 4769 3518 4824 easque

1931 4845 2198 4915 duplices,
2225 4845 2278 4898 in
2307 4845 2506 4914 quibus
2536 4845 2693 4899 binos
2726 4844 2996 4898 conclusit
3015 4885 3028 4908 ,
3054 4847 3298 4914 duosque
3325 4843 3505 4898 lamu-

1929 4938 2034 4998 los,
2063 4935 2157 5006 qui
2185 4937 2337 4992 cibos
2355 4945 2610 5004 pararent
2631 4935 3279 5006 ipsisqueministrarent,
3312 4937 3517 4991 siinul-.

1929 5042 2033 5096 que
2078 5026 2476 5098 tachygraphos
2523 5026 2639 5081 sive
2685 5027 2946 5082 notarios.
2979 5026 3035 5080 ln
3069 5028 3174 5082 illis
3206 5043 3370 5096 porro
3405 5029 3504 5082 do-

1927 5119 2222 5182 munculis,
2275 5119 2422 5172 nulla
2477 5117 2774 5188 parietibus
2806 5118 3072 5179 fenestras
3094 5119 3305 5185 effecit;
3339 5120 3430 5174 sed
3471 5136 3502 5176 e

1925 5219 2068 5266 tecto
2099 5226 2330 5280 superne
2353 5211 2474 5266 illas
2510 5213 2722 5282 aperuit
2753 5253 2768 5277 ,
2820 5228 2958 5282 quas
2999 5213 3360 5281 anaphotidas
3399 5230 3496 5267 vo-

1925 5313 2069 5359 cant.
2098 5303 2211 5359 Hoc
2233 5305 2308 5359 illi
2346 5305 2504 5360 modo
2554 5320 2582 5358 a
2639 5305 2816 5374 primo
2842 5303 3082 5358 diluculo
3119 5305 3185 5358 ad
3216 5320 3495 5373 veSperam

1925 5398 2193 5453 obseratis
2222 5395 2432 5452 foribus
2467 5396 2603 5468 (ὑπὸ
2641 5395 2860 5467 κλεῖδα)
2895 5396 3091 5451 inclusi
3126 5411 3312 5451 sacras
3354 5396 3495 5451 litte‘

1923 5505 2014 5544 ras
2041 5489 2455 5545 transtulerunt.
2483 5487 2788 5558 Unicuique
2822 5504 2951 5544 vero
2987 5490 3344 5558 interpretum
3376 5489 3492 5558 pari

1920 5585 2055 5640 liber
2081 5598 2225 5637 unus
2254 5581 2597 5646 tradebatur;
2625 5581 2857 5652 exempli
2885 5597 3072 5644 causa,
3108 5581 3336 5637 Genesis
3361 5583 3490 5650 uni;

1918 5675 2138 5733 Exodus
2168 5677 2343 5745 alteri,
2369 5675 2643 5733 Leviticus
2665 5677 2755 5732 alii
2780 5696 2792 5730 :
2823 5686 2985 5746 atque
3044 5677 3116 5732 ita
3164 5677 3362 5733 caueri.
3399 5675 3488 5732 Sic

1916 5785 2082 5843 porro
2123 5769 2308 5843 viginti
2339 5778 2547 5840 septem
2578 5785 2748 5827 saeue
2773 5768 3066 5839 Scriptum
3093 5770 3234 5834 libri,
3264 5770 3356 5841 qui
3378 5769 3486 5827 duo
