3832 6214
351 415 421 475 59
1702 397 2226 460 PRELIMINAIHA
3545 388 3613 443 ες

350 541 407 588 et
440 529 626 600 viginti
659 527 956 584 secundum
987 525 1335 596 alphabetum
1380 522 1706 579 Hebraicum
1736 534 1930 577 nume-
1955 519 2006 578 Δ
2033 513 2317 584 epistolam
2347 553 2360 577 ,
2393 511 2712 568 'Aristeanis
2743 508 3110 578 dissimilem",
3144 509 3274 566 licet
3296 505 3568 566 Aristcam
3595 548 3613 578 ,

351 631 565 684 rantur,
589 620 838 678 Graecum
881 621 934 674 in
965 634 1272 675 sermonem
1309 616 1559 673 conversi
1587 622 1737 671 sunt.

426 734 446 768 ι
486 715 697 768 Habent
723 713 866 767 enim
897 711 1103 765 Hebraei
1131 711 1201 764 22
1232 711 1456 774 litteras,
1489 723 1519 763 e
1542 707 1740 776 quibus
1770 705 1932 776 quin-

352 821 458 877 que
484 806 851 874 duplicantur,
883 804 1054 872 Caph,
1084 801 1223 856 Mem
1242 844 1256 865 ,
1285 800 1405 855 Non
1429 841 1443 865 ,
1476 799 1578 853 Phi
1607 840 1621 864 ,
1649 808 1704 853 et
1734 799 1924 868 Aleph.

351 896 720 961 Quamobrem
753 910 874 948 etim
901 894 1024 948 libri
1059 894 1160 947 hac
1201 896 1412 948 ratione
1445 891 1638 961 viginti
1683 891 1792 945 duo
1830 906 1933 943 utt-

351 994 656 1047 merentur,
685 996 889 1053 septem
927 999 992 1038 ac
1040 983 1230 1052 viginti
1268 983 1641 1054 reperiuntur,
1681 981 1829 1053 quod
1861 995 1930 1036 ex

349 1076 458 1130 Illis
489 1077 733 1145 quinque
761 1075 1124 1144 duplicentur,
1156 1085 1259 1130 etc.

428 1185 448 1217 ι
479 1166 646 1236 Igitur
673 1175 876 1237 septem
912 1176 966 1221 et
993 1167 1183 1235 viginti
1214 1167 1289 1221 illi
1316 1167 1463 1233 libri,
1489 1168 1582 1237 qui
1607 1167 1792 1236 viginti
1822 1167 1930 1222 duo

343 1270 907 1317 numerantur........
937 1274 1002 1312 eo
1025 1275 1185 1329 quem
1222 1259 1338 1314 dixi
1376 1260 1538 1314 modo
1568 1276 1664 1330 per
1684 1260 1929 1315 ordinem

351 1349 649 1416 unicuique
685 1351 1037 1420 interpretum
1070 1352 1187 1420 pari
1222 1352 1406 1406 traditi
1447 1361 1611 1418 sunt,
1666 1353 1872 1408 scilicet
1898 1369 1928 1408 a

350 1442 530 1510 primo
559 1440 672 1511 pari
694 1442 758 1495 ad
807 1441 1148 1506 secundum,
1203 1457 1235 1494 τι
1292 1443 1534 1497 secundo
1589 1441 1656 1496 ad
1710 1445 1927 1498 tertium

348 1531 704 1596 transierunt,
738 1531 911 1585 donec
951 1535 1126 1586 sexies
1157 1547 1221 1586 ac
1251 1531 1495 1587 tricesies
1527 1533 1724 1602 singuli
1746 1533 1931 1589 Grzece

347 1621 601 1674 conversi
629 1629 778 1683 sunt,
813 1631 871 1674 ut
903 1622 1123 1690 quidem
1157 1633 1434 1679 narratur.
1471 1621 1570 1679 liis
1590 1624 1785 1696 viginti
1819 1625 1928 1681 duo

346 1712 578 1770 addendi
611 1722 737 1768 sunt
757 1715 1070 1785 apocryphi.

428 1821 447 1854 ‹
495 1802 781 1859 Postremo
815 1805 1081 1862 absolutis
1137 1807 1413 1874 omnibus,
1446 1823 1540 1864 rex
1596 1809 1652 1863 in
1708 1808 1927 1865 sublimi

347 1895 489 1950 solio
533 1897 782 1951 consedit
812 1915 825 1953 :
860 1898 1085 1952 aderant
1135 1900 1355 1970 triginta
1404 1916 1495 1957 sex
1531 1901 1763 1956 lectores
1799 1919 1924 1957 cum

345 1989 570 2060 triginta
607 2005 700 2045 sex
747 1992 1150 2060 exemplaribus
1174 2035 1189 2058 ,
1216 2003 1270 2048 et
1301 1995 1434 2049 alter
1468 1996 1561 2066 qui
1598 1995 1926 2052 llebraicum

348 2083 732 2152 antigraphum
773 2084 1010 2138 tenebat.
1051 2084 1172 2139 Uno
1214 2087 1423 2158 legente
1473 2089 1704 2158 aliisque
1753 2100 1926 2145 atten-

343 2176 624 2244 dentibus,
650 2179 787 2234 nihil
816 2190 1090 2252 repertum
1119 2191 1204 2237 est
1231 2183 1584 2239 discriminis.
1619 2183 1722 2239 Sed
1754 2185 1928 2240 admi-

347 2265 582 2322 randum
627 2267 720 2323 Dei
758 2285 896 2340 opus
939 2271 1173 2336 accidit,
1208 2281 1267 2327 ut
1301 2283 1490 2328 notum
1538 2283 1725 2338 esset,
1777 2277 1926 2331 viros

344 2357 492 2412 dono
541 2356 776 2428 Spiritus
830 2361 1000 2415 sancti
1047 2363 1338 2432 praeditos,
1383 2365 1436 2418 in
1494 2365 1584 2420 illa
1635 2366 1926 2422 solitudine

342 2452 733 2519 consensisse;
775 2453 845 2508 ita
891 2465 949 2510 ut
987 2457 1298 2527 ubicunque
1339 2457 1545 2526 aliquid
1587 2459 1922 2527 addebatur,

345 2542 416 2597 ab
448 2543 705 2599 omnibus
735 2545 895 2600 simul
923 2549 1214 2603 adderetur
1239 2567 1253 2615 ;
1284 2559 1339 2604 et
1369 2550 1459 2605 ubi
1485 2551 1825 2618 demebatur,
1857 2556 1926 2608 ab

343 2634 604 2688 omnibus
627 2637 839 2704 pariter
863 2639 1193 2695 demeretur.
1227 2640 1294 2695 Et
1317 2643 1580 2713 quidquid
1611 2644 1922 2714 ademptum

341 2737 483 2790 erat,
525 2727 756 2796 inutile;
789 2731 1055 2800 quidquid
1086 2748 1212 2787 vero
1248 2733 1518 2802 relictum,
1549 2736 1922 2791 necessarium

341 2831 464 2873 esse
493 2819 1021 2889 deprehendebatur.
1059 2821 1129 2877 Ut
1157 2833 1338 2878 autem
1370 2841 1668 2894 cognoscas
1694 2842 1789 2881 eos
1823 2827 1926 2880 mi-

342 2922 466 2964 rum
502 2910 556 2964 in
599 2912 844 2977 modum,
876 2922 930 2968 et
969 2930 1033 2969 ex
1071 2914 1164 2970 Dei
1207 2917 1565 2985 providentia,
1599 2935 1774 2988 exque
1802 2918 1925 2989 Spi-

342 3003 485 3058 ritus
519 3006 691 3058 saucti
733 3021 1005 3062 consensu
1031 3008 1415 3079 interpretatos
1441 3026 1584 3074 esse,
1615 3012 1922 3082 exemplum

342 3094 442 3152 tibi
475 3097 772 3165 proferam,
813 3119 831 3150 ι
876 3111 981 3155 etc.

2029 606 2117 660 vel
2150 607 2425 662 Aristeum
2463 604 2481 676 (
2504 606 2583 661 sic
2610 606 2700 659 ille
2727 605 2746 676 )
2791 605 2892 660 sibi
2921 614 3200 660 auctorem
3245 603 3566 674 proﬁteatur
3593 643 3612 670 ,

2031 696 2122 750 ubi
2149 695 2470 750 Ptolemreus
2511 695 2833 765 interpretes
2881 693 3142 751 Hebraice
3191 693 3487 764 Graeceque
3516 709 3608 763 pe-

2030 787 2322 842 ritissimos
2375 787 2634 856 postulat,
2678 786 2771 854 qui
2814 785 2982 840 libros
3022 801 3210 842 saeros
3239 787 3305 841 de
3343 783 3611 841 Hebraice

2032 878 2087 932 in
2121 877 2369 932 Grrccum
2403 886 2744 932 convertant.
2784 875 3134 932 llcbrzeorum
3181 879 3421 949 magistri
3451 920 3467 944 ,
3516 878 3597 933 de

2033 969 2172 1026 lectu
2201 969 2406 1032 habito,
2435 969 2772 1039 septuaginta
2797 969 2936 1023 duos
2959 970 3280 1040 interpretes
3302 969 3589 1038 designant

2031 1076 2125 1116 sex
2161 1061 2412 1116 videlicet
2437 1075 2501 1114 ex
2532 1059 2761 1129 singulis
2793 1061 3063 1125 tribubus,
3095 1061 3188 1130 qui
3222 1061 3274 1114 in
3307 1058 3486 1113 Pharo
3521 1059 3579 1112 in

2032 1153 2174 1217 sula,
2205 1167 2272 1207 eo
2301 1168 2412 1222 quo
2437 1167 2602 1220 supra
2634 1151 2837 1204 dictum
2864 1160 2946 1205 est
2976 1152 3156 1217 modo,
3182 1167 3370 1206 sacros
3393 1151 3612 1205 codice-'

2032 1245 2368 1314 interpretati
2402 1255 2548 1300 sunt.
2585 1243 2706 1310 Quo
2741 1254 2980 1313 peracto,
3012 1244 3135 1297 libri
3167 1243 3242 1297 illi
3275 1244 3327 1297 in
3362 1241 3600 1297 Graecum

2031 1336 2282 1391 translati
2342 1336 2395 1390 in
2450 1337 2629 1405 priore
2689 1335 3048 1400 bibliotheca,
3097 1351 3218 1404 qua:
3263 1335 3318 1388 in
3372 1333 3608 1390 Bruchic

2032 1427 2258 1483 fundata
2294 1438 2398 1495 est,
2435 1429 2662 1499 repositi
2691 1438 2836 1504 sunt.
2869 1427 2994 1483 Post
3035 1429 3149 1484 lucc.
3181 1429 3286 1482 alia
3331 1443 3523 1482 rursus
3553 1427 3605 1483 ir.-

2034 1518 2263 1589 Scrapio
2294 1520 2621 1576 bibliotheca
2657 1523 2952 1576 constituta
2975 1529 3077 1584 est,
3103 1520 3261 1588 longe
3291 1518 3379 1572 illa
3408 1519 3610 1585 minor,

2031 1627 2152 1681 qua:
2185 1611 2348 1680 hujus
2380 1611 2487 1665 {Ilia
2519 1612 2801 1666 dicebatur
2825 1650 2839 1675 ,
2888 1611 2942 1664 in
2974 1627 3138 1682 quam
3173 1610 3415 1679 Aquilze,
3448 1608 3610 1679 Sym-

2030 1702 2233 1768 machi,
2273 1701 2664 1758 Theodotionis
2689 1712 2742 1757 et
2774 1704 3003 1757 aliorum
3037 1703 3302 1756 editiones
3333 1709 3608 1772 congestas

2031 1804 2159 1851 sunt
2185 1804 2306 1865 post
2331 1810 2504 1850 annos
2533 1795 2662 1852 250.
2696 1794 2970 1850 Hactenus
3002 1793 3359 1864 Epiphanius.

1961 1861 2004 1915 Β
2066 1889 2158 1945 Vl.
2198 1891 2334 1944 Tota
2361 1891 2716 1944 controversia
2741 1892 2797 1944 in
2834 1900 2935 1943 tres
2958 1890 3271 1959 quwstiones
3301 1887 3577 1941 dividitur.

2095 1979 2209 2035 Hac
2237 1995 2400 2050 porro
2424 1990 2711 2050 conspecta
2741 1981 3116 2035 narrationum
3141 1978 3416 2043 varietate,
3450 1990 3612 2030 nemo

2027 2070 2312 2126 mirabitur
2343 2071 2470 2125 hinc
2498 2080 2641 2124 tanta
2667 2071 2983 2141 opinionum
3017 2069 3248 2124 divortia
3287 2068 3426 2122 facta
3465 2083 3608 2123 esse.

2027 2162 2181 2218 Licet
2215 2172 2396 2216 autem
2433 2163 2580 2218 nulla
2617 2163 2729 2218 fere
2761 2180 2828 2217 ex
2873 2161 3170 2233 praemissis
3203 2161 3612 2217 narrationibus

2026 2272 2150 2311 curn
2199 2257 2365 2310 altera
2411 2257 2572 2326 plane
2616 2258 2962 2322 consentiat;
3005 2255 3098 2311 sed
3145 2269 3486 2324 unaquaeque
3527 2253 3611 2307 vel

2025 2351 2080 2404 in
2111 2350 2338 2419 majoris
2361 2351 2620 2405 momenti
2650 2351 2833 2414 rebus,
2863 2349 2946 2403 vel
2975 2349 3026 2403 in
3052 2348 3372 2403 minusculis
3395 2346 3614 2402 differat

2027 2442 2096 2497 ab
2148 2443 2312 2508 aliis;
2363 2451 2605 2497 attamen
2661 2442 2714 2495 in
2763 2451 2873 2496 tres
2922 2443 3225 2510 praecipuas
3279 2437 3610 2508 quzestiones

2026 2544 2204 2606 potest
2229 2545 2339 2589 tota
2368 2536 2741 2590 controversia
2788 2533 3010 2599 reduci,
3044 2533 3340 2598 nimirum,
3391 2541 3513 2584 utra
3540 2544 3613 2586 ex

2026 2629 2438 2683 narrationibus
2483 2630 2702 2700 γνήσιος
2755 2628 2867 2682 sive
2915 2626 3236 2696 primigenia
3275 2625 3376 2687 sit;
3428 2639 3496 2677 an
3543 2637 3611 2678 ea

2026 2735 2150 2790 quae
2170 2719 2397 2774 Aristea:
2421 2720 2643 2773 nomine
2667 2719 2936 2787 hodieque
2953 2715 3355 2778 circumfertur,
3379 2727 3612 2783 quaeque

2026 2827 2185 2867 senes
2220 2827 2326 2865 una
2362 2822 2725 2882 congregatos
2773 2810 3275 2879 interpretationem
3308 2805 3611 2860 adornasse

2024 2903 2296 2973 perhibet,
2336 2903 2486 2957 nulla
2540 2902 2680 2957 facta
2733 2903 3008 2957 mentione
3051 2901 3338 2972 peculiaris
3372 2898 3609 2969 Spiritus

2026 2997 2202 3050 sancti
2249 2996 2502 3062 alllatus;
2545 3013 2613 3050 an
2641 3011 2771 3050 vero
2799 3011 2862 3050 ea
2890 3012 3010 3065 quae
3041 3011 3199 3050 senes
3230 2995 3344 3049 sive
3371 2994 3521 3049 solos
3554 2993 3610 3046 in

2027 3090 2370 3160 septuaginta
2397 3090 2609 3145 cellulis
2635 3131 2650 3157 ,
2688 3090 2802 3144 sive
2833 3089 2992 3143 binos
3023 3090 3076 3141 in
3116 3087 3338 3157 triginta
3386 3102 3480 3141 sex
3510 3086 3609 3140 doc

417 3185 531 3243 Sub
559 3189 672 3245 haec
700 3201 878 3245 autem
912 3192 1248 3263 Epiphanius
1294 3210 1409 3250 rem
1445 3212 1475 3251 a
1520 3197 1791 3267 principio
1833 3214 1920 3255 re-
1947 3218 1991 3275 ο
2027 3183 2303 3239 munculis
2347 3183 2623 3246 inclusos,
2672 3181 2888 3236 amante
2937 3180 3169 3234 Numine
3219 3180 3613 3250 interpretatos

341 3284 531 3348 petens
563 3279 678 3334 ait:
722 3279 1074 3337 Ptolemaeum
1119 3282 1532 3354 Philadelphum
1557 3329 1570 3350 ,
1605 3288 1914 3361 φιλόκαλρν,

342 3367 438 3421 καὶ
463 3367 765 3440 φιλόλογον,
809 3373 861 3427 in
889 3389 952 3428 ea
984 3375 1135 3428 urbis
1163 3386 1315 3444 parte
1349 3393 1469 3446 quae
1500 3377 1796 3435 Bruchium
1827 3398 1924 3452 ap-

341 3462 682 3531 pellabatur,
734 3466 1116 3520 bibliothecam
1166 3469 1504 3536 instituisse,
1539 3470 1698 3540 eique
1729 3473 1924 3528 Deme-

343 3553 508 3608 trium
548 3555 869 3612 Phalereum
912 3561 1272 3629 praeposuisse
1297 3605 1311 3627 ,
1362 3563 1455 3633 qui
1489 3579 1614 3619 eum
1666 3581 1921 3636 magnam

342 3643 611 3701 librorum
643 3650 823 3704 omnis
857 3652 1072 3721 generis
1107 3653 1492 3722 supellectilem
1527 3667 1918 3726 comparasset,

343 3739 650 3794 sciscitanti
706 3743 819 3812 regi
866 3753 1000 3813 quot
1053 3745 1318 3800 librorum
1356 3748 1525 3803 millia
1580 3750 1919 3820 collegisset,

337 3829 452 3900 jam
486 3832 882 3904 quinquaginta
926 3845 1161 3906 quatuor
1204 3839 1374 3894 millia
1419 3856 1544 3896 eum
1591 3843 1920 3913 octingentis

345 3918 536 3976 haberi
567 3922 735 3977 dixit:
768 3941 1058 3994 superesse
1092 3935 1270 3983 tamen
1303 3930 1462 3999 longe
1492 3931 1675 4001 plures
1705 3935 1756 3987 in
1791 3935 1923 3990 orbe

343 4021 616 4069 terrarum
645 4018 788 4087 apud
813 4016 1125 4090 IEtbiopas,
1159 4019 1345 4086 Indos,
1378 4021 1594 4091 Persas,
1623 4023 1884 4082 Elamitas
1903 4066 1918 4089 ,

343 4103 690 4178 Babylonios,
724 4111 999 4182 Assyrios,
1032 4113 1346 4178 Chaldaeos,
1401 4113 1713 4183 “urbanos,
1759 4117 1922 4174 Plite-

341 4198 528 4265 nicas,
560 4199 725 4271 Syros
759 4211 814 4256 et
862 4201 1100 4260 Graecos.
1143 4205 1386 4276 Esseque
1430 4217 1691 4277 prazterea
1725 4207 1918 4265 Hiero-

343 4287 571 4357 solymis
591 4299 644 4344 et
667 4291 808 4360 apud
836 4289 1054 4348 Iudaeos
1080 4293 1251 4350 libros
1279 4295 1690 4366 prophetarum,
1719 4311 1921 4368 eosque

341 4377 575 4448 divinos,
611 4383 704 4452 qui
735 4384 800 4439 de
826 4383 936 4440 Deo
961 4395 1016 4440 et
1042 4386 1108 4442 de
1132 4389 1320 4444 mundi
1350 4389 1628 4444 creatione
1655 4390 1919 4446 edissere-

341 4467 494 4536 bant,
520 4486 658 4540 quos
689 4472 941 4529 hortatus
971 4483 1056 4530 est
1089 4492 1269 4548 regem
1304 4487 1365 4532 ut
1389 4487 1715 4546 accerseret,
1747 4496 1920 4551 eaque

2025 3289 2148 3330 esse
2177 3283 2592 3329 commemorat.
2635 3273 2817 3328 Altera
2851 3273 3081 3342 quaestio
3103 3311 3117 3334 ,
3153 3287 3220 3326 an
3256 3270 3395 3324 LXX
3431 3270 3608 3326 Inter-

2024 3374 2228 3434 pretes,
2277 3365 2360 3418 vel
2388 3365 2480 3433 qui
2524 3364 2735 3433 priores
2771 3361 3112 3432 Scripturam
3143 3377 3352 3417 sacram
3401 3361 3469 3417 de
3498 3359 3613 3416 He-

2024 3453 2210 3509 braico
2245 3455 2298 3508 in
2329 3453 2577 3508 Graecum
2613 3460 3020 3519 converterunt,
3050 3452 3221 3506 solam
3254 3448 3487 3522 Legem,
3522 3452 3610 3506 vel

2021 3548 2477 3615 Pentateucbutn,
2504 3564 2573 3602 an
2603 3549 2764 3602 etiam
2798 3547 3038 3616 reliquos
3067 3547 3235 3601 libros
3265 3546 3611 3615 interpretati

2023 3641 2152 3696 sint.
2193 3642 2375 3696 Tertia
2409 3642 2629 3695 demum
2680 3655 2750 3694 an
2802 3638 3040 3693 Historia
3076 3639 3305 3693 Aristeas
3329 3679 3344 3703 ,
3379 3637 3494 3691 sive
3546 3645 3608 3690 ut

2022 3737 2200 3804 primo
2252 3732 2456 3802 prodiit
2482 3773 2496 3797 ,
2531 3731 2649 3785 sive
2679 3742 2736 3783 ut
2765 3740 2950 3800 postea
2979 3745 3009 3783 a
3038 3727 3255 3783 Justino
3277 3768 3292 3794 ,
3322 3736 3376 3782 et
3401 3725 3609 3796 aliquot

2019 3833 2146 3895 post
2189 3824 2404 3879 smeulis
2435 3824 2503 3878 ab
2535 3821 2841 3892 Epiphanio
2885 3822 3048 3875 allata
3076 3830 3195 3888 est,
3227 3835 3352 3875 vera
3401 3820 3506 3887 sit,
3535 3835 3610 3874 an

2023 3916 2254 3972 conﬁcta
2279 3925 2334 3972 et
2360 3916 2730 3986 supposititia.

2026 4029 2140 4084 VH.
2181 4028 2445 4083 Probatur
2475 4029 2699 4082 Ariston:
2724 4026 3047 4094 exemplaria
3072 4042 3188 4095 qua:
3217 4034 3497 4095 supersunt
3527 4043 3607 4096 ge-

2092 4100 2256 4152 nuina
2279 4141 2296 4167 ,
2340 4109 2652 4154 cwterorum
2691 4109 2866 4152 autem
2901 4098 3268 4151 additamenta
3314 4103 3611 4166 respuenda

2091 4187 2222 4224 €886.

2091 4283 2246 4350 Quod
2272 4282 2340 4338 ad
2373 4281 2608 4352 primam
2649 4284 3006 4352 quaestionem
3037 4283 3251 4348 attinet,
3282 4293 3492 4339 eertum
3523 4296 3608 4340 est

2022 4373 2345 4428 alterutram
2369 4388 2434 4427 ex
2460 4372 2871 4426 narrationibus
2895 4373 3252 4426 adulteratam
3281 4371 3486 4440 fuisse;
3513 4383 3608 4427 aut

2023 4463 2275 4519 videlicet
2318 4479 2440 4518 eam
2483 4478 2605 4533 quae
2655 4463 3000 4534 septuaginta
3047 4464 3188 4518 duos
3234 4479 3393 4521 senes
3443 4466 3610 4520 simul

341 4561 410 4616 de
459 4578 624 4619 causa
672 4564 741 4619 ad
788 4567 1041 4624 doctores
1087 4567 1576 4641 Jerosolymitanos
1630 4573 1914 4629 scriberet.

2031 4565 2402 4626 congregatos,
2432 4563 2734 4625 mutuoque
2765 4555 3036 4625 colloquia
3073 4557 3368 4612 miscentes
3389 4597 3404 4622 ,
3437 4557 3608 4612 inter-

339 4650 441 4706 Cui
483 4670 574 4708 rex
607 4671 816 4713 morem
849 4675 1043 4728 gerens
1064 4701 1080 4726 ,
1111 4661 1392 4731 epistolam
1422 4661 1913 4737 Jerosolymitanis,

340 4744 411 4798 ab
440 4743 746 4802 Aristeaois
779 4752 1036 4807 omnibus
1089 4752 1248 4823 longe
1295 4754 1567 4811 diversam
1593 4797 1609 4822 ,
1665 4758 1914 4827 scripsit,

339 4849 462 4904 qua:
489 4834 765 4904 αὐτολεξεὶ
789 4840 859 4894 ab
891 4839 1194 4911 Epiphanio
1225 4841 1468 4900 aﬂertur.
1501 4845 1560 4897 In
1589 4858 1651 4899 ea
1679 4844 1917 4912 postulat

339 4939 432 4982 rex
467 4927 533 4981 ad
575 4943 634 4983 se
665 4931 957 4986 transmitti
992 4933 1379 5003 prophetarum
1415 4934 1605 4998 libros,
1641 4943 1698 4988 ut
1734 4935 1786 4988 in
1828 4935 1916 4988 bi-

339 5017 612 5075 bliotheca
652 5036 750 5076 sua
785 5037 1176 5092 reponerentur
1205 5045 1218 5080 :
1256 5026 1309 5080 in
1345 5026 1663 5080 memoriam
1700 5033 1919 5081 revocat

337 5113 614 5181 praeterita
650 5114 911 5169 beneficia
934 5155 948 5179 ,
1001 5133 1110 5186 quo
1142 5126 1299 5186 pacto
1328 5118 1534 5172 scilicet
1587 5119 1789 5172 multos
1821 5117 1918 5171 ιιι-

337 5197 582 5253 (Ιεροιιιῐη
618 5201 912 5270 pOpulares
953 5203 1004 5257 in
1038 5205 1177 5258 bello
1215 5217 1402 5272 captos
1441 5216 1496 5259 et
1535 5206 1587 5259 in
1621 5206 1918 5278 Egyptum

335 5291 689 5359 deportatos,
745 5294 946 5350 liberos
997 5311 1121 5351 cum
1175 5299 1376 5353 viatico
1422 5299 1712 5353 dimiserit.
1763 5297 1920 5355 Nunc

337 5389 519 5434 autem
553 5398 795 5438 mensam
828 5401 1050 5440 auream
1087 5388 1358 5458 lapidibus
1387 5391 1641 5459 pretiosis
1667 5399 1920 5445 ornatam

338 5471 522 5542 pondo
553 5473 976 5544 quingentorum
1010 5478 1336 5534 talentorum
1372 5498 1496 5536 cum
1551 5481 1672 5536 aliis
1723 5497 1920 5538 mune-

339 5566 492 5622 ribus
521 5566 756 5632 mittere,
794 5579 853 5623 ut
881 5570 992 5624 voti
1029 5587 1255 5642 compos
1289 5571 1611 5628 eﬂiceretur.

411 5657 610 5713 Missos
642 5647 824 5728 postea
853 5661 1022 5719 libros
1043 5661 1305 5721 Hebraiee
1331 5668 1563 5736 scriptos
1591 5681 1714 5720 cum
1748 5666 1923 5736 legere

342 5764 451 5803 non
479 5759 702 5820 posset,
750 5753 992 5808 secundo
1026 5756 1268 5812 scribere
1295 5766 1349 5811 et
1381 5757 1703 5828 interpretes
1744 5767 1924 5828 petere

344 5855 568 5898 coaetus
618 5852 722 5901 est.
781 5841 1088 5903 Secundam
1144 5857 1329 5920 postea
1383 5848 1534 5907 aﬂert
1586 5849 1922 5921 Epiphanius

2017 4648 2377 4717 pretationem
2415 4648 2565 4701 illam
2597 4647 2836 4702 edidisse
2872 4649 3118 4718 peri-ibet
3145 4690 3160 4716 ,
3192 4658 3287 4703 aut
3313 4664 3433 4704 eam
3483 4665 3611 4721 quas

2018 4745 2143 4798 illos
2174 4743 2228 4798 in
2267 4744 2615 4814 septuaginta
2645 4745 2856 4798 cellulis
2897 4755 3200 4815 separatos,
3234 4757 3328 4801 aut
3356 4749 3518 4803 binos
3549 4750 3606 4804 in

2019 4837 2236 4906 triginta
2262 4852 2354 4890 sex
2383 4835 2731 4890 domunculis
2768 4837 3028 4901 inclusos,
3059 4850 3116 4892 ut
3150 4849 3334 4895 narrat
3368 4839 3612 4910 Epipha-

1995 4931 2172 4993 tnius,
2210 4929 2548 4997 Scripturam
2579 4928 2794 4982 amante
2838 4927 3104 4996 Numine,
3140 4939 3199 4983 ut
3250 4947 3317 4984 ex
3366 4932 3607 4986 mirabili

2017 5020 2261 5074 omnium
2282 5034 2551 5074 c0nseusu
2577 5019 2865 5089 probatum
2895 5029 2998 5083 est,
3017 5021 3244 5076 vertisse
3272 5037 3609 5077 commemo-

2017 5120 2122 5165 rat.
2151 5113 2167 5178 (
2194 5110 2268 5164 De
2313 5111 2434 5164 aliis
2464 5126 2627 5180 porro
2664 5126 2830 5180 prope
2868 5111 3173 5166 innumeris
3215 5111 3612 5182 varietatibus,

2018 5204 2309 5274 quaeinter
2341 5204 2684 5257 narrationes
2733 5203 2854 5256 illas
2891 5203 3266 5269 intercedunt,
3321 5204 3610 5261 brevitatis

2021 5311 2185 5351 causa
2215 5296 2463 5350 consulto
2481 5296 2766 5364 tacemus.)
2787 5294 2892 5349 Pro
2920 5295 3019 5349 hac
3044 5305 3318 5365 postrema
3337 5300 3609 5353 sententia

2023 5397 2173 5443 Stant
2198 5385 2473 5452 Justinus,
2505 5386 2742 5458 Cyrillus
2769 5385 3297 5458 llierosolymitanus
3317 5427 3332 5450 ,
3363 5387 3609 5458 Epipha-

2022 5479 2172 5545 nius,
2202 5480 2330 5534 licet
2369 5480 2422 5533 iu
2453 5495 2682 5534 numero
2706 5479 3021 5534 cellularum
3051 5480 3244 5542 variet,
3274 5479 3610 5550 Chrysosto-

2024 5588 2174 5637 mus,
2197 5572 2568 5640 Augustinus:
2595 5572 2795 5642 quibus
2819 5571 3094 5626 accenseri
3119 5581 3346 5640 possunt
3367 5572 3608 5625 ireuzeus

2023 5674 2079 5720 et
2107 5664 2362 5719 Clemens
2392 5663 2820 5728 Alexandrinus,
2855 5663 2948 5732 qui
2977 5663 3101 5717 licet
3129 5662 3196 5716 de
3231 5658 3373 5714 LXX
3396 5661 3610 5716 cellulis

2025 5757 2162 5811 nihil
2203 5756 2477 5818 habeant,
2517 5755 3021 5826 interpretationem
3064 5765 3243 5810 tamen
3289 5755 3434 5808 illam
3487 5754 3605 5820 Spi-

2030 5851 2165 5906 ritus
2213 5850 2386 5907 sancti
2434 5848 2616 5908 atllatu
2640 5859 2695 5908 et
2739 5849 3097 5920 inspiratione
3138 5847 3343 5906 factam
3384 5862 3611 5904 asset-en
