3832 6214
236 388 301 445 σι
1486 390 1558 445 IN
1596 387 1925 446 HEXAPLA
1965 386 2313 446 ORIGENIS.
3438 379 3518 437 6!

235 513 386 563 rant.
402 502 485 560 Ex
509 503 911 561 recentioribus
936 510 1116 559 autem
1148 502 1259 560 Leo
1280 502 1550 569 Castrius,
1578 504 1822 577 Alpbon-
1852 508 1895 564 Α
1923 504 2043 573 ejus
2081 504 2409 560 auctoritate
2450 503 2694 574 abrepti,
2721 502 3068 573 explorandae
3108 502 3189 558 rei
3235 516 3306 558 ne
3345 502 3511 557 mini-

234 612 336 655 sus
387 596 698 665 Salmeron,
748 597 987 667 aliique,
1037 597 1287 653 eamdem
1336 598 1662 654 sententiam
1699 614 1820 653 am-
1928 613 2077 651 mum
2101 596 2319 667 quidem
2343 610 2576 652 examen
2602 592 3511 665 habuissevidentur.Epiphanius

235 689 591 760 plectuntur,
646 689 740 759 qui
788 690 1160 744 narrationem
1219 690 1483 755 Aristeas,
1537 690 1717 761 qualis
1767 690 1822 743 in
1922 705 2053 744 vero
2100 689 2195 759 qui
2247 687 2448 747 Justini
2503 687 2877 742 narrationem
2929 687 2985 741 in
3035 686 3223 741 multis
3276 686 3520 740 mutavit

236 778 523 835 bodiernis
556 779 962 850 exemplaribus
988 781 1239 846 habetur,
1264 783 1509 837 vitiatam
1531 791 1587 838 et
1614 783 1822 837 adulte—
1922 783 2267 853 plurimaque
2294 782 2514 851 adjecit,
2542 796 2608 836 ex
2641 781 2762 834 aliis
2796 779 3194 834 fabulatoribus
3224 788 3520 833 mutuatus

234 877 457 938 ratam;
511 871 737 926 alteram
783 887 915 926 vero
970 871 1037 927 de
1093 873 1304 930 cellulis
1360 885 1414 930 et
1459 876 1525 929 de
1583 874 1822 928 mirabili
1921 882 2164 945 putatur.
2196 872 2339 928 Sane
2372 872 2750 943 primigeniam
2787 872 3017 927 Aristea:
3056 870 3343 925 historiam
3384 884 3507 924 eam

235 961 694 1031 interpretatione
722 978 907 1017 veram
950 976 1380 1034 germanamque
1406 979 1531 1019 esse
1555 971 1819 1034 pugnant.
1919 982 2042 1023 esse
2074 983 2196 1038 qua:
2222 967 2381 1022 hodie
2407 966 2460 1020 in
2485 966 2832 1020 bibliothecis
2858 973 3001 1020 nosti
3016 963 3064 1019 is
3086 972 3286 1029 exstat,
3313 961 3509 1017 suadet

311 1052 455 1109 Huic
508 1071 677 1126 porro
720 1056 1006 1111 sententiae
1052 1055 1361 1128 refragatur
1414 1055 1818 1128 Hieronymus,
1919 1056 2231 1128 .Iosephns,
2285 1058 2380 1129 qni
2426 1058 2554 1113 licet
2598 1072 2752 1121 eam,
2785 1071 2887 1126 pro
2937 1071 3086 1110 more
3136 1071 3273 1122 suo,
3324 1054 3507 1125 quoad

235 1146 333 1216 qui
362 1146 687 1203 cellularum
718 1148 1004 1203 historiam
1037 1148 1311 1205 mendacii
1350 1149 1553 1220 arguit,
1589 1157 1644 1204 et
1675 1146 1817 1202 LXX
1921 1150 2123 1222 stylum
2167 1158 2221 1205 et
2254 1149 2538 1223 seriemin
2580 1164 2689 1203 non
2719 1148 2912 1219 paucis
2943 1147 3275 1213 mutaverit,
3318 1144 3503 1212 quoad

238 1238 414 1297 Senes
448 1240 665 1297 amante
689 1240 925 1297 Numine
955 1243 1338 1314 interpretatos
1367 1258 1489 1299 esse
1516 1251 1695 1312 negat.
1727 1240 1819 1298 Sic
1919 1258 2140 1300 sensum
2167 1253 2349 1299 tamen
2371 1253 2425 1299 et
2442 1258 2529 1298 res
2553 1252 2737 1313 gestas
2759 1258 2953 1312 presso
2970 1241 3203 1312 vestigio
3224 1242 3500 1313 sequitur;

231 1334 327 1390 ille
377 1335 606 1406 prologo
652 1336 710 1390 in
757 1334 1061 1391 Genesim:
1116 1334 1186 1390 Et
1234 1337 1409 1390 nescio
1456 1338 1572 1407 quis
1616 1336 1817 1407 primus
1921 1337 2115 1393 suadet
2163 1337 2291 1391 item
2339 1336 2650 1400 Eusebius,
2687 1337 2781 1405 qui
2830 1336 3148 1406 longissima
3200 1335 3506 1391 Aristcana

230 1435 425 1482 auctor
478 1427 815 1496 septuaginta
870 1424 1091 1479 cellulas
1143 1424 1487 1478 Alexandriae
1542 1424 1819 1480 mendacio
1921 1429 2162 1485 hiStorise
2185 1435 2445 1500 excerpta
2470 1428 2639 1483 edidit
2668 1428 2720 1482 in
2747 1427 3148 1498 Prteparatione
3173 1427 3507 1498 evangelica:

237 1539 336 1577 suo
370 1523 729 1589 exstruxerit,
774 1522 963 1592 quibus
993 1523 1152 1577 divisi
1191 1523 1375 1578 eadem
1420 1524 1816 1594 scriptitarent,
1920 1520 2162 1591 itemque
2185 1518 2569 1591 Hieronymus,
2595 1518 2690 1589 qui
2719 1517 2947 1573 Aristea:
2969 1518 3189 1588 quidem
3215 1516 3507 1573 historiam

230 1632 353 1669 cum
386 1615 645 1670 Aristazus
666 1657 681 1681 ,
706 1614 944 1684 ejusdem
971 1614 1252 1670 Ptolomaei
1288 1616 1736 1689 ὑπερασπιστὴς,
1768 1626 1820 1671 et
1918 1611 2186 1681 agnoscit,
2221 1610 2316 1667 sed
2353 1609 2721 1665 additamenta
2749 1608 3056 1679 posteriora
3090 1608 3366 1679 reprobat.

229 1706 402 1761 multo
432 1716 550 1776 post
578 1716 810 1776 tempore
837 1706 1097 1777 Iosephus
1120 1749 1136 1774 ,
1176 1708 1310 1762 nihil
1353 1708 1459 1763 tale
1501 1708 1742 1763 retulerim

1993 1722 2057 1779 11.
2095 1722 2223 1778 Post
2266 1723 2646 1793 Hieronymum
2680 1724 2940 1777 asseritur
2975 1720 3128 1793 LXX
3170 1724 3252 1775 vel
3295 1738 3380 1775 eos
3410 1721 3504 1792 qui

230 1799 324 1855 sed
351 1800 409 1853 in
441 1817 546 1854 una
577 1800 803 1855 basilica
837 1810 1179 1872 congregatos
1223 1800 1509 1856 contulisse
1550 1802 1815 1868 scribant,
1847 1862 1888 1872 _
1991 1794 2409 1849 Pentateuchum
2434 1792 2846 1860 transtulerunt,
2877 1808 2978 1848 non
3006 1792 3211 1863 reliqua
3242 1794 3510 1861 interpre-.

228 1908 335 1949 non
374 1893 735 1963 prophetasse.
774 1892 940 1946 Aliud
982 1862 1059 1948 est
1102 1895 1241 1948 enim
1277 1903 1480 1961 uatem,
1526 1894 1677 1949 aliud
1704 1912 1741 1949 et

780 1892 940 1946 Aliud
982 1904 1059 1948 est
1102 1895 1241 1948 enim
1277 1903 1480 1961 uatem,
1526 1894 1677 1949 aliud
1704 1912 1814 1950 esse
1847 1862 1891 1917 Β
1989 1874 2128 1921 ³⁸²⁰⁸
2164 1880 2293 1919 “‘9-

226 1986 584 2053 interpretem.
621 1982 709 2039 Ibi
741 1982 974 2056 Spiritus
1005 1997 1225 2040 uentura
1258 1986 1543 2056 prtedicit;
1579 1986 1664 2040 hic
1688 2003 1813 2040 eru-
1989 1978 2174 2033 Altera
2230 1978 2458 2049 qumstio
2485 1988 2590 2043 est,
2621 1992 2690 2032 an
2716 1974 2861 2030 LXX
2905 1974 3255 2046 interpretes,
3283 1976 3368 2032 vel
3402 1978 3507 2047 qui:

225 2074 363 2127 ditio
395 2083 445 2127 et
485 2074 763 2128 uerborum
804 2076 955 2145 copia
985 2092 1047 2131 ea
1080 2093 1197 2147 qutc
1237 2078 1489 2149 intelligit
1535 2078 1736 2149 transfe

1993 2068 2128 2125 iores
2157 2066 2495 2139 Scripturam
2529 2084 2741 2124 sacram
2768 2068 2835 2123 de
2861 2066 3129 2124 llebraico
3156 2069 3210 2123 in
3247 2068 3506 2129 Grtccutn

229 2159 357 2213 Nisi
376 2159 512 2228 forte
532 2162 800 2230 putandus
827 2172 904 2217 est
939 2163 1146 2218 Tullius
1178 2163 1607 2223 (Economicum
1635 2167 1742 2223 Xen

1991 2168 2324 2228 nverterunt,
2362 2160 2537 2216 solam
2573 2158 2770 2230 Legem
2808 2174 2903 2214 scu
2944 2158 3396 2224 Pentateuchum,
3423 2173 3504 2214 an-

222 2250 441 2319 phontis
468 2263 518 2307 et
552 2253 800 2309 Platonis
832 2254 1211 2325 Protagoram,
1236 2266 1286 2312 et
1313 2257 1679 2314 Demosthenis
1710 2275 1811 2330 pro
1916 2253 2158 2323 reliquos
2187 2254 2348 2309 etiam
2382 2252 2551 2307 libros
2602 2251 2940 2322 interpretati
2981 2252 3108 2307 sint.
3149 2250 3312 2305 Ratio
3337 2250 3497 2307 dubi-

222 2343 615 2415 Ctesiphonte,
668 2348 876 2417 afﬂatus
919 2348 1180 2403 rhetorico
1210 2352 1404 2420 spiritu
1450 2354 1735 2409 transtulis

1989 2348 2066 2403 ldl
2098 2348 2226 2403 hinc
2251 2347 2487 2418 primum
2515 2355 2703 2401 exorta
2729 2356 2832 2413 est,
2866 2347 3013 2415 quod
3040 2346 3133 2416 qui
3162 2344 3305 2399 LXX
3331 2344 3502 2399 intern

223 2431 337 2487 Aut
386 2433 542 2488 aliter
590 2435 656 2489 de
695 2438 889 2491 eisdem
918 2436 1070 2493 libris
1109 2454 1202 2508 per
1248 2437 1618 2511 Septuaginta,
1652 2441 1812 2497 aliter
1916 2450 2129 2512 pretum
2158 2439 2446 2495 historiam
2494 2445 2806 2503 texuerunt,
2837 2436 2929 2490 alii
2955 2434 3153 2506 Legem
3185 2444 3395 2490 tantum
3424 2435 3494 2490 ab

221 2541 319 2592 per
347 2528 615 2595 apostolos
647 2527 883 2599 Spiritus
922 2539 1139 2585 sanctus
1168 2533 1469 2588 testimonia
1505 2536 1671 2589 texuit
1697 2552 1718 2601 ;
1750 2544 1808 2590 ut
1916 2533 1987 2587 iis
2013 2531 2199 2588 Graec
2228 2545 2546 2587 conversam
2574 2529 2781 2594 dicant,
2806 2528 2897 2582 alii
2928 2528 3210 2595 histerias,
3245 2528 3337 2582 alii
3365 2527 3507 2583 Pro-.

222 2619 370 2686 quod
397 2619 481 2672 illi
511 2630 825 2686 tacuerunt,
870 2622 926 2675 hi
969 2623 1229 2683 scriptum
1275 2641 1387 2679 esse
1433 2628 1641 2681 mentiti
1676 2628 1805 2683 sint.
1914 2624 2128 2693 phetas,
2159 2620 2493 2692 Epiphanius
2516 2619 2785 2675 universm
2816 2618 3113 2690 Scriptura:
3136 2620 3327 2675 libros.
3363 2619 3494 2675 llic-

224 2709 364 2778 Quae
391 2722 666 2783 postrema
707 2714 1023 2789 Hieronymi
1052 2717 1219 2774 verba
1254 2728 1310 2773 ut
1337 2718 1626 2790 intelligas,
1666 2720 1807 2777 scias
1916 2730 2179 2786 ronymus
2228 2728 2358 2768 vero
2405 2711 2694 2767 Comment.
2744 2711 2799 2763 in
2845 2704 3174 2765 Ezechielem
3223 2726 3344 2781 cap.
3378 2727 3499 2779 xw,

222 2815 443 2876 oportet
486 2809 658 2865 multa
702 2810 756 2864 in
788 2808 1087 2881 Scripturis
1134 2827 1256 2868 esse
1293 2828 1415 2883 qua:
1456 2811 1600 2867 LXX
1632 2815 1806 2869 Inter-
1914 2806 1949 2874 Ῠ
1992 2806 2080 2873 15,
2118 2805 2195 2860 ait
2231 2803 2569 2858 eruditorum
2615 2800 2700 2856 sui
2728 2801 2985 2870 temporis
3009 2801 3319 2870 opinionem
3347 2816 3491 2868 esse,

222 2907 409 2966 pretes
440 2900 526 2955 vel
555 2901 1056 2971 praetermiserant,
1090 2903 1173 2957 vel
1208 2903 1457 2959 consulto
1488 2911 1803 2972 tacueram,
1914 2898 2062 2953 solos
2110 2897 2354 2967 quinque
2400 2895 2572 2950 libros
2622 2892 2793 2964 Moysi
2839 2907 2868 2946 a
2902 2890 3045 2945 LXX
3077 2907 3266 2947 versos
3296 2890 3494 2948 fuisse.

225 3002 357 3056 quae
392 2989 463 3044 ab
491 2990 913 3061 evangelistiset
941 2991 1288 3064 abapostolis
1306 2991 1628 3050 aﬂ'eruntur.
1647 2992 1803 3062 Quod
1914 2991 2046 3062 Ejus
2089 2990 2254 3045 verba
2300 2995 2474 3043 sunt:
2529 2985 2645 3040 Hoc
2685 2986 2741 3039 in
2787 2983 2941 3039 LXX
2973 3001 3076 3039 non
3121 2985 3364 3062 habetur,
3399 2986 3495 3056 qui

219 3077 418 3134 eodem
466 3078 703 3150 Prologo
745 3081 801 3135 in
833 3080 1090 3136 Genesim
1132 3081 1363 3137 affirmat
1405 3080 1804 3154 Hieronymus,
1914 3086 2143 3158 forsitan
2182 3082 2525 3138 Alexandria:
2556 3082 2609 3135 in
2645 3079 2888 3135 Grtccum
2913 3095 3202 3134 sermonem
3242 3078 3491 3151 Scriptu-

215 3178 280 3224 et
300 3171 506 3241 passim
526 3170 581 3225 in
598 3170 1405 3244 Commentariis,maximeque
1422 3175 1476 3228 in
1492 3172 1801 3229 Jerenuam.
1837 3222 1879 3244 η
1912 3195 2003 3233 ras
2044 3193 2110 3231 ea:
2157 3173 2421 3229 Hebraica
2470 3173 2690 3228 veritate
2745 3179 3021 3236 vertentes,
3056 3171 3347 3225 timuerunt
3395 3172 3495 3226 hoc

222 3222 569 3318 Sehtentiam
601 3278 766 3333 porro
793 3222 1109 3337 Hieronyini
1135 3222 1540 3336 amplejetuntur
1561 3267 1807 3340 plerique
1835 3222 1881 3285 c
1910 3271 2080 3336 edere,
2112 3283 2174 3321 ne
2202 3281 2374 3336 regem
2406 3262 2630 3335 Aigypti
2662 3263 2965 3317 uiderentur
2991 3262 3275 3331 o/Tendere.
3299 3265 3428 3317 dum
3457 3281 3493 3318 α

224 3367 424 3409 omnes
464 3353 715 3410 hodierni
755 3356 952 3411 eruditi
991 3357 1096 3411 viri
1122 3372 1137 3423 ;
1168 3366 1222 3413 et
1263 3367 1456 3428 putant
1486 3360 1804 3415 cellularum
1909 3364 2018 3418 Deo
2039 3359 2339 3416 Jerusalem
2360 3357 2595 3411 debitum
2618 3371 2834 3425 regnum
2857 3370 2968 3408 esse
2990 3365 3494 3410 commemorarent:

220 3443 538 3511 historiam,
572 3446 996 3518 mirabilemque
1022 3448 1176 3504 illum
1203 3464 1557 3520 consensum,
1590 3467 1655 3508 ac
1684 3450 1806 3523 Spi-
1907 3467 2211 3526 quanquam
2248 3449 2446 3505 eruditi
2480 3447 2621 3501 solos
2655 3448 2885 3518 quinque
2920 3446 3083 3501 libros
3114 3445 3288 3518 Moysi
3317 3447 3382 3501 ab
3411 3450 3489 3503 eis

220 3534 368 3590 ritus
421 3536 599 3591 sancti
651 3536 932 3604 amatum,
996 3539 1222 3594 omnino
1269 3541 1617 3611 supposititia
1660 3557 1802 3612 esse.
1908 3553 2279 3620 interpretatos
2325 3561 2438 3600 esse
2487 3549 2720 3614 putant.
2766 3539 2915 3596 idem
2967 3555 3133 3611 porro
3176 3541 3488 3597 existimant

220 3625 386 3682 certe
420 3624 671 3682 δυεῑίηυε
706 3626 910 3701 Manil"
936 3670 951 3694 ν
983 3629 1077 3700 qui
1115 3630 1330 3701 Primus
1358 3631 1678 3687 cellularum
1701 3672 1716 3698 ν
1753 3640 1809 3686 et
1907 3643 2106 3700 eruditi
2136 3640 2407 3705 hodierni,
2430 3643 2702 3708 quotquot
2726 3634 2983 3690 videlicet
3006 3633 3329 3690 Hebraicum
3359 3650 3485 3689 cum

226 3718 501 3774 mirabilis
527 3716 734 3774 Senum
763 3734 1068 3776 consensus
1097 3720 1384 3777 historiam
1420 3722 1627 3787 texuit,
1657 3723 1711 3777 id
1739 3736 1805 3778 ex
1906 3735 2144 3791 editione
2179 3733 2292 3798 tua,
2318 3746 2442 3801 quae
2481 3728 2839 3799 Septuaginta
2875 3726 3231 3796 lnterprctum
3264 3728 3485 3792 dicitur,

223 3825 451 3866 rumore
472 3811 619 3883 vulgi
645 3821 951 3882 acceperat,
986 3821 1048 3868 ut
1073 3813 1191 3883 ipse
1221 3815 1507 3884 proﬁtetur
1532 3815 1586 3869 in
1614 3815 1809 3869 Admo-
1907 3826 2206 3883 contulere,
2237 3822 2373 3878 Nam
2404 3821 2498 3891 qui
2540 3818 2970 3875 Pentateuchum
3011 3828 3289 3873 verterunt
3328 3819 3487 3889 longe

223 3903 424 3958 nitione
452 3905 522 3957 ad
555 3904 767 3961 Gnaeos
790 3919 809 3958 :
842 3904 1003 3958 Αὐτοὶ
1034 3906 1092 3958 ὲν
1126 3907 1192 3976 τῇ
1224 3904 1617 3978 ,Ἀλεξανδρείᾳ
1653 3922 1736 3975 γεκ

1976 3921 2199 3975 ritiores
2229 3916 2399 3972 fuisse
2430 3915 2683 3969 videntur
2713 3912 2781 3967 iis
2813 3911 2908 3981 qui
2931 3918 3155 3966 caeteros
3191 3908 3487 3980 Scriptura

224 4009 400 4066 μενοι,
432 3995 529 4048 καὶ
547 3995 615 4048 τὰ
642 3994 761 4068 ἴχνη
795 3994 905 4049 τῶν
945 3996 1206 4049 οἰκίσκων
1244 3996 1305 4049 ὲν
1328 3999 1394 4068 τῇ
1438 3997 1602 4069 Φάρῳ
1633 3997 1737 4069 ὲωρ

1974 4027 2077 4067 ποθ
2116 4011 2303 4066 (ἑταῖρε
2340 4015 2469 4064 sunt
2496 4004 2834 4076 interpretati
2868 4022 2882 4057 :
2931 4007 3106 4074 stylus
3148 4003 3372 4057 omnino
3401 4004 3487 4058 di-

221 4084 383 4151 κότες
398 4084 479 4140 ἔτι
501 4086 804 4159 σωζόμενα,
836 4089 931 4143 καὶ
953 4089 1106 4161 παρὰ
1125 4089 1233 4144 τῶν
1253 4091 1389 4155 ἐκεῖ,
1410 4088 1486 4154 ὡς
1510 4091 1580 4144 τὰ
1602 4091 1734 4163 πάτε

1978 4118 2100 4158 rsns
2144 4111 2260 4167 est;
2310 4101 2474 4154 verba
2517 4111 2660 4166 saepe
2702 4096 2862 4166 longe
2898 4093 3174 4164 disparata
3203 4091 3485 4150 Hebraicis

222 4176 662 4248 παρειληφότων,
699 4178 1031 4251 ἀκηκοότες,
1065 4180 1238 4235 ταῦτα
1284 4180 1700 4253 ἀπαγγέλλομεν
1722 4198 1735 4214 ·

1972 4194 2134 4248 cibus
2190 4199 2463 4260 aptantur.
2512 4185 2803 4242 Varietatis
2863 4184 3180 4255 hujusmodi
3236 4186 3485 4256 exempla

218 4268 320 4322 καὶ
348 4270 479 4341 παρ’
495 4268 697 4341 ἐτέρων
726 4270 933 4338 ἔξεστιν
954 4274 1080 4343 ὑμῖν
1098 4273 1411 4345 μανθάνειν,
1446 4275 1541 4328 καὶ
1571 4275 1731 4347 μάλισ

1970 4286 2078 4339 ulta
2108 4281 2351 4353 proferre
2382 4282 2436 4334 in
2467 4286 2721 4350 promptu
2751 4284 2896 4332 esset
2922 4292 2936 4329 :
2966 4291 3152 4330 verum
3179 4276 3307 4347 quia
3338 4292 3426 4332 res
3451 4292 3483 4332 a

221 4361 359 4433 παρ’
390 4361 570 4417 αὐτῶν
612 4363 721 4419 τῶν
764 4365 892 4437 περὶ
935 4365 1141 4420 τούτων
1189 4365 1597 4439 ἱστορησάντων
1626 4384 1734 4437 corp

1971 4377 2081 4432 ictis
2126 4375 2258 4429 viris
2298 4374 2410 4443 jam
2448 4372 2568 4428 fuse
2608 4387 2673 4426 ex
2709 4371 2957 4441 professo
3001 4369 3201 4440 agitata
3228 4367 3350 4436 fuit,
3384 4387 3484 4425 no-

221 4454 320 4507 καὶ
349 4453 587 4526 δοκίμων
607 4456 837 4531 ἀνδρῶν,
867 4457 1099 4522 Φίλωνος
1129 4475 1211 4524 τε,
1258 4459 1523 4530 Ἰωσήπου
1556 4459 1652 4514 καὶ
1683 4461 1734 4513 ὲτ

1970 4483 2096 4539 sque
2122 4467 2189 4521 ad
2223 4466 2330 4521 alia
2381 4464 2803 4536 properantibus
2847 4478 2956 4518 non
3001 4463 3130 4518 licet
3162 4464 3248 4518 his
3275 4464 3483 4520 diutius

224 4564 338 4619 ρων
366 4546 646 4604 πλειόνων.
675 4547 734 4604 ld
763 4561 847 4606 est
880 4568 893 4605 :
931 4548 1045 4621 Ipsi
1073 4552 1163 4620 qui
1201 4550 1541 4606 Alexandria:
1578 4551 1798 4622 fuimus,
1832 4564 1878 4620 ι)
1908 4561 2212 4625 immorari,
2239 4558 2571 4614 destinatum
2603 4557 2881 4627 carpimus
2906 4556 3026 4610 iter.

220 4652 273 4693 et
318 4641 537 4711 uestigia
569 4641 1015 4696 domum-alarum
1057 4644 1112 4696 in
1144 4641 1323 4697 Pharo
1370 4643 1542 4698 adhuc
1586 4644 1733 4699 resid:

1992 4710 1993 4713 η
2025 4664 2213 4719 Utrum
2257 4666 2480 4719 Aristeas
2514 4663 2828 4734 primigenia
2872 4662 3097 4716 historia
3131 4680 3251 4718 uera
3285 4664 3376 4726 sit,
3411 4644 3505 4720 an.

220 4727 476 4794 uidimus,
510 4739 560 4783 et
588 4730 653 4784 ab
687 4731 901 4799 incolis,
937 4733 1030 4804 qui
1064 4750 1172 4786 rem
1199 4749 1233 4788 a
1267 4733 1559 4804 majoribus
1589 4751 1802 4805 accepe-
1972 4737 2195 4805 conﬁcta
2209 4727 2635 4806 etsupposititia,
2655 4727 2954 4803 dﬂcruntur
2976 4745 3286 4804 argumenta
3307 4738 3482 4790 utrin—
3523 4767 3527 4771 -

220 4825 382 4881 rant,
431 4818 766 4887 audiuimus,
798 4821 909 4876 haec
953 4824 1333 4879 annuntiamus
1358 4837 1378 4875 :
1424 4840 1543 4895 qua:
1581 4840 1646 4878 ea:
1674 4825 1801 4880 aliis
1970 4824 2089 4876 φυεο

219 4926 428 4984 quoque
468 4913 700 4968 ediscere
730 4916 950 4985 potestis
972 4956 989 4981 ,
1015 4933 1080 4970 ae
1117 4918 1451 4988 potissimum
1480 4936 1546 4974 ea:
1573 4921 1641 4976 iis
1665 4962 1680 4987 ,
1708 4923 1802 4993 qui
1972 4920 2155 4976 Tertia
2197 4919 2416 4975 demum
2445 4917 2699 4987 quaestio,
2733 4916 2934 4989 illaque
2978 4918 3301 4990 gravissima
3331 4931 3415 4977 est
3460 4940 3483 4976 το

221 5003 336 5057 Ιιωε
354 5017 756 5073 enarraverunt,
777 5005 1019 5075 Philone,
1037 5007 1264 5079 Josepho
1288 5009 1515 5081 aliisque
1536 5011 1795 5081 pluribus.
1900 5030 2032 5070 num
2080 5013 2304 5069 Aristeae
2335 5012 2596 5078 Historia,
2626 5012 2742 5068 sive
2776 5012 2864 5066 illa
2908 5028 3031 5082 quae
3064 5013 3177 5083 jam
3220 5012 3340 5083 ejus
3379 5027 3487 5069 no-

223 5093 365 5152 Hinc
396 5112 527 5153 sane
557 5100 868 5170 conspicias
896 5116 961 5156 ex
992 5101 1243 5172 populari
1270 5100 1417 5158 fama
1450 5103 1597 5175 loqui
1629 5102 1797 5162 Justi-
1901 5109 2047 5161 mine
2073 5104 2475 5170 circumfertur,
2511 5105 2912 5175 doctorumque
2959 5105 3214 5160 manibus
3248 5105 3473 5172 teritur;

222 5204 355 5245 num
409 5189 702 5263 Martyrem
728 5234 745 5259 ,
785 5210 911 5249 cum
962 5194 1030 5249 de
1076 5195 1282 5251 cellulis
1326 5205 1382 5252 et
1417 5197 1484 5253 de
1531 5198 1798 5255 miraculo
1900 5192 2013 5248 sive
2052 5192 2144 5248 illa
2182 5207 2303 5261 qua:
2347 5207 2471 5247 cum
2517 5193 2905 5248 additamentis
2934 5202 2989 5248 et
3019 5194 3411 5251 mutationibus
3439 5210 3472 5249 a

223 5289 379 5339 tanta
426 5282 589 5336 verba
636 5282 803 5350 facit;
842 5298 966 5337 nam
1000 5281 1159 5338 Philo
1208 5291 1264 5339 et
1308 5282 1578 5355 Iosephus
1602 5327 1618 5350 ,
1657 5301 1798 5356 quos
1898 5282 2136 5351 Justino,
2161 5284 2247 5339 vel
2274 5284 2343 5338 ab
2375 5283 2683 5355 Epiphanio
2715 5284 2960 5350 affertur,
2985 5299 3113 5339 vera
3143 5300 3208 5339 ac
3239 5286 3473 5352 sincera,

222 5374 443 5445 allegat.
467 5390 536 5430 ne
561 5375 791 5430 verbum
811 5374 1031 5446 quidem
1056 5376 1123 5432 de
1150 5376 1363 5433 cellulis
1386 5386 1442 5433 et
1466 5379 1534 5433 de
1561 5379 1798 5435 mirabili
1898 5391 1967 5431 an
2010 5392 2141 5432 vero
2190 5377 2423 5432 conﬁcta
2470 5386 2525 5433 et
2576 5378 2917 5448 supposititia
2971 5378 3063 5432 sit.
3107 5376 3246 5431 Cum
3291 5384 3474 5433 autem

219 5467 582 5535 interpretum
615 5481 888 5523 consensu
923 5467 1145 5523 habent.
1184 5466 1474 5525 Probabile
1503 5471 1671 5542 igitur
1714 5480 1799 5527 est
1896 5469 2283 5526 additamentis
2304 5470 2411 5525 illis
2444 5469 2604 5525 ﬁdem
2630 5485 2753 5527 esse
2777 5471 3148 5541 denegandam
3169 5470 3281 5540 jam
3309 5485 3485 5541 supra.

217 5557 505 5615 Iustinum
541 5572 607 5614 ea
644 5573 767 5628 quae
791 5558 859 5614 de
883 5559 1095 5614 cellulis
1124 5561 1310 5627 tradit,
1344 5575 1411 5615 ex
1448 5560 1638 5616 iisdem
1668 5559 1796 5615 fou-
1897 5561 2329 5618 demonstratum
2354 5561 2446 5627 sit,
2470 5571 2641 5617 restat
2662 5571 2723 5618 ut
2743 5563 2810 5618 de
2825 5563 3162 5633 primigenia:
3176 5563 3474 5617 Aristeana:

221 5652 370 5708 tibus
398 5651 697 5722 accepisse,
724 5666 791 5705 ex
817 5651 1018 5721 quibus
1040 5660 1327 5722 acceperat
1353 5651 1705 5708 Ptolemaeum
1729 5651 1798 5708 ab
1898 5653 2149 5709 Historia:
2175 5654 2279 5708 lide
2301 5669 2446 5711 nunc
2471 5668 2719 5724 agamus.
2754 5653 3046 5711 Historiam
3073 5655 3220 5710 illam
3247 5670 3473 5726 prorsus

222 5743 436 5801 Herode
462 5742 777 5801 Iudaeorum
810 5759 938 5817 rege
972 5744 1298 5816 interpretes
1340 5745 1611 5802 vertendis
1644 5743 1798 5800 Scri-
1898 5744 2145 5800 lictitiam
2188 5753 2243 5799 et
2276 5746 2709 5802 commentitiam
2743 5761 2866 5804 esse
2909 5755 3153 5818 pugnant
3182 5745 3339 5800 multi
3365 5745 3483 5798 virip

220 5836 398 5917 pturis
431 5837 606 5897 sacris
631 5838 957 5913 postulasse.
987 5837 1092 5907 Qui
1126 5835 1403 5897 Iustinum
1435 5837 1609 5898 secuti
1642 5846 1793 5910 sunt,
1898 5832 2196 5896 doctissimi
2234 5856 2247 5893 :
2279 5853 2347 5896 ex
2380 5836 2678 5898 Catholicis
2712 5838 2977 5899 Henricus
3013 5838 3281 5901 Valesius,
3306 5852 3481 5900 quem
