3832 6214
313 357 389 418 σς
1663 354 2212 431 ρηιειῐωΝΑηιΑι
3504 368 3576 419 δι

314 479 564 552 sequitur
606 478 845 535 Joannes
889 478 1037 533 Bona
1097 477 1409 543 cardinalis,
1455 477 1694 546 itemque
1737 475 1891 549 Aﬁgi-
1925 483 1968 540 Α
2065 476 2346 533 Laudatur
2395 475 2672 533 Ptolemaei
2721 476 2999 549 Evergetis
3036 480 3170 548 (non
3210 477 3574 552 Philadelphi,

316 573 443 628 dius
467 571 746 642 Menagius
768 579 821 625 et
846 570 973 635 alii;
1001 585 1067 623 ex
1096 569 1446 624 heterodoxis
1473 566 1745 637 Joscphus
1770 567 1897 623 Sca-

316 663 474 731 liger,
501 661 836 717 Humfredus
863 660 1013 732 Uody
1038 661 1090 714 in
1119 660 1492 716 eruditissimo
1522 675 1683 729 opere
1711 670 1895 715 contra

318 753 625 809 Historiam
652 755 893 817 Aristea,
923 763 977 809 et
1002 754 1298 808 novissime
1329 753 1599 808 Antonius
1630 752 1743 807 Van
1771 755 1901 810 Dale

316 850 372 903 in
424 846 812 902 Dissertatione
868 862 1025 916 super
1072 845 1318 900 Historia
1376 847 1649 911 Aristea;
1697 847 1901 917 aliique

315 938 738 1009 quamplurimi.

387 1030 578 1085 Primo
624 1030 829 1085 dicitur
860 1028 1130 1084 Aristeam
1165 1029 1339 1095 illum,
1367 1028 1462 1099 qui
1509 1044 1568 1084 se
1597 1040 1651 1083 et
1676 1037 1798 1083 ortu
1846 1037 1901 1083 et

315 1122 641 1194 parentibus
690 1122 939 1178 Graecum
979 1139 1101 1180 esse
1143 1123 1330 1193 tingit,
1374 1138 1496 1177 esse
1542 1121 1689 1178 haud
1736 1123 1901 1178 dubie

314 1214 573 1270 Judaeum
615 1214 989 1279 Hellenistam,
1019 1225 1081 1271 ut
1107 1217 1469 1286 comprobant
1501 1216 1638 1270 bene
1675 1216 1843 1270 multa
1881 1234 1895 1270 :

319 1305 555 1376 exempli
607 1321 776 1362 causa
825 1305 1176 1362 Judaicarum
1225 1308 1403 1379 legum
1468 1308 1627 1377 plena
1682 1308 1899 1371 notitia,

323 1398 491 1455 unius
531 1398 626 1454 Dei
662 1399 924 1470 cognitio,
967 1401 1115 1455 nulla
1140 1400 1372 1456 admista
1413 1400 1711 1470 Serapidis,
1742 1401 1902 1456 lsidis

324 1489 690 1561 aliorumque,
718 1493 811 1562 qui
845 1500 959 1546 tum
1001 1492 1240 1548 maxime
1266 1493 1609 1548 Alexandriae
1649 1493 1903 1548 coleban-

324 1590 434 1649 tur,
476 1582 702 1637 deorum
739 1584 1280 1639 commemoratione.
1317 1583 1373 1639 in
1420 1585 1538 1654 ipsa
1589 1585 1904 1640 narratione

326 1667 634 1727 Hebraismi
660 1672 880 1743 plurimi
905 1684 1234 1730 occurrunt:
1255 1690 1376 1746 qua:
1402 1677 1586 1733 omnia
1619 1685 1901 1732 auctorem

326 1777 455 1818 vere
479 1760 727 1819 Judaeum
758 1763 1016 1834 produnt.
1430 1776 1433 1778 ’

1997 578 2058 624 ut
2082 570 2303 639 quidam
2347 567 2554 643 dixere)
2588 568 2910 638 liberalitas,
2942 570 3087 640 quod
3120 568 3430 640 SOphoclis,
3462 570 3579 627 Eu-

1999 661 2189 731 ripidis
2238 672 2294 716 et
2345 659 2592 732 Eschyli
2648 662 2981 731 exemplaria
3025 662 3093 717 ab
3144 660 3578 720 Atheniensibus

1998 762 2300 820 mutuatus,
2328 759 2389 807 ut
2419 751 2654 807 exscribi
2679 762 2916 820 curaret,
2945 753 3233 809 reservatis
3258 755 3361 810 sibi
3390 770 3580 810 exem-

1998 847 2260 917 plaribus,
2286 848 2599 917 apographa
2640 848 3005 917 pulcherrima
3045 846 3356 914 reddiderit,
3383 848 3580 904 simul-

1999 955 2106 1009 que
2135 955 2406 994 summam
2458 939 2770 1010 quindecim
2822 940 3175 1005 talentorum,
3207 955 3372 1010 quam
3406 939 3581 995 Athe-

2000 1031 2283 1087 niensibus
2308 1032 2781 1101 oppigneraverat,
2830 1032 2896 1086 iis
2947 1032 3002 1087 in
3047 1034 3276 1104 gratiam
3327 1032 3580 1087 beneficii

2000 1122 2300 1191 reliquerit.
2333 1120 2476 1176 Sane
2505 1122 2817 1192 quindecim
2849 1124 3180 1179 talentorum
3211 1137 3422 1180 summa
3449 1132 3583 1179 tunc

2000 1214 2265 1283 temporis
2298 1216 2481 1285 magni
2527 1215 2862 1283 habebatur;
2894 1228 2950 1271 at
2978 1214 3108 1287 quid
3143 1216 3296 1271 dicas
3326 1216 3395 1279 si,
3428 1230 3585 1271 com-

2002 1310 2209 1379 putatis
2243 1311 2500 1365 omnibus
2531 1326 2653 1380 quae
2680 1325 2780 1381 pro
2810 1309 3177 1379 adipiscendis
3206 1309 3366 1380 Legis
3397 1323 3584 1363 exem-

2002 1398 2245 1468 plaribus
2295 1415 2325 1453 a
2368 1399 2727 1474 Philadelphp
2775 1414 3013 1469 expensa
3059 1410 3207 1464 sunt,
3237 1399 3587 1468 captivorum

2006 1493 2254 1548 videlicet
2308 1492 2503 1562 pretio,
2557 1493 2717 1548 donis
2762 1491 3062 1559 Eleazaro,
3114 1492 3336 1561 templo,
3387 1507 3583 1546 senum

2003 1582 2228 1638 cuilibet
2260 1582 2479 1645 oblatis,
2508 1582 2630 1652 plus
2657 1597 2822 1652 quam
2850 1581 2999 1637 mille
3023 1582 3384 1636 ducentorum
3407 1579 3586 1636 talenr

2002 1682 2185 1730 torum
2210 1690 2480 1730 summam
2516 1674 2797 1744 reperias?
2825 1674 3021 1726 Annon
3056 1672 3374 1727 exhaustam
3422 1673 3588 1741 plane

2005 1781 2193 1837 gazam
2216 1766 2420 1839 regiam
2447 1765 2684 1821 inferas?
2703 1764 2876 1822 Nemo
2905 1765 3180 1837 negaverit
3202 1765 3319 1820 haec
3342 1764 3585 1819 fabulam

402 1856 676 1911 Praeterea
720 1856 1015 1926 objicitur,
1062 1857 1393 1915 Demetrium
1443 1858 1765 1917 Phalereum
1816 1861 1908 1917 hic
1936 1852 1980 1909 Β
2013 1873 2224 1928 sapere.

326 1944 515 2002 induci
539 1947 883 2005 bibliothecae
909 1952 1071 2023 regite
1099 1950 1374 2009 Ptolemaei
1404 1952 1747 2024 Philadelphi
1776 1970 1911 2026 prae-

328 2034 572 2103 fectum,
624 2053 749 2094 cum
806 2048 986 2095 tamen
1042 2038 1368 2112 Hermippus
1424 2043 1568 2114 apud
1616 2043 1912 2116 Diogenem

330 2129 611 2188 Laertium
636 2141 840 2197 narret,
868 2133 1199 2191 Demetrium
1222 2135 1545 2193 Phalereum
1573 2138 1911 2210 transfugam

329 2223 473 2294 apud
504 2223 859 2281 Ptolemaeum
895 2225 1141 2283 Soterem
1174 2227 1306 2299 Lagi
1340 2229 1536 2293 filium,
1574 2245 1699 2285 cum
1724 2229 1911 2286 Ptole-

331 2331 468 2372 mazo
515 2315 875 2389 Philadelpho
921 2320 1238 2376 adversatus
1280 2331 1467 2384 esset,
1511 2330 1635 2392 post
1682 2334 1911 2379 mortem

331 2404 550 2478 Lagidae
594 2423 627 2464 a
659 2408 1021 2480 Philadelpho
1071 2413 1365 2483 relegatum
1400 2410 1592 2480 fuisse,
1630 2423 1685 2469 et
1723 2430 1913 2470 morsu

329 2500 536 2571 aspidis
578 2501 804 2560 obiisse.
853 2502 936 2558 Ad
965 2504 1080 2560 haec
1113 2503 1419 2560 Demetrius
1464 2505 1554 2562 ille
1580 2505 1907 2572 Phalereus,

334 2592 499 2648 homo
526 2591 979 2661 facundissimus,
1010 2604 1065 2651 et
1096 2612 1195 2652 sua
1240 2604 1398 2651 aetate
1425 2596 1618 2652 Attica:
1645 2596 1910 2668 eloquen-

333 2683 425 2741 tiae
466 2684 626 2742 facile
672 2687 966 2758 princeps;
1014 2689 1167 2759 isque
1209 2689 1434 2744 deorum
1482 2688 1679 2757 cultor,
1732 2689 1914 2758 pravis

331 2778 582 2834 moribus
614 2778 856 2849 luxuque
889 2780 1164 2850 perditus;
1198 2781 1290 2836 hic
1318 2781 1387 2835 ab
1427 2781 1640 2837 Aristea
1688 2781 1915 2837 exhibe-

332 2878 422 2925 tur
479 2870 570 2927 vix
625 2870 813 2928 Graece
870 2871 982 2927 imo
1033 2872 1268 2928 barbare
1319 2873 1551 2943 loquens
1585 2872 1639 2926 in
1685 2872 1914 2942 epistola

334 2976 500 3033 quam
552 2963 742 3019 scribit
793 2964 860 3019 ad
893 2962 1339 3034 Philadelphum;
1382 2964 1548 3019 unius
1574 2963 1669 3018 Dei
1714 2964 1913 3032 cultor,

335 3063 523 3125 utpote
549 3056 642 3126 qui
678 3053 1031 3111 Hebraeorum
1067 3057 1241 3127 legem
1285 3072 1386 3127 pro
1418 3057 1601 3112 divina
1640 3057 1915 3110 omnium-

2082 1948 2279 2005 Mirum
2313 1949 2476 2004 etiam
2520 1949 2771 2006 videatur
2809 1964 2918 2019 quo
2943 1957 3102 2019 pacto
3148 1946 3439 2004 Eleazarus
3487 1964 3588 2005 sex

2011 2057 2077 2098 ex
2124 2042 2354 2113 singulis
2406 2042 2657 2097 tribubus
2705 2042 2875 2107 viros,
2909 2057 3088 2105 senes,
3142 2041 3278 2097 bene
3318 2051 3589 2109 moratos,

2011 2134 2221 2199 doctos,
2259 2133 2419 2203 Legis
2463 2132 2847 2204 peritissimos,
2897 2141 2951 2187 et
2977 2140 3267 2203 utramque
3314 2132 3587 2202 linguam,

2013 2226 2292 2282 Hebraeam
2317 2226 2524 2281 scilicet
2548 2234 2602 2280 et
2630 2225 2897 2293 Graecam,
2929 2227 3174 2295 apprime
3203 2224 3486 2290 callentes,
3507 2226 3590 2281 sic

2011 2329 2233 2390 paratos
2268 2325 2325 2371 et
2355 2317 2423 2372 ad
2458 2332 2681 2371 manum
2735 2316 3006 2383 habuerit,
3040 2325 3104 2370 ut
3134 2324 3356 2387 rogatus
3401 2316 3595 2371 statim

2013 2412 2247 2477 miserit,
2285 2425 2409 2466 cum
2444 2419 2625 2464 tamen
2649 2408 2890 2464 Eleazari
2922 2416 3184 2479 tempore,
3214 2408 3300 2463 vel
3330 2409 3477 2463 nulla
3502 2409 3595 2465 vel

2014 2494 2231 2560 modica
2264 2504 2505 2558 tribuum
2540 2502 2820 2558 distinctio
2851 2501 3020 2557 fuisse
3051 2501 3326 2556 credatur.

2083 2598 2163 2652 Ad
2195 2578 2310 2651 inec
2336 2594 2631 2667 victoriam
2655 2594 2803 2647 illam
2832 2594 2900 2648 de
2924 2593 3199 2664 Antigono
3229 2602 3595 2664 reportatam,

2014 2689 2202 2745 eodem
2245 2697 2488 2757 tempore
2516 2702 2625 2756 quo
2656 2684 2847 2741 LXXII
2876 2702 3037 2741 senes
3068 2685 3457 2741 Alexandriam
3489 2685 3592 2741 ad-

2013 2797 2231 2848 venere,
2265 2792 2323 2835 ut
2351 2788 2538 2835 narrat
2575 2779 2842 2846 Aristeas,
2880 2788 3090 2834 certum
3118 2787 3213 2835 est.
3246 2778 3431 2834 multis
3465 2786 3595 2839 ante

2015 2874 2196 2938 annis,
2228 2880 2489 2944 regnante
2515 2871 2761 2929 videlicet
2788 2871 3080 2927 Ptolemaeo
3111 2870 3242 2943 Lagi
3273 2872 3385 2926 tilio
3414 2872 3595 2926 conti-

2016 2967 2180 3038 gisse.
2237 2963 2378 3020 Sunt
2426 2973 2482 3019 et
2521 2964 2627 3020 alia
2671 2965 2842 3019 multa
2890 2980 3013 3035 quae
3053 2976 3246 3020 contra
3292 2964 3594 3018 Aristeana:

2016 3058 2261 3115 historia:
2286 3056 2659 3114 sinceritatem
2692 3054 2992 3111 afferuntur
3017 3075 3031 3110 :
3059 3065 3114 3110 at
3140 3063 3427 3125 postquam
3454 3069 3596 3125 prte-

334 3163 444 3217 que
463 3147 810 3203 sanctissima
843 3149 1057 3214 habeat,
1083 3157 1138 3204 et
1167 3148 1316 3204 diras
1348 3149 1676 3219 imprecetur
1716 3149 1785 3205 iis
1815 3149 1912 3220 qui
1952 3214 1983 3220 _
2016 3148 2178 3219 cipua
2225 3148 2278 3202 in
2325 3148 2566 3203 medium
2612 3145 2963 3212 adduximus,
2995 3146 3063 3201 ab
3093 3147 3216 3201 aliis
3241 3142 3611 3201 recensendis"

337 3214 393 3294 in
441 3240 800 3297 translatione
835 3239 1024 3294 LXXII
1061 3214 1654 3312 Interpretatur-aliquid
1690 3214 1911 3309 addere,
1939 3214 1985 3279 (ἶ
2014 3214 2324 3311 compendii
2348 3255 2514 3296 causa
2546 3238 2929 3294 abstinendum
2959 3248 3235 3309 putamus.

337 3328 423 3385 vel
451 3330 688 3396 demere,
725 3333 811 3389 vel
841 3334 1135 3389 immutare
1174 3334 1296 3390 ausi
1326 3332 1547 3389 fuerint.
1578 3333 1753 3389 Erunt
1801 3332 1915 3389 for-

341 3432 489 3478 tasse
519 3424 615 3495 qui
649 3425 781 3482 huic
822 3436 1147 3499 argumento
1175 3428 1388 3482 occurri
1419 3442 1582 3497 posse
1625 3428 1913 3498 putabunt,

337 3528 407 3569 ex
439 3512 655 3572 Cosme
682 3515 920 3591 Egyptii
961 3534 1134 3589 nuper
1158 3535 1188 3574 a
1231 3519 1388 3575 nobis
1416 3519 1549 3575 editi
1583 3529 1827 3575 narratu.
1864 3517 1915 3576 ls

339 3609 485 3664 enim
536 3609 595 3665 in
641 3608 1014 3681 Topograpltia
1044 3609 1373 3676 Christiana,
1400 3626 1563 3681 quam
1605 3609 1916 3668 Iustiniano

341 3684 644 3781 imperante
688 3702 878 3769 edidit,
909 3716 1018 3757 non
1065 3701 1398 3757 Demetrium
1445 3702 1792 3771 Phalereum,
1820 3703 1917 3761 sed

342 3792 691 3865 Tryphonem
719 3792 1043 3850 Phalereum
1091 3795 1194 3850 sub
1242 3794 1534 3851 Ptolemaeo
1561 3795 1917 3869 Philadelpho

342 3885 684 3941 bibliothecae
711 3887 875 3958 regia:
909 3888 1190 3942 custodem
1240 3886 1412 3944 fuisse
1457 3888 1589 3945 dicit
1620 3907 1634 3944 :
1664 3905 1771 3960 qua
1817 3891 1918 3945 ad-

342 3976 510 4032 missa
544 3978 797 4045 lectione,
832 3979 1036 4034 cadunt
1080 3979 1267 4035 omnia
1292 3979 1384 4034 illa
1429 3989 1767 4051 argumenta,
1798 3997 1919 4052 qua:

341 4077 520 4123 stante
563 4068 841 4125 Demetrio
889 4069 1155 4127 Phalereo
1183 4071 1418 4141 alicujus
1446 4073 1707 4129 momenti
1738 4083 1915 4131 erant.

341 4158 414 4216 At
442 4159 574 4228 quid
610 4160 785 4215 valeat
811 4161 993 4216 hacin
1024 4177 1085 4217 re
1106 4163 1393 4233 scriptoris
1418 4164 1603 4228 unius,
1626 4173 1681 4218 et
1698 4164 1919 4234 quidem

342 4247 621 4307 inferioris
652 4252 774 4320 aevi,
809 4253 1203 4321 testimonium,
1235 4255 1456 4326 quando
1490 4270 1681 4311 omnes
1712 4271 1743 4310 a
1778 4256 1922 4326 prin-

343 4340 508 4412 cipio,
547 4343 642 4413 qui
683 4342 954 4400 Aristeam
986 4344 1313 4413 meminere,
1351 4344 1683 4401 Demetrium
1730 4345 1921 4401 Phale-

341 4451 498 4492 reum
520 4437 740 4493 habeut.
757 4438 915 4494 Certe
934 4439 1068 4494 nulli
1089 4439 1313 4494 dubium
1339 4454 1463 4495 esse
1482 4449 1660 4511 potest
1680 4440 1919 4510 primum

2084 3333 2193 3388 Alii
2228 3348 2329 3405 pro
2372 3333 2603 3390 Aristeas
2644 3331 2884 3389 Historia
2925 3342 3095 3401 stant,
3124 3331 3353 3403 ejusque
3377 3332 3599 3405 γνησιό-

2014 3443 2153 3499 τητα.
2177 3440 2521 3496 pr0pugnare
2550 3426 2802 3480 nituntur
2828 3443 2840 3479 :
2870 3440 2938 3480 ex
2967 3424 3295 3491 Catholicis,
3322 3423 3602 3493 Serarius,

2016 3518 2340 3584 Gretserus,
2383 3516 2589 3574 Paulus
2639 3516 2975 3584 Pezronius,
3029 3517 3296 3586 multique
3346 3517 3480 3584 alii;
3527 3533 3598 3573 ex

2017 3611 2388 3678 hcterodoxis,
2420 3610 2656 3665 Brianus
2683 3608 2997 3676 Waltonus,
3026 3607 3183 3665 lsaac
3215 3607 3463 3674 Vossius,
3483 3609 3599 3664 alii-

2017 3717 2125 3773 que
2153 3701 2394 3772 insignes
2422 3701 2547 3756 viri.
2582 3699 2699 3755 Non
2732 3699 2968 3755 referam
3017 3709 3403 3770 argumentum
3449 3699 3599 3770 quod

2017 3810 2086 3851 ex
2132 3792 2355 3849 Patrum
2393 3794 2707 3849 testimonio
2739 3793 2806 3848 ad
2852 3793 3135 3847 tutandam
3165 3792 3466 3847 Aristeana:
3498 3789 3599 3846 Hi-

2019 3888 2204 3943 storiae
2231 3887 2512 3943 veritatem
2543 3887 2765 3958 quidam
2788 3885 3042 3941 afferunt.
3060 3883 3196 3939 Nam
3219 3900 3344 3939 cum
3367 3881 3468 3939 SS.
3492 3882 3599 3938 Pa-

2019 3988 2131 4036 tres
2155 3978 2425 4048 Justinus,
2453 3982 2711 4045 Irenaeus,
2746 3979 3020 4046 Clemens,
3047 3978 3282 4050 Cyr-illus
3319 3974 3599 4047 Jerosoly-

2019 4075 2281 4142 mitanus,
2311 4090 2432 4130 eam
2460 4075 2733 4146 praecipue
2761 4073 2924 4143 hujus
2949 4070 3203 4127 Historiae
3234 4082 3444 4142 partem
3475 4084 3603 4141 pro-

2018 4182 2261 4239 pugnare
2288 4167 2592 4232 videantur,
2617 4182 2740 4237 qua:
2768 4165 2996 4234 respicit
3019 4164 3264 4231 cellulas,
3288 4162 3597 4218 mirabilem

2023 4260 2225 4316 Senum
2266 4259 2323 4314 in
2371 4259 2778 4329 interpretando
2829 4272 3203 4322 consensum,
3253 4264 3309 4311 et
3358 4254 3607 4326 Spiritus

2021 4352 2195 4407 sancti
2241 4350 2514 4417 adlatum;
2547 4364 2711 4419 quam
2741 4356 2921 4402 tamen
2959 4357 3167 4417 partem
3207 4355 3265 4400 ut
3300 4345 3598 4416 suppositi-

2022 4443 2156 4499 tiam
2181 4452 2237 4498 et
2271 4442 2516 4512 spuriam
2554 4456 2679 4496 cum
2712 4440 2839 4495 divo
2872 4439 3202 4509 Hieronymo
3228 4438 3463 4509 aliisque
3497 4439 3597 4493 do-

344 4527 496 4584 illum
540 4528 811 4584 Aristeam
835 4569 853 4598 ,
905 4529 1239 4585 Demetrium
1286 4529 1605 4587 Phalereum
1650 4533 1779 4587 item
1817 4533 1917 4588 ha-
1950 4568 1995 4623 Β
2023 4539 2125 4593 etis
2159 4535 2469 4606 rejecimus,
2493 4548 2603 4588 non
2629 4541 2810 4604 potest
2842 4532 2930 4586 hic
2956 4547 3055 4603 pro
3088 4532 3390 4587 Aristeanze
3415 4530 3603 4588 llisto—

343 4621 551 4677 buisse.
610 4620 791 4689 Quare
849 4619 1080 4678 Cosmas
1146 4622 1435 4694 Egyptius
1504 4626 1590 4679 vel
1651 4626 1917 4680 memoria

344 4713 533 4785 lapsus
565 4724 668 4781 est,
704 4714 787 4769 vel
813 4714 1034 4770 aliunde
1064 4730 1304 4770 errorem
1330 4726 1414 4772 est
1438 4724 1738 4772 mutuatus.

413 4803 525 4860 Nec
552 4804 717 4860 modo
744 4804 1073 4860 Demetrium
1099 4804 1442 4870 Phalereum,
1480 4807 1571 4862 sed
1598 4808 1759 4861 etiam
1792 4807 1918 4863 Pto-

343 4896 594 4959 lemamm
629 4897 808 4968 ipsum
850 4896 1288 4969 Philadelphum,
1327 4897 1557 4954 fratrum
1608 4900 1920 4955 interfecto-

342 5003 483 5054 rem,
526 4989 734 5045 sororis
781 4991 1105 5061 conjugem,
1151 4992 1309 5062 cujus
1356 4992 1632 5056 mollities,
1677 4992 1916 5059 luxuria,

344 5083 573 5150 scelera,
605 5082 674 5137 ab
701 5081 980 5138 historicis
1003 5082 1365 5149 celebrantur,
1397 5083 1469 5138 ita
1493 5083 1642 5153 pium
1673 5084 1919 5155 legisque

343 5174 597 5234 Hosaicm
642 5175 906 5230 cultorem
951 5175 1171 5231 exhibet
1194 5175 1459 5243 Aristeas,
1495 5185 1556 5230 ut
1590 5191 1775 5246 regem
1808 5175 1916 5231 Da-

342 5269 523 5327 videm
579 5269 664 5323 vel
711 5267 1000 5323 Ezechiam
1048 5268 1219 5324 dicas.
1275 5267 1326 5324 ls
1376 5269 1569 5324 allatas
1615 5270 1720 5324 sibi
1758 5267 1919 5339 Legis

342 5360 713 5425 membranas,
750 5368 900 5415 tanta
954 5361 1303 5417 veneratione
1355 5370 1681 5432 prosecutus
1718 5373 1824 5430 est,
1859 5370 1920 5418 ut

340 5452 543 5521 septies
584 5452 855 5520 adoraret,
890 5470 955 5510 ac
996 5470 1107 5524 pra:
1136 5456 1337 5527 gaudio
1363 5458 1782 5528 lacrymaretur.
1810 5455 1939 5523 Pa-_

341 5558 457 5596 rem
502 5557 630 5615 erga
677 5544 846 5615 legem
888 5544 1180 5602 Mosaicam
1220 5547 1427 5603 cultum
1460 5548 1720 5605 exhibent
1744 5549 1919 5605 Graeci

341 5648 557 5702 oinnes,
588 5645 858 5708 quotquot
875 5637 931 5693 in
955 5639 1239 5696 Aristeana
1260 5638 1499 5696 Historia
1525 5650 1916 5708 memorantur,

346 5738 407 5782 ut
438 5729 579 5785 mira
608 5732 1037 5803 metamorphosi
1071 5733 1265 5789 credas
1304 5749 1496 5790 omnes
1541 5736 1635 5805 qui
1666 5734 1795 5791 huic
1823 5751 1918 5791 ne-

348 5820 495 5894 gotio
530 5821 826 5895 intersunt,
852 5826 1139 5896 derepente
1167 5828 1468 5897 proselytos
1499 5826 1670 5887 factos
1703 5844 1844 5888 esse.

2020 4628 2115 4682 riae
2138 4626 2455 4682 defensione
2477 4622 2702 4679 Patrum
2730 4623 2948 4677 illorum
2979 4623 3278 4679 auctoritas
3299 4623 3522 4693 opponi.

2090 4717 2292 4774 Verum
2315 4717 2460 4772 aliud
2494 4716 2551 4771 iu
2582 4715 2821 4770 medium
2845 4714 3135 4781 adducam,
3169 4715 3317 4784 quod
3352 4730 3486 4769 sane
3506 4730 3600 4770 va-

2018 4811 2345 4866 lidissimum
2372 4816 2593 4879 putatur
2632 4823 2663 4862 a
2697 4808 2904 4862 multis.
2955 4806 3222 4874 Aristeas,
3257 4815 3317 4863 ut
3346 4807 3603 4865 oculatus

2019 4905 2177 4960 testis
2202 4919 2318 4960 rem
2344 4918 2445 4959 suo
2477 4911 2741 4972 tempore,
2773 4915 2942 4972 seque
2999 4910 3263 4971 praesente
3304 4908 3599 4972 partesque

2018 5012 2148 5054 suas
2177 5003 2390 5067 agente,
2414 5002 2620 5066 gestam
2642 5005 2894 5063 enarrat;
2957 5009 3096 5059 rem,
3146 4994 3392 5064 inquam,
3421 5010 3595 5065 usque

2019 5091 2154 5145 adeo
2183 5090 2449 5160 insignem
2483 5097 2537 5143 et
2561 5087 2917 5159 singularem,
2954 5097 3017 5142 ut
3047 5087 3358 5143 necessario
3393 5088 3595 5142 debue-

2018 5183 2091 5237 rit
2121 5182 2368 5237 omnium
2407 5196 2501 5236 ore
2529 5180 2811 5245 celebrari,
2845 5196 2945 5235 nec
2973 5178 3132 5234 facile
3181 5194 3246 5234 ex
3310 5179 3594 5234 hominum

2019 5277 2281 5332 memoria
2323 5275 2602 5330 obliterari
2637 5273 2889 5342 potuerit.
2922 5271 3055 5327 Post
3086 5271 3354 5327 Aristeam
3382 5271 3597 5327 Aristo-

2018 5366 2200 5431 bulus,
2244 5366 2327 5421 vir
2352 5364 2605 5435 insignis,
2625 5364 2710 5419 vel
2749 5364 2920 5434 ipsius
2943 5361 3221 5418 Ptolemai
3254 5360 3592 5432 Philadclphi

2020 5466 2280 5528 tempore,
2316 5456 2423 5521 vel,
2474 5465 2533 5511 ut
2583 5456 2675 5511 alii
2701 5456 3036 5521 existimant,
3085 5455 3187 5510 sub
3228 5452 3594 5509 Philometore

2018 5550 2356 5607 Alexandriae
2378 5550 2653 5615 scribit,et
2677 5548 2978 5605 Aristeana:
3009 5546 3260 5602 Historiae
3280 5547 3593 5603 testimonio

2019 5658 2121 5698 suo
2148 5641 2539 5713 patrocinatur.
2579 5639 2639 5696 Si
2668 5656 2733 5697 ea
2766 5640 2903 5696 falsa
2935 5654 3269 5711 prorsusque
3298 5641 3593 5710 suppositi-

2019 5737 2093 5790 tia
2132 5734 2346 5803 fuisset,
2379 5749 2448 5788 an
2478 5741 2687 5806 poterat
2719 5734 3036 5789 Aristobulo
3076 5728 3460 5811 ipsisdigypti
3501 5748 3587 5788 re-

2021 5828 2179 5900 gibus
2206 5837 2337 5888 tunc
2365 5827 2626 5886 familiari
2658 5825 2845 5886 fucum
2875 5825 3080 5894 facere,
3108 5826 3321 5884 etiamsi
3357 5832 3589 5893 ponatur
