3832 6214
269 236 344 291 65

1517 234 1588 292 IN
1629 235 1956 290 HEXAPLA
1995 234 2347 294 ORIGENIS.
3480 243 3550 300 66

270 373 398 412 cum
424 357 530 413 sub
550 356 843 428 postremis
869 355 1286 413 Ptolemaeorum
1314 355 1864 412 ﬂoruisse?Alexan-
1894 363 1936 418 Α
1969 356 2314 427 sequentium
2390 356 2554 413 modo
2612 359 2939 414 saeculorum
3005 356 3395 429 scriptoribus,
3452 363 3550 419 sed

270 450 369 504 der
397 449 527 505 item
558 448 887 521 Polyhistor,
951 451 1044 520 qui
1079 449 1387 521 Olympiade
1425 448 1646 504 circiter
1677 459 1860 505 cente-

268 545 412 599 sima
444 544 856 614 septuagesima
916 545 1076 604 tertia
1139 543 1380 613 scripsit,
1416 543 1861 598 laudatAristca:

265 636 560 707 cujusdam
620 635 918 692 Historiam
985 636 1326 705 Judaicam;
1392 639 1542 693 illam
1608 638 1861 693 videlicet

260 747 433 800 quam
464 733 534 787 de
564 731 751 787 LXXII
803 731 1198 803 lnterpretibus
1253 735 1494 805 scripsit,
1555 744 1616 790 ut
1663 743 1859 806 putant

262 825 486 880 eruditi.
513 825 644 881 Post
678 842 802 880 eum
859 825 1016 881 Philo
1045 826 1340 882 Historiam
1378 827 1632 883 eamdem
1663 828 1856 898 paucis

263 918 458 988 tangit,
482 933 548 972 ac
579 919 707 975 licet
729 921 794 974 de
820 936 1050 987 numero
1078 919 1440 992 interpretum
1467 922 1605 976 nihil
1634 922 1852 988 habeat,

258 1013 392 1084 quia
421 1029 534 1068 rem
569 1014 798 1083 carptim
851 1024 1113 1082 enarrat,,
1151 1017 1365 1079 videtur
1409 1025 1590 1070 tamen
1641 1032 1705 1070 ea
1734 1032 1856 1086 qua:

257 1103 403 1159 dixit
427 1119 496 1160 ex
531 1105 746 1160 Aristea
799 1106 1073 1174 hausisse,
1128 1117 1252 1178 post
1296 1124 1421 1163 eum
1469 1107 1761 1180 Josephus,
1790 1124 1855 1165 ac

258 1198 485 1252 demum
547 1196 1216 1254 EusebiusAristeanam
1279 1199 1577 1256 Historiam
1612 1199 1855 1256 referunt

255 1291 422 1361 eique
477 1296 914 1362 patrocinanturt
981 1295 1128 1350 Nihil
1187 1297 1366 1352 dicam
1428 1298 1496 1354 de
1544 1296 1763 1354 Justino
1800 1306 1856 1354 et

253 1385 406 1450 aliis,
435 1386 529 1455 qui
562 1385 884 1445 adulteratis
914 1390 1318 1459 exemplaribus
1345 1400 1475 1445 sunt
1505 1391 1612 1446 usi.
1652 1391 1708 1446 Si
1742 1407 1852 1461 qua

257 1477 439 1543 possit
469 1476 700 1532 historia
753 1477 1102 1546 sequentium
1165 1488 1472 1549 temporum
1522 1480 1852 1538 testimoniis

256 1566 597 1630 conﬁrmari,
623 1568 756 1621 nihil
787 1583 918 1624 sane
945 1568 1074 1625 huic
1108 1569 1283 1634 deest,
1326 1577 1388 1625 ut
1422 1570 1586 1625 talem
1619 1572 1852 1627 tirmita-

253 1664 366 1711 tem
399 1658 754 1726 adipiscatur.

1963 450 2128 504 etiam
2163 466 2193 505 a
2226 452 2423 506 coaevis
2450 461 2504 506 et
2534 453 2862 523 supparihus
2889 464 3236 510 enarrentur.

2331 543 2401 599 Χ.
2440 544 2829 615 Disputationis
2883 546 3174 600 conclusio.

1953 681 1956 684 .
2029 633 2132 691 His
2196 635 2402 692 diutius
2474 637 2755 692 immorari
2829 640 3302 708 quaestionemque
3362 637 3546 695 fusius

1960 728 2236 799 exagitare
2271 743 2381 783 non
2413 728 2566 783 libet.
2597 728 2854 795 Qumdam
2911 731 3090 784 solum
3120 731 3279 786 nobis
3309 732 3361 784 in
3418 746 3546 786 con-

1960 820 2106 877 fesso
2142 822 2410 885 habenda,
2433 830 2486 877 et
2516 837 2617 891 pro
2664 823 2806 877 veris
2846 824 3045 877 tuenda
3096 831 3244 889 sunt,
3277 824 3544 878 nimirum

1959 915 2456 985 interpretationem
2489 932 2610 988 qua:
2639 917 2746 971 τῶν
2777 919 2832 971 0'
2859 934 2952 973 seu
2976 917 3117 972 LXX
3152 931 3398 983 vocatur,
3427 920 3545 974 sive

1958 1005 2051 1062 illa
2085 1024 2115 1062 a
2151 1007 2503 1079 Septuaginta
2542 1009 2700 1074 viris,
2755 1011 2869 1065 sive
2919 1025 2949 1064 a
3008 1011 3362 1081 paucioribus
3395 1011 3542 1069 facta

1956 1099 2142 1166 fuerit,
2171 1117 2293 1156 esse
2320 1118 2503 1157 veram
2529 1112 2582 1159 et
2613 1113 2857 1159 sanctam
2889 1104 3010 1158 ﬁdei
3051 1119 3378 1175 morumque
3405 1118 3540 1158 nor-

1956 1208 2128 1260 mam,
2163 1203 2350 1264 utpote
2379 1212 2502 1266 quae
2535 1198 2604 1252 ab
2637 1199 2904 1268 apostolis
2937 1214 3045 1252 non
3083 1199 3249 1253 semel
3277 1198 3539 1254 adhibea-

1954 1294 2064 1351 tur,
2103 1302 2166 1341 ac
2189 1303 2297 1341 non
2322 1290 2484 1344 modo
2511 1290 2564 1344 in
2589 1290 2832 1347 Ecclesia
2883 1291 3070 1347 Graeca
3107 1307 3206 1362 pro
3234 1307 3362 1346 vera
3388 1289 3540 1345 Scri-

1952 1388 2112 1449 ptura
2139 1395 2352 1451 semper
2383 1383 2567 1438 habita
2603 1385 2786 1448 fuerit,
2820 1386 2914 1439 sed
2968 1386 3132 1439 etiam
3193 1385 3246 1438 in
3293 1383 3534 1439 Ecclesia

1954 1471 2145 1526 Latina
2179 1474 2456 1543 prioribus
2483 1477 2699 1532 saeculis
2731 1478 3049 1543 obtinuerit,
3072 1479 3292 1548 quando
3326 1478 3538 1534 scilicet

1950 1572 2107 1619 vetus
2137 1563 2267 1620 ltala
2298 1582 2420 1636 qua:
2475 1584 2542 1624 ex
2589 1569 2778 1624 (ἐι-ποθ
2821 1569 2964 1623 LXX
3005 1569 3361 1640 interpretum
3389 1569 3536 1627 facta

1953 1654 2152 1721 fuerat,
2190 1673 2289 1728 pro
2339 1661 2500 1715 unica
2563 1659 2844 1731 Scriptura
2908 1678 3063 1718 sacra
3109 1663 3530 1733 agnoscebatur,

329 1749 623 1820 Reponum
649 1752 767 1817 alii,
798 1749 1095 1807 Aristobuli
1125 1762 1179 1807 et
1207 1752 1502 1809 Alexandri
1532 1753 1842 1826 Polyhisto-
1871 1746 1915 1806 B
1947 1742 2237 1818 antequam
2266 1749 2630 1824 Hieronymus
2660 1754 2979 1809 hodiernam
3034 1754 3322 1827 Vulgata‘m
3373 1757 3534 1812 ador-

255 1845 336 1898 ris
368 1845 694 1900 auctoritate
729 1845 782 1899 id
819 1861 987 1900 unum
1023 1847 1177 1916 argui
1214 1855 1269 1902 et
1310 1847 1552 1917 probari,
1589 1849 1842 1905 videlicet

253 1937 487 1993 Aristeze
515 1938 812 1993 Historiam
839 1947 964 1993 ante
995 1941 1190 1996 horum
1242 1941 1573 2010 scriptorum
1624 1951 1838 1997 aetatem

259 2031 534 2099 prodiisse
562 2051 576 2087 :
607 2041 663 2087 et
712 2033 1088 2089 Aristobulum
1122 2033 1342 2104 quidem
1371 2034 1462 2088 diu
1491 2043 1613 2103 post
1657 2033 1840 2089 Phila-

250 2123 510 2192 delphum
543 2123 780 2191 vixisse;
803 2141 928 2179 nam
955 2126 1098 2196 quod
1135 2126 1299 2180 modo
1326 2125 1433 2180 sub
1454 2124 1834 2196 Philadelpho,

251 2217 421 2268 modo
455 2215 558 2270 sub
584 2214 954 2272 Philometore
980 2217 1273 2288 scripsisse
1303 2218 1522 2274 dicatur
1555 2220 1698 2289 apud
1727 2219 1837 2275 Eu-

247 2306 466 2361 sebium
495 2323 511 2372 ;
541 2308 593 2363 id
620 2307 842 2364 Eusebii
879 2305 1038 2379 lapsu
1074 2310 1323 2383 contigit,
1379 2311 1465 2366 vel
1499 2310 1733 2368 fortasse
1770 2313 1836 2366 li-

248 2400 580 2467 brariorum,
631 2403 725 2472 qui
780 2403 1004 2458 nomina
1042 2414 1495 2460 commutarunt:
1551 2422 1677 2460 nam
1709 2405 1835 2460 Ario

247 2495 501 2551 stobulus
540 2497 674 2566 ipse,
699 2496 1115 2569 Philadelphum
1145 2499 1288 2570 ejus,
1329 2499 1396 2554 ad
1429 2515 1593 2569 quem
1623 2501 1833 2569 scribit,

243 2585 636 2643 Philometoris
669 2589 932 2660 πρόγονον
996 2600 1177 2655 vocat,
1212 2607 1320 2662 qua
1351 2594 1527 2663 posita
1578 2592 1830 2660 lectione,

241 2676 588 2748 Philadelphi
617 2695 817 2736 nomen
852 2683 1112 2738 mendose
1157 2683 1443 2752 irrepsisse
1469 2683 1831 2751 convincitur,

241 2773 733 2844 Aristobulumque
765 2782 950 2845 utpote
980 2775 1229 2832 Judaeum
1259 2775 1634 2854 Hellenistam,
1653 2778 1832 2834 histo-

243 2866 390 2918 riam
433 2865 576 2919 illam
603 2882 712 2936 qua
779 2866 1156 2937 interpretatio
1220 2867 1572 2940 Septuaginta
1627 2868 1832 2925 Senum

241 2973 596 3028 summopere
622 2960 1133 3029 commendabatur,
1170 2961 1419 3016 lubenter
1457 2962 1828 3032 amplexatum

237 3064 400 3116 esse;
427 3051 547 3105 etsi
577 3051 790 3106 νοθείαν
826 3053 1125 3123 agnoverit,
1183 3053 1240 3107 in
1283 3064 1495 3124 partem
1535 3065 1716 3110 tamen
1749 3054 1830 3110 fa-

238 3142 387 3197 bulae
415 3145 673 3200 venisse:
743 3145 1014 3214 siquidem
1049 3161 1242 3201 omnes
1288 3144 1463 3202 Judaei
1515 3144 1827 3202 Hellenistae

236 3235 750 3305 interpretationem
779 3237 928 3292 illam
989 3253 1209 3293 summo
1257 3238 1312 3292 in
1352 3237 1528 3308 pretio
1554 3239 1827 3295 habebant

239 3327 546 3398 haberique
581 3329 879 3396 volebant;
912 3329 1284 3387 Alexandrum
1325 3329 1746 3400 Polyhistorem,
1777 3332 1824 3388 si

233 3431 422 3475 tamen
455 3436 580 3477 vere
605 3420 674 3476 de
706 3423 810 3477 hac
835 3422 1062 3479 Aristeas
1099 3423 1343 3480 Historia
1386 3426 1536 3496 loqui
1565 3426 1821 3494 voluerit,

235 3513 421 3566 solum
486 3513 730 3569 indicare
783 3515 929 3569 illam
958 3517 1232 3586 prodiisse
1261 3527 1386 3572 ante
1429 3534 1588 3574 suum
1621 3535 1822 3586 :evum,

238 3611 387 3680 quod
417 3608 532 3665 fere
563 3625 754 3666 omnes
802 3610 1043 3666 fatentur
1108 3631 1121 3668 :
1154 3612 1464 3681 Philonem,
1521 3613 1820 3684 Josephum

237 3715 293 3758 et
329 3705 490 3769 alios,
521 3713 582 3758 ut
615 3705 792 3760 solent
813 3720 942 3760 oves
970 3707 1253 3776 gregariae,
1291 3707 1537 3776 priorum
1581 3708 1821 3779 vestigiis

239 3798 491 3860 hasisse,
527 3812 628 3852 nec
655 3797 1000 3853 examinasse
1029 3814 1286 3854 veramne
1309 3815 1376 3853 an
1413 3800 1819 3869 supposititiam

242 3892 617 3947 narrationem
647 3893 1003 3963 adoptarem;
1045 3891 1263 3946 demum
1293 3903 1403 3948 tam
1429 3893 1640 3948 validas
1669 3893 1820 3962 obje-

236 3985 452 4040 ctiones
481 3993 670 4040 contra
720 3986 1062 4040 Aristeanam
1108 3983 1403 4040 Historiam
1462 3985 1712 4054 superius
1744 3985 1818 4039 al-

236 4077 398 4140 latas,
423 4090 532 4130 non
565 4091 727 4146 posse
753 4076 1076 4145 scriptorum
1110 4076 1451 4145 sequentium
1484 4075 1814 4130 testimoniis

231 4171 502 4236 cnervari,
537 4169 978 4240 quandoquidem
1012 4168 1214 4222 multas
1265 4167 1510 4238 quotidie
1539 4165 1811 4221 narratio-

1944 1850 2132 1909 naret;
2163 1843 2291 1900 licet
2318 1846 2464 1900 enim
2494 1847 2668 1902 multa
2726 1859 2870 1903 esset
2919 1849 3062 1902 inter
3105 1850 3376 1905 editiones
3406 1866 3532 1921 quae

1941 1944 2074 1992 tunc
2105 1938 2158 1990 in
2191 1953 2291 1993 usu
2315 1947 2495 2003 erant,
2529 1942 2786 2008 varietas,
2823 1957 3018 1996 omnes
3045 1951 3224 1996 tamen
3255 1943 3528 2000 editiones

1940 2042 2007 2082 ex
2039 2027 2181 2081 LXX
2213 2041 2602 2098 manaverant;
2639 2031 2748 2086 imo
2799 2033 2962 2087 etiam
3015 2033 3176 2088 hodie
3225 2033 3429 2090 Psalmi
3459 2051 3528 2092 ex

1939 2119 2128 2175 eadem
2164 2124 2333 2178 veteri
2359 2123 2494 2178 itala
2527 2125 2582 2178 in
2616 2123 2858 2180 Ecclesia
2893 2125 3086 2181 Latina
3137 2127 3194 2181 in
3229 2127 3528 2200 Scriptura:

1939 2231 2111 2272 sacra:
2139 2218 2386 2289 catalogo
2417 2219 2600 2275 locum
2635 2219 2838 2274 habent
2864 2236 2878 2286 ;
2915 2221 3163 2291 nihilque
3197 2221 3410 2276 oilicere
3435 2237 3529 2275 au-

1937 2309 2173 2364 ctoritati
2203 2308 2459 2365 editionis
2492 2310 2601 2364 τῶν
2624 2312 2678 2365 0¹
2713 2312 2858 2381 quod
2891 2313 3012 2382 e‘jus
3038 2321 3230 2368 auctor
3251 2315 3336 2368 vel
3361 2315 3522 2385 igno-

1938 2410 2112 2468 retur,
2145 2401 2232 2457 vel
2251 2402 2504 2472 quisnam
2530 2403 2601 2459 sit
2650 2403 2705 2458 in
2735 2404 2960 2459 dubium
2990 2415 3236 2472 vocetur,
3272 2408 3526 2477 quandem

1935 2493 2156 2563 quidem
2225 2493 2364 2548 nihil
2423 2493 2693 2550 ofﬁciebat
2755 2497 2956 2552 veteris
3012 2495 3160 2552 Italae
3206 2499 3524 2556 auctoritati

1935 2586 2083 2655 quod
2140 2602 2250 2656 quo
2301 2587 2598 2656 interprete
2656 2588 2946 2658 prodiisset
3007 2589 3370 2661 ignoraretur.
3403 2592 3524 2648 Non

1935 2678 2081 2734 enim
2107 2694 2173 2734 ex
2199 2679 2588 2749 interpretibus
2604 2682 2886 2738 versiones
2903 2685 3281 2740 auctoritatem
3304 2697 3524 2742 mutua-

1934 2767 2157 2836 bantur,
2177 2771 2269 2824 sed
2291 2787 2355 2825 ex
2382 2773 2774 2842 approbatione
2801 2783 2856 2828 et
2880 2775 3214 2831 admissione
3241 2776 3519 2837 Ecclesiae.

2004 2862 2161 2932 Quod
2193 2875 2374 2920 autem
2407 2865 2774 2940 Hieronymus
2799 2869 2854 2925 in
2886 2871 3127 2927 editione
3157 2873 3264 2926 τῶν
3290 2874 3346 2928 0'
3377 2875 3523 2929 mute

1932 2965 2019 3012 tos
2069 2973 2254 3013 naevos
2304 2959 2744 3027 deprehenderit,
2803 2977 2868 3017 ac
2924 2964 3096 3018 multa
3141 2979 3300 3020 secus
3350 2982 3517 3036 quam

1933 3049 2222 3118 oportebat
2251 3049 2318 3104 de
2349 3049 2614 3105 llebraico
2640 3051 2828 3107 Graece
2863 3067 3124 3110 conversa
3156 3057 3516 3126 redarguerit,

1933 3140 1985 3194 id
2015 3141 2134 3209 ejus
2164 3141 2420 3195 editionis
2451 3145 2833 3198 auctoritatem
2863 3145 3179 3216 neutiquam
3209 3148 3407 3204 minuit
3431 3151 3517 3208 vel

1933 3231 2217 3288 inﬁrmat:
2257 3242 2314 3287 ut
2340 3234 2542 3290 alicubi
2576 3234 2775 3290 fatetur
2823 3245 2878 3292 et
2929 3237 3045 3307 ipse
3100 3238 3512 3312 Hieronymus:

1933 3324 2051 3379 loca
2085 3327 2228 3380 enim
2261 3326 2350 3380 illa
2379 3343 2502 3397 quae
2551 3326 2917 3400 Hieronymus
2939 3331 3292 3400 reprehendit
3319 3334 3516 3403 hujus-

1932 3418 2077 3472 modi
2108 3427 2257 3482 sunt,
2286 3428 2348 3474 ut
2380 3421 2589 3476 utrovis
2611 3421 2774 3476 modo
2798 3423 2969 3493 legas,
3000 3439 3152 3494 aeque
3178 3425 3265 3494 pia
3289 3440 3513 3482 senten-

1927 3509 2000 3563 tia
2031 3519 2330 3565 remaneat.
2761 3526 2794 3568 .'

2002 3599 2109 3656 Pro
2161 3603 2468 3658 certoitem
2511 3602 2779 3659 habemus
2829 3605 3149 3662 cellularum
3202 3607 3510 3684 historiam,

1927 3694 2236 3750 mirabilem
2299 3696 2454 3750 illum
2491 3694 2780 3752 Seniorum
2811 3711 3167 3764 consensum,
3214 3709 3270 3755 et
3297 3717 3361 3756 ea
3387 3720 3512 3772 quae

1924 3784 2050 3838 inde
2077 3797 2492 3857 consequuntur
2514 3790 2740 3845 omnino
2798 3792 3142 3861 supposititia
3173 3807 3316 3858 esse,
3360 3795 3511 3865 jure-

1924 3891 2032 3946 que
2065 3877 2134 3932 ab
2157 3877 2488 3950 Hieronymo
2512 3883 2814 3951 reprobari.
2858 3883 3102 3955 Itemque
3149 3901 3274 3940 cum
3316 3886 3510 3942 Hiero-

1930 3985 2096 4041 nymo
2120 3979 2174 4026 et
2235 3973 2571 4028 eruditorum
2618 3977 2776 4031 turba
2830 3985 3088 4046 putamus
3155 3977 3507 4049 interpretem

1920 4058 2276 4120 Pentateuchi
2304 4065 2549 4121 Graecum
2608 4067 2834 4123 omnino
2877 4069 3152 4125 diversum
3195 4087 3318 4127 esse
3346 4072 3508 4127 abeo

1919 4156 2002 4209 vel
2027 4157 2094 4212 iis
2125 4158 2219 4227 qui
2245 4160 2484 4230 reliquos
2513 4160 2806 4232 Scriptura:
2847 4177 3018 4219 sacrae
3044 4163 3214 4220 libros
3237 4165 3504 4235 interpre-

238 4275 332 4318 nes
361 4260 825 4332 deprehendimus
858 4273 980 4314 esse
1033 4257 1429 4329 supposititias,
1461 4256 1588 4312 licet
1615 4269 1725 4310 non
1779 4269 1810 4308 a
1844 4269 1887 4324 ι)
1917 4251 2013 4306 tati
2037 4260 2182 4306 sunt.

1297 4579 1680 4671 CAPUT
1753 4577 2381 4684 QUARTUM.

945 4734 1036 4795 De
1078 4733 1251 4794 LXX
1285 4732 1713 4808 Interpretum
1753 4727 2074 4805 versione,
2106 4737 2177 4792 ut
2207 4729 2275 4792 in
2307 4731 2614 4811 Hexaplis
2649 4742 2803 4794 erat.

219 4930 258 4980 Ι.
281 4927 360 4979 De
382 4933 516 4996 statu
538 4928 771 4996 editionis
781 4945 850 4996 τευ
869 4939 914 4982 ο·
936 4931 1195 4996 antequam
1207 4924 1458 4996 Qrigenes
1479 4923 1702 4986 Hexapla
1724 4925 2006 4996 adornaret.
2029 4919 2354 4996 11.0rigenes
2370 4921 3098 4996 editionem-eavo'emendatam‘
3113 4925 3490 4996 cum_asteriscis

289 4999 342 5040 et
364 4992 527 5040 obelis
549 4991 599 5039 in
625 4991 866 5051 Hexaplis
888 4983 1180 5053 posuit.'iil_.
1207 4992 1283 5040 De
1301 4983 1664 5053 asteriscorum
1688 4993 1741 5034 et
1764 4987 2019 5053 obelorum
2047 4983 2495 5053 usu_iu.Hexaplis.
2527 4984 2608 5053 ν.
2635 4985 2709 5032 De
2733 4987 2987 5053 lemniscis
3010 4992 3062 5033 et
3086 4985 3486 5053 hypolemnjscis.

287 5053 346 5101 ν.
371 5054 423 5102 ln
444 5053 697 5101 hodiernis
722 5043 1022 5102 editioriihus
1061 5051 1180 5100 LXX
1205 5055 1533 5114 Interpretum
1555 5050 1723 5114 multa
1753 5047 2062 5114 e_x_e_(_lit_ione
2101 5044 2183 5114 illa
2222 5043 2474 5114 hcxaplari
2519 5045 2791 5114 desumpta
2816 5043 3272 5114 deprehenduntur.
3301 5048 3381 5097 Vl.
3415 5050 3487 5114 De

288 5115 641 5179 mutationibus
675 5128 787 5175 qua:
818 5116 877 5179 ab
913 5114 1145 5179 Origenis
1188 5106 1410 5179 tempore
1433 5113 1480 5158 in
1508 5111 1755 5179 editiones
1779 5108 1901 5179 LXX
1938 5109 2273 5179 interpretum
2296 5106 2663 5179 advectzesunt.
2710 5107 2812 5179 Vll.
2858 5106 3030 5179 De_iis
3064 5111 3210 5179 etiam
3255 5113 3488 5158 mulatio-

287 5175 433 5224 nibus
464 5190 575 5236 quae
601 5189 664 5224 ex
689 5167 1351 5237 similitudiuevquarumda'm
1375 5176 1649 5224 litterarum
1677 5173 1903 5222 admissa
1925 5175 2054 5218 sunt.
2078 5167 2205 5216 Vill.
2233 5167 2308 5216 De
2331 5167 2650 5216 distinctione
2677 5171 2890 5231 capitum
2917 5174 2969 5218 et
2999 5174 3356 5220 versiculorum
3397 5185 3487 5219 an-

287 5240 499 5299 tiquitus
523 5246 773 5300 usurpata.

226 5347 265 5402 Ι.
302 5348 379 5403 De
401 5357 548 5403 ﬂatu
577 5350 828 5404 editionis
859 5350 978 5405 τῶν
1011 5356 1066 5405 0’
1106 5360 1386 5422 antequam
1414 5349 1662 5421 Origenes
1691 5346 1799 5403 He-

770 5423 932 5492 xapla
958 5423 1260 5478 adornaret.

295 5529 517 5587 Certum
552 5531 774 5603 quidem
823 5542 906 5589 est
949 5534 1239 5590 editionem
1284 5531 1394 5587 τῶν
1420 5533 1477 5586 0'
1508 5531 1626 5589 ﬁdei
1678 5546 1798 5587 mo-

222 5637 452 5692 rumque
476 5637 747 5689 normam,
781 5623 834 5678 in
884 5623 952 5678 iis
1000 5625 1402 5696 exemplaribus
1433 5638 1556 5694 quae
1607 5623 1661 5676 in
1692 5622 1796 5679 Ec-

221 5713 386 5770 clesia
436 5714 530 5769 Dei
598 5715 1042 5782 admittebantur,
1094 5716 1297 5772 nuiiam
1348 5714 1612 5785 potuisse,
1644 5714 1698 5769 in
1731 5714 1800 5772 iis

1903 5342 2094 5399 saltem
2135 5356 2256 5412 quae
2285 5340 2351 5395 ad
2387 5340 2546 5394 tidem
2575 5349 2627 5395 et
2659 5357 2840 5396 mores
2869 5341 3157 5412 pertinent,
3187 5341 3366 5398 labem
3398 5341 3485 5396 in-

1903 5449 2142 5492 currere.
2173 5433 2230 5487 ln
2265 5434 2474 5488 caeteris
2502 5448 2630 5488 vero
2684 5449 2867 5502 parem
2901 5450 3023 5489 cum
3064 5435 3188 5492 aliis
3226 5435 3484 5490 omnibus

1902 5527 2058 5582 libris
2093 5525 2366 5580 fortunam
2394 5526 2629 5581 subiisse
2663 5526 2823 5581 docet
2862 5542 2995 5582 usus
3043 5538 3096 5582 et
3124 5526 3480 5598 experientia.

1901 5619 1959 5676 ld
2001 5620 2114 5690 jam
2152 5617 2398 5689 Origenis
2460 5629 2701 5687 tempore
2763 5619 3035 5674 acciderat
3079 5638 3093 5674 :
3149 5618 3478 5688 exemplaria

1901 5712 2098 5783 quippe
2128 5709 2439 5780 Scriptura;
2482 5722 2592 5764 tum
2623 5723 2835 5780 propter
2873 5712 3163 5766 scribarum
3196 5712 3478 5781 indiligen-
