  <div class='ocr_page' id='page_1' title='image "/cluster/home/n/w/nwhite01/storage/ocr_20150623/15/nnc1.0046978852/042.png"; bbox 0 0 3832 6214; ppageno 0'>
   <div class='ocr_carea' id='block_1_1' title="bbox 244 249 322 308">
    <p class='ocr_par' dir='ltr' id='par_1_1' title="bbox 244 249 322 308">
     <span class='ocr_line' id='line_1_1' title="bbox 244 249 322 308; baseline 0 -4"><span class='ocrx_word' id='word_1_1' title='bbox 244 249 322 308; x_wconf 76' lang='lat' dir='ltr'><strong>I9</strong></span> 
     </span>
    </p>
   </div>
   <div class='ocr_carea' id='block_1_2' title="bbox 1492 246 2305 306">
    <p class='ocr_par' dir='ltr' id='par_1_2' title="bbox 1492 246 2305 306">
     <span class='ocr_line' id='line_1_2' title="bbox 1492 246 2305 306; baseline 0.001 -1"><span class='ocrx_word' id='word_1_2' title='bbox 1492 250 1561 305; x_wconf 75' lang='grc' dir='ltr'><strong>ΙΝ</strong></span> <span class='ocrx_word' id='word_1_3' title='bbox 1600 246 1929 306; x_wconf 61' lang='grc' dir='ltr'><strong>ΗΕΧΑΡιΑ</strong></span> <span class='ocrx_word' id='word_1_4' title='bbox 1958 246 2305 306; x_wconf 72' lang='lat' dir='ltr'><strong>ORIGEMS.</strong></span> 
     </span>
    </p>
   </div>
   <div class='ocr_carea' id='block_1_3' title="bbox 3442 251 3517 308">
    <p class='ocr_par' dir='ltr' id='par_1_3' title="bbox 3442 251 3517 308">
     <span class='ocr_line' id='line_1_3' title="bbox 3442 251 3517 308; baseline 0 -4"><span class='ocrx_word' id='word_1_5' title='bbox 3442 251 3517 308; x_wconf 74' lang='grc' dir='ltr'><strong>τῦ</strong></span> 
     </span>
    </p>
   </div>
   <div class='ocr_carea' id='block_1_4' title="bbox 240 361 3516 438">
    <p class='ocr_par' dir='ltr' id='par_1_4' title="bbox 240 361 3516 438">
     <span class='ocr_line' id='line_1_4' title="bbox 240 361 3516 438; baseline 0.001 -21"><span class='ocrx_word' id='word_1_6' title='bbox 240 380 364 435; x_wconf 74' lang='lat' dir='ltr'><strong>qua!</strong></span> <span class='ocrx_word' id='word_1_7' title='bbox 388 365 660 434; x_wconf 77' lang='lat' dir='ltr'><strong>hodieque</strong></span> <span class='ocrx_word' id='word_1_8' title='bbox 688 374 1008 436; x_wconf 84' lang='lat' dir='ltr'><strong>supersunt,</strong></span> <span class='ocrx_word' id='word_1_9' title='bbox 1050 364 1123 421; x_wconf 61' lang='lat' dir='ltr'><strong>ln‘</strong></span> <span class='ocrx_word' id='word_1_10' title='bbox 1158 361 1258 420; x_wconf 77' lang='lat' dir='ltr'><strong>Job</strong></span> <span class='ocrx_word' id='word_1_11' title='bbox 1290 362 1541 419; x_wconf 74' lang='lat' dir='ltr'><strong>videlicet</strong></span> <span class='ocrx_word' id='word_1_12' title='bbox 1577 373 1744 434; x_wconf 88' lang='lat' dir='ltr'><strong>atque</strong></span> <span class='ocrx_word' id='word_1_13' title='bbox 1777 361 1833 416; x_wconf 85' lang='lat' dir='ltr'><strong>in</strong></span> <span class='ocrx_word' id='word_1_14' title='bbox 1862 365 1909 422; x_wconf 79' lang='grc' dir='ltr'><strong>Α</strong></span> <span class='ocrx_word' id='word_1_15' title='bbox 1939 362 2173 432; x_wconf 82' lang='lat' dir='ltr'><strong>Aquila;</strong></span> <span class='ocrx_word' id='word_1_16' title='bbox 2205 362 2503 426; x_wconf 84' lang='lat' dir='ltr'><strong>interdum.</strong></span> <span class='ocrx_word' id='word_1_17' title='bbox 2533 364 2624 419; x_wconf 86' lang='lat' dir='ltr'><strong>sed</strong></span> <span class='ocrx_word' id='word_1_18' title='bbox 2662 364 2861 431; x_wconf 84' lang='lat' dir='ltr'><strong>rarius,</strong></span> <span class='ocrx_word' id='word_1_19' title='bbox 2891 378 2958 421; x_wconf 83' lang='lat' dir='ltr'><strong>ex</strong></span> <span class='ocrx_word' id='word_1_20' title='bbox 2987 364 3349 438; x_wconf 73' lang='lat' dir='ltr'><strong>Symmacho;</strong></span> <span class='ocrx_word' id='word_1_21' title='bbox 3378 381 3516 421; x_wconf 81' lang='lat' dir='ltr'><strong>nea-</strong></span> 
     </span>
    </p>
   </div>
   <div class='ocr_carea' id='block_1_5' title="bbox 235 455 1826 527">
    <p class='ocr_par' dir='ltr' id='par_1_5' title="bbox 235 455 1826 527">
     <span class='ocr_line' id='line_1_5' title="bbox 235 455 1826 527; baseline -0.001 -16"><span class='ocrx_word' id='word_1_22' title='bbox 235 457 495 523; x_wconf 78' lang='lat' dir='ltr'><strong>Psalmis,</strong></span> <span class='ocrx_word' id='word_1_23' title='bbox 521 458 769 514; x_wconf 86' lang='lat' dir='ltr'><strong>asterisci</strong></span> <span class='ocrx_word' id='word_1_24' title='bbox 792 466 845 513; x_wconf 91' lang='lat' dir='ltr'><strong>et</strong></span> <span class='ocrx_word' id='word_1_25' title='bbox 877 458 1017 513; x_wconf 86' lang='lat' dir='ltr'><strong>obeli</strong></span> <span class='ocrx_word' id='word_1_26' title='bbox 1048 456 1485 527; x_wconf 87' lang='lat' dir='ltr'><strong>conspiciuntur,</strong></span> <span class='ocrx_word' id='word_1_27' title='bbox 1507 466 1567 511; x_wconf 92' lang='lat' dir='ltr'><strong>ut</strong></span> <span class='ocrx_word' id='word_1_28' title='bbox 1593 455 1826 526; x_wconf 86' lang='lat' dir='ltr'><strong>quisque</strong></span> 
     </span>
    </p>
   </div>
   <div class='ocr_carea' id='block_1_6' title="bbox 234 547 1821 620">
    <p class='ocr_par' dir='ltr' id='par_1_6' title="bbox 234 547 1821 620">
     <span class='ocr_line' id='line_1_6' title="bbox 234 547 1821 620; baseline -0.001 -18"><span class='ocrx_word' id='word_1_29' title='bbox 234 551 425 606; x_wconf 81' lang='lat' dir='ltr'><strong>videre</strong></span> <span class='ocrx_word' id='word_1_30' title='bbox 472 558 652 620; x_wconf 81' lang='lat' dir='ltr'><strong>potest</strong></span> <span class='ocrx_word' id='word_1_31' title='bbox 704 550 759 604; x_wconf 91' lang='lat' dir='ltr'><strong>in</strong></span> <span class='ocrx_word' id='word_1_32' title='bbox 794 550 1033 605; x_wconf 90' lang='lat' dir='ltr'><strong>editione</strong></span> <span class='ocrx_word' id='word_1_33' title='bbox 1064 547 1225 604; x_wconf 86' lang='lat' dir='ltr'><strong>Joan.</strong></span> <span class='ocrx_word' id='word_1_34' title='bbox 1278 548 1578 603; x_wconf 72' lang='lat' dir='ltr'><strong>Martianmi</strong></span> <span class='ocrx_word' id='word_1_35' title='bbox 1625 548 1821 603; x_wconf 87' lang='lat' dir='ltr'><strong>nostri.</strong></span> 
     </span>
    </p>
   </div>
   <div class='ocr_carea' id='block_1_7' title="bbox 234 636 1823 703">
    <p class='ocr_par' dir='ltr' id='par_1_7' title="bbox 234 636 1823 703">
     <span class='ocr_line' id='line_1_7' title="bbox 234 636 1823 703; baseline -0.001 -10"><span class='ocrx_word' id='word_1_36' title='bbox 234 641 358 696; x_wconf 84' lang='lat' dir='ltr'><strong>l-luc</strong></span> <span class='ocrx_word' id='word_1_37' title='bbox 413 642 626 697; x_wconf 81' lang='lat' dir='ltr'><strong>accedit</strong></span> <span class='ocrx_word' id='word_1_38' title='bbox 676 651 807 696; x_wconf 88' lang='lat' dir='ltr'><strong>nota</strong></span> <span class='ocrx_word' id='word_1_39' title='bbox 849 641 1058 697; x_wconf 82' lang='lat' dir='ltr'><strong>codicis</strong></span> <span class='ocrx_word' id='word_1_40' title='bbox 1106 639 1423 695; x_wconf 84' lang='lat' dir='ltr'><strong>Basiliensis</strong></span> <span class='ocrx_word' id='word_1_41' title='bbox 1470 637 1654 694; x_wconf 65' lang='lat' dir='ltr'><strong>saeculi</strong></span> <span class='ocrx_word' id='word_1_42' title='bbox 1687 654 1741 703; x_wconf 88' lang='lat' dir='ltr'><strong>x,</strong></span> <span class='ocrx_word' id='word_1_43' title='bbox 1767 636 1823 692; x_wconf 91' lang='lat' dir='ltr'><strong>in</strong></span> 
     </span>
    </p>
   </div>
   <div class='ocr_carea' id='block_1_8' title="bbox 233 732 1824 804">
    <p class='ocr_par' dir='ltr' id='par_1_8' title="bbox 233 732 1824 804">
     <span class='ocr_line' id='line_1_8' title="bbox 233 732 1824 804; baseline -0.004 -14"><span class='ocrx_word' id='word_1_44' title='bbox 233 735 402 801; x_wconf 79' lang='lat' dir='ltr'><strong>Cujus</strong></span> <span class='ocrx_word' id='word_1_45' title='bbox 431 735 773 804; x_wconf 68' lang='lat' dir='ltr'><strong>marginibus</strong></span> <span class='ocrx_word' id='word_1_46' title='bbox 826 732 1195 804; x_wconf 86' lang='lat' dir='ltr'><strong>llexaplorum</strong></span> <span class='ocrx_word' id='word_1_47' title='bbox 1251 732 1513 787; x_wconf 77' lang='lat' dir='ltr'><strong>lectiones</strong></span> <span class='ocrx_word' id='word_1_48' title='bbox 1565 745 1631 786; x_wconf 89' lang='lat' dir='ltr'><strong>ac</strong></span> <span class='ocrx_word' id='word_1_49' title='bbox 1678 736 1824 784; x_wconf 70' lang='lat' dir='ltr'><strong>nota:</strong></span> 
     </span>
    </p>
   </div>
   <div class='ocr_carea' id='block_1_9' title="bbox 234 821 1824 894">
    <p class='ocr_par' dir='ltr' id='par_1_9' title="bbox 234 821 1824 894">
     <span class='ocr_line' id='line_1_9' title="bbox 234 821 1824 894; baseline 0 -18"><span class='ocrx_word' id='word_1_50' title='bbox 234 826 416 894; x_wconf 85' lang='lat' dir='ltr'><strong>prima</strong></span> <span class='ocrx_word' id='word_1_51' title='bbox 468 841 635 879; x_wconf 88' lang='lat' dir='ltr'><strong>manu</strong></span> <span class='ocrx_word' id='word_1_52' title='bbox 693 825 978 894; x_wconf 76' lang='lat' dir='ltr'><strong>descripta:</strong></span> <span class='ocrx_word' id='word_1_53' title='bbox 1029 824 1201 878; x_wconf 82' lang='lat' dir='ltr'><strong>fuere.</strong></span> <span class='ocrx_word' id='word_1_54' title='bbox 1261 822 1354 878; x_wconf 91' lang='lat' dir='ltr'><strong>Sic</strong></span> <span class='ocrx_word' id='word_1_55' title='bbox 1414 830 1594 877; x_wconf 87' lang='lat' dir='ltr'><strong>autem</strong></span> <span class='ocrx_word' id='word_1_56' title='bbox 1661 821 1824 876; x_wconf 84' lang='lat' dir='ltr'><strong>habet</strong></span> 
     </span>
    </p>
   </div>
   <div class='ocr_carea' id='block_1_10' title="bbox 233 911 1822 984">
    <p class='ocr_par' dir='ltr' id='par_1_10' title="bbox 233 911 1822 984">
     <span class='ocr_line' id='line_1_10' title="bbox 233 911 1822 984; baseline -0.003 -15"><span class='ocrx_word' id='word_1_57' title='bbox 233 913 408 970; x_wconf 75' lang='lat' dir='ltr'><strong>Exodi</strong></span> <span class='ocrx_word' id='word_1_58' title='bbox 436 930 558 984; x_wconf 91' lang='lat' dir='ltr'><strong>cap.</strong></span> <span class='ocrx_word' id='word_1_59' title='bbox 588 931 751 969; x_wconf 78' lang='lat' dir='ltr'><strong>xxxvi</strong></span> <span class='ocrx_word' id='word_1_60' title='bbox 780 933 794 969; x_wconf 92' lang='lat'><strong>:</strong></span> <span class='ocrx_word' id='word_1_61' title='bbox 834 914 1102 969; x_wconf 76' lang='grc' dir='ltr'>Ἐνταῦθά</span> <span class='ocrx_word' id='word_1_62' title='bbox 1142 932 1222 969; x_wconf 88' lang='grc' dir='ltr'><strong>σοι</strong></span> <span class='ocrx_word' id='word_1_63' title='bbox 1250 915 1528 984; x_wconf 82' lang='grc' dir='ltr'><strong>γενομένῳ</strong></span> <span class='ocrx_word' id='word_1_64' title='bbox 1559 911 1822 984; x_wconf 84' lang='grc' dir='ltr'>πάρεστιν</span> 
     </span>
    </p>
   </div>
   <div class='ocr_carea' id='block_1_11' title="bbox 230 1003 1821 1083">
    <p class='ocr_par' dir='ltr' id='par_1_11' title="bbox 230 1003 1821 1083">
     <span class='ocr_line' id='line_1_11' title="bbox 230 1003 1821 1083; baseline -0.004 -19"><span class='ocrx_word' id='word_1_65' title='bbox 230 1012 367 1083; x_wconf 75' lang='grc' dir='ltr'>ὀρᾷν</span> <span class='ocrx_word' id='word_1_66' title='bbox 399 1008 599 1080; x_wconf 72' lang='grc' dir='ltr'>πολλὴν</span> <span class='ocrx_word' id='word_1_67' title='bbox 625 1008 723 1081; x_wconf 81' lang='grc' dir='ltr'>τὴν</span> <span class='ocrx_word' id='word_1_68' title='bbox 749 1006 1046 1077; x_wconf 72' lang='grc' dir='ltr'><strong>διαφωνίαν</strong></span> <span class='ocrx_word' id='word_1_69' title='bbox 1071 1007 1173 1078; x_wconf 82' lang='grc' dir='ltr'><strong>τῆς</strong></span> <span class='ocrx_word' id='word_1_70' title='bbox 1199 1024 1258 1061; x_wconf 87' lang='grc' dir='ltr'>τε</span> <span class='ocrx_word' id='word_1_71' title='bbox 1309 1005 1698 1078; x_wconf 83' lang='grc' dir='ltr'><strong>προκειμένης,</strong></span> <span class='ocrx_word' id='word_1_72' title='bbox 1726 1003 1821 1058; x_wconf 78' lang='grc' dir='ltr'><strong>καὶ</strong></span> 
     </span>
    </p>
   </div>
   <div class='ocr_carea' id='block_1_12' title="bbox 230 1099 1818 1174">
    <p class='ocr_par' dir='ltr' id='par_1_12' title="bbox 230 1099 1818 1174">
     <span class='ocr_line' id='line_1_12' title="bbox 230 1099 1818 1174; baseline -0.003 -18"><span class='ocrx_word' id='word_1_73' title='bbox 230 1103 331 1174; x_wconf 81' lang='grc' dir='ltr'><strong>τῆς</strong></span> <span class='ocrx_word' id='word_1_74' title='bbox 362 1104 422 1155; x_wconf 78' lang='grc' dir='ltr'><strong>ἐν</strong></span> <span class='ocrx_word' id='word_1_75' title='bbox 459 1100 745 1166; x_wconf 77' lang='grc' dir='ltr'><strong>Ἐξαπλοῖς</strong></span> <span class='ocrx_word' id='word_1_76' title='bbox 796 1100 1208 1172; x_wconf 65' lang='grc' dir='ltr'><strong>ἀναφερομένης</strong></span> <span class='ocrx_word' id='word_1_77' title='bbox 1253 1100 1334 1162; x_wconf 86' lang='grc' dir='ltr'><strong>εἰς</strong></span> <span class='ocrx_word' id='word_1_78' title='bbox 1378 1099 1504 1162; x_wconf 72' lang='grc' dir='ltr'>τοὺς</span> <span class='ocrx_word' id='word_1_79' title='bbox 1533 1102 1607 1153; x_wconf 72' lang='lat'><strong>0&quot;</strong></span> <span class='ocrx_word' id='word_1_80' title='bbox 1636 1099 1728 1152; x_wconf 79' lang='grc' dir='ltr'>καὶ</span> <span class='ocrx_word' id='word_1_81' title='bbox 1756 1099 1818 1152; x_wconf 77' lang='grc' dir='ltr'>οὐ</span> 
     </span>
    </p>
   </div>
   <div class='ocr_carea' id='block_1_13' title="bbox 229 1189 1818 1264">
    <p class='ocr_par' dir='ltr' id='par_1_13' title="bbox 229 1189 1818 1264">
     <span class='ocr_line' id='line_1_13' title="bbox 229 1189 1818 1264; baseline -0.001 -18"><span class='ocrx_word' id='word_1_82' title='bbox 229 1192 394 1247; x_wconf 74' lang='grc' dir='ltr'><strong><em>τοῦτό</em></strong></span> <span class='ocrx_word' id='word_1_83' title='bbox 422 1211 565 1264; x_wconf 73' lang='grc' dir='ltr'><strong>φημι</strong></span> <span class='ocrx_word' id='word_1_84' title='bbox 591 1193 668 1256; x_wconf 83' lang='grc' dir='ltr'><strong>ὡς</strong></span> <span class='ocrx_word' id='word_1_85' title='bbox 703 1194 815 1256; x_wconf 86' lang='grc' dir='ltr'><strong>τοῖς</strong></span> <span class='ocrx_word' id='word_1_86' title='bbox 854 1189 1373 1262; x_wconf 81' lang='grc' dir='ltr'>κατηστερισμένοις</span> <span class='ocrx_word' id='word_1_87' title='bbox 1399 1191 1600 1262; x_wconf 81' lang='grc' dir='ltr'><strong>ταύτης</strong></span> <span class='ocrx_word' id='word_1_88' title='bbox 1634 1190 1818 1262; x_wconf 77' lang='grc' dir='ltr'>ἐκείνη</span> 
     </span>
    </p>
   </div>
   <div class='ocr_carea' id='block_1_14' title="bbox 229 1282 1812 1361">
    <p class='ocr_par' dir='ltr' id='par_1_14' title="bbox 229 1282 1812 1361">
     <span class='ocr_line' id='line_1_14' title="bbox 229 1282 1812 1361; baseline -0.001 -22"><span class='ocrx_word' id='word_1_89' title='bbox 229 1284 503 1356; x_wconf 74' lang='grc' dir='ltr'>διαφέρει·</span> <span class='ocrx_word' id='word_1_90' title='bbox 529 1283 799 1361; x_wconf 78' lang='grc' dir='ltr'><strong>πολλαχοῦ</strong></span> <span class='ocrx_word' id='word_1_91' title='bbox 828 1283 938 1356; x_wconf 82' lang='grc' dir='ltr'>γὰρ</span> <span class='ocrx_word' id='word_1_92' title='bbox 957 1282 1163 1354; x_wconf 76' lang='grc' dir='ltr'><strong>ταύτης</strong></span> <span class='ocrx_word' id='word_1_93' title='bbox 1189 1283 1398 1348; x_wconf 77' lang='grc' dir='ltr'><strong>τούτοις</strong></span> <span class='ocrx_word' id='word_1_94' title='bbox 1425 1282 1812 1354; x_wconf 64' lang='grc' dir='ltr'>παραλλάσσειν</span> 
     </span>
    </p>
   </div>
   <div class='ocr_carea' id='block_1_15' title="bbox 230 1374 1816 1448">
    <p class='ocr_par' dir='ltr' id='par_1_15' title="bbox 230 1374 1816 1448">
     <span class='ocr_line' id='line_1_15' title="bbox 230 1374 1816 1448; baseline -0.003 -16"><span class='ocrx_word' id='word_1_95' title='bbox 230 1378 347 1433; x_wconf 80' lang='grc' dir='ltr'><strong>ἀλλ’</strong></span> <span class='ocrx_word' id='word_1_96' title='bbox 365 1380 446 1431; x_wconf 78' lang='grc' dir='ltr'><strong>ὅτι</strong></span> <span class='ocrx_word' id='word_1_97' title='bbox 474 1379 566 1432; x_wconf 69' lang='grc' dir='ltr'><strong>καὶ</strong></span> <span class='ocrx_word' id='word_1_98' title='bbox 593 1379 649 1431; x_wconf 82' lang='grc' dir='ltr'>ὲν</span> <span class='ocrx_word' id='word_1_99' title='bbox 670 1376 880 1440; x_wconf 81' lang='grc' dir='ltr'><strong>τούτοις</strong></span> <span class='ocrx_word' id='word_1_100' title='bbox 905 1375 1153 1448; x_wconf 83' lang='grc' dir='ltr'><strong>μᾶλλονῆ</strong></span> <span class='ocrx_word' id='word_1_101' title='bbox 1176 1374 1316 1429; x_wconf 77' lang='grc' dir='ltr'><strong>κατὰ</strong></span> <span class='ocrx_word' id='word_1_102' title='bbox 1340 1375 1402 1429; x_wconf 81' lang='grc' dir='ltr'>τὸ</span> <span class='ocrx_word' id='word_1_103' title='bbox 1427 1375 1553 1431; x_wconf 78' lang='grc' dir='ltr'><strong>ἄλλο</strong></span> <span class='ocrx_word' id='word_1_104' title='bbox 1565 1376 1663 1446; x_wconf 80' lang='grc' dir='ltr'><strong>τῆς</strong></span> <span class='ocrx_word' id='word_1_105' title='bbox 1675 1375 1816 1448; x_wconf 87' lang='grc' dir='ltr'>Γρα-</span> 
     </span>
    </p>
   </div>
   <div class='ocr_carea' id='block_1_16' title="bbox 230 1466 1814 1542">
    <p class='ocr_par' dir='ltr' id='par_1_16' title="bbox 230 1466 1814 1542">
     <span class='ocr_line' id='line_1_16' title="bbox 230 1466 1814 1542; baseline -0.001 -20"><span class='ocrx_word' id='word_1_106' title='bbox 230 1472 340 1542; x_wconf 77' lang='grc' dir='ltr'><strong>φῆς</strong></span> <span class='ocrx_word' id='word_1_107' title='bbox 356 1470 551 1538; x_wconf 68' lang='grc' dir='ltr'><strong>ἔδαφος</strong></span> <span class='ocrx_word' id='word_1_108' title='bbox 569 1469 802 1523; x_wconf 74' lang='grc' dir='ltr'>ἐνταῦθα</span> <span class='ocrx_word' id='word_1_109' title='bbox 832 1467 1245 1533; x_wconf 74' lang='grc' dir='ltr'><strong>πλεονάζει,καὶ</strong></span> <span class='ocrx_word' id='word_1_110' title='bbox 1273 1469 1308 1521; x_wconf 82' lang='grc' dir='ltr'>ἂ</span> <span class='ocrx_word' id='word_1_111' title='bbox 1334 1467 1407 1539; x_wconf 79' lang='grc' dir='ltr'>μὴ</span> <span class='ocrx_word' id='word_1_112' title='bbox 1426 1469 1473 1520; x_wconf 85' lang='lat' dir='ltr'><strong>oi</strong></span> <span class='ocrx_word' id='word_1_113' title='bbox 1501 1466 1814 1539; x_wconf 83' lang='grc' dir='ltr'>ἀστερίσκοι</span> 
     </span>
    </p>
   </div>
   <div class='ocr_carea' id='block_1_17' title="bbox 227 1557 1812 1632">
    <p class='ocr_par' dir='ltr' id='par_1_17' title="bbox 227 1557 1812 1632">
     <span class='ocr_line' id='line_1_17' title="bbox 227 1557 1812 1632; baseline -0.003 -16"><span class='ocrx_word' id='word_1_114' title='bbox 227 1561 452 1632; x_wconf 77' lang='grc' dir='ltr'><strong>δηλοῦσι</strong></span> <span class='ocrx_word' id='word_1_115' title='bbox 486 1561 730 1632; x_wconf 78' lang='grc' dir='ltr'>παριδεῖν</span> <span class='ocrx_word' id='word_1_116' title='bbox 753 1562 879 1625; x_wconf 76' lang='grc' dir='ltr'>τοὺς</span> <span class='ocrx_word' id='word_1_117' title='bbox 903 1563 979 1626; x_wconf 87' lang='lat' dir='ltr'><strong>O’,</strong></span> <span class='ocrx_word' id='word_1_118' title='bbox 1026 1560 1129 1613; x_wconf 83' lang='grc' dir='ltr'><strong>κᾶν</strong></span> <span class='ocrx_word' id='word_1_119' title='bbox 1177 1557 1387 1623; x_wconf 81' lang='grc' dir='ltr'><strong>τούτοις</strong></span> <span class='ocrx_word' id='word_1_120' title='bbox 1415 1558 1566 1612; x_wconf 77' lang='grc' dir='ltr'>οὐδὲν</span> <span class='ocrx_word' id='word_1_121' title='bbox 1594 1558 1812 1613; x_wconf 75' lang='grc' dir='ltr'>ἔλαττον</span> 
     </span>
    </p>
   </div>
   <div class='ocr_carea' id='block_1_18' title="bbox 230 1649 1808 1727">
    <p class='ocr_par' dir='ltr' id='par_1_18' title="bbox 230 1649 1808 1727">
     <span class='ocr_line' id='line_1_18' title="bbox 230 1649 1808 1727; baseline -0.003 -19"><span class='ocrx_word' id='word_1_122' title='bbox 230 1654 297 1708; x_wconf 78' lang='grc' dir='ltr'>τὸ</span> <span class='ocrx_word' id='word_1_123' title='bbox 328 1656 429 1726; x_wconf 78' lang='grc' dir='ltr'><strong>τῆς</strong></span> <span class='ocrx_word' id='word_1_124' title='bbox 462 1654 818 1727; x_wconf 76' lang='grc' dir='ltr'>παραλλαγῆζ</span> <span class='ocrx_word' id='word_1_125' title='bbox 855 1649 995 1717; x_wconf 77' lang='grc' dir='ltr'><strong>εἶδος</strong></span> <span class='ocrx_word' id='word_1_126' title='bbox 1048 1650 1363 1706; x_wconf 78' lang='grc' dir='ltr'><strong>οἰκειοῦται.</strong></span> <span class='ocrx_word' id='word_1_127' title='bbox 1416 1649 1473 1705; x_wconf 89' lang='lat' dir='ltr'><strong>ld</strong></span> <span class='ocrx_word' id='word_1_128' title='bbox 1519 1658 1603 1706; x_wconf 89' lang='lat' dir='ltr'><strong>est</strong></span> <span class='ocrx_word' id='word_1_129' title='bbox 1634 1669 1646 1704; x_wconf 94' lang='lat'>:</span> <span class='ocrx_word' id='word_1_130' title='bbox 1675 1649 1808 1705; x_wconf 87' lang='lat' dir='ltr'><strong>Cum</strong></span> 
     </span>
    </p>
   </div>
   <div class='ocr_carea' id='block_1_19' title="bbox 1932 453 3515 527">
    <p class='ocr_par' dir='ltr' id='par_1_19' title="bbox 1932 453 3515 527">
     <span class='ocr_line' id='line_1_19' title="bbox 1932 453 3515 527; baseline 0.002 -19"><span class='ocrx_word' id='word_1_131' title='bbox 1932 469 2311 525; x_wconf 28' lang='lat' dir='ltr'><strong>nunquam‘ex</strong></span> <span class='ocrx_word' id='word_1_132' title='bbox 2355 454 2569 510; x_wconf 87' lang='lat' dir='ltr'><strong>duobus</strong></span> <span class='ocrx_word' id='word_1_133' title='bbox 2598 456 2680 509; x_wconf 92' lang='lat' dir='ltr'><strong>vel</strong></span> <span class='ocrx_word' id='word_1_134' title='bbox 2726 470 2790 510; x_wconf 83' lang='lat' dir='ltr'><strong>ex</strong></span> <span class='ocrx_word' id='word_1_135' title='bbox 2843 456 3018 510; x_wconf 84' lang='lat' dir='ltr'><strong>tribus</strong></span> <span class='ocrx_word' id='word_1_136' title='bbox 3052 456 3236 510; x_wconf 83' lang='lat' dir='ltr'><strong>simul.</strong></span> <span class='ocrx_word' id='word_1_137' title='bbox 3267 453 3515 527; x_wconf 82' lang='lat' dir='ltr'><strong>Exempli</strong></span> 
     </span>
    </p>
   </div>
   <div class='ocr_carea' id='block_1_20' title="bbox 1930 543 3527 618">
    <p class='ocr_par' dir='ltr' id='par_1_20' title="bbox 1930 543 3527 618">
     <span class='ocr_line' id='line_1_20' title="bbox 1930 543 3527 618; baseline 0.002 -19"><span class='ocrx_word' id='word_1_138' title='bbox 1930 559 2096 600; x_wconf 88' lang='lat' dir='ltr'><strong>causa</strong></span> <span class='ocrx_word' id='word_1_139' title='bbox 2130 563 2145 601; x_wconf 86' lang='lat'><strong>:</strong></span> <span class='ocrx_word' id='word_1_140' title='bbox 2185 543 2287 600; x_wconf 78' lang='lat' dir='ltr'><strong>Job</strong></span> <span class='ocrx_word' id='word_1_141' title='bbox 2328 561 2499 612; x_wconf 84' lang='lat' dir='ltr'><strong>xxxn,</strong></span> <span class='ocrx_word' id='word_1_142' title='bbox 2547 546 2637 612; x_wconf 78' lang='lat' dir='ltr'><strong>l2,</strong></span> <span class='ocrx_word' id='word_1_143' title='bbox 2673 549 2740 615; x_wconf 60' lang='grc' dir='ltr'><em>χ</em></span> <span class='ocrx_word' id='word_1_144' title='bbox 2779 544 2840 600; x_wconf 87' lang='grc' dir='ltr'><strong>Θ.</strong></span> <span class='ocrx_word' id='word_1_145' title='bbox 2872 547 2967 599; x_wconf 72' lang='grc' dir='ltr'><strong>καὶ</strong></span> <span class='ocrx_word' id='word_1_146' title='bbox 3002 546 3163 618; x_wconf 77' lang='grc' dir='ltr'>μέχρι</span> <span class='ocrx_word' id='word_1_147' title='bbox 3207 545 3362 612; x_wconf 81' lang='grc' dir='ltr'>ὑμῶν</span> <span class='ocrx_word' id='word_1_148' title='bbox 3396 556 3527 602; x_wconf 73' lang='grc' dir='ltr'><strong>συν-ν’</strong></span> 
     </span>
    </p>
   </div>
   <div class='ocr_carea' id='block_1_21' title="bbox 1929 635 3514 712">
    <p class='ocr_par' dir='ltr' id='par_1_21' title="bbox 1929 635 3514 712">
     <span class='ocr_line' id='line_1_21' title="bbox 1929 635 3514 712; baseline 0.004 -22"><span class='ocrx_word' id='word_1_149' title='bbox 1929 639 2079 709; x_wconf 76' lang='grc' dir='ltr'>ήσωο</span> <span class='ocrx_word' id='word_1_150' title='bbox 2134 638 2229 693; x_wconf 80' lang='grc' dir='ltr'>καὶ</span> <span class='ocrx_word' id='word_1_151' title='bbox 2290 638 2399 694; x_wconf 79' lang='grc' dir='ltr'><strong>ἰδοὺ</strong></span> <span class='ocrx_word' id='word_1_152' title='bbox 2436 639 2536 693; x_wconf 75' lang='grc' dir='ltr'><strong>οὐκ</strong></span> <span class='ocrx_word' id='word_1_153' title='bbox 2581 635 2650 711; x_wconf 82' lang='grc' dir='ltr'>ἦν</span> <span class='ocrx_word' id='word_1_154' title='bbox 2697 640 2778 712; x_wconf 84' lang='grc' dir='ltr'><strong>τῷ</strong></span> <span class='ocrx_word' id='word_1_155' title='bbox 2808 640 2964 696; x_wconf 81' lang='grc' dir='ltr'><strong>,Ἰὼϐ</strong></span> <span class='ocrx_word' id='word_1_156' title='bbox 3012 641 3289 711; x_wconf 75' lang='grc' dir='ltr'><strong>ἐλέγχων,</strong></span> <span class='ocrx_word' id='word_1_157' title='bbox 3348 643 3514 697; x_wconf 82' lang='grc' dir='ltr'>ἀντα-</span> 
     </span>
    </p>
   </div>
   <div class='ocr_carea' id='block_1_22' title="bbox 1931 729 3514 806">
    <p class='ocr_par' dir='ltr' id='par_1_22' title="bbox 1931 729 3514 806">
     <span class='ocr_line' id='line_1_22' title="bbox 1931 729 3514 806; baseline 0.003 -24"><span class='ocrx_word' id='word_1_158' title='bbox 1931 730 1998 797; x_wconf 70' lang='grc'>&gt;&lt;</span> <span class='ocrx_word' id='word_1_159' title='bbox 2033 729 2423 802; x_wconf 81' lang='grc' dir='ltr'>ποκρινόμενος</span> <span class='ocrx_word' id='word_1_160' title='bbox 2444 732 2663 803; x_wconf 78' lang='grc' dir='ltr'>ῥήματα</span> <span class='ocrx_word' id='word_1_161' title='bbox 2705 732 2870 787; x_wconf 75' lang='grc' dir='ltr'>αὑτοῦ</span> <span class='ocrx_word' id='word_1_162' title='bbox 2904 733 2964 800; x_wconf 81' lang='grc' dir='ltr'>ἐξ</span> <span class='ocrx_word' id='word_1_163' title='bbox 2999 733 3171 804; x_wconf 79' lang='grc' dir='ltr'>ὑμῶν·</span> <span class='ocrx_word' id='word_1_164' title='bbox 3206 735 3292 789; x_wconf 83' lang='grc' dir='ltr'>ἵνα</span> <span class='ocrx_word' id='word_1_165' title='bbox 3330 734 3405 806; x_wconf 77' lang='grc' dir='ltr'>μὴ</span> <span class='ocrx_word' id='word_1_166' title='bbox 3433 734 3514 788; x_wconf 74' lang='lat' dir='ltr'><strong>el-</strong></span> 
     </span>
    </p>
   </div>
   <div class='ocr_carea' id='block_1_23' title="bbox 1929 820 3511 895">
    <p class='ocr_par' dir='ltr' id='par_1_23' title="bbox 1929 820 3511 895">
     <span class='ocr_line' id='line_1_23' title="bbox 1929 820 3511 895; baseline 0.006 -24"><span class='ocrx_word' id='word_1_167' title='bbox 1929 834 2088 889; x_wconf 80' lang='grc' dir='ltr'>πητε·</span> <span class='ocrx_word' id='word_1_168' title='bbox 2116 820 2381 892; x_wconf 80' lang='grc' dir='ltr'>Εὓρωμεν</span> <span class='ocrx_word' id='word_1_169' title='bbox 2411 822 2601 890; x_wconf 85' lang='grc' dir='ltr'>σοφίαν</span> <span class='ocrx_word' id='word_1_170' title='bbox 2626 821 2722 875; x_wconf 82' lang='grc' dir='ltr'><strong>τοῦ</strong></span> <span class='ocrx_word' id='word_1_171' title='bbox 2768 821 2905 876; x_wconf 84' lang='grc' dir='ltr'><strong>Θεοῦ</strong></span> <span class='ocrx_word' id='word_1_172' title='bbox 2939 823 3296 895; x_wconf 80' lang='grc' dir='ltr'>προσθέμενοι</span> <span class='ocrx_word' id='word_1_173' title='bbox 3330 824 3353 892; x_wconf 71' lang='grc' dir='ltr'>ζ</span> <span class='ocrx_word' id='word_1_174' title='bbox 3415 824 3511 880; x_wconf 88' lang='lat' dir='ltr'><strong>ubi</strong></span> 
     </span>
    </p>
   </div>
   <div class='ocr_carea' id='block_1_24' title="bbox 1929 909 3510 983">
    <p class='ocr_par' dir='ltr' id='par_1_24' title="bbox 1929 909 3510 983">
     <span class='ocr_line' id='line_1_24' title="bbox 1929 909 3510 983; baseline 0.005 -19"><span class='ocrx_word' id='word_1_175' title='bbox 1929 911 2356 975; x_wconf 88' lang='lat' dir='ltr'><strong>animadvertas,</strong></span> <span class='ocrx_word' id='word_1_176' title='bbox 2390 928 2515 968; x_wconf 91' lang='lat' dir='ltr'><strong>cum</strong></span> <span class='ocrx_word' id='word_1_177' title='bbox 2552 913 2753 983; x_wconf 80' lang='lat' dir='ltr'><strong>aliquid</strong></span> <span class='ocrx_word' id='word_1_178' title='bbox 2784 917 2865 969; x_wconf 84' lang='lat' dir='ltr'><strong>vel</strong></span> <span class='ocrx_word' id='word_1_179' title='bbox 2913 930 2981 970; x_wconf 87' lang='lat' dir='ltr'><strong>ex</strong></span> <span class='ocrx_word' id='word_1_180' title='bbox 3014 909 3388 973; x_wconf 82' lang='lat' dir='ltr'><strong>Theodotioue</strong></span> <span class='ocrx_word' id='word_1_181' title='bbox 3425 917 3510 972; x_wconf 89' lang='lat' dir='ltr'><strong>vel</strong></span> 
     </span>
    </p>
   </div>
   <div class='ocr_carea' id='block_1_25' title="bbox 1926 1003 3510 1074">
    <p class='ocr_par' dir='ltr' id='par_1_25' title="bbox 1926 1003 3510 1074">
     <span class='ocr_line' id='line_1_25' title="bbox 1926 1003 3510 1074; baseline 0.003 -17"><span class='ocrx_word' id='word_1_182' title='bbox 1926 1017 1991 1057; x_wconf 89' lang='lat' dir='ltr'><strong>ex</strong></span> <span class='ocrx_word' id='word_1_183' title='bbox 2026 1003 2149 1059; x_wconf 82' lang='lat' dir='ltr'><strong>aliis</strong></span> <span class='ocrx_word' id='word_1_184' title='bbox 2175 1004 2524 1074; x_wconf 85' lang='lat' dir='ltr'><strong>adjiceretur,</strong></span> <span class='ocrx_word' id='word_1_185' title='bbox 2556 1008 2603 1061; x_wconf 90' lang='lat' dir='ltr'><strong>si</strong></span> <span class='ocrx_word' id='word_1_186' title='bbox 2638 1009 2690 1061; x_wconf 87' lang='lat' dir='ltr'><strong>id</strong></span> <span class='ocrx_word' id='word_1_187' title='bbox 2729 1007 2906 1074; x_wconf 89' lang='lat' dir='ltr'><strong>initio,</strong></span> <span class='ocrx_word' id='word_1_188' title='bbox 2933 1008 3050 1063; x_wconf 89' lang='lat' dir='ltr'><strong>sive</strong></span> <span class='ocrx_word' id='word_1_189' title='bbox 3075 1008 3127 1062; x_wconf 87' lang='lat' dir='ltr'><strong>in</strong></span> <span class='ocrx_word' id='word_1_190' title='bbox 3160 1008 3361 1073; x_wconf 88' lang='lat' dir='ltr'><strong>medio,</strong></span> <span class='ocrx_word' id='word_1_191' title='bbox 3393 1009 3510 1063; x_wconf 86' lang='lat' dir='ltr'><strong>sive</strong></span> 
     </span>
    </p>
   </div>
   <div class='ocr_carea' id='block_1_26' title="bbox 1925 1094 3507 1169">
    <p class='ocr_par' dir='ltr' id='par_1_26' title="bbox 1925 1094 3507 1169">
     <span class='ocr_line' id='line_1_26' title="bbox 1925 1094 3507 1169; baseline 0.003 -20"><span class='ocrx_word' id='word_1_192' title='bbox 1925 1094 1980 1149; x_wconf 86' lang='lat' dir='ltr'><strong>in</strong></span> <span class='ocrx_word' id='word_1_193' title='bbox 2007 1094 2114 1150; x_wconf 85' lang='lat' dir='ltr'><strong>line</strong></span> <span class='ocrx_word' id='word_1_194' title='bbox 2142 1096 2297 1151; x_wconf 61' lang='lat' dir='ltr'><strong>lineae</strong></span> <span class='ocrx_word' id='word_1_195' title='bbox 2317 1099 2544 1166; x_wconf 89' lang='lat' dir='ltr'><strong>jaceret,</strong></span> <span class='ocrx_word' id='word_1_196' title='bbox 2576 1098 2859 1168; x_wconf 67' lang='lat' dir='ltr'><strong>praemisso</strong></span> <span class='ocrx_word' id='word_1_197' title='bbox 2891 1114 3104 1169; x_wconf 85' lang='lat' dir='ltr'><strong>semper</strong></span> <span class='ocrx_word' id='word_1_198' title='bbox 3126 1099 3388 1155; x_wconf 78' lang='lat' dir='ltr'><strong>asterisco</strong></span> <span class='ocrx_word' id='word_1_199' title='bbox 3406 1099 3507 1154; x_wconf 59' lang='lat' dir='ltr'><strong>ad-</strong></span> 
     </span>
    </p>
   </div>
   <div class='ocr_carea' id='block_1_27' title="bbox 1923 1187 3506 1261">
    <p class='ocr_par' dir='ltr' id='par_1_27' title="bbox 1923 1187 3506 1261">
     <span class='ocr_line' id='line_1_27' title="bbox 1923 1187 3506 1261; baseline 0.004 -21"><span class='ocrx_word' id='word_1_200' title='bbox 1923 1187 2096 1241; x_wconf 92' lang='lat' dir='ltr'><strong>ditum</strong></span> <span class='ocrx_word' id='word_1_201' title='bbox 2131 1187 2324 1255; x_wconf 80' lang='lat' dir='ltr'><strong>fuisse,</strong></span> <span class='ocrx_word' id='word_1_202' title='bbox 2356 1190 2619 1260; x_wconf 85' lang='lat' dir='ltr'><strong>appositis</strong></span> <span class='ocrx_word' id='word_1_203' title='bbox 2667 1200 2793 1261; x_wconf 89' lang='lat' dir='ltr'><strong>post</strong></span> <span class='ocrx_word' id='word_1_204' title='bbox 2828 1190 3258 1246; x_wconf 82' lang='lat' dir='ltr'><strong>additamentum</strong></span> <span class='ocrx_word' id='word_1_205' title='bbox 3286 1191 3506 1247; x_wconf 79' lang='lat' dir='ltr'><strong>duobus</strong></span> 
     </span>
    </p>
   </div>
   <div class='ocr_carea' id='block_1_28' title="bbox 1921 1281 3503 1357">
    <p class='ocr_par' dir='ltr' id='par_1_28' title="bbox 1921 1281 3503 1357">
     <span class='ocr_line' id='line_1_28' title="bbox 1921 1281 3503 1357; baseline 0.004 -21"><span class='ocrx_word' id='word_1_206' title='bbox 1921 1282 2160 1353; x_wconf 90' lang='lat' dir='ltr'><strong>punctis.</strong></span> <span class='ocrx_word' id='word_1_207' title='bbox 2189 1281 2247 1337; x_wconf 89' lang='lat' dir='ltr'><strong>Si</strong></span> <span class='ocrx_word' id='word_1_208' title='bbox 2275 1298 2405 1341; x_wconf 89' lang='lat' dir='ltr'><strong>vero</strong></span> <span class='ocrx_word' id='word_1_209' title='bbox 2442 1285 2872 1340; x_wconf 83' lang='lat' dir='ltr'><strong>additamentum</strong></span> <span class='ocrx_word' id='word_1_210' title='bbox 2924 1287 3057 1342; x_wconf 90' lang='lat' dir='ltr'><strong>illud</strong></span> <span class='ocrx_word' id='word_1_211' title='bbox 3083 1287 3150 1341; x_wconf 90' lang='lat' dir='ltr'><strong>ad</strong></span> <span class='ocrx_word' id='word_1_212' title='bbox 3202 1288 3386 1357; x_wconf 80' lang='lat' dir='ltr'><strong>plures</strong></span> <span class='ocrx_word' id='word_1_213' title='bbox 3432 1286 3503 1343; x_wconf 84' lang='lat' dir='ltr'><strong>li-</strong></span> 
     </span>
    </p>
   </div>
   <div class='ocr_carea' id='block_1_29' title="bbox 1922 1376 3503 1447">
    <p class='ocr_par' dir='ltr' id='par_1_29' title="bbox 1922 1376 3503 1447">
     <span class='ocr_line' id='line_1_29' title="bbox 1922 1376 3503 1447; baseline 0.003 -19"><span class='ocrx_word' id='word_1_214' title='bbox 1922 1389 2053 1429; x_wconf 87' lang='lat' dir='ltr'><strong>neas</strong></span> <span class='ocrx_word' id='word_1_215' title='bbox 2086 1376 2486 1440; x_wconf 84' lang='lat' dir='ltr'><strong>extraheretur,</strong></span> <span class='ocrx_word' id='word_1_216' title='bbox 2520 1377 2676 1431; x_wconf 91' lang='lat' dir='ltr'><strong>initio</strong></span> <span class='ocrx_word' id='word_1_217' title='bbox 2697 1377 2991 1447; x_wconf 87' lang='lat' dir='ltr'><strong>cujuslibet</strong></span> <span class='ocrx_word' id='word_1_218' title='bbox 3016 1379 3172 1433; x_wconf 79' lang='lat' dir='ltr'><strong>lineae</strong></span> <span class='ocrx_word' id='word_1_219' title='bbox 3199 1381 3503 1435; x_wconf 76' lang='lat' dir='ltr'><strong>asteriscus</strong></span> 
     </span>
    </p>
   </div>
   <div class='ocr_carea' id='block_1_30' title="bbox 1921 1465 3500 1539">
    <p class='ocr_par' dir='ltr' id='par_1_30' title="bbox 1921 1465 3500 1539">
     <span class='ocr_line' id='line_1_30' title="bbox 1921 1465 3500 1539; baseline 0.006 -23"><span class='ocrx_word' id='word_1_220' title='bbox 1921 1465 2313 1535; x_wconf 81' lang='lat' dir='ltr'><strong>appingehatur</strong></span> <span class='ocrx_word' id='word_1_221' title='bbox 2355 1466 2529 1522; x_wconf 90' lang='lat' dir='ltr'><strong>donec</strong></span> <span class='ocrx_word' id='word_1_222' title='bbox 2584 1477 2757 1522; x_wconf 91' lang='lat' dir='ltr'><strong>totum</strong></span> <span class='ocrx_word' id='word_1_223' title='bbox 2811 1468 3107 1531; x_wconf 83' lang='lat' dir='ltr'><strong>desineret.</strong></span> <span class='ocrx_word' id='word_1_224' title='bbox 3152 1470 3335 1539; x_wconf 78' lang='lat' dir='ltr'><strong>ibique</strong></span> <span class='ocrx_word' id='word_1_225' title='bbox 3385 1472 3500 1525; x_wconf 88' lang='lat' dir='ltr'><strong>duo</strong></span> 
     </span>
    </p>
   </div>
   <div class='ocr_carea' id='block_1_31' title="bbox 1918 1558 3500 1632">
    <p class='ocr_par' dir='ltr' id='par_1_31' title="bbox 1918 1558 3500 1632">
     <span class='ocr_line' id='line_1_31' title="bbox 1918 1558 3500 1632; baseline 0.005 -23"><span class='ocrx_word' id='word_1_226' title='bbox 1918 1565 2121 1626; x_wconf 91' lang='lat' dir='ltr'><strong>puncta</strong></span> <span class='ocrx_word' id='word_1_227' title='bbox 2156 1558 2428 1612; x_wconf 84' lang='lat' dir='ltr'><strong>crassiora</strong></span> <span class='ocrx_word' id='word_1_228' title='bbox 2457 1558 2525 1612; x_wconf 87' lang='lat' dir='ltr'><strong>de</strong></span> <span class='ocrx_word' id='word_1_229' title='bbox 2563 1574 2717 1614; x_wconf 90' lang='lat' dir='ltr'><strong>more</strong></span> <span class='ocrx_word' id='word_1_230' title='bbox 2752 1560 3092 1632; x_wconf 80' lang='lat' dir='ltr'><strong>ponebantur</strong></span> <span class='ocrx_word' id='word_1_231' title='bbox 3121 1580 3135 1614; x_wconf 89' lang='lat'><strong>:</strong></span> <span class='ocrx_word' id='word_1_232' title='bbox 3166 1576 3288 1631; x_wconf 62' lang='lat' dir='ltr'><strong>quae</strong></span> <span class='ocrx_word' id='word_1_233' title='bbox 3316 1570 3500 1618; x_wconf 87' lang='lat' dir='ltr'><strong>tamen</strong></span> 
     </span>
    </p>
   </div>
   <div class='ocr_carea' id='block_1_32' title="bbox 1917 1648 3497 1725">
    <p class='ocr_par' dir='ltr' id='par_1_32' title="bbox 1917 1648 3497 1725">
     <span class='ocr_line' id='line_1_32' title="bbox 1917 1648 3497 1725; baseline 0.005 -23"><span class='ocrx_word' id='word_1_234' title='bbox 1917 1648 2243 1719; x_wconf 90' lang='lat' dir='ltr'><strong>plerumque</strong></span> <span class='ocrx_word' id='word_1_235' title='bbox 2276 1649 2627 1720; x_wconf 82' lang='lat' dir='ltr'><strong>negliguntur</strong></span> <span class='ocrx_word' id='word_1_236' title='bbox 2650 1653 2702 1706; x_wconf 91' lang='lat' dir='ltr'><strong>in</strong></span> <span class='ocrx_word' id='word_1_237' title='bbox 2737 1654 3147 1723; x_wconf 88' lang='lat' dir='ltr'><strong>manuscriplis,</strong></span> <span class='ocrx_word' id='word_1_238' title='bbox 3196 1654 3497 1725; x_wconf 66' lang='lat' dir='ltr'><strong>prmsertim</strong></span> 
     </span>
    </p>
   </div>
   <div class='ocr_carea' id='block_1_33' title="bbox 229 1725 3495 1816">
    <p class='ocr_par' dir='ltr' id='par_1_33' title="bbox 229 1725 3495 1816">
     <span class='ocr_line' id='line_1_33' title="bbox 229 1725 3495 1816; baseline 0.002 -18"><span class='ocrx_word' id='word_1_239' title='bbox 229 1745 333 1798; x_wconf 80' lang='lat' dir='ltr'><strong>huc</strong></span> <span class='ocrx_word' id='word_1_240' title='bbox 380 1725 692 1807; x_wconf 74' lang='lat' dir='ltr'><strong>adveneris,</strong></span> <span class='ocrx_word' id='word_1_241' title='bbox 756 1744 980 1798; x_wconf 79' lang='lat' dir='ltr'><strong>multant</strong></span> <span class='ocrx_word' id='word_1_242' title='bbox 1028 1742 1376 1805; x_wconf 79' lang='lat' dir='ltr'><strong>deprehendes</strong></span> <span class='ocrx_word' id='word_1_243' title='bbox 1421 1742 1810 1795; x_wconf 77' lang='lat' dir='ltr'><strong>dissonantium</strong></span> <span class='ocrx_word' id='word_1_244' title='bbox 1842 1725 1886 1780; x_wconf 82' lang='grc' dir='ltr'>Β</span> <span class='ocrx_word' id='word_1_245' title='bbox 1922 1740 2144 1812; x_wconf 87' lang='lat' dir='ltr'><strong>quando</strong></span> <span class='ocrx_word' id='word_1_246' title='bbox 2170 1741 2537 1797; x_wconf 73' lang='lat' dir='ltr'><strong>additamenta</strong></span> <span class='ocrx_word' id='word_1_247' title='bbox 2594 1744 2905 1813; x_wconf 89' lang='lat' dir='ltr'><strong>hujusmodi</strong></span> <span class='ocrx_word' id='word_1_248' title='bbox 2956 1745 3295 1816; x_wconf 84' lang='lat' dir='ltr'><strong>longiuscula</strong></span> <span class='ocrx_word' id='word_1_249' title='bbox 3327 1754 3495 1803; x_wconf 80' lang='lat' dir='ltr'><strong>situt:</strong></span> 
     </span>
    </p>
   </div>
   <div class='ocr_carea' id='block_1_34' title="bbox 231 1832 1812 1905">
    <p class='ocr_par' dir='ltr' id='par_1_34' title="bbox 231 1832 1812 1905">
     <span class='ocr_line' id='line_1_34' title="bbox 231 1832 1812 1905; baseline -0.001 -16"><span class='ocrx_word' id='word_1_250' title='bbox 231 1837 377 1891; x_wconf 77' lang='lat' dir='ltr'><strong>inter</strong></span> <span class='ocrx_word' id='word_1_251' title='bbox 398 1837 534 1890; x_wconf 84' lang='lat' dir='ltr'><strong>hanc</strong></span> <span class='ocrx_word' id='word_1_252' title='bbox 560 1836 895 1905; x_wconf 85' lang='lat' dir='ltr'><strong>Scripturam</strong></span> <span class='ocrx_word' id='word_1_253' title='bbox 917 1843 968 1888; x_wconf 86' lang='lat' dir='ltr'><strong>et</strong></span> <span class='ocrx_word' id='word_1_254' title='bbox 995 1851 1108 1889; x_wconf 73' lang='lat' dir='ltr'><strong>eam</strong></span> <span class='ocrx_word' id='word_1_255' title='bbox 1131 1851 1249 1905; x_wconf 82' lang='lat' dir='ltr'><strong>qua:</strong></span> <span class='ocrx_word' id='word_1_256' title='bbox 1287 1835 1345 1887; x_wconf 86' lang='lat' dir='ltr'><strong>in</strong></span> <span class='ocrx_word' id='word_1_257' title='bbox 1372 1832 1630 1904; x_wconf 71' lang='lat' dir='ltr'><strong>chaplis</strong></span> <span class='ocrx_word' id='word_1_258' title='bbox 1659 1833 1812 1888; x_wconf 72' lang='lat' dir='ltr'><strong>liabe-</strong></span> 
     </span>
    </p>
   </div>
   <div class='ocr_carea' id='block_1_35' title="bbox 230 1926 1811 1999">
    <p class='ocr_par' dir='ltr' id='par_1_35' title="bbox 230 1926 1811 1999">
     <span class='ocr_line' id='line_1_35' title="bbox 230 1926 1811 1999; baseline -0.002 -16"><span class='ocrx_word' id='word_1_259' title='bbox 230 1938 320 1983; x_wconf 85' lang='lat' dir='ltr'><strong>tur</strong></span> <span class='ocrx_word' id='word_1_260' title='bbox 348 1931 401 1984; x_wconf 76' lang='lat' dir='ltr'><strong>in</strong></span> <span class='ocrx_word' id='word_1_261' title='bbox 429 1928 782 1999; x_wconf 76' lang='lat' dir='ltr'><strong>Septuaginta</strong></span> <span class='ocrx_word' id='word_1_262' title='bbox 815 1926 1173 1999; x_wconf 84' lang='lat' dir='ltr'><strong>Interpretum</strong></span> <span class='ocrx_word' id='word_1_263' title='bbox 1222 1928 1454 1981; x_wconf 71' lang='lat' dir='ltr'><strong>versione</strong></span> <span class='ocrx_word' id='word_1_264' title='bbox 1482 1941 1501 1979; x_wconf 85' lang='lat'><strong><em>:</em></strong></span> <span class='ocrx_word' id='word_1_265' title='bbox 1547 1942 1707 1996; x_wconf 82' lang='lat' dir='ltr'><strong>neque</strong></span> <span class='ocrx_word' id='word_1_266' title='bbox 1731 1942 1811 1980; x_wconf 86' lang='lat' dir='ltr'><strong>so-</strong></span> 
     </span>
    </p>
   </div>
   <div class='ocr_carea' id='block_1_36' title="bbox 227 2018 1806 2091">
    <p class='ocr_par' dir='ltr' id='par_1_36' title="bbox 227 2018 1806 2091">
     <span class='ocr_line' id='line_1_36' title="bbox 227 2018 1806 2091; baseline -0.001 -18"><span class='ocrx_word' id='word_1_267' title='bbox 227 2022 338 2075; x_wconf 78' lang='lat' dir='ltr'><strong>lum</strong></span> <span class='ocrx_word' id='word_1_268' title='bbox 369 2022 490 2074; x_wconf 76' lang='lat' dir='ltr'><strong>dico</strong></span> <span class='ocrx_word' id='word_1_269' title='bbox 516 2021 686 2086; x_wconf 81' lang='lat' dir='ltr'><strong>illaut,</strong></span> <span class='ocrx_word' id='word_1_270' title='bbox 713 2020 890 2091; x_wconf 83' lang='lat' dir='ltr'><strong>quoad</strong></span> <span class='ocrx_word' id='word_1_271' title='bbox 931 2038 991 2075; x_wconf 90' lang='lat' dir='ltr'><strong>ea</strong></span> <span class='ocrx_word' id='word_1_272' title='bbox 1019 2036 1137 2091; x_wconf 71' lang='lat' dir='ltr'><strong>quae</strong></span> <span class='ocrx_word' id='word_1_273' title='bbox 1163 2018 1432 2074; x_wconf 85' lang='lat' dir='ltr'><strong>asteriscis</strong></span> <span class='ocrx_word' id='word_1_274' title='bbox 1463 2028 1716 2073; x_wconf 85' lang='lat' dir='ltr'><strong>notantur</strong></span> <span class='ocrx_word' id='word_1_275' title='bbox 1742 2018 1806 2071; x_wconf 88' lang='lat' dir='ltr'><strong>ab</strong></span> 
     </span>
    </p>
   </div>
   <div class='ocr_carea' id='block_1_37' title="bbox 224 2110 1808 2182">
    <p class='ocr_par' dir='ltr' id='par_1_37' title="bbox 224 2110 1808 2182">
     <span class='ocr_line' id='line_1_37' title="bbox 224 2110 1808 2182; baseline -0.003 -15"><span class='ocrx_word' id='word_1_276' title='bbox 224 2114 328 2167; x_wconf 76' lang='lat' dir='ltr'><strong>hac</strong></span> <span class='ocrx_word' id='word_1_277' title='bbox 356 2113 594 2182; x_wconf 76' lang='lat' dir='ltr'><strong>differre,</strong></span> <span class='ocrx_word' id='word_1_278' title='bbox 628 2114 885 2182; x_wconf 76' lang='lat' dir='ltr'><strong>siquidem</strong></span> <span class='ocrx_word' id='word_1_279' title='bbox 909 2123 957 2166; x_wconf 80' lang='lat' dir='ltr'><strong>et</strong></span> <span class='ocrx_word' id='word_1_280' title='bbox 988 2115 1043 2165; x_wconf 88' lang='lat' dir='ltr'><strong>in</strong></span> <span class='ocrx_word' id='word_1_281' title='bbox 1065 2113 1146 2167; x_wconf 83' lang='lat' dir='ltr'><strong>his</strong></span> <span class='ocrx_word' id='word_1_282' title='bbox 1182 2111 1277 2165; x_wconf 86' lang='lat' dir='ltr'><strong>illa</strong></span> <span class='ocrx_word' id='word_1_283' title='bbox 1299 2127 1437 2181; x_wconf 64' lang='lat' dir='ltr'><strong>sirpe</strong></span> <span class='ocrx_word' id='word_1_284' title='bbox 1469 2111 1534 2165; x_wconf 85' lang='lat' dir='ltr'><strong>ab</strong></span> <span class='ocrx_word' id='word_1_285' title='bbox 1562 2110 1661 2164; x_wconf 84' lang='lat' dir='ltr'><strong>hac</strong></span> <span class='ocrx_word' id='word_1_286' title='bbox 1704 2110 1808 2164; x_wconf 84' lang='lat' dir='ltr'><strong>dis-</strong></span> 
     </span>
    </p>
   </div>
   <div class='ocr_carea' id='block_1_38' title="bbox 224 2199 1808 2274">
    <p class='ocr_par' dir='ltr' id='par_1_38' title="bbox 224 2199 1808 2274">
     <span class='ocr_line' id='line_1_38' title="bbox 224 2199 1808 2274; baseline -0.004 -15"><span class='ocrx_word' id='word_1_287' title='bbox 224 2214 385 2260; x_wconf 73' lang='lat' dir='ltr'><strong>sona:</strong></span> <span class='ocrx_word' id='word_1_288' title='bbox 403 2220 423 2268; x_wconf 90' lang='lat'><strong><em>;</em></strong></span> <span class='ocrx_word' id='word_1_289' title='bbox 454 2205 559 2259; x_wconf 87' lang='lat' dir='ltr'><strong>imo</strong></span> <span class='ocrx_word' id='word_1_290' title='bbox 588 2221 705 2259; x_wconf 82' lang='lat' dir='ltr'><strong>rero</strong></span> <span class='ocrx_word' id='word_1_291' title='bbox 734 2205 815 2257; x_wconf 83' lang='lat' dir='ltr'><strong>Itis</strong></span> <span class='ocrx_word' id='word_1_292' title='bbox 855 2203 874 2274; x_wconf 93' lang='lat'>(</span> <span class='ocrx_word' id='word_1_293' title='bbox 897 2203 1201 2272; x_wconf 82' lang='lat' dir='ltr'><strong>asteriscis)</strong></span> <span class='ocrx_word' id='word_1_294' title='bbox 1248 2201 1413 2255; x_wconf 87' lang='lat' dir='ltr'><strong>multo</strong></span> <span class='ocrx_word' id='word_1_295' title='bbox 1444 2202 1613 2270; x_wconf 87' lang='lat' dir='ltr'><strong>magis</strong></span> <span class='ocrx_word' id='word_1_296' title='bbox 1640 2199 1808 2253; x_wconf 89' lang='lat' dir='ltr'><strong>abun-</strong></span> 
     </span>
    </p>
   </div>
   <div class='ocr_carea' id='block_1_39' title="bbox 224 2293 1804 2369">
    <p class='ocr_par' dir='ltr' id='par_1_39' title="bbox 224 2293 1804 2369">
     <span class='ocr_line' id='line_1_39' title="bbox 224 2293 1804 2369; baseline -0.004 -17"><span class='ocrx_word' id='word_1_297' title='bbox 224 2298 345 2362; x_wconf 84' lang='lat' dir='ltr'><strong>dat,</strong></span> <span class='ocrx_word' id='word_1_298' title='bbox 378 2315 536 2369; x_wconf 82' lang='lat' dir='ltr'><strong>quant</strong></span> <span class='ocrx_word' id='word_1_299' title='bbox 566 2298 707 2352; x_wconf 84' lang='lat' dir='ltr'><strong>alius</strong></span> <span class='ocrx_word' id='word_1_300' title='bbox 738 2296 1029 2366; x_wconf 77' lang='lat' dir='ltr'><strong>Scriptura:</strong></span> <span class='ocrx_word' id='word_1_301' title='bbox 1070 2300 1243 2350; x_wconf 76' lang='lat' dir='ltr'><strong>textus</strong></span> <span class='ocrx_word' id='word_1_302' title='bbox 1271 2312 1289 2359; x_wconf 86' lang='lat'><strong><em>;</em></strong></span> <span class='ocrx_word' id='word_1_303' title='bbox 1339 2295 1428 2349; x_wconf 85' lang='lat' dir='ltr'><strong>sed</strong></span> <span class='ocrx_word' id='word_1_304' title='bbox 1461 2295 1621 2347; x_wconf 83' lang='lat' dir='ltr'><strong>etiam</strong></span> <span class='ocrx_word' id='word_1_305' title='bbox 1650 2294 1706 2346; x_wconf 85' lang='lat' dir='ltr'><strong>in</strong></span> <span class='ocrx_word' id='word_1_306' title='bbox 1736 2293 1804 2345; x_wconf 86' lang='lat' dir='ltr'><strong>iis</strong></span> 
     </span>
    </p>
   </div>
   <div class='ocr_carea' id='block_1_40' title="bbox 223 2385 1805 2461">
    <p class='ocr_par' dir='ltr' id='par_1_40' title="bbox 223 2385 1805 2461">
     <span class='ocr_line' id='line_1_40' title="bbox 223 2385 1805 2461; baseline -0.004 -17"><span class='ocrx_word' id='word_1_307' title='bbox 223 2408 342 2461; x_wconf 70' lang='lat' dir='ltr'><strong>qua:</strong></span> <span class='ocrx_word' id='word_1_308' title='bbox 366 2391 603 2445; x_wconf 73' lang='lat' dir='ltr'><strong>asterisci</strong></span> <span class='ocrx_word' id='word_1_309' title='bbox 628 2407 730 2444; x_wconf 85' lang='lat' dir='ltr'><strong>non</strong></span> <span class='ocrx_word' id='word_1_310' title='bbox 756 2398 941 2443; x_wconf 84' lang='lat' dir='ltr'><strong>notant</strong></span> <span class='ocrx_word' id='word_1_311' title='bbox 965 2407 996 2443; x_wconf 93' lang='lat' dir='ltr'><strong>a</strong></span> <span class='ocrx_word' id='word_1_312' title='bbox 1023 2386 1174 2442; x_wconf 80' lang='lat' dir='ltr'><strong>LXX</strong></span> <span class='ocrx_word' id='word_1_313' title='bbox 1203 2385 1582 2455; x_wconf 86' lang='lat' dir='ltr'><strong>Interpretibus</strong></span> <span class='ocrx_word' id='word_1_314' title='bbox 1609 2385 1805 2438; x_wconf 84' lang='lat' dir='ltr'><strong>omissa</strong></span> 
     </span>
    </p>
   </div>
   <div class='ocr_carea' id='block_1_41' title="bbox 224 2474 1804 2553">
    <p class='ocr_par' dir='ltr' id='par_1_41' title="bbox 224 2474 1804 2553">
     <span class='ocr_line' id='line_1_41' title="bbox 224 2474 1804 2553; baseline -0.003 -19"><span class='ocrx_word' id='word_1_315' title='bbox 224 2482 417 2553; x_wconf 71' lang='lat' dir='ltr'><strong>fuisse,</strong></span> <span class='ocrx_word' id='word_1_316' title='bbox 451 2499 555 2537; x_wconf 85' lang='lat' dir='ltr'><strong>non</strong></span> <span class='ocrx_word' id='word_1_317' title='bbox 587 2483 759 2535; x_wconf 85' lang='lat' dir='ltr'><strong>minor</strong></span> <span class='ocrx_word' id='word_1_318' title='bbox 800 2481 1100 2551; x_wconf 70' lang='lat' dir='ltr'><strong>differentia</strong></span> <span class='ocrx_word' id='word_1_319' title='bbox 1129 2479 1552 2544; x_wconf 80' lang='lat' dir='ltr'><strong>deprehenditur.</strong></span> <span class='ocrx_word' id='word_1_320' title='bbox 1588 2475 1715 2531; x_wconf 72' lang='lat' dir='ltr'><strong>Haec</strong></span> <span class='ocrx_word' id='word_1_321' title='bbox 1736 2474 1804 2530; x_wconf 87' lang='lat' dir='ltr'><strong>ad</strong></span> 
     </span>
    </p>
   </div>
   <div class='ocr_carea' id='block_1_42' title="bbox 220 2566 1804 2640">
    <p class='ocr_par' dir='ltr' id='par_1_42' title="bbox 220 2566 1804 2640">
     <span class='ocr_line' id='line_1_42' title="bbox 220 2566 1804 2640; baseline -0.005 -13"><span class='ocrx_word' id='word_1_322' title='bbox 220 2575 455 2630; x_wconf 81' lang='lat' dir='ltr'><strong>verbum</strong></span> <span class='ocrx_word' id='word_1_323' title='bbox 489 2573 776 2628; x_wconf 89' lang='lat' dir='ltr'><strong>retulimus</strong></span> <span class='ocrx_word' id='word_1_324' title='bbox 832 2582 1019 2627; x_wconf 88' lang='lat' dir='ltr'><strong>contra</strong></span> <span class='ocrx_word' id='word_1_325' title='bbox 1078 2570 1341 2640; x_wconf 88' lang='lat' dir='ltr'><strong>quosdam</strong></span> <span class='ocrx_word' id='word_1_326' title='bbox 1398 2582 1656 2638; x_wconf 88' lang='lat' dir='ltr'><strong>nuperos,</strong></span> <span class='ocrx_word' id='word_1_327' title='bbox 1709 2566 1804 2635; x_wconf 90' lang='lat' dir='ltr'><strong>qui</strong></span> 
     </span>
    </p>
   </div>
   <div class='ocr_carea' id='block_1_43' title="bbox 221 2659 1801 2721">
    <p class='ocr_par' dir='ltr' id='par_1_43' title="bbox 221 2659 1801 2721">
     <span class='ocr_line' id='line_1_43' title="bbox 221 2659 1801 2721; baseline -0.006 0"><span class='ocrx_word' id='word_1_328' title='bbox 221 2667 547 2721; x_wconf 85' lang='lat' dir='ltr'><strong>existimant</strong></span> <span class='ocrx_word' id='word_1_329' title='bbox 578 2674 737 2720; x_wconf 88' lang='lat' dir='ltr'><strong>notas</strong></span> <span class='ocrx_word' id='word_1_330' title='bbox 784 2665 908 2719; x_wconf 89' lang='lat' dir='ltr'><strong>illas</strong></span> <span class='ocrx_word' id='word_1_331' title='bbox 967 2662 1248 2718; x_wconf 88' lang='lat' dir='ltr'><strong>obelorum</strong></span> <span class='ocrx_word' id='word_1_332' title='bbox 1307 2668 1363 2715; x_wconf 88' lang='lat' dir='ltr'><strong>et</strong></span> <span class='ocrx_word' id='word_1_333' title='bbox 1414 2659 1801 2714; x_wconf 86' lang='lat' dir='ltr'><strong>asteriscorum</strong></span> 
     </span>
    </p>
   </div>
   <div class='ocr_carea' id='block_1_44' title="bbox 219 2750 1803 2824">
    <p class='ocr_par' dir='ltr' id='par_1_44' title="bbox 219 2750 1803 2824">
     <span class='ocr_line' id='line_1_44' title="bbox 219 2750 1803 2824; baseline -0.004 -11"><span class='ocrx_word' id='word_1_334' title='bbox 219 2775 332 2813; x_wconf 83' lang='lat' dir='ltr'><strong>non</strong></span> <span class='ocrx_word' id='word_1_335' title='bbox 364 2758 417 2811; x_wconf 89' lang='lat' dir='ltr'><strong>in</strong></span> <span class='ocrx_word' id='word_1_336' title='bbox 460 2757 696 2812; x_wconf 88' lang='lat' dir='ltr'><strong>editione</strong></span> <span class='ocrx_word' id='word_1_337' title='bbox 725 2754 832 2809; x_wconf 83' lang='grc' dir='ltr'><strong>τῶν</strong></span> <span class='ocrx_word' id='word_1_338' title='bbox 867 2759 922 2809; x_wconf 81' lang='lat' dir='ltr'><strong>O’</strong></span> <span class='ocrx_word' id='word_1_339' title='bbox 967 2754 1242 2824; x_wconf 84' lang='lat' dir='ltr'><strong>ltexaplari</strong></span> <span class='ocrx_word' id='word_1_340' title='bbox 1278 2752 1484 2823; x_wconf 79' lang='lat' dir='ltr'><strong>posizas</strong></span> <span class='ocrx_word' id='word_1_341' title='bbox 1519 2750 1689 2805; x_wconf 81' lang='lat' dir='ltr'><strong>fuisse</strong></span> <span class='ocrx_word' id='word_1_342' title='bbox 1734 2750 1803 2806; x_wconf 83' lang='lat' dir='ltr'><strong>ab</strong></span> 
     </span>
    </p>
   </div>
   <div class='ocr_carea' id='block_1_45' title="bbox 213 2842 1801 2922">
    <p class='ocr_par' dir='ltr' id='par_1_45' title="bbox 213 2842 1801 2922">
     <span class='ocr_line' id='line_1_45' title="bbox 213 2842 1801 2922; baseline -0.004 -16"><span class='ocrx_word' id='word_1_343' title='bbox 213 2851 480 2922; x_wconf 77' lang='lat' dir='ltr'><strong>Origene,</strong></span> <span class='ocrx_word' id='word_1_344' title='bbox 523 2848 616 2905; x_wconf 89' lang='lat' dir='ltr'><strong>sed</strong></span> <span class='ocrx_word' id='word_1_345' title='bbox 652 2850 705 2903; x_wconf 91' lang='lat' dir='ltr'><strong>in</strong></span> <span class='ocrx_word' id='word_1_346' title='bbox 743 2849 848 2903; x_wconf 90' lang='lat' dir='ltr'><strong>alia</strong></span> <span class='ocrx_word' id='word_1_347' title='bbox 884 2848 1111 2904; x_wconf 86' lang='lat' dir='ltr'><strong>seorsim</strong></span> <span class='ocrx_word' id='word_1_348' title='bbox 1166 2847 1451 2901; x_wconf 89' lang='lat' dir='ltr'><strong>adornata.</strong></span> <span class='ocrx_word' id='word_1_349' title='bbox 1483 2842 1684 2899; x_wconf 84' lang='lat' dir='ltr'><strong>Verum</strong></span> <span class='ocrx_word' id='word_1_350' title='bbox 1713 2843 1801 2899; x_wconf 90' lang='lat' dir='ltr'><strong>his</strong></span> 
     </span>
    </p>
   </div>
   <div class='ocr_carea' id='block_1_46' title="bbox 218 2935 1803 3009">
    <p class='ocr_par' dir='ltr' id='par_1_46' title="bbox 218 2935 1803 3009">
     <span class='ocr_line' id='line_1_46' title="bbox 218 2935 1803 3009; baseline -0.004 -13"><span class='ocrx_word' id='word_1_351' title='bbox 218 2951 333 2996; x_wconf 82' lang='lat' dir='ltr'><strong>tam</strong></span> <span class='ocrx_word' id='word_1_352' title='bbox 366 2940 568 3009; x_wconf 87' lang='lat' dir='ltr'><strong>apertis</strong></span> <span class='ocrx_word' id='word_1_353' title='bbox 595 2939 924 2994; x_wconf 87' lang='lat' dir='ltr'><strong>testimoniis</strong></span> <span class='ocrx_word' id='word_1_354' title='bbox 968 2953 1157 2992; x_wconf 89' lang='lat' dir='ltr'><strong>eorum</strong></span> <span class='ocrx_word' id='word_1_355' title='bbox 1188 2936 1280 3007; x_wconf 85' lang='lat' dir='ltr'><strong>qui</strong></span> <span class='ocrx_word' id='word_1_356' title='bbox 1332 2935 1572 3006; x_wconf 72' lang='lat' dir='ltr'><strong>Hexapla</strong></span> <span class='ocrx_word' id='word_1_357' title='bbox 1606 2944 1803 2990; x_wconf 84' lang='lat' dir='ltr'><strong>tracta-</strong></span> 
     </span>
    </p>
   </div>
   <div class='ocr_carea' id='block_1_47' title="bbox 214 3026 1797 3103">
    <p class='ocr_par' dir='ltr' id='par_1_47' title="bbox 214 3026 1797 3103">
     <span class='ocr_line' id='line_1_47' title="bbox 214 3026 1797 3103; baseline -0.003 -18"><span class='ocrx_word' id='word_1_358' title='bbox 214 3045 435 3094; x_wconf 81' lang='lat' dir='ltr'><strong>verant.</strong></span> <span class='ocrx_word' id='word_1_359' title='bbox 464 3030 727 3103; x_wconf 69' lang='lat' dir='ltr'><strong>refragari</strong></span> <span class='ocrx_word' id='word_1_360' title='bbox 759 3048 865 3085; x_wconf 90' lang='lat' dir='ltr'><strong>non</strong></span> <span class='ocrx_word' id='word_1_361' title='bbox 906 3031 1060 3095; x_wconf 90' lang='lat' dir='ltr'><strong>licet;</strong></span> <span class='ocrx_word' id='word_1_362' title='bbox 1108 3030 1309 3100; x_wconf 89' lang='lat' dir='ltr'><strong>quibus</strong></span> <span class='ocrx_word' id='word_1_363' title='bbox 1355 3028 1423 3084; x_wconf 89' lang='lat' dir='ltr'><strong>ad</strong></span> <span class='ocrx_word' id='word_1_364' title='bbox 1454 3027 1715 3097; x_wconf 85' lang='lat' dir='ltr'><strong>majorem</strong></span> <span class='ocrx_word' id='word_1_365' title='bbox 1740 3026 1797 3081; x_wconf 83' lang='lat' dir='ltr'><strong>ﬁ-</strong></span> 
     </span>
    </p>
   </div>
   <div class='ocr_carea' id='block_1_48' title="bbox 216 3119 1800 3193">
    <p class='ocr_par' dir='ltr' id='par_1_48' title="bbox 216 3119 1800 3193">
     <span class='ocr_line' id='line_1_48' title="bbox 216 3119 1800 3193; baseline -0.004 -13"><span class='ocrx_word' id='word_1_366' title='bbox 216 3126 344 3180; x_wconf 74' lang='lat' dir='ltr'><strong>dem</strong></span> <span class='ocrx_word' id='word_1_367' title='bbox 378 3125 522 3179; x_wconf 89' lang='lat' dir='ltr'><strong>aliud</strong></span> <span class='ocrx_word' id='word_1_368' title='bbox 545 3124 835 3193; x_wconf 79' lang='lat' dir='ltr'><strong>adjteimus</strong></span> <span class='ocrx_word' id='word_1_369' title='bbox 862 3138 926 3177; x_wconf 85' lang='lat' dir='ltr'><strong>ex</strong></span> <span class='ocrx_word' id='word_1_370' title='bbox 960 3123 1105 3178; x_wconf 90' lang='lat' dir='ltr'><strong>notis</strong></span> <span class='ocrx_word' id='word_1_371' title='bbox 1132 3122 1198 3175; x_wconf 89' lang='lat' dir='ltr'><strong>ad</strong></span> <span class='ocrx_word' id='word_1_372' title='bbox 1226 3128 1390 3190; x_wconf 88' lang='lat' dir='ltr'><strong>caput</strong></span> <span class='ocrx_word' id='word_1_373' title='bbox 1426 3136 1514 3174; x_wconf 79' lang='lat' dir='ltr'><strong>xiv</strong></span> <span class='ocrx_word' id='word_1_374' title='bbox 1547 3119 1669 3173; x_wconf 88' lang='lat' dir='ltr'><strong>libri</strong></span> <span class='ocrx_word' id='word_1_375' title='bbox 1694 3128 1800 3173; x_wconf 89' lang='lat' dir='ltr'><strong>ter-</strong></span> 
     </span>
    </p>
   </div>
   <div class='ocr_carea' id='block_1_49' title="bbox 210 3209 1801 3285">
    <p class='ocr_par' dir='ltr' id='par_1_49' title="bbox 210 3209 1801 3285">
     <span class='ocr_line' id='line_1_49' title="bbox 210 3209 1801 3285; baseline -0.004 -16"><span class='ocrx_word' id='word_1_376' title='bbox 210 3216 278 3270; x_wconf 68' lang='lat' dir='ltr'><strong>tii</strong></span> <span class='ocrx_word' id='word_1_377' title='bbox 309 3215 539 3285; x_wconf 77' lang='lat' dir='ltr'><strong>Regum,</strong></span> <span class='ocrx_word' id='word_1_378' title='bbox 570 3216 663 3270; x_wconf 89' lang='lat' dir='ltr'><strong>ubi</strong></span> <span class='ocrx_word' id='word_1_379' title='bbox 697 3215 777 3269; x_wconf 82' lang='lat' dir='ltr'><strong>sic</strong></span> <span class='ocrx_word' id='word_1_380' title='bbox 802 3213 999 3284; x_wconf 80' lang='lat' dir='ltr'><strong>legitur</strong></span> <span class='ocrx_word' id='word_1_381' title='bbox 1031 3233 1046 3268; x_wconf 90' lang='lat'><strong>:</strong></span> <span class='ocrx_word' id='word_1_382' title='bbox 1081 3211 1237 3267; x_wconf 83' lang='grc' dir='ltr'>Μετὰ</span> <span class='ocrx_word' id='word_1_383' title='bbox 1260 3211 1420 3265; x_wconf 77' lang='grc' dir='ltr'><strong><em>τοῦτο</em></strong></span> <span class='ocrx_word' id='word_1_384' title='bbox 1445 3213 1501 3263; x_wconf 83' lang='grc' dir='ltr'>ὲν</span> <span class='ocrx_word' id='word_1_385' title='bbox 1529 3210 1607 3282; x_wconf 81' lang='grc' dir='ltr'>τῷ</span> <span class='ocrx_word' id='word_1_386' title='bbox 1648 3209 1801 3277; x_wconf 78' lang='grc' dir='ltr'>Ἑξα-</span> 
     </span>
    </p>
   </div>
   <div class='ocr_carea' id='block_1_50' title="bbox 214 3300 1800 3376">
    <p class='ocr_par' dir='ltr' id='par_1_50' title="bbox 214 3300 1800 3376">
     <span class='ocr_line' id='line_1_50' title="bbox 214 3300 1800 3376; baseline -0.004 -18"><span class='ocrx_word' id='word_1_387' title='bbox 214 3305 341 3376; x_wconf 75' lang='grc' dir='ltr'><strong>ττλῷ</strong></span> <span class='ocrx_word' id='word_1_388' title='bbox 403 3308 578 3358; x_wconf 82' lang='grc' dir='ltr'>κεῖται</span> <span class='ocrx_word' id='word_1_389' title='bbox 632 3305 701 3359; x_wconf 76' lang='grc' dir='ltr'>τὰ</span> <span class='ocrx_word' id='word_1_390' title='bbox 756 3306 896 3358; x_wconf 83' lang='grc' dir='ltr'><strong>κατὰ</strong></span> <span class='ocrx_word' id='word_1_391' title='bbox 934 3304 1033 3375; x_wconf 71' lang='grc' dir='ltr'><strong>τὴν</strong></span> <span class='ocrx_word' id='word_1_392' title='bbox 1064 3304 1220 3357; x_wconf 81' lang='grc' dir='ltr'>νόσον</span> <span class='ocrx_word' id='word_1_393' title='bbox 1271 3304 1363 3356; x_wconf 74' lang='grc' dir='ltr'>καὶ</span> <span class='ocrx_word' id='word_1_394' title='bbox 1398 3300 1497 3372; x_wconf 85' lang='grc' dir='ltr'><strong>τὴν</strong></span> <span class='ocrx_word' id='word_1_395' title='bbox 1546 3300 1800 3371; x_wconf 82' lang='grc' dir='ltr'>τελευτὴν</span> 
     </span>
    </p>
   </div>
   <div class='ocr_carea' id='block_1_51' title="bbox 228 3390 1794 3467">
    <p class='ocr_par' dir='ltr' id='par_1_51' title="bbox 228 3390 1794 3467">
     <span class='ocr_line' id='line_1_51' title="bbox 228 3390 1794 3467; baseline -0.002 -18"><span class='ocrx_word' id='word_1_396' title='bbox 228 3395 412 3458; x_wconf 66' lang='grc' dir='ltr'><strong>Ἀειὰ,</strong></span> <span class='ocrx_word' id='word_1_397' title='bbox 430 3396 524 3449; x_wconf 85' lang='grc' dir='ltr'><strong>τοῦ</strong></span> <span class='ocrx_word' id='word_1_398' title='bbox 553 3396 671 3449; x_wconf 76' lang='grc' dir='ltr'><strong>υἱοῦ</strong></span> <span class='ocrx_word' id='word_1_399' title='bbox 712 3395 1014 3467; x_wconf 81' lang='grc' dir='ltr'>Ἰεροϐοὰμ,</span> <span class='ocrx_word' id='word_1_400' title='bbox 1050 3394 1187 3466; x_wconf 73' lang='grc' dir='ltr'>μετὰ</span> <span class='ocrx_word' id='word_1_401' title='bbox 1210 3392 1571 3464; x_wconf 78' lang='grc' dir='ltr'>ἀστερίσκων.</span> <span class='ocrx_word' id='word_1_402' title='bbox 1598 3390 1656 3445; x_wconf 86' lang='lat' dir='ltr'><strong>Id</strong></span> <span class='ocrx_word' id='word_1_403' title='bbox 1675 3401 1755 3445; x_wconf 89' lang='lat' dir='ltr'><strong>est</strong></span> <span class='ocrx_word' id='word_1_404' title='bbox 1779 3409 1794 3446; x_wconf 88' lang='lat'><strong>:</strong></span> 
     </span>
    </p>
   </div>
   <div class='ocr_carea' id='block_1_52' title="bbox 214 3485 1799 3556">
    <p class='ocr_par' dir='ltr' id='par_1_52' title="bbox 214 3485 1799 3556">
     <span class='ocr_line' id='line_1_52' title="bbox 214 3485 1799 3556; baseline -0.002 -16"><span class='ocrx_word' id='word_1_405' title='bbox 214 3486 417 3541; x_wconf 71' lang='lat' dir='ltr'><strong>Postea</strong></span> <span class='ocrx_word' id='word_1_406' title='bbox 447 3488 499 3540; x_wconf 87' lang='lat' dir='ltr'><strong>in</strong></span> <span class='ocrx_word' id='word_1_407' title='bbox 530 3486 788 3556; x_wconf 71' lang='lat' dir='ltr'><strong>lleaaplis</strong></span> <span class='ocrx_word' id='word_1_408' title='bbox 814 3487 996 3556; x_wconf 86' lang='lat' dir='ltr'><strong>jacent</strong></span> <span class='ocrx_word' id='word_1_409' title='bbox 1020 3502 1104 3552; x_wconf 84' lang='lat' dir='ltr'><strong>ett,</strong></span> <span class='ocrx_word' id='word_1_410' title='bbox 1139 3500 1256 3555; x_wconf 64' lang='lat' dir='ltr'><strong>qua</strong></span> <span class='ocrx_word' id='word_1_411' title='bbox 1282 3493 1516 3551; x_wconf 85' lang='lat' dir='ltr'><strong>spectant</strong></span> <span class='ocrx_word' id='word_1_412' title='bbox 1551 3485 1620 3537; x_wconf 88' lang='lat' dir='ltr'><strong>ad</strong></span> <span class='ocrx_word' id='word_1_413' title='bbox 1647 3485 1799 3554; x_wconf 69' lang='grc' dir='ltr'><strong>ωεινὶ-</strong></span> 
     </span>
    </p>
   </div>
   <div class='ocr_carea' id='block_1_53' title="bbox 216 3575 1797 3647">
    <p class='ocr_par' dir='ltr' id='par_1_53' title="bbox 216 3575 1797 3647">
     <span class='ocr_line' id='line_1_53' title="bbox 216 3575 1797 3647; baseline -0.003 -13"><span class='ocrx_word' id='word_1_414' title='bbox 216 3579 461 3634; x_wconf 76' lang='lat' dir='ltr'><strong>tudinem</strong></span> <span class='ocrx_word' id='word_1_415' title='bbox 482 3588 529 3632; x_wconf 83' lang='lat' dir='ltr'><strong>et</strong></span> <span class='ocrx_word' id='word_1_416' title='bbox 566 3592 785 3632; x_wconf 69' lang='lat' dir='ltr'><strong>ntorsem</strong></span> <span class='ocrx_word' id='word_1_417' title='bbox 813 3577 980 3639; x_wconf 74' lang='lat' dir='ltr'><strong>Abite,</strong></span> <span class='ocrx_word' id='word_1_418' title='bbox 1029 3575 1130 3647; x_wconf 71' lang='lat' dir='ltr'><strong>filii</strong></span> <span class='ocrx_word' id='word_1_419' title='bbox 1162 3575 1467 3638; x_wconf 82' lang='lat' dir='ltr'><strong>Jeroboam,</strong></span> <span class='ocrx_word' id='word_1_420' title='bbox 1508 3591 1627 3628; x_wconf 88' lang='lat' dir='ltr'><strong>cum</strong></span> <span class='ocrx_word' id='word_1_421' title='bbox 1658 3584 1797 3629; x_wconf 81' lang='lat' dir='ltr'><strong>aste-</strong></span> 
     </span>
    </p>
   </div>
   <div class='ocr_carea' id='block_1_54' title="bbox 214 3666 1794 3736">
    <p class='ocr_par' dir='ltr' id='par_1_54' title="bbox 214 3666 1794 3736">
     <span class='ocr_line' id='line_1_54' title="bbox 214 3666 1794 3736; baseline -0.003 -13"><span class='ocrx_word' id='word_1_422' title='bbox 214 3670 392 3723; x_wconf 80' lang='lat' dir='ltr'><strong>riscis.</strong></span> <span class='ocrx_word' id='word_1_423' title='bbox 435 3669 575 3734; x_wconf 87' lang='lat' dir='ltr'><strong>Quid</strong></span> <span class='ocrx_word' id='word_1_424' title='bbox 609 3669 844 3724; x_wconf 81' lang='lat' dir='ltr'><strong>clarius?</strong></span> <span class='ocrx_word' id='word_1_425' title='bbox 873 3666 998 3723; x_wconf 72' lang='lat' dir='ltr'><strong>Hzec</strong></span> <span class='ocrx_word' id='word_1_426' title='bbox 1025 3683 1152 3722; x_wconf 85' lang='lat' dir='ltr'><strong>vero</strong></span> <span class='ocrx_word' id='word_1_427' title='bbox 1181 3676 1309 3721; x_wconf 90' lang='lat' dir='ltr'><strong>nota</strong></span> <span class='ocrx_word' id='word_1_428' title='bbox 1342 3666 1525 3736; x_wconf 87' lang='lat' dir='ltr'><strong>prodit</strong></span> <span class='ocrx_word' id='word_1_429' title='bbox 1551 3681 1614 3719; x_wconf 86' lang='lat' dir='ltr'><strong>cx</strong></span> <span class='ocrx_word' id='word_1_430' title='bbox 1645 3667 1794 3719; x_wconf 76' lang='lat' dir='ltr'><strong>anti-</strong></span> 
     </span>
    </p>
   </div>
   <div class='ocr_carea' id='block_1_55' title="bbox 214 3756 1794 3830">
    <p class='ocr_par' dir='ltr' id='par_1_55' title="bbox 214 3756 1794 3830">
     <span class='ocr_line' id='line_1_55' title="bbox 214 3756 1794 3830; baseline -0.001 -16"><span class='ocrx_word' id='word_1_431' title='bbox 214 3760 486 3830; x_wconf 75' lang='lat' dir='ltr'><strong>quissimo</strong></span> <span class='ocrx_word' id='word_1_432' title='bbox 543 3760 729 3816; x_wconf 84' lang='lat' dir='ltr'><strong>codice</strong></span> <span class='ocrx_word' id='word_1_433' title='bbox 779 3763 1045 3826; x_wconf 84' lang='lat' dir='ltr'><strong>ltomano,</strong></span> <span class='ocrx_word' id='word_1_434' title='bbox 1082 3761 1175 3829; x_wconf 90' lang='lat' dir='ltr'><strong>qui</strong></span> <span class='ocrx_word' id='word_1_435' title='bbox 1226 3760 1311 3813; x_wconf 80' lang='lat' dir='ltr'><strong>vel</strong></span> <span class='ocrx_word' id='word_1_436' title='bbox 1356 3759 1665 3827; x_wconf 79' lang='lat' dir='ltr'><strong>exscriptus</strong></span> <span class='ocrx_word' id='word_1_437' title='bbox 1691 3756 1794 3813; x_wconf 81' lang='lat' dir='ltr'><strong>fuit</strong></span> 
     </span>
    </p>
   </div>
   <div class='ocr_carea' id='block_1_56' title="bbox 212 3849 1795 3922">
    <p class='ocr_par' dir='ltr' id='par_1_56' title="bbox 212 3849 1795 3922">
     <span class='ocr_line' id='line_1_56' title="bbox 212 3849 1795 3922; baseline -0.001 -15"><span class='ocrx_word' id='word_1_438' title='bbox 212 3866 342 3907; x_wconf 85' lang='lat' dir='ltr'><strong>cum</strong></span> <span class='ocrx_word' id='word_1_439' title='bbox 371 3849 606 3921; x_wconf 82' lang='lat' dir='ltr'><strong>llexapla</strong></span> <span class='ocrx_word' id='word_1_440' title='bbox 634 3862 1018 3922; x_wconf 86' lang='lat' dir='ltr'><strong>superessent;</strong></span> <span class='ocrx_word' id='word_1_441' title='bbox 1077 3853 1161 3907; x_wconf 90' lang='lat' dir='ltr'><strong>vel</strong></span> <span class='ocrx_word' id='word_1_442' title='bbox 1183 3867 1249 3907; x_wconf 87' lang='lat' dir='ltr'><strong>ex</strong></span> <span class='ocrx_word' id='word_1_443' title='bbox 1279 3851 1389 3906; x_wconf 88' lang='lat' dir='ltr'><strong>alio</strong></span> <span class='ocrx_word' id='word_1_444' title='bbox 1423 3852 1609 3906; x_wconf 88' lang='lat' dir='ltr'><strong>codice</strong></span> <span class='ocrx_word' id='word_1_445' title='bbox 1637 3852 1704 3906; x_wconf 81' lang='lat' dir='ltr'><strong>ad</strong></span> <span class='ocrx_word' id='word_1_446' title='bbox 1739 3851 1795 3906; x_wconf 80' lang='lat' dir='ltr'><strong>ll-</strong></span> 
     </span>
    </p>
   </div>
   <div class='ocr_carea' id='block_1_57' title="bbox 213 3941 1791 4015">
    <p class='ocr_par' dir='ltr' id='par_1_57' title="bbox 213 3941 1791 4015">
     <span class='ocr_line' id='line_1_57' title="bbox 213 3941 1791 4015; baseline -0.002 -15"><span class='ocrx_word' id='word_1_447' title='bbox 213 3945 341 4000; x_wconf 86' lang='lat' dir='ltr'><strong>dem</strong></span> <span class='ocrx_word' id='word_1_448' title='bbox 367 3943 732 4015; x_wconf 82' lang='lat' dir='ltr'><strong>llexaplorum</strong></span> <span class='ocrx_word' id='word_1_449' title='bbox 782 3944 1077 4015; x_wconf 80' lang='lat' dir='ltr'><strong>exscripta,</strong></span> <span class='ocrx_word' id='word_1_450' title='bbox 1131 3944 1391 3999; x_wconf 80' lang='lat' dir='ltr'><strong>manavit.</strong></span> <span class='ocrx_word' id='word_1_451' title='bbox 1454 3941 1621 3997; x_wconf 82' lang='lat' dir='ltr'><strong>Plura</strong></span> <span class='ocrx_word' id='word_1_452' title='bbox 1662 3956 1791 4013; x_wconf 88' lang='lat' dir='ltr'><strong>pro-</strong></span> 
     </span>
    </p>
   </div>
   <div class='ocr_carea' id='block_1_58' title="bbox 214 4032 1681 4105">
    <p class='ocr_par' dir='ltr' id='par_1_58' title="bbox 214 4032 1681 4105">
     <span class='ocr_line' id='line_1_58' title="bbox 214 4032 1681 4105; baseline -0.003 -14"><span class='ocrx_word' id='word_1_453' title='bbox 214 4032 366 4091; x_wconf 76' lang='lat' dir='ltr'><strong>ferre</strong></span> <span class='ocrx_word' id='word_1_454' title='bbox 393 4051 678 4105; x_wconf 86' lang='lat' dir='ltr'><strong>possemus</strong></span> <span class='ocrx_word' id='word_1_455' title='bbox 705 4053 720 4089; x_wconf 90' lang='lat'><strong>:</strong></span> <span class='ocrx_word' id='word_1_456' title='bbox 757 4036 849 4090; x_wconf 86' lang='lat' dir='ltr'><strong>sed</strong></span> <span class='ocrx_word' id='word_1_457' title='bbox 882 4035 995 4088; x_wconf 62' lang='lat' dir='ltr'><strong>hate</strong></span> <span class='ocrx_word' id='word_1_458' title='bbox 1023 4042 1202 4097; x_wconf 87' lang='lat' dir='ltr'><strong>erunt,</strong></span> <span class='ocrx_word' id='word_1_459' title='bbox 1230 4042 1290 4089; x_wconf 91' lang='lat' dir='ltr'><strong>ut</strong></span> <span class='ocrx_word' id='word_1_460' title='bbox 1324 4048 1502 4102; x_wconf 89' lang='lat' dir='ltr'><strong>spero,</strong></span> <span class='ocrx_word' id='word_1_461' title='bbox 1529 4032 1681 4087; x_wconf 88' lang='lat' dir='ltr'><strong>satis.</strong></span> 
     </span>
    </p>
   </div>
   <div class='ocr_carea' id='block_1_59' title="bbox 246 4123 1752 4196">
    <p class='ocr_par' dir='ltr' id='par_1_59' title="bbox 246 4123 1752 4196">
     <span class='ocr_line' id='line_1_59' title="bbox 246 4123 1752 4196; baseline -0.004 -12"><span class='ocrx_word' id='word_1_462' title='bbox 246 4126 344 4184; x_wconf 79' lang='grc' dir='ltr'><strong>ΠΙ.</strong></span> <span class='ocrx_word' id='word_1_463' title='bbox 377 4126 454 4182; x_wconf 88' lang='lat' dir='ltr'><strong>De</strong></span> <span class='ocrx_word' id='word_1_464' title='bbox 475 4128 849 4181; x_wconf 82' lang='lat' dir='ltr'><strong>asteriscornm</strong></span> <span class='ocrx_word' id='word_1_465' title='bbox 886 4137 935 4181; x_wconf 82' lang='lat' dir='ltr'><strong>et</strong></span> <span class='ocrx_word' id='word_1_466' title='bbox 960 4126 1230 4180; x_wconf 75' lang='lat' dir='ltr'><strong>obeloruttt</strong></span> <span class='ocrx_word' id='word_1_467' title='bbox 1262 4144 1362 4179; x_wconf 84' lang='lat' dir='ltr'><strong>usu</strong></span> <span class='ocrx_word' id='word_1_468' title='bbox 1388 4127 1442 4178; x_wconf 86' lang='lat' dir='ltr'><strong>in</strong></span> <span class='ocrx_word' id='word_1_469' title='bbox 1475 4123 1752 4196; x_wconf 68' lang='lat' dir='ltr'><strong>lleataplis.</strong></span> 
     </span>
    </p>
   </div>
   <div class='ocr_carea' id='block_1_60' title="bbox 286 4216 1789 4287">
    <p class='ocr_par' dir='ltr' id='par_1_60' title="bbox 286 4216 1789 4287">
     <span class='ocr_line' id='line_1_60' title="bbox 286 4216 1789 4287; baseline -0.002 -12"><span class='ocrx_word' id='word_1_470' title='bbox 286 4221 595 4275; x_wconf 76' lang='lat' dir='ltr'><strong>Asteriscos</strong></span> <span class='ocrx_word' id='word_1_471' title='bbox 624 4229 678 4274; x_wconf 90' lang='lat' dir='ltr'><strong>et</strong></span> <span class='ocrx_word' id='word_1_472' title='bbox 707 4220 891 4274; x_wconf 89' lang='lat' dir='ltr'><strong>obelos</strong></span> <span class='ocrx_word' id='word_1_473' title='bbox 915 4220 967 4273; x_wconf 93' lang='lat' dir='ltr'><strong>in</strong></span> <span class='ocrx_word' id='word_1_474' title='bbox 992 4219 1226 4274; x_wconf 72' lang='lat' dir='ltr'><strong>editione</strong></span> <span class='ocrx_word' id='word_1_475' title='bbox 1255 4216 1393 4271; x_wconf 77' lang='lat' dir='ltr'><strong>LXX</strong></span> <span class='ocrx_word' id='word_1_476' title='bbox 1434 4217 1789 4287; x_wconf 90' lang='lat' dir='ltr'><strong>Interpretum</strong></span> 
     </span>
    </p>
   </div>
   <div class='ocr_carea' id='block_1_61' title="bbox 211 4308 1787 4381">
    <p class='ocr_par' dir='ltr' id='par_1_61' title="bbox 211 4308 1787 4381">
     <span class='ocr_line' id='line_1_61' title="bbox 211 4308 1787 4381; baseline -0.004 -13"><span class='ocrx_word' id='word_1_477' title='bbox 211 4312 495 4381; x_wconf 68' lang='lat' dir='ltr'><strong>besaplari</strong></span> <span class='ocrx_word' id='word_1_478' title='bbox 524 4311 807 4379; x_wconf 79' lang='lat' dir='ltr'><strong>usurpavit</strong></span> <span class='ocrx_word' id='word_1_479' title='bbox 829 4310 1110 4380; x_wconf 76' lang='lat' dir='ltr'><strong>Origenes,</strong></span> <span class='ocrx_word' id='word_1_480' title='bbox 1147 4320 1207 4364; x_wconf 91' lang='lat' dir='ltr'><strong>ut</strong></span> <span class='ocrx_word' id='word_1_481' title='bbox 1234 4308 1363 4378; x_wconf 85' lang='lat' dir='ltr'><strong>quid</strong></span> <span class='ocrx_word' id='word_1_482' title='bbox 1391 4308 1461 4362; x_wconf 87' lang='lat' dir='ltr'><strong>ibi</strong></span> <span class='ocrx_word' id='word_1_483' title='bbox 1482 4309 1787 4363; x_wconf 84' lang='lat' dir='ltr'><strong>addendum</strong></span> 
     </span>
    </p>
   </div>
   <div class='ocr_carea' id='block_1_62' title="bbox 214 4400 1788 4472">
    <p class='ocr_par' dir='ltr' id='par_1_62' title="bbox 214 4400 1788 4472">
     <span class='ocr_line' id='line_1_62' title="bbox 214 4400 1788 4472; baseline -0.002 -14"><span class='ocrx_word' id='word_1_484' title='bbox 214 4405 303 4460; x_wconf 81' lang='lat' dir='ltr'><strong>vel</strong></span> <span class='ocrx_word' id='word_1_485' title='bbox 331 4404 656 4459; x_wconf 88' lang='lat' dir='ltr'><strong>demendum</strong></span> <span class='ocrx_word' id='word_1_486' title='bbox 684 4412 829 4458; x_wconf 88' lang='lat' dir='ltr'><strong>esset</strong></span> <span class='ocrx_word' id='word_1_487' title='bbox 852 4404 1114 4457; x_wconf 89' lang='lat' dir='ltr'><strong>indicaret</strong></span> <span class='ocrx_word' id='word_1_488' title='bbox 1145 4421 1157 4457; x_wconf 92' lang='lat'>:</span> <span class='ocrx_word' id='word_1_489' title='bbox 1185 4404 1328 4469; x_wconf 90' lang='lat' dir='ltr'><strong>quod</strong></span> <span class='ocrx_word' id='word_1_490' title='bbox 1354 4411 1501 4457; x_wconf 89' lang='lat' dir='ltr'><strong>tanta</strong></span> <span class='ocrx_word' id='word_1_491' title='bbox 1528 4400 1788 4472; x_wconf 86' lang='lat' dir='ltr'><strong>religione</strong></span> 
     </span>
    </p>
   </div>
   <div class='ocr_carea' id='block_1_63' title="bbox 211 4495 1784 4569">
    <p class='ocr_par' dir='ltr' id='par_1_63' title="bbox 211 4495 1784 4569">
     <span class='ocr_line' id='line_1_63' title="bbox 211 4495 1784 4569; baseline -0.002 -17"><span class='ocrx_word' id='word_1_492' title='bbox 211 4496 488 4569; x_wconf 66' lang='lat' dir='ltr'><strong>praestitit,</strong></span> <span class='ocrx_word' id='word_1_493' title='bbox 524 4508 583 4551; x_wconf 91' lang='lat' dir='ltr'><strong>ut</strong></span> <span class='ocrx_word' id='word_1_494' title='bbox 611 4496 756 4566; x_wconf 89' lang='lat' dir='ltr'><strong>quod</strong></span> <span class='ocrx_word' id='word_1_495' title='bbox 783 4495 1052 4565; x_wconf 88' lang='lat' dir='ltr'><strong>adjectum</strong></span> <span class='ocrx_word' id='word_1_496' title='bbox 1091 4505 1208 4549; x_wconf 87' lang='lat' dir='ltr'><strong>erat</strong></span> <span class='ocrx_word' id='word_1_497' title='bbox 1258 4495 1478 4564; x_wconf 64' lang='lat' dir='ltr'><strong>praeﬁxo</strong></span> <span class='ocrx_word' id='word_1_498' title='bbox 1501 4497 1784 4559; x_wconf 88' lang='lat' dir='ltr'><strong>asterisco,</strong></span> 
     </span>
    </p>
   </div>
   <div class='ocr_carea' id='block_1_64' title="bbox 212 4586 1787 4659">
    <p class='ocr_par' dir='ltr' id='par_1_64' title="bbox 212 4586 1787 4659">
     <span class='ocr_line' id='line_1_64' title="bbox 212 4586 1787 4659; baseline -0.003 -13"><span class='ocrx_word' id='word_1_499' title='bbox 212 4592 295 4647; x_wconf 81' lang='lat' dir='ltr'><strong>sic</strong></span> <span class='ocrx_word' id='word_1_500' title='bbox 327 4590 418 4658; x_wconf 60' lang='grc' dir='ltr'>Χ,</span> <span class='ocrx_word' id='word_1_501' title='bbox 450 4598 505 4642; x_wconf 89' lang='lat' dir='ltr'><strong>et</strong></span> <span class='ocrx_word' id='word_1_502' title='bbox 530 4588 847 4659; x_wconf 85' lang='lat' dir='ltr'><strong>postpositis</strong></span> <span class='ocrx_word' id='word_1_503' title='bbox 893 4587 1109 4642; x_wconf 85' lang='lat' dir='ltr'><strong>duobus</strong></span> <span class='ocrx_word' id='word_1_504' title='bbox 1166 4588 1384 4657; x_wconf 89' lang='lat' dir='ltr'><strong>punctis</strong></span> <span class='ocrx_word' id='word_1_505' title='bbox 1423 4586 1787 4641; x_wconf 87' lang='lat' dir='ltr'><strong>crassioribus</strong></span> 
     </span>
    </p>
   </div>
   <div class='ocr_carea' id='block_1_65' title="bbox 211 4678 1784 4749">
    <p class='ocr_par' dir='ltr' id='par_1_65' title="bbox 211 4678 1784 4749">
     <span class='ocr_line' id='line_1_65' title="bbox 211 4678 1784 4749; baseline -0.001 -13"><span class='ocrx_word' id='word_1_506' title='bbox 211 4681 320 4739; x_wconf 77' lang='lat' dir='ltr'><strong>bac</strong></span> <span class='ocrx_word' id='word_1_507' title='bbox 354 4680 529 4735; x_wconf 88' lang='lat' dir='ltr'><strong>l&#39;orma</strong></span> <span class='ocrx_word' id='word_1_508' title='bbox 565 4681 588 4749; x_wconf 72' lang='grc' dir='ltr'>ζ</span> <span class='ocrx_word' id='word_1_509' title='bbox 628 4680 812 4734; x_wconf 86' lang='lat' dir='ltr'><strong>statim</strong></span> <span class='ocrx_word' id='word_1_510' title='bbox 863 4679 1172 4736; x_wconf 88' lang='lat' dir='ltr'><strong>emineret:</strong></span> <span class='ocrx_word' id='word_1_511' title='bbox 1224 4678 1368 4748; x_wconf 89' lang='lat' dir='ltr'><strong>quod</strong></span> <span class='ocrx_word' id='word_1_512' title='bbox 1394 4694 1525 4734; x_wconf 86' lang='lat' dir='ltr'><strong>vero</strong></span> <span class='ocrx_word' id='word_1_513' title='bbox 1577 4694 1784 4748; x_wconf 85' lang='lat' dir='ltr'><strong>expun-</strong></span> 
     </span>
    </p>
   </div>
   <div class='ocr_carea' id='block_1_66' title="bbox 211 4773 1786 4845">
    <p class='ocr_par' dir='ltr' id='par_1_66' title="bbox 211 4773 1786 4845">
     <span class='ocr_line' id='line_1_66' title="bbox 211 4773 1786 4845; baseline 0.001 -18"><span class='ocrx_word' id='word_1_514' title='bbox 211 4774 447 4845; x_wconf 76' lang='lat' dir='ltr'><strong>gendum</strong></span> <span class='ocrx_word' id='word_1_515' title='bbox 474 4773 786 4841; x_wconf 73' lang='lat' dir='ltr'><strong>putabatur,</strong></span> <span class='ocrx_word' id='word_1_516' title='bbox 812 4773 1091 4843; x_wconf 66' lang='lat' dir='ltr'><strong>praemisso</strong></span> <span class='ocrx_word' id='word_1_517' title='bbox 1118 4774 1273 4829; x_wconf 89' lang='lat' dir='ltr'><strong>obelo</strong></span> <span class='ocrx_word' id='word_1_518' title='bbox 1304 4775 1403 4829; x_wconf 90' lang='lat' dir='ltr'><strong>hac</strong></span> <span class='ocrx_word' id='word_1_519' title='bbox 1432 4774 1604 4829; x_wconf 82' lang='lat' dir='ltr'><strong>forma</strong></span> <span class='ocrx_word' id='word_1_520' title='bbox 1634 4787 1697 4830; x_wconf 76' lang='grc' dir='ltr'><strong>σι-</strong></span> <span class='ocrx_word' id='word_1_521' title='bbox 1731 4782 1786 4829; x_wconf 89' lang='lat' dir='ltr'><strong>et</strong></span> 
     </span>
    </p>
   </div>
   <div class='ocr_carea' id='block_1_67' title="bbox 193 4862 1781 4935">
    <p class='ocr_par' dir='ltr' id='par_1_67' title="bbox 193 4862 1781 4935">
     <span class='ocr_line' id='line_1_67' title="bbox 193 4862 1781 4935; baseline 0.001 -18"><span class='ocrx_word' id='word_1_522' title='bbox 193 4864 439 4935; x_wconf 66' lang='lat' dir='ltr'><strong>radjectis</strong></span> <span class='ocrx_word' id='word_1_523' title='bbox 469 4863 685 4917; x_wconf 85' lang='lat' dir='ltr'><strong>duobus</strong></span> <span class='ocrx_word' id='word_1_524' title='bbox 720 4862 776 4917; x_wconf 91' lang='lat' dir='ltr'><strong>in</strong></span> <span class='ocrx_word' id='word_1_525' title='bbox 828 4862 936 4918; x_wconf 81' lang='lat' dir='ltr'><strong>line</strong></span> <span class='ocrx_word' id='word_1_526' title='bbox 977 4865 1195 4933; x_wconf 89' lang='lat' dir='ltr'><strong>punctis</strong></span> <span class='ocrx_word' id='word_1_527' title='bbox 1227 4864 1249 4933; x_wconf 72' lang='grc' dir='ltr'>ζ</span> <span class='ocrx_word' id='word_1_528' title='bbox 1284 4865 1338 4919; x_wconf 92' lang='lat' dir='ltr'><strong>in</strong></span> <span class='ocrx_word' id='word_1_529' title='bbox 1389 4866 1528 4920; x_wconf 86' lang='lat' dir='ltr'><strong>serie</strong></span> <span class='ocrx_word' id='word_1_530' title='bbox 1579 4875 1781 4932; x_wconf 87' lang='lat' dir='ltr'><strong>tamen,</strong></span> 
     </span>
    </p>
   </div>
   <div class='ocr_carea' id='block_1_68' title="bbox 210 4954 1784 5017">
    <p class='ocr_par' dir='ltr' id='par_1_68' title="bbox 210 4954 1784 5017">
     <span class='ocr_line' id='line_1_68' title="bbox 210 4954 1784 5017; baseline 0.003 -9"><span class='ocrx_word' id='word_1_531' title='bbox 210 4954 300 5009; x_wconf 85' lang='lat' dir='ltr'><strong>bis</strong></span> <span class='ocrx_word' id='word_1_532' title='bbox 333 4955 477 5008; x_wconf 87' lang='lat' dir='ltr'><strong>notis</strong></span> <span class='ocrx_word' id='word_1_533' title='bbox 503 4954 843 5017; x_wconf 83' lang='lat' dir='ltr'><strong>distinctum,</strong></span> <span class='ocrx_word' id='word_1_534' title='bbox 877 4964 1201 5010; x_wconf 84' lang='lat' dir='ltr'><strong>remaneret.</strong></span> <span class='ocrx_word' id='word_1_535' title='bbox 1253 4954 1367 5011; x_wconf 86' lang='lat' dir='ltr'><strong>Hoc</strong></span> <span class='ocrx_word' id='word_1_536' title='bbox 1395 4966 1574 5012; x_wconf 89' lang='lat' dir='ltr'><strong>autem</strong></span> <span class='ocrx_word' id='word_1_537' title='bbox 1613 4956 1784 5012; x_wconf 85' lang='lat' dir='ltr'><strong>artill-</strong></span> 
     </span>
    </p>
   </div>
   <div class='ocr_carea' id='block_1_69' title="bbox 208 5041 1780 5117">
    <p class='ocr_par' dir='ltr' id='par_1_69' title="bbox 208 5041 1780 5117">
     <span class='ocr_line' id='line_1_69' title="bbox 208 5041 1780 5117; baseline 0.004 -22"><span class='ocrx_word' id='word_1_538' title='bbox 208 5042 297 5096; x_wconf 91' lang='lat' dir='ltr'><strong>cio</strong></span> <span class='ocrx_word' id='word_1_539' title='bbox 326 5051 480 5096; x_wconf 84' lang='lat' dir='ltr'><strong>vetus</strong></span> <span class='ocrx_word' id='word_1_540' title='bbox 516 5041 606 5097; x_wconf 85' lang='lat' dir='ltr'><strong>illa</strong></span> <span class='ocrx_word' id='word_1_541' title='bbox 636 5042 790 5114; x_wconf 84' lang='grc' dir='ltr'>κοινὴ</span> <span class='ocrx_word' id='word_1_542' title='bbox 844 5056 939 5097; x_wconf 90' lang='lat' dir='ltr'><strong>seu</strong></span> <span class='ocrx_word' id='word_1_543' title='bbox 985 5044 1205 5115; x_wconf 86' lang='lat' dir='ltr'><strong>vulgata</strong></span> <span class='ocrx_word' id='word_1_544' title='bbox 1231 5044 1372 5099; x_wconf 75' lang='lat' dir='ltr'><strong>LXX</strong></span> <span class='ocrx_word' id='word_1_545' title='bbox 1424 5047 1780 5117; x_wconf 85' lang='lat' dir='ltr'><strong>lntcrpretum</strong></span> 
     </span>
    </p>
   </div>
   <div class='ocr_carea' id='block_1_70' title="bbox 209 5133 1777 5206">
    <p class='ocr_par' dir='ltr' id='par_1_70' title="bbox 209 5133 1777 5206">
     <span class='ocr_line' id='line_1_70' title="bbox 209 5133 1777 5206; baseline 0.004 -19"><span class='ocrx_word' id='word_1_546' title='bbox 209 5133 403 5198; x_wconf 84' lang='lat' dir='ltr'><strong>editio,</strong></span> <span class='ocrx_word' id='word_1_547' title='bbox 436 5133 642 5186; x_wconf 89' lang='lat' dir='ltr'><strong>intacta</strong></span> <span class='ocrx_word' id='word_1_548' title='bbox 678 5133 843 5187; x_wconf 86' lang='lat' dir='ltr'><strong>simul</strong></span> <span class='ocrx_word' id='word_1_549' title='bbox 885 5143 939 5188; x_wconf 89' lang='lat' dir='ltr'><strong>et</strong></span> <span class='ocrx_word' id='word_1_550' title='bbox 975 5139 1262 5189; x_wconf 88' lang='lat' dir='ltr'><strong>emendata</strong></span> <span class='ocrx_word' id='word_1_551' title='bbox 1295 5139 1730 5206; x_wconf 89' lang='lat' dir='ltr'><strong>conspiciebatur</strong></span> <span class='ocrx_word' id='word_1_552' title='bbox 1762 5158 1777 5194; x_wconf 90' lang='lat'><strong>:</strong></span> 
     </span>
    </p>
   </div>
   <div class='ocr_carea' id='block_1_71' title="bbox 205 5223 1782 5298">
    <p class='ocr_par' dir='ltr' id='par_1_71' title="bbox 205 5223 1782 5298">
     <span class='ocr_line' id='line_1_71' title="bbox 205 5223 1782 5298; baseline 0.004 -20"><span class='ocrx_word' id='word_1_553' title='bbox 205 5223 455 5292; x_wconf 89' lang='lat' dir='ltr'><strong>exceptis</strong></span> <span class='ocrx_word' id='word_1_554' title='bbox 483 5233 663 5277; x_wconf 81' lang='lat' dir='ltr'><strong>tamen</strong></span> <span class='ocrx_word' id='word_1_555' title='bbox 699 5225 767 5279; x_wconf 91' lang='lat' dir='ltr'><strong>iis</strong></span> <span class='ocrx_word' id='word_1_556' title='bbox 799 5225 932 5279; x_wconf 89' lang='lat' dir='ltr'><strong>locis</strong></span> <span class='ocrx_word' id='word_1_557' title='bbox 959 5225 1049 5280; x_wconf 90' lang='lat' dir='ltr'><strong>ubi</strong></span> <span class='ocrx_word' id='word_1_558' title='bbox 1080 5227 1214 5280; x_wconf 89' lang='lat' dir='ltr'><strong>ordo</strong></span> <span class='ocrx_word' id='word_1_559' title='bbox 1246 5225 1538 5297; x_wconf 60' lang='lat' dir='ltr'><strong>Scriptura;</strong></span> <span class='ocrx_word' id='word_1_560' title='bbox 1569 5241 1782 5298; x_wconf 89' lang='lat' dir='ltr'><strong>pertur-</strong></span> 
     </span>
    </p>
   </div>
   <div class='ocr_carea' id='block_1_72' title="bbox 207 5315 1775 5387">
    <p class='ocr_par' dir='ltr' id='par_1_72' title="bbox 207 5315 1775 5387">
     <span class='ocr_line' id='line_1_72' title="bbox 207 5315 1775 5387; baseline 0.004 -18"><span class='ocrx_word' id='word_1_561' title='bbox 207 5316 369 5370; x_wconf 87' lang='lat' dir='ltr'><strong>batus</strong></span> <span class='ocrx_word' id='word_1_562' title='bbox 403 5325 543 5380; x_wconf 86' lang='lat' dir='ltr'><strong>erat,</strong></span> <span class='ocrx_word' id='word_1_563' title='bbox 600 5315 676 5369; x_wconf 89' lang='lat' dir='ltr'><strong>ita</strong></span> <span class='ocrx_word' id='word_1_564' title='bbox 731 5325 792 5369; x_wconf 91' lang='lat' dir='ltr'><strong>ut</strong></span> <span class='ocrx_word' id='word_1_565' title='bbox 828 5317 997 5372; x_wconf 90' lang='lat' dir='ltr'><strong>multa</strong></span> <span class='ocrx_word' id='word_1_566' title='bbox 1029 5328 1355 5387; x_wconf 62' lang='lat' dir='ltr'><strong>praepostere</strong></span> <span class='ocrx_word' id='word_1_567' title='bbox 1407 5328 1775 5387; x_wconf 86' lang='lat' dir='ltr'><strong>ponerentur:</strong></span> 
     </span>
    </p>
   </div>
   <div class='ocr_carea' id='block_1_73' title="bbox 208 5406 1780 5481">
    <p class='ocr_par' dir='ltr' id='par_1_73' title="bbox 208 5406 1780 5481">
     <span class='ocr_line' id='line_1_73' title="bbox 208 5406 1780 5481; baseline 0.003 -19"><span class='ocrx_word' id='word_1_568' title='bbox 208 5406 283 5462; x_wconf 81' lang='lat' dir='ltr'><strong>ibi</strong></span> <span class='ocrx_word' id='word_1_569' title='bbox 300 5407 447 5461; x_wconf 90' lang='lat' dir='ltr'><strong>enim</strong></span> <span class='ocrx_word' id='word_1_570' title='bbox 465 5407 727 5478; x_wconf 73' lang='lat' dir='ltr'><strong>Origenes</strong></span> <span class='ocrx_word' id='word_1_571' title='bbox 753 5424 1062 5478; x_wconf 76' lang='lat' dir='ltr'><strong>germanam</strong></span> <span class='ocrx_word' id='word_1_572' title='bbox 1088 5417 1139 5463; x_wconf 91' lang='lat' dir='ltr'><strong>ct</strong></span> <span class='ocrx_word' id='word_1_573' title='bbox 1163 5410 1228 5463; x_wconf 88' lang='lat' dir='ltr'><strong>ad</strong></span> <span class='ocrx_word' id='word_1_574' title='bbox 1259 5411 1537 5481; x_wconf 87' lang='lat' dir='ltr'><strong>exemplar</strong></span> <span class='ocrx_word' id='word_1_575' title='bbox 1554 5412 1780 5467; x_wconf 88' lang='lat' dir='ltr'><strong>llebrai-</strong></span> 
     </span>
    </p>
   </div>
   <div class='ocr_carea' id='block_1_74' title="bbox 205 5496 1778 5570">
    <p class='ocr_par' dir='ltr' id='par_1_74' title="bbox 205 5496 1778 5570">
     <span class='ocr_line' id='line_1_74' title="bbox 205 5496 1778 5570; baseline 0.007 -24"><span class='ocrx_word' id='word_1_576' title='bbox 205 5505 333 5546; x_wconf 87' lang='lat' dir='ltr'><strong>cum</strong></span> <span class='ocrx_word' id='word_1_577' title='bbox 358 5496 828 5550; x_wconf 73' lang='lat' dir='ltr'><strong>accommodatam</strong></span> <span class='ocrx_word' id='word_1_578' title='bbox 862 5497 1056 5551; x_wconf 83' lang='lat' dir='ltr'><strong>seriem</strong></span> <span class='ocrx_word' id='word_1_579' title='bbox 1105 5498 1440 5553; x_wconf 85' lang='lat' dir='ltr'><strong>restituerat.</strong></span> <span class='ocrx_word' id='word_1_580' title='bbox 1497 5498 1629 5566; x_wconf 68' lang='lat' dir='ltr'><strong>Quae</strong></span> <span class='ocrx_word' id='word_1_581' title='bbox 1658 5511 1778 5570; x_wconf 86' lang='lat' dir='ltr'><strong>post</strong></span> 
     </span>
    </p>
   </div>
   <div class='ocr_carea' id='block_1_75' title="bbox 205 5586 1774 5656">
    <p class='ocr_par' dir='ltr' id='par_1_75' title="bbox 205 5586 1774 5656">
     <span class='ocr_line' id='line_1_75' title="bbox 205 5586 1774 5656; baseline 0.006 -19"><span class='ocrx_word' id='word_1_582' title='bbox 205 5586 532 5640; x_wconf 74' lang='lat' dir='ltr'><strong>astet-iscum</strong></span> <span class='ocrx_word' id='word_1_583' title='bbox 573 5588 935 5656; x_wconf 76' lang='lat' dir='ltr'><strong>ponebantur,</strong></span> <span class='ocrx_word' id='word_1_584' title='bbox 984 5603 1052 5643; x_wconf 81' lang='lat' dir='ltr'><strong>ex</strong></span> <span class='ocrx_word' id='word_1_585' title='bbox 1097 5589 1334 5645; x_wconf 91' lang='lat' dir='ltr'><strong>editione</strong></span> <span class='ocrx_word' id='word_1_586' title='bbox 1386 5588 1774 5648; x_wconf 86' lang='lat' dir='ltr'><strong>Theodotionis</strong></span> 
     </span>
    </p>
   </div>
   <div class='ocr_carea' id='block_1_76' title="bbox 205 5678 1773 5753">
    <p class='ocr_par' dir='ltr' id='par_1_76' title="bbox 205 5678 1773 5753">
     <span class='ocr_line' id='line_1_76' title="bbox 205 5678 1773 5753; baseline 0.007 -25"><span class='ocrx_word' id='word_1_587' title='bbox 205 5687 266 5729; x_wconf 89' lang='grc' dir='ltr'><strong>ιιι</strong></span> <span class='ocrx_word' id='word_1_588' title='bbox 292 5678 595 5747; x_wconf 81' lang='lat' dir='ltr'><strong>plurimum</strong></span> <span class='ocrx_word' id='word_1_589' title='bbox 624 5689 879 5751; x_wconf 80' lang='lat' dir='ltr'><strong>excerpta</strong></span> <span class='ocrx_word' id='word_1_590' title='bbox 909 5690 1105 5748; x_wconf 86' lang='lat' dir='ltr'><strong>erant;</strong></span> <span class='ocrx_word' id='word_1_591' title='bbox 1144 5696 1254 5738; x_wconf 87' lang='lat' dir='ltr'><strong>non</strong></span> <span class='ocrx_word' id='word_1_592' title='bbox 1289 5679 1660 5753; x_wconf 72' lang='lat' dir='ltr'><strong>infrequente:</strong></span> <span class='ocrx_word' id='word_1_593' title='bbox 1705 5699 1773 5741; x_wconf 82' lang='lat' dir='ltr'><strong>ex</strong></span> 
     </span>
    </p>
   </div>
   <div class='ocr_carea' id='block_1_77' title="bbox 1826 3084 2640 3185">
    <p class='ocr_par' dir='ltr' id='par_1_77' title="bbox 1826 3084 2640 3185">
     <span class='ocr_line' id='line_1_77' title="bbox 1826 3084 2640 3185; baseline 0.004 -18"><span class='ocrx_word' id='word_1_594' title='bbox 1826 3084 2205 3185; x_wconf 69' lang='lat' dir='ltr'><strong>Cduvdpswv.</strong></span> <span class='ocrx_word' id='word_1_595' title='bbox 2275 3112 2355 3169; x_wconf 85' lang='lat' dir='ltr'><strong>Ex</strong></span> <span class='ocrx_word' id='word_1_596' title='bbox 2421 3084 2640 3184; x_wconf 77' lang='lat' dir='ltr'><strong>Aquila,</strong></span> 
     </span>
    </p>
   </div>
   <div class='ocr_carea' id='block_1_78' title="bbox 1914 1838 3493 1908">
    <p class='ocr_par' dir='ltr' id='par_1_78' title="bbox 1914 1838 3493 1908">
     <span class='ocr_line' id='line_1_78' title="bbox 1914 1838 3493 1908; baseline 0.004 -17"><span class='ocrx_word' id='word_1_597' title='bbox 1914 1853 2022 1908; x_wconf 90' lang='lat' dir='ltr'><strong>qua</strong></span> <span class='ocrx_word' id='word_1_598' title='bbox 2059 1838 2112 1892; x_wconf 92' lang='lat' dir='ltr'><strong>in</strong></span> <span class='ocrx_word' id='word_1_599' title='bbox 2141 1854 2201 1894; x_wconf 90' lang='lat' dir='ltr'><strong>re</strong></span> <span class='ocrx_word' id='word_1_600' title='bbox 2227 1840 2474 1894; x_wconf 88' lang='lat' dir='ltr'><strong>codicum</strong></span> <span class='ocrx_word' id='word_1_601' title='bbox 2510 1853 2715 1893; x_wconf 88' lang='lat' dir='ltr'><strong>morem</strong></span> <span class='ocrx_word' id='word_1_602' title='bbox 2765 1838 3017 1906; x_wconf 82' lang='lat' dir='ltr'><strong>religiose</strong></span> <span class='ocrx_word' id='word_1_603' title='bbox 3057 1840 3228 1895; x_wconf 89' lang='lat' dir='ltr'><strong>secuti</strong></span> <span class='ocrx_word' id='word_1_604' title='bbox 3279 1855 3493 1897; x_wconf 89' lang='lat' dir='ltr'><strong>sumus.</strong></span> 
     </span>
    </p>
   </div>
   <div class='ocr_carea' id='block_1_79' title="bbox 1914 1926 3497 2000">
    <p class='ocr_par' dir='ltr' id='par_1_79' title="bbox 1914 1926 3497 2000">
     <span class='ocr_line' id='line_1_79' title="bbox 1914 1926 3497 2000; baseline 0.002 -18"><span class='ocrx_word' id='word_1_605' title='bbox 1914 1929 1973 1982; x_wconf 88' lang='lat' dir='ltr'><strong>In</strong></span> <span class='ocrx_word' id='word_1_606' title='bbox 1998 1929 2065 1983; x_wconf 90' lang='lat' dir='ltr'><strong>iis</strong></span> <span class='ocrx_word' id='word_1_607' title='bbox 2088 1944 2209 1998; x_wconf 68' lang='lat' dir='ltr'><strong>qure</strong></span> <span class='ocrx_word' id='word_1_608' title='bbox 2236 1944 2299 1983; x_wconf 89' lang='lat' dir='ltr'><strong>ex</strong></span> <span class='ocrx_word' id='word_1_609' title='bbox 2329 1929 2701 1984; x_wconf 85' lang='lat' dir='ltr'><strong>Thcodotione</strong></span> <span class='ocrx_word' id='word_1_610' title='bbox 2736 1938 2990 1999; x_wconf 80' lang='lat' dir='ltr'><strong>excerpta</strong></span> <span class='ocrx_word' id='word_1_611' title='bbox 3021 1938 3195 1996; x_wconf 90' lang='lat' dir='ltr'><strong>erant,</strong></span> <span class='ocrx_word' id='word_1_612' title='bbox 3237 1926 3497 2000; x_wconf 81' lang='lat' dir='ltr'><strong>frequen-</strong></span> 
     </span>
    </p>
   </div>
   <div class='ocr_carea' id='block_1_80' title="bbox 1917 2020 3489 2092">
    <p class='ocr_par' dir='ltr' id='par_1_80' title="bbox 1917 2020 3489 2092">
     <span class='ocr_line' id='line_1_80' title="bbox 1917 2020 3489 2092; baseline 0.002 -17"><span class='ocrx_word' id='word_1_613' title='bbox 1917 2030 2000 2076; x_wconf 90' lang='lat' dir='ltr'><strong>ter</strong></span> <span class='ocrx_word' id='word_1_614' title='bbox 2047 2022 2116 2076; x_wconf 90' lang='lat' dir='ltr'><strong>ab</strong></span> <span class='ocrx_word' id='word_1_615' title='bbox 2158 2022 2238 2078; x_wconf 92' lang='lat' dir='ltr'><strong>eis</strong></span> <span class='ocrx_word' id='word_1_616' title='bbox 2291 2023 2531 2078; x_wconf 90' lang='lat' dir='ltr'><strong>librariis</strong></span> <span class='ocrx_word' id='word_1_617' title='bbox 2580 2022 2674 2092; x_wconf 89' lang='lat' dir='ltr'><strong>qui</strong></span> <span class='ocrx_word' id='word_1_618' title='bbox 2729 2020 3097 2091; x_wconf 81' lang='lat' dir='ltr'><strong>Hexaplorum</strong></span> <span class='ocrx_word' id='word_1_619' title='bbox 3141 2022 3404 2078; x_wconf 87' lang='lat' dir='ltr'><strong>lectiones</strong></span> <span class='ocrx_word' id='word_1_620' title='bbox 3433 2023 3489 2078; x_wconf 88' lang='lat' dir='ltr'><strong>in</strong></span> 
     </span>
    </p>
   </div>
   <div class='ocr_carea' id='block_1_81' title="bbox 1915 2112 3491 2184">
    <p class='ocr_par' dir='ltr' id='par_1_81' title="bbox 1915 2112 3491 2184">
     <span class='ocr_line' id='line_1_81' title="bbox 1915 2112 3491 2184; baseline 0.003 -17"><span class='ocrx_word' id='word_1_621' title='bbox 1915 2113 2252 2181; x_wconf 79' lang='lat' dir='ltr'><strong>marginibus</strong></span> <span class='ocrx_word' id='word_1_622' title='bbox 2315 2113 2611 2169; x_wconf 88' lang='lat' dir='ltr'><strong>Bibliorum</strong></span> <span class='ocrx_word' id='word_1_623' title='bbox 2646 2113 3047 2181; x_wconf 87' lang='lat' dir='ltr'><strong>describebant,</strong></span> <span class='ocrx_word' id='word_1_624' title='bbox 3089 2113 3169 2170; x_wconf 88' lang='lat' dir='ltr'><strong>sic</strong></span> <span class='ocrx_word' id='word_1_625' title='bbox 3216 2116 3283 2184; x_wconf 51' lang='grc' dir='ltr'><strong>Ἀ(</strong></span> <span class='ocrx_word' id='word_1_626' title='bbox 3315 2112 3389 2170; x_wconf 85' lang='grc' dir='ltr'><strong>θ’.</strong></span> <span class='ocrx_word' id='word_1_627' title='bbox 3423 2114 3491 2172; x_wconf 83' lang='grc' dir='ltr'><strong>Θ.</strong></span> 
     </span>
    </p>
   </div>
   <div class='ocr_carea' id='block_1_82' title="bbox 1912 2204 3490 2275">
    <p class='ocr_par' dir='ltr' id='par_1_82' title="bbox 1912 2204 3490 2275">
     <span class='ocr_line' id='line_1_82' title="bbox 1912 2204 3490 2275; baseline 0.003 -19"><span class='ocrx_word' id='word_1_628' title='bbox 1912 2204 1997 2258; x_wconf 85' lang='lat' dir='ltr'><strong>vel</strong></span> <span class='ocrx_word' id='word_1_629' title='bbox 2054 2207 2119 2272; x_wconf 41' lang='grc' dir='ltr'>ᾖ(</span> <span class='ocrx_word' id='word_1_630' title='bbox 2148 2204 2210 2258; x_wconf 90' lang='grc' dir='ltr'><strong>Θ.</strong></span> <span class='ocrx_word' id='word_1_631' title='bbox 2242 2209 2319 2258; x_wconf 88' lang='lat' dir='ltr'><strong>O&#39;.</strong></span> <span class='ocrx_word' id='word_1_632' title='bbox 2353 2206 2707 2275; x_wconf 84' lang='lat' dir='ltr'><strong>ponebatur:</strong></span> <span class='ocrx_word' id='word_1_633' title='bbox 2760 2205 2813 2258; x_wconf 87' lang='lat' dir='ltr'><strong>id</strong></span> <span class='ocrx_word' id='word_1_634' title='bbox 2867 2219 2998 2259; x_wconf 87' lang='lat' dir='ltr'><strong>vero</strong></span> <span class='ocrx_word' id='word_1_635' title='bbox 3047 2204 3387 2274; x_wconf 82' lang='lat' dir='ltr'><strong>signiﬁcabat</strong></span> <span class='ocrx_word' id='word_1_636' title='bbox 3434 2207 3490 2262; x_wconf 89' lang='lat' dir='ltr'><strong>in</strong></span> 
     </span>
    </p>
   </div>
   <div class='ocr_carea' id='block_1_83' title="bbox 1910 2292 3494 2365">
    <p class='ocr_par' dir='ltr' id='par_1_83' title="bbox 1910 2292 3494 2365">
     <span class='ocr_line' id='line_1_83' title="bbox 1910 2292 3494 2365; baseline 0.002 -18"><span class='ocrx_word' id='word_1_637' title='bbox 1910 2297 2025 2359; x_wconf 79' lang='grc' dir='ltr'><strong><em>τοῖς</em></strong></span> <span class='ocrx_word' id='word_1_638' title='bbox 2053 2299 2106 2348; x_wconf 88' lang='lat'><strong>0&#39;</strong></span> <span class='ocrx_word' id='word_1_639' title='bbox 2132 2296 2354 2364; x_wconf 85' lang='lat' dir='ltr'><strong>reperiri</strong></span> <span class='ocrx_word' id='word_1_640' title='bbox 2382 2312 2445 2350; x_wconf 87' lang='lat' dir='ltr'><strong>ex</strong></span> <span class='ocrx_word' id='word_1_641' title='bbox 2474 2295 2847 2350; x_wconf 84' lang='lat' dir='ltr'><strong>Theodotione</strong></span> <span class='ocrx_word' id='word_1_642' title='bbox 2875 2295 3245 2365; x_wconf 89' lang='lat' dir='ltr'><strong>desumptum.</strong></span> <span class='ocrx_word' id='word_1_643' title='bbox 3280 2294 3372 2352; x_wconf 90' lang='lat' dir='ltr'><strong>Sic</strong></span> <span class='ocrx_word' id='word_1_644' title='bbox 3390 2292 3494 2350; x_wconf 76' lang='lat' dir='ltr'><strong>Job</strong></span> 
     </span>
    </p>
   </div>
   <div class='ocr_carea' id='block_1_84' title="bbox 1910 2385 3488 2460">
    <p class='ocr_par' dir='ltr' id='par_1_84' title="bbox 1910 2385 3488 2460">
     <span class='ocr_line' id='line_1_84' title="bbox 1910 2385 3488 2460; baseline 0.001 -21"><span class='ocrx_word' id='word_1_645' title='bbox 1910 2401 2101 2450; x_wconf 82' lang='lat' dir='ltr'><strong>xxxtv,</strong></span> <span class='ocrx_word' id='word_1_646' title='bbox 2123 2387 2214 2451; x_wconf 72' lang='lat'><strong>25,</strong></span> <span class='ocrx_word' id='word_1_647' title='bbox 2249 2390 2315 2456; x_wconf 81' lang='lat' dir='ltr'><strong>)t(</strong></span> <span class='ocrx_word' id='word_1_648' title='bbox 2364 2387 2424 2441; x_wconf 87' lang='grc' dir='ltr'><strong>Θ.</strong></span> <span class='ocrx_word' id='word_1_649' title='bbox 2460 2387 2538 2442; x_wconf 87' lang='lat'><strong>0&#39;.</strong></span> <span class='ocrx_word' id='word_1_650' title='bbox 2574 2387 2862 2459; x_wconf 73' lang='grc' dir='ltr'><strong>γνωρίζων</strong></span> <span class='ocrx_word' id='word_1_651' title='bbox 2908 2386 3087 2441; x_wconf 78' lang='grc' dir='ltr'>αὐτῶν</span> <span class='ocrx_word' id='word_1_652' title='bbox 3113 2387 3181 2440; x_wconf 83' lang='grc' dir='ltr'><strong>τὰ</strong></span> <span class='ocrx_word' id='word_1_653' title='bbox 3207 2385 3362 2460; x_wconf 75' lang='grc' dir='ltr'>ἔργα,</span> <span class='ocrx_word' id='word_1_654' title='bbox 3381 2394 3488 2442; x_wconf 82' lang='lat' dir='ltr'><strong>etc.</strong></span> 
     </span>
    </p>
   </div>
   <div class='ocr_carea' id='block_1_85' title="bbox 1913 2475 3484 2548">
    <p class='ocr_par' dir='ltr' id='par_1_85' title="bbox 1913 2475 3484 2548">
     <span class='ocr_line' id='line_1_85' title="bbox 1913 2475 3484 2548; baseline -0.001 -16"><span class='ocrx_word' id='word_1_655' title='bbox 1913 2475 2174 2532; x_wconf 88' lang='lat' dir='ltr'><strong>Similiter</strong></span> <span class='ocrx_word' id='word_1_656' title='bbox 2200 2494 2265 2533; x_wconf 88' lang='lat' dir='ltr'><strong>ex</strong></span> <span class='ocrx_word' id='word_1_657' title='bbox 2322 2479 2511 2548; x_wconf 82' lang='lat' dir='ltr'><strong>Aquila</strong></span> <span class='ocrx_word' id='word_1_658' title='bbox 2567 2479 2886 2533; x_wconf 89' lang='lat' dir='ltr'><strong>sumebatur</strong></span> <span class='ocrx_word' id='word_1_659' title='bbox 2913 2478 3109 2533; x_wconf 88' lang='lat' dir='ltr'><strong>lectio:</strong></span> <span class='ocrx_word' id='word_1_660' title='bbox 3152 2479 3231 2534; x_wconf 89' lang='lat' dir='ltr'><strong>sic</strong></span> <span class='ocrx_word' id='word_1_661' title='bbox 3285 2476 3484 2533; x_wconf 83' lang='lat' dir='ltr'><strong>Jerem.</strong></span> 
     </span>
    </p>
   </div>
   <div class='ocr_carea' id='block_1_86' title="bbox 1910 2566 3487 2640">
    <p class='ocr_par' dir='ltr' id='par_1_86' title="bbox 1910 2566 3487 2640">
     <span class='ocr_line' id='line_1_86' title="bbox 1910 2566 3487 2640; baseline 0 -18"><span class='ocrx_word' id='word_1_662' title='bbox 1910 2582 2047 2631; x_wconf 83' lang='lat' dir='ltr'><strong>xxu,</strong></span> <span class='ocrx_word' id='word_1_663' title='bbox 2077 2568 2168 2632; x_wconf 69' lang='grc'><strong>24,</strong></span> <span class='ocrx_word' id='word_1_664' title='bbox 2230 2571 2298 2637; x_wconf 77' lang='grc' dir='ltr'>&gt;κ</span> <span class='ocrx_word' id='word_1_665' title='bbox 2355 2573 2419 2621; x_wconf 77' lang='grc' dir='ltr'>Α.</span> <span class='ocrx_word' id='word_1_666' title='bbox 2456 2567 2596 2636; x_wconf 64' lang='grc' dir='ltr'>ὅτις</span> <span class='ocrx_word' id='word_1_667' title='bbox 2638 2568 2948 2638; x_wconf 82' lang='lat' dir='ltr'><strong>Aliquando</strong></span> <span class='ocrx_word' id='word_1_668' title='bbox 3001 2583 3068 2621; x_wconf 88' lang='lat' dir='ltr'><strong>ex</strong></span> <span class='ocrx_word' id='word_1_669' title='bbox 3131 2566 3487 2640; x_wconf 85' lang='lat' dir='ltr'><strong>Symmacho,</strong></span> 
     </span>
    </p>
   </div>
   <div class='ocr_carea' id='block_1_87' title="bbox 1909 2655 3491 2731">
    <p class='ocr_par' dir='ltr' id='par_1_87' title="bbox 1909 2655 3491 2731">
     <span class='ocr_line' id='line_1_87' title="bbox 1909 2655 3491 2731; baseline 0.003 -20"><span class='ocrx_word' id='word_1_670' title='bbox 1909 2655 2011 2712; x_wconf 80' lang='lat' dir='ltr'><strong>Job</strong></span> <span class='ocrx_word' id='word_1_671' title='bbox 2034 2674 2204 2722; x_wconf 85' lang='lat' dir='ltr'><strong>xxvn,</strong></span> <span class='ocrx_word' id='word_1_672' title='bbox 2240 2658 2325 2721; x_wconf 83' lang='lat' dir='ltr'><strong>l8,</strong></span> <span class='ocrx_word' id='word_1_673' title='bbox 2357 2661 2425 2728; x_wconf 66' lang='grc' dir='ltr'><strong>χ</strong></span> <span class='ocrx_word' id='word_1_674' title='bbox 2450 2659 2508 2712; x_wconf 88' lang='grc' dir='ltr'>Σ.</span> <span class='ocrx_word' id='word_1_675' title='bbox 2568 2658 2605 2713; x_wconf 77' lang='grc' dir='ltr'>ἃ</span> <span class='ocrx_word' id='word_1_676' title='bbox 2637 2659 2975 2731; x_wconf 79' lang='grc' dir='ltr'>συνετήρησε</span> <span class='ocrx_word' id='word_1_677' title='bbox 3020 2658 3043 2726; x_wconf 72' lang='grc' dir='ltr'>ζ</span> <span class='ocrx_word' id='word_1_678' title='bbox 3091 2657 3167 2712; x_wconf 98' lang='lat' dir='ltr'><strong>Ex</strong></span> <span class='ocrx_word' id='word_1_679' title='bbox 3210 2658 3405 2728; x_wconf 86' lang='lat' dir='ltr'><strong>Aquila</strong></span> <span class='ocrx_word' id='word_1_680' title='bbox 3432 2666 3491 2716; x_wconf 76' lang='lat' dir='ltr'><strong>et</strong></span> 
     </span>
    </p>
   </div>
   <div class='ocr_carea' id='block_1_88' title="bbox 1911 2745 3482 2819">
    <p class='ocr_par' dir='ltr' id='par_1_88' title="bbox 1911 2745 3482 2819">
     <span class='ocr_line' id='line_1_88' title="bbox 1911 2745 3482 2819; baseline 0 -19"><span class='ocrx_word' id='word_1_681' title='bbox 1911 2745 2239 2818; x_wconf 83' lang='lat' dir='ltr'><strong>Symmacho</strong></span> <span class='ocrx_word' id='word_1_682' title='bbox 2268 2766 2281 2802; x_wconf 91' lang='lat'><strong>:</strong></span> <span class='ocrx_word' id='word_1_683' title='bbox 2312 2746 2422 2801; x_wconf 82' lang='lat' dir='ltr'><strong>Jer.</strong></span> <span class='ocrx_word' id='word_1_684' title='bbox 2457 2763 2538 2813; x_wconf 89' lang='lat' dir='ltr'><strong>tn,</strong></span> <span class='ocrx_word' id='word_1_685' title='bbox 2568 2747 2623 2812; x_wconf 89' lang='lat'><strong>7,</strong></span> <span class='ocrx_word' id='word_1_686' title='bbox 2670 2751 2737 2816; x_wconf 62' lang='grc' dir='ltr'><strong><em>χ</em></strong></span> <span class='ocrx_word' id='word_1_687' title='bbox 2770 2748 2833 2801; x_wconf 82' lang='grc' dir='ltr'>Δ.</span> <span class='ocrx_word' id='word_1_688' title='bbox 2875 2748 2933 2799; x_wconf 85' lang='grc' dir='ltr'>Σ.</span> <span class='ocrx_word' id='word_1_689' title='bbox 2965 2748 2998 2817; x_wconf 80' lang='grc' dir='ltr'>ὴ</span> <span class='ocrx_word' id='word_1_690' title='bbox 3025 2745 3225 2816; x_wconf 70' lang='grc' dir='ltr'>ἀδελφὴ</span> <span class='ocrx_word' id='word_1_691' title='bbox 3253 2746 3422 2819; x_wconf 79' lang='grc' dir='ltr'>αὐτῆς</span> <span class='ocrx_word' id='word_1_692' title='bbox 3457 2745 3482 2816; x_wconf 73' lang='grc' dir='ltr'>ζ</span> 
     </span>
    </p>
   </div>
   <div class='ocr_carea' id='block_1_89' title="bbox 1909 2836 3484 2911">
    <p class='ocr_par' dir='ltr' id='par_1_89' title="bbox 1909 2836 3484 2911">
     <span class='ocr_line' id='line_1_89' title="bbox 1909 2836 3484 2911; baseline 0.001 -19"><span class='ocrx_word' id='word_1_693' title='bbox 1909 2836 1988 2892; x_wconf 87' lang='lat' dir='ltr'><strong>Ex</strong></span> <span class='ocrx_word' id='word_1_694' title='bbox 2020 2838 2213 2909; x_wconf 79' lang='lat' dir='ltr'><strong>Aquila</strong></span> <span class='ocrx_word' id='word_1_695' title='bbox 2248 2848 2302 2894; x_wconf 92' lang='lat' dir='ltr'><strong>et</strong></span> <span class='ocrx_word' id='word_1_696' title='bbox 2330 2838 2701 2896; x_wconf 86' lang='lat' dir='ltr'><strong>Theodotioue</strong></span> <span class='ocrx_word' id='word_1_697' title='bbox 2735 2839 3171 2911; x_wconf 79' lang='lat' dir='ltr'><strong>frequentissime</strong></span> <span class='ocrx_word' id='word_1_698' title='bbox 3201 2858 3215 2893; x_wconf 90' lang='lat'><strong>:</strong></span> <span class='ocrx_word' id='word_1_699' title='bbox 3243 2837 3357 2894; x_wconf 63' lang='grc' dir='ltr'><strong>εἰμι’.</strong></span> <span class='ocrx_word' id='word_1_700' title='bbox 3404 2855 3484 2908; x_wconf 69' lang='grc' dir='ltr'>ιι,</span> 
     </span>
    </p>
   </div>
   <div class='ocr_carea' id='block_1_90' title="bbox 1908 2929 3487 3005">
    <p class='ocr_par' dir='ltr' id='par_1_90' title="bbox 1908 2929 3487 3005">
     <span class='ocr_line' id='line_1_90' title="bbox 1908 2929 3487 3005; baseline -0.001 -21"><span class='ocrx_word' id='word_1_701' title='bbox 1908 2931 1997 2995; x_wconf 78' lang='lat' dir='ltr'><strong>l5,</strong></span> <span class='ocrx_word' id='word_1_702' title='bbox 2032 2935 2099 3000; x_wconf 76' lang='grc' dir='ltr'>&gt;κ</span> <span class='ocrx_word' id='word_1_703' title='bbox 2133 2935 2199 2988; x_wconf 82' lang='grc' dir='ltr'>Α.</span> <span class='ocrx_word' id='word_1_704' title='bbox 2227 2932 2291 2986; x_wconf 87' lang='grc' dir='ltr'><strong>Θ.</strong></span> <span class='ocrx_word' id='word_1_705' title='bbox 2321 2936 2388 3005; x_wconf 77' lang='grc' dir='ltr'><strong>τῇ</strong></span> <span class='ocrx_word' id='word_1_706' title='bbox 2418 2932 2646 3005; x_wconf 79' lang='grc' dir='ltr'>αἰσχύνῃ</span> <span class='ocrx_word' id='word_1_707' title='bbox 2694 2933 2717 3002; x_wconf 71' lang='grc' dir='ltr'>ζ</span> <span class='ocrx_word' id='word_1_708' title='bbox 2752 2931 2825 2986; x_wconf 85' lang='lat' dir='ltr'><strong>Ex</strong></span> <span class='ocrx_word' id='word_1_709' title='bbox 2870 2930 3197 3003; x_wconf 79' lang='lat' dir='ltr'><strong>Symmacho</strong></span> <span class='ocrx_word' id='word_1_710' title='bbox 3226 2941 3281 2985; x_wconf 90' lang='lat' dir='ltr'><strong>et</strong></span> <span class='ocrx_word' id='word_1_711' title='bbox 3303 2929 3487 2984; x_wconf 87' lang='lat' dir='ltr'><strong>Theo-</strong></span> 
     </span>
    </p>
   </div>
   <div class='ocr_carea' id='block_1_91' title="bbox 1906 3018 3486 3093">
    <p class='ocr_par' dir='ltr' id='par_1_91' title="bbox 1906 3018 3486 3093">
     <span class='ocr_line' id='line_1_91' title="bbox 1906 3018 3486 3093; baseline 0.001 -19"><span class='ocrx_word' id='word_1_712' title='bbox 1906 3019 2126 3076; x_wconf 88' lang='lat' dir='ltr'><strong>dotione</strong></span> <span class='ocrx_word' id='word_1_713' title='bbox 2158 3022 2338 3077; x_wconf 91' lang='lat' dir='ltr'><strong>rarius</strong></span> <span class='ocrx_word' id='word_1_714' title='bbox 2369 3042 2385 3077; x_wconf 88' lang='lat'><strong>:</strong></span> <span class='ocrx_word' id='word_1_715' title='bbox 2418 3021 2529 3077; x_wconf 85' lang='lat' dir='ltr'><strong>Jer.</strong></span> <span class='ocrx_word' id='word_1_716' title='bbox 2567 3039 2642 3088; x_wconf 78' lang='lat' dir='ltr'><strong>xi,</strong></span> <span class='ocrx_word' id='word_1_717' title='bbox 2695 3022 2798 3084; x_wconf 75' lang='lat'><strong>9.2,</strong></span> <span class='ocrx_word' id='word_1_718' title='bbox 2829 3025 2896 3090; x_wconf 59' lang='lat'><strong>)9:</strong></span> <span class='ocrx_word' id='word_1_719' title='bbox 2939 3022 2998 3075; x_wconf 87' lang='grc' dir='ltr'>Σ.</span> <span class='ocrx_word' id='word_1_720' title='bbox 3037 3020 3101 3074; x_wconf 90' lang='grc' dir='ltr'><strong>Θ.</strong></span> <span class='ocrx_word' id='word_1_721' title='bbox 3133 3021 3325 3093; x_wconf 80' lang='grc' dir='ltr'><strong>κύριος</strong></span> <span class='ocrx_word' id='word_1_722' title='bbox 3373 3018 3486 3076; x_wconf 84' lang='grc' dir='ltr'><strong>τῶν</strong></span> 
     </span>
    </p>
   </div>
   <div class='ocr_carea' id='block_1_92' title="bbox 2717 3113 3485 3186">
    <p class='ocr_par' dir='ltr' id='par_1_92' title="bbox 2717 3113 3485 3186">
     <span class='ocr_line' id='line_1_92' title="bbox 2717 3113 3485 3186; baseline 0.001 -17"><span class='ocrx_word' id='word_1_723' title='bbox 2717 3113 3065 3186; x_wconf 79' lang='lat' dir='ltr'><strong>Symmacho,</strong></span> <span class='ocrx_word' id='word_1_724' title='bbox 3114 3123 3170 3170; x_wconf 90' lang='lat' dir='ltr'><strong>ct</strong></span> <span class='ocrx_word' id='word_1_725' title='bbox 3232 3113 3485 3170; x_wconf 83' lang='lat' dir='ltr'><strong>Theodo-</strong></span> 
     </span>
    </p>
   </div>
   <div class='ocr_carea' id='block_1_93' title="bbox 1901 3203 3481 3275">
    <p class='ocr_par' dir='ltr' id='par_1_93' title="bbox 1901 3203 3481 3275">
     <span class='ocr_line' id='line_1_93' title="bbox 1901 3203 3481 3275; baseline 0.001 -16"><span class='ocrx_word' id='word_1_726' title='bbox 1901 3204 2049 3259; x_wconf 84' lang='lat' dir='ltr'><strong>tione</strong></span> <span class='ocrx_word' id='word_1_727' title='bbox 2079 3204 2380 3275; x_wconf 70' lang='lat' dir='ltr'><strong>stepissime</strong></span> <span class='ocrx_word' id='word_1_728' title='bbox 2414 3223 2428 3261; x_wconf 87' lang='lat'><strong>:</strong></span> <span class='ocrx_word' id='word_1_729' title='bbox 2475 3204 2588 3261; x_wconf 89' lang='lat' dir='ltr'><strong>Jer.</strong></span> <span class='ocrx_word' id='word_1_730' title='bbox 2646 3221 2725 3271; x_wconf 86' lang='lat' dir='ltr'><strong>xt,</strong></span> <span class='ocrx_word' id='word_1_731' title='bbox 2760 3206 2846 3269; x_wconf 77' lang='lat' dir='ltr'><strong>l3,</strong></span> <span class='ocrx_word' id='word_1_732' title='bbox 2880 3208 2947 3273; x_wconf 59' lang='lat' dir='ltr'><strong>3K</strong></span> <span class='ocrx_word' id='word_1_733' title='bbox 3003 3205 3068 3259; x_wconf 80' lang='grc' dir='ltr'>Δ.</span> <span class='ocrx_word' id='word_1_734' title='bbox 3104 3205 3164 3259; x_wconf 91' lang='grc' dir='ltr'>Σ.</span> <span class='ocrx_word' id='word_1_735' title='bbox 3195 3203 3257 3259; x_wconf 90' lang='grc' dir='ltr'><strong>Θ.</strong></span> <span class='ocrx_word' id='word_1_736' title='bbox 3288 3204 3481 3260; x_wconf 77' lang='grc' dir='ltr'><strong>θυσια-</strong></span> 
     </span>
    </p>
   </div>
   <div class='ocr_carea' id='block_1_94' title="bbox 1901 3298 3480 3369">
    <p class='ocr_par' dir='ltr' id='par_1_94' title="bbox 1901 3298 3480 3369">
     <span class='ocr_line' id='line_1_94' title="bbox 1901 3298 3480 3369; baseline 0.003 -18"><span class='ocrx_word' id='word_1_737' title='bbox 1901 3299 2117 3369; x_wconf 80' lang='grc' dir='ltr'>στήρια.</span> <span class='ocrx_word' id='word_1_738' title='bbox 2177 3298 2512 3368; x_wconf 79' lang='lat' dir='ltr'><strong>Frequenter</strong></span> <span class='ocrx_word' id='word_1_739' title='bbox 2570 3299 2735 3353; x_wconf 86' lang='lat' dir='ltr'><strong>etiam</strong></span> <span class='ocrx_word' id='word_1_740' title='bbox 2792 3299 2884 3353; x_wconf 91' lang='lat' dir='ltr'><strong>ubi</strong></span> <span class='ocrx_word' id='word_1_741' title='bbox 2937 3300 3098 3354; x_wconf 86' lang='lat' dir='ltr'><strong>lectio</strong></span> <span class='ocrx_word' id='word_1_742' title='bbox 3144 3314 3209 3354; x_wconf 85' lang='lat' dir='ltr'><strong>ex</strong></span> <span class='ocrx_word' id='word_1_743' title='bbox 3259 3298 3480 3369; x_wconf 88' lang='lat' dir='ltr'><strong>Aquila,</strong></span> 
     </span>
    </p>
   </div>
   <div class='ocr_carea' id='block_1_95' title="bbox 1905 3388 3487 3461">
    <p class='ocr_par' dir='ltr' id='par_1_95' title="bbox 1905 3388 3487 3461">
     <span class='ocr_line' id='line_1_95' title="bbox 1905 3388 3487 3461; baseline 0.001 -19"><span class='ocrx_word' id='word_1_744' title='bbox 1905 3388 2235 3461; x_wconf 80' lang='lat' dir='ltr'><strong>Symmacho</strong></span> <span class='ocrx_word' id='word_1_745' title='bbox 2259 3400 2312 3445; x_wconf 91' lang='lat' dir='ltr'><strong>et</strong></span> <span class='ocrx_word' id='word_1_746' title='bbox 2362 3389 2737 3445; x_wconf 82' lang='lat' dir='ltr'><strong>Theodotioue</strong></span> <span class='ocrx_word' id='word_1_747' title='bbox 2787 3391 3057 3461; x_wconf 87' lang='lat' dir='ltr'><strong>prodibat,</strong></span> <span class='ocrx_word' id='word_1_748' title='bbox 3107 3399 3232 3461; x_wconf 87' lang='lat' dir='ltr'><strong>post</strong></span> <span class='ocrx_word' id='word_1_749' title='bbox 3284 3391 3487 3446; x_wconf 57' lang='lat' dir='ltr'><strong>astet-ia</strong></span> 
     </span>
    </p>
   </div>
   <div class='ocr_carea' id='block_1_96' title="bbox 1897 3482 3479 3553">
    <p class='ocr_par' dir='ltr' id='par_1_96' title="bbox 1897 3482 3479 3553">
     <span class='ocr_line' id='line_1_96' title="bbox 1897 3482 3479 3553; baseline 0.004 -19"><span class='ocrx_word' id='word_1_750' title='bbox 1897 3495 2049 3535; x_wconf 84' lang='lat' dir='ltr'><strong>scum</strong></span> <span class='ocrx_word' id='word_1_751' title='bbox 2081 3483 2130 3534; x_wconf 86' lang='grc' dir='ltr'>οί</span> <span class='ocrx_word' id='word_1_752' title='bbox 2158 3482 2230 3548; x_wconf 81' lang='grc' dir='ltr'><strong>Γ’,</strong></span> <span class='ocrx_word' id='word_1_753' title='bbox 2272 3483 2323 3537; x_wconf 88' lang='lat' dir='ltr'><strong>id</strong></span> <span class='ocrx_word' id='word_1_754' title='bbox 2358 3492 2441 3537; x_wconf 90' lang='lat' dir='ltr'><strong>est</strong></span> <span class='ocrx_word' id='word_1_755' title='bbox 2494 3493 2599 3536; x_wconf 81' lang='lat' dir='ltr'><strong>tres</strong></span> <span class='ocrx_word' id='word_1_756' title='bbox 2651 3484 2980 3553; x_wconf 76' lang='lat' dir='ltr'><strong>interpretes,</strong></span> <span class='ocrx_word' id='word_1_757' title='bbox 3009 3483 3310 3553; x_wconf 84' lang='lat' dir='ltr'><strong>ponebatur</strong></span> <span class='ocrx_word' id='word_1_758' title='bbox 3345 3503 3362 3538; x_wconf 87' lang='lat'><strong>:</strong></span> <span class='ocrx_word' id='word_1_759' title='bbox 3396 3484 3479 3541; x_wconf 79' lang='lat' dir='ltr'><strong>sic</strong></span> 
     </span>
    </p>
   </div>
   <div class='ocr_carea' id='block_1_97' title="bbox 1897 3572 3067 3647">
    <p class='ocr_par' dir='ltr' id='par_1_97' title="bbox 1897 3572 3067 3647">
     <span class='ocr_line' id='line_1_97' title="bbox 1897 3572 3067 3647; baseline 0.005 -20"><span class='ocrx_word' id='word_1_760' title='bbox 1897 3572 2081 3629; x_wconf 86' lang='lat' dir='ltr'><strong>llesai.</strong></span> <span class='ocrx_word' id='word_1_761' title='bbox 2109 3591 2335 3637; x_wconf 85' lang='lat' dir='ltr'><strong>xxxvm,</strong></span> <span class='ocrx_word' id='word_1_762' title='bbox 2373 3575 2427 3640; x_wconf 81' lang='grc'>5,</span> <span class='ocrx_word' id='word_1_763' title='bbox 2457 3577 2525 3644; x_wconf 63' lang='grc' dir='ltr'>Χ</span> <span class='ocrx_word' id='word_1_764' title='bbox 2549 3576 2599 3628; x_wconf 87' lang='grc' dir='ltr'><strong>οἱ</strong></span> <span class='ocrx_word' id='word_1_765' title='bbox 2625 3576 2682 3629; x_wconf 90' lang='grc' dir='ltr'>Γ.</span> <span class='ocrx_word' id='word_1_766' title='bbox 2710 3576 2750 3628; x_wconf 90' lang='grc' dir='ltr'>Ω</span> <span class='ocrx_word' id='word_1_767' title='bbox 2770 3575 2832 3647; x_wconf 84' lang='grc' dir='ltr'><strong>δὴ</strong></span> <span class='ocrx_word' id='word_1_768' title='bbox 2857 3575 3013 3647; x_wconf 81' lang='grc' dir='ltr'>κύριε</span> <span class='ocrx_word' id='word_1_769' title='bbox 3044 3577 3067 3646; x_wconf 72' lang='grc' dir='ltr'>ζ</span> 
     </span>
    </p>
   </div>
   <div class='ocr_carea' id='block_1_98' title="bbox 1967 3665 3478 3735">
    <p class='ocr_par' dir='ltr' id='par_1_98' title="bbox 1967 3665 3478 3735">
     <span class='ocr_line' id='line_1_98' title="bbox 1967 3665 3478 3735; baseline 0.006 -18"><span class='ocrx_word' id='word_1_770' title='bbox 1967 3665 2028 3719; x_wconf 88' lang='lat' dir='ltr'><strong>In</strong></span> <span class='ocrx_word' id='word_1_771' title='bbox 2064 3666 2451 3720; x_wconf 81' lang='lat' dir='ltr'><strong>vetustissimis</strong></span> <span class='ocrx_word' id='word_1_772' title='bbox 2469 3666 2748 3721; x_wconf 69' lang='lat' dir='ltr'><strong>codicibus</strong></span> <span class='ocrx_word' id='word_1_773' title='bbox 2772 3666 3131 3735; x_wconf 84' lang='lat' dir='ltr'><strong>Coisliniano,</strong></span> <span class='ocrx_word' id='word_1_774' title='bbox 3154 3666 3478 3726; x_wconf 86' lang='lat' dir='ltr'><strong>Claromon-</strong></span> 
     </span>
    </p>
   </div>
   <div class='ocr_carea' id='block_1_99' title="bbox 1894 3754 3473 3830">
    <p class='ocr_par' dir='ltr' id='par_1_99' title="bbox 1894 3754 3473 3830">
     <span class='ocr_line' id='line_1_99' title="bbox 1894 3754 3473 3830; baseline 0.004 -21"><span class='ocrx_word' id='word_1_775' title='bbox 1894 3762 2062 3819; x_wconf 88' lang='lat' dir='ltr'><strong>tano,</strong></span> <span class='ocrx_word' id='word_1_776' title='bbox 2112 3757 2225 3811; x_wconf 85' lang='lat' dir='ltr'><strong>sive</strong></span> <span class='ocrx_word' id='word_1_777' title='bbox 2260 3754 2374 3811; x_wconf 61' lang='lat' dir='ltr'><strong>Ilii.</strong></span> <span class='ocrx_word' id='word_1_778' title='bbox 2435 3755 2540 3811; x_wconf 86' lang='lat' dir='ltr'><strong>PP.</strong></span> <span class='ocrx_word' id='word_1_779' title='bbox 2581 3755 2911 3812; x_wconf 81' lang='lat' dir='ltr'><strong>Jesuitarum</strong></span> <span class='ocrx_word' id='word_1_780' title='bbox 2959 3759 3168 3830; x_wconf 79' lang='lat' dir='ltr'><strong>collegii</strong></span> <span class='ocrx_word' id='word_1_781' title='bbox 3212 3759 3473 3816; x_wconf 88' lang='lat' dir='ltr'><strong>Ludovici</strong></span> 
     </span>
    </p>
   </div>
   <div class='ocr_carea' id='block_1_100' title="bbox 1892 3845 3472 3923">
    <p class='ocr_par' dir='ltr' id='par_1_100' title="bbox 1892 3845 3472 3923">
     <span class='ocr_line' id='line_1_100' title="bbox 1892 3845 3472 3923; baseline 0.004 -22"><span class='ocrx_word' id='word_1_782' title='bbox 1892 3845 2070 3919; x_wconf 84' lang='lat' dir='ltr'><strong>Magni</strong></span> <span class='ocrx_word' id='word_1_783' title='bbox 2102 3859 2153 3903; x_wconf 89' lang='lat' dir='ltr'><strong>et</strong></span> <span class='ocrx_word' id='word_1_784' title='bbox 2174 3849 2314 3913; x_wconf 88' lang='lat' dir='ltr'><strong>aliis,</strong></span> <span class='ocrx_word' id='word_1_785' title='bbox 2349 3858 2473 3919; x_wconf 90' lang='lat' dir='ltr'><strong>post</strong></span> <span class='ocrx_word' id='word_1_786' title='bbox 2520 3851 2812 3905; x_wconf 85' lang='lat' dir='ltr'><strong>asteriscos</strong></span> <span class='ocrx_word' id='word_1_787' title='bbox 2842 3851 3062 3906; x_wconf 88' lang='lat' dir='ltr'><strong>nomina</strong></span> <span class='ocrx_word' id='word_1_788' title='bbox 3114 3853 3472 3923; x_wconf 88' lang='lat' dir='ltr'><strong>interpretum</strong></span> 
     </span>
    </p>
   </div>
   <div class='ocr_carea' id='block_1_101' title="bbox 1892 3939 3471 4011">
    <p class='ocr_par' dir='ltr' id='par_1_101' title="bbox 1892 3939 3471 4011">
     <span class='ocr_line' id='line_1_101' title="bbox 1892 3939 3471 4011; baseline 0.002 -18"><span class='ocrx_word' id='word_1_789' title='bbox 1892 3954 1922 3993; x_wconf 89' lang='lat' dir='ltr'><strong>a</strong></span> <span class='ocrx_word' id='word_1_790' title='bbox 1952 3939 2147 4011; x_wconf 87' lang='lat' dir='ltr'><strong>primis</strong></span> <span class='ocrx_word' id='word_1_791' title='bbox 2176 3939 2372 3995; x_wconf 90' lang='lat' dir='ltr'><strong>litteris</strong></span> <span class='ocrx_word' id='word_1_792' title='bbox 2396 3940 2783 3994; x_wconf 75' lang='lat' dir='ltr'><strong>describuntur</strong></span> <span class='ocrx_word' id='word_1_793' title='bbox 2824 3948 2884 3993; x_wconf 88' lang='lat' dir='ltr'><strong>ut</strong></span> <span class='ocrx_word' id='word_1_794' title='bbox 2909 3954 3075 4009; x_wconf 86' lang='lat' dir='ltr'><strong>supra</strong></span> <span class='ocrx_word' id='word_1_795' title='bbox 3097 3980 3112 4005; x_wconf 92' lang='lat'><strong>,</strong></span> <span class='ocrx_word' id='word_1_796' title='bbox 3145 3942 3216 3995; x_wconf 86' lang='lat' dir='ltr'><strong>ita</strong></span> <span class='ocrx_word' id='word_1_797' title='bbox 3271 3953 3330 3996; x_wconf 94' lang='lat' dir='ltr'><strong>ut</strong></span> <span class='ocrx_word' id='word_1_798' title='bbox 3358 3941 3471 3997; x_wconf 79' lang='lat' dir='ltr'><strong>l‘re-</strong></span> 
     </span>
    </p>
   </div>
   <div class='ocr_carea' id='block_1_102' title="bbox 1892 4029 3472 4100">
    <p class='ocr_par' dir='ltr' id='par_1_102' title="bbox 1892 4029 3472 4100">
     <span class='ocr_line' id='line_1_102' title="bbox 1892 4029 3472 4100; baseline 0.004 -19"><span class='ocrx_word' id='word_1_799' title='bbox 1892 4029 2246 4098; x_wconf 89' lang='lat' dir='ltr'><strong>quentissime</strong></span> <span class='ocrx_word' id='word_1_800' title='bbox 2274 4031 2571 4085; x_wconf 89' lang='lat' dir='ltr'><strong>asteriscus</strong></span> <span class='ocrx_word' id='word_1_801' title='bbox 2601 4045 2797 4085; x_wconf 89' lang='lat' dir='ltr'><strong>nomen</strong></span> <span class='ocrx_word' id='word_1_802' title='bbox 2832 4032 3123 4100; x_wconf 68' lang='lat' dir='ltr'><strong>praecedat,</strong></span> <span class='ocrx_word' id='word_1_803' title='bbox 3161 4033 3339 4087; x_wconf 91' lang='lat' dir='ltr'><strong>rarius</strong></span> <span class='ocrx_word' id='word_1_804' title='bbox 3370 4049 3472 4088; x_wconf 80' lang='lat' dir='ltr'><strong>au-</strong></span> 
     </span>
    </p>
   </div>
   <div class='ocr_carea' id='block_1_103' title="bbox 1893 4118 3472 4195">
    <p class='ocr_par' dir='ltr' id='par_1_103' title="bbox 1893 4118 3472 4195">
     <span class='ocr_line' id='line_1_103' title="bbox 1893 4118 3472 4195; baseline 0.006 -23"><span class='ocrx_word' id='word_1_805' title='bbox 1893 4128 1998 4173; x_wconf 92' lang='lat' dir='ltr'><strong>tem</strong></span> <span class='ocrx_word' id='word_1_806' title='bbox 2028 4134 2225 4173; x_wconf 89' lang='lat' dir='ltr'><strong>nomen</strong></span> <span class='ocrx_word' id='word_1_807' title='bbox 2277 4119 2621 4175; x_wconf 82' lang='lat' dir='ltr'><strong>asteriseum.</strong></span> <span class='ocrx_word' id='word_1_808' title='bbox 2686 4118 2881 4175; x_wconf 88' lang='lat' dir='ltr'><strong>Utrum</strong></span> <span class='ocrx_word' id='word_1_809' title='bbox 2904 4135 3033 4174; x_wconf 82' lang='lat' dir='ltr'><strong>vero</strong></span> <span class='ocrx_word' id='word_1_810' title='bbox 3068 4121 3185 4190; x_wconf 86' lang='lat' dir='ltr'><strong>ipse</strong></span> <span class='ocrx_word' id='word_1_811' title='bbox 3205 4120 3472 4195; x_wconf 28' lang='lat' dir='ltr'><strong>Origenes</strong></span> 
     </span>
    </p>
   </div>
   <div class='ocr_carea' id='block_1_104' title="bbox 1890 4211 3467 4285">
    <p class='ocr_par' dir='ltr' id='par_1_104' title="bbox 1890 4211 3467 4285">
     <span class='ocr_line' id='line_1_104' title="bbox 1890 4211 3467 4285; baseline 0.005 -22"><span class='ocrx_word' id='word_1_812' title='bbox 1890 4211 2111 4265; x_wconf 88' lang='lat' dir='ltr'><strong>nomina</strong></span> <span class='ocrx_word' id='word_1_813' title='bbox 2162 4218 2287 4265; x_wconf 85' lang='lat' dir='ltr'><strong>cum</strong></span> <span class='ocrx_word' id='word_1_814' title='bbox 2336 4212 2615 4267; x_wconf 84' lang='lat' dir='ltr'><strong>asteriscis</strong></span> <span class='ocrx_word' id='word_1_815' title='bbox 2641 4212 2692 4265; x_wconf 92' lang='lat' dir='ltr'><strong>in</strong></span> <span class='ocrx_word' id='word_1_816' title='bbox 2729 4222 2875 4266; x_wconf 86' lang='lat' dir='ltr'><strong>textu</strong></span> <span class='ocrx_word' id='word_1_817' title='bbox 2913 4229 3027 4269; x_wconf 70' lang='lat' dir='ltr'><strong>sua:</strong></span> <span class='ocrx_word' id='word_1_818' title='bbox 3068 4214 3321 4270; x_wconf 88' lang='lat' dir='ltr'><strong>editionis</strong></span> <span class='ocrx_word' id='word_1_819' title='bbox 3364 4230 3467 4285; x_wconf 86' lang='lat' dir='ltr'><strong>po-</strong></span> 
     </span>
    </p>
   </div>
   <div class='ocr_carea' id='block_1_105' title="bbox 1890 4303 3468 4377">
    <p class='ocr_par' dir='ltr' id='par_1_105' title="bbox 1890 4303 3468 4377">
     <span class='ocr_line' id='line_1_105' title="bbox 1890 4303 3468 4377; baseline 0.004 -21"><span class='ocrx_word' id='word_1_820' title='bbox 1890 4306 2098 4365; x_wconf 85' lang='lat' dir='ltr'><strong>suerit;</strong></span> <span class='ocrx_word' id='word_1_821' title='bbox 2126 4318 2193 4356; x_wconf 91' lang='lat' dir='ltr'><strong>an</strong></span> <span class='ocrx_word' id='word_1_822' title='bbox 2225 4303 2277 4356; x_wconf 91' lang='lat' dir='ltr'><strong>id</strong></span> <span class='ocrx_word' id='word_1_823' title='bbox 2302 4306 2653 4373; x_wconf 86' lang='lat' dir='ltr'><strong>subsequenti</strong></span> <span class='ocrx_word' id='word_1_824' title='bbox 2689 4319 2805 4360; x_wconf 70' lang='lat' dir='ltr'><strong>aevo</strong></span> <span class='ocrx_word' id='word_1_825' title='bbox 2859 4306 2929 4361; x_wconf 86' lang='lat' dir='ltr'><strong>ab</strong></span> <span class='ocrx_word' id='word_1_826' title='bbox 2966 4306 3035 4361; x_wconf 90' lang='lat' dir='ltr'><strong>iis</strong></span> <span class='ocrx_word' id='word_1_827' title='bbox 3070 4306 3164 4376; x_wconf 88' lang='lat' dir='ltr'><strong>qui</strong></span> <span class='ocrx_word' id='word_1_828' title='bbox 3200 4304 3468 4377; x_wconf 80' lang='lat' dir='ltr'><strong>llexaplo-</strong></span> 
     </span>
    </p>
   </div>
   <div class='ocr_carea' id='block_1_106' title="bbox 1820 4395 3465 4482">
    <p class='ocr_par' dir='ltr' id='par_1_106' title="bbox 1820 4395 3465 4482">
     <span class='ocr_line' id='line_1_106' title="bbox 1820 4395 3465 4482; baseline 0.005 -35"><span class='ocrx_word' id='word_1_829' title='bbox 1820 4427 1865 4482; x_wconf 72' lang='grc' dir='ltr'><strong>Ι)</strong></span> <span class='ocrx_word' id='word_1_830' title='bbox 1892 4410 2012 4449; x_wconf 89' lang='lat' dir='ltr'><strong>rum</strong></span> <span class='ocrx_word' id='word_1_831' title='bbox 2045 4395 2305 4452; x_wconf 87' lang='lat' dir='ltr'><strong>lectiones</strong></span> <span class='ocrx_word' id='word_1_832' title='bbox 2340 4398 2695 4467; x_wconf 81' lang='lat' dir='ltr'><strong>collegerunt,</strong></span> <span class='ocrx_word' id='word_1_833' title='bbox 2727 4407 2781 4453; x_wconf 90' lang='lat' dir='ltr'><strong>et</strong></span> <span class='ocrx_word' id='word_1_834' title='bbox 2809 4399 2861 4452; x_wconf 92' lang='lat' dir='ltr'><strong>in</strong></span> <span class='ocrx_word' id='word_1_835' title='bbox 2910 4398 3101 4455; x_wconf 89' lang='lat' dir='ltr'><strong>Bibliis</strong></span> <span class='ocrx_word' id='word_1_836' title='bbox 3143 4409 3465 4468; x_wconf 87' lang='lat' dir='ltr'><strong>posuerunt,</strong></span> 
     </span>
    </p>
   </div>
   <div class='ocr_carea' id='block_1_107' title="bbox 1888 4487 3469 4552">
    <p class='ocr_par' dir='ltr' id='par_1_107' title="bbox 1888 4487 3469 4552">
     <span class='ocr_line' id='line_1_107' title="bbox 1888 4487 3469 4552; baseline 0.004 -10"><span class='ocrx_word' id='word_1_837' title='bbox 1888 4487 2090 4545; x_wconf 78' lang='lat' dir='ltr'><strong>factum</strong></span> <span class='ocrx_word' id='word_1_838' title='bbox 2124 4489 2306 4552; x_wconf 79' lang='lat' dir='ltr'><strong>fuerit,</strong></span> <span class='ocrx_word' id='word_1_839' title='bbox 2340 4506 2449 4544; x_wconf 92' lang='lat' dir='ltr'><strong>non</strong></span> <span class='ocrx_word' id='word_1_840' title='bbox 2481 4491 2554 4545; x_wconf 90' lang='lat' dir='ltr'><strong>ita</strong></span> <span class='ocrx_word' id='word_1_841' title='bbox 2584 4491 2742 4546; x_wconf 79' lang='lat' dir='ltr'><strong>facile</strong></span> <span class='ocrx_word' id='word_1_842' title='bbox 2762 4501 2843 4547; x_wconf 91' lang='lat' dir='ltr'><strong>est</strong></span> <span class='ocrx_word' id='word_1_843' title='bbox 2868 4493 3135 4549; x_wconf 87' lang='lat' dir='ltr'><strong>divinare.</strong></span> <span class='ocrx_word' id='word_1_844' title='bbox 3173 4493 3333 4548; x_wconf 89' lang='lat' dir='ltr'><strong>Certe</strong></span> <span class='ocrx_word' id='word_1_845' title='bbox 3365 4508 3469 4548; x_wconf 82' lang='lat' dir='ltr'><strong>co-</strong></span> 
     </span>
    </p>
   </div>
   <div class='ocr_carea' id='block_1_108' title="bbox 1886 4579 3465 4641">
    <p class='ocr_par' dir='ltr' id='par_1_108' title="bbox 1886 4579 3465 4641">
     <span class='ocr_line' id='line_1_108' title="bbox 1886 4579 3465 4641; baseline 0.003 -6"><span class='ocrx_word' id='word_1_846' title='bbox 1886 4581 1990 4635; x_wconf 85' lang='lat' dir='ltr'><strong>dex</strong></span> <span class='ocrx_word' id='word_1_847' title='bbox 2021 4581 2109 4636; x_wconf 91' lang='lat' dir='ltr'><strong>ille</strong></span> <span class='ocrx_word' id='word_1_848' title='bbox 2135 4579 2250 4635; x_wconf 80' lang='lat' dir='ltr'><strong>RR.</strong></span> <span class='ocrx_word' id='word_1_849' title='bbox 2279 4581 2381 4636; x_wconf 81' lang='lat' dir='ltr'><strong>PP.</strong></span> <span class='ocrx_word' id='word_1_850' title='bbox 2411 4581 2742 4638; x_wconf 83' lang='lat' dir='ltr'><strong>.lesuitarum</strong></span> <span class='ocrx_word' id='word_1_851' title='bbox 2775 4585 2829 4638; x_wconf 91' lang='lat' dir='ltr'><strong>in</strong></span> <span class='ocrx_word' id='word_1_852' title='bbox 2851 4582 3085 4639; x_wconf 72' lang='lat' dir='ltr'><strong>Ieremia</strong></span> <span class='ocrx_word' id='word_1_853' title='bbox 3108 4595 3159 4640; x_wconf 90' lang='lat' dir='ltr'><strong>et</strong></span> <span class='ocrx_word' id='word_1_854' title='bbox 3184 4583 3465 4641; x_wconf 84' lang='lat' dir='ltr'><strong>Ezechiele</strong></span> 
     </span>
    </p>
   </div>
   <div class='ocr_carea' id='block_1_109' title="bbox 1886 4675 3462 4748">
    <p class='ocr_par' dir='ltr' id='par_1_109' title="bbox 1886 4675 3462 4748">
     <span class='ocr_line' id='line_1_109' title="bbox 1886 4675 3462 4748; baseline 0.003 -19"><span class='ocrx_word' id='word_1_855' title='bbox 1886 4688 2028 4744; x_wconf 68' lang='lat' dir='ltr'><strong>saepe</strong></span> <span class='ocrx_word' id='word_1_856' title='bbox 2061 4676 2356 4730; x_wconf 81' lang='lat' dir='ltr'><strong>asteriscus</strong></span> <span class='ocrx_word' id='word_1_857' title='bbox 2386 4675 2441 4730; x_wconf 90' lang='lat' dir='ltr'><strong>in</strong></span> <span class='ocrx_word' id='word_1_858' title='bbox 2470 4677 2588 4745; x_wconf 91' lang='lat' dir='ltr'><strong>ipso</strong></span> <span class='ocrx_word' id='word_1_859' title='bbox 2613 4685 2757 4731; x_wconf 87' lang='lat' dir='ltr'><strong>textu</strong></span> <span class='ocrx_word' id='word_1_860' title='bbox 2791 4677 2962 4746; x_wconf 90' lang='lat' dir='ltr'><strong>ponit,</strong></span> <span class='ocrx_word' id='word_1_861' title='bbox 3013 4677 3305 4747; x_wconf 71' lang='lat' dir='ltr'><strong>sulljuncto</strong></span> <span class='ocrx_word' id='word_1_862' title='bbox 3345 4679 3462 4748; x_wconf 81' lang='lat' dir='ltr'><strong>ple-</strong></span> 
     </span>
    </p>
   </div>
   <div class='ocr_carea' id='block_1_110' title="bbox 1884 4769 3458 4840">
    <p class='ocr_par' dir='ltr' id='par_1_110' title="bbox 1884 4769 3458 4840">
     <span class='ocr_line' id='line_1_110' title="bbox 1884 4769 3458 4840; baseline 0.004 -21"><span class='ocrx_word' id='word_1_863' title='bbox 1884 4781 2117 4836; x_wconf 87' lang='lat' dir='ltr'><strong>rumque</strong></span> <span class='ocrx_word' id='word_1_864' title='bbox 2145 4783 2176 4823; x_wconf 89' lang='lat' dir='ltr'><strong>a</strong></span> <span class='ocrx_word' id='word_1_865' title='bbox 2211 4769 2383 4838; x_wconf 91' lang='lat' dir='ltr'><strong>prima</strong></span> <span class='ocrx_word' id='word_1_866' title='bbox 2425 4769 2601 4823; x_wconf 87' lang='lat' dir='ltr'><strong>solum</strong></span> <span class='ocrx_word' id='word_1_867' title='bbox 2634 4770 2811 4823; x_wconf 87' lang='lat' dir='ltr'><strong>littera</strong></span> <span class='ocrx_word' id='word_1_868' title='bbox 2855 4769 3077 4824; x_wconf 89' lang='lat' dir='ltr'><strong>nomine</strong></span> <span class='ocrx_word' id='word_1_869' title='bbox 3123 4769 3458 4840; x_wconf 87' lang='lat' dir='ltr'><strong>interpretis,</strong></span> 
     </span>
    </p>
   </div>
   <div class='ocr_carea' id='block_1_111' title="bbox 1883 4858 3463 4933">
    <p class='ocr_par' dir='ltr' id='par_1_111' title="bbox 1883 4858 3463 4933">
     <span class='ocr_line' id='line_1_111' title="bbox 1883 4858 3463 4933; baseline 0.003 -21"><span class='ocrx_word' id='word_1_870' title='bbox 1883 4872 1948 4912; x_wconf 89' lang='lat' dir='ltr'><strong>ex</strong></span> <span class='ocrx_word' id='word_1_871' title='bbox 1976 4874 2085 4927; x_wconf 87' lang='lat' dir='ltr'><strong>quo</strong></span> <span class='ocrx_word' id='word_1_872' title='bbox 2133 4859 2292 4914; x_wconf 84' lang='lat' dir='ltr'><strong>lectio</strong></span> <span class='ocrx_word' id='word_1_873' title='bbox 2320 4860 2409 4913; x_wconf 91' lang='lat' dir='ltr'><strong>illa</strong></span> <span class='ocrx_word' id='word_1_874' title='bbox 2452 4859 2726 4929; x_wconf 88' lang='lat' dir='ltr'><strong>adjectitia</strong></span> <span class='ocrx_word' id='word_1_875' title='bbox 2772 4860 3058 4930; x_wconf 90' lang='lat' dir='ltr'><strong>desumpta</strong></span> <span class='ocrx_word' id='word_1_876' title='bbox 3108 4858 3245 4923; x_wconf 80' lang='lat' dir='ltr'><strong>fuit,</strong></span> <span class='ocrx_word' id='word_1_877' title='bbox 3283 4861 3363 4916; x_wconf 92' lang='lat' dir='ltr'><strong>sic</strong></span> <span class='ocrx_word' id='word_1_878' title='bbox 3393 4866 3463 4933; x_wconf 60' lang='grc' dir='ltr'><strong>χ</strong></span> 
     </span>
    </p>
   </div>
   <div class='ocr_carea' id='block_1_112' title="bbox 1882 4949 3503 5023">
    <p class='ocr_par' dir='ltr' id='par_1_112' title="bbox 1882 4949 3503 5023">
     <span class='ocr_line' id='line_1_112' title="bbox 1882 4949 3503 5023; baseline 0.004 -21"><span class='ocrx_word' id='word_1_879' title='bbox 1882 4949 1949 5014; x_wconf 79' lang='grc' dir='ltr'>Α,</span> <span class='ocrx_word' id='word_1_880' title='bbox 1980 4950 2061 5005; x_wconf 88' lang='lat' dir='ltr'><strong>vel</strong></span> <span class='ocrx_word' id='word_1_881' title='bbox 2097 4953 2165 5019; x_wconf 64' lang='grc' dir='ltr'><strong><em>χ</em></strong></span> <span class='ocrx_word' id='word_1_882' title='bbox 2197 4951 2260 5017; x_wconf 85' lang='grc' dir='ltr'>Θ,</span> <span class='ocrx_word' id='word_1_883' title='bbox 2289 4952 2371 5005; x_wconf 88' lang='lat' dir='ltr'><strong>vel</strong></span> <span class='ocrx_word' id='word_1_884' title='bbox 2400 4955 2466 5020; x_wconf 48' lang='grc' dir='ltr'><strong>Ἀ(</strong></span> <span class='ocrx_word' id='word_1_885' title='bbox 2494 4953 2544 5003; x_wconf 84' lang='lat' dir='ltr'><strong>oi</strong></span> <span class='ocrx_word' id='word_1_886' title='bbox 2571 4952 2628 5005; x_wconf 86' lang='grc' dir='ltr'>Γ.</span> <span class='ocrx_word' id='word_1_887' title='bbox 2654 4950 2909 5007; x_wconf 88' lang='lat' dir='ltr'><strong>Fortasse</strong></span> <span class='ocrx_word' id='word_1_888' title='bbox 2932 4968 3059 5007; x_wconf 88' lang='lat' dir='ltr'><strong>vero</strong></span> <span class='ocrx_word' id='word_1_889' title='bbox 3091 4953 3218 5022; x_wconf 90' lang='lat' dir='ltr'><strong>quia</strong></span> <span class='ocrx_word' id='word_1_890' title='bbox 3253 4960 3313 5005; x_wconf 91' lang='lat' dir='ltr'><strong>ut</strong></span> <span class='ocrx_word' id='word_1_891' title='bbox 3342 4956 3460 5023; x_wconf 85' lang='lat' dir='ltr'><strong>plu-</strong></span> <span class='ocrx_word' id='word_1_892' title='bbox 3500 4955 3503 4959; x_wconf 55' lang='grc'><em>⁴</em></span> 
     </span>
    </p>
   </div>
   <div class='ocr_carea' id='block_1_113' title="bbox 1882 5041 3458 5101">
    <p class='ocr_par' dir='ltr' id='par_1_113' title="bbox 1882 5041 3458 5101">
     <span class='ocr_line' id='line_1_113' title="bbox 1882 5041 3458 5101; baseline 0.004 -7"><span class='ocrx_word' id='word_1_893' title='bbox 1882 5041 2079 5096; x_wconf 90' lang='lat' dir='ltr'><strong>rituum</strong></span> <span class='ocrx_word' id='word_1_894' title='bbox 2114 5041 2502 5100; x_wconf 81' lang='lat' dir='ltr'><strong>Theodotionis</strong></span> <span class='ocrx_word' id='word_1_895' title='bbox 2540 5043 2800 5098; x_wconf 88' lang='lat' dir='ltr'><strong>lectiones</strong></span> <span class='ocrx_word' id='word_1_896' title='bbox 2845 5058 2966 5098; x_wconf 87' lang='lat' dir='ltr'><strong>cum</strong></span> <span class='ocrx_word' id='word_1_897' title='bbox 2996 5043 3273 5099; x_wconf 68' lang='lat' dir='ltr'><strong>asteriscis</strong></span> <span class='ocrx_word' id='word_1_898' title='bbox 3319 5045 3458 5101; x_wconf 70' lang='lat' dir='ltr'><strong>alle-</strong></span> 
     </span>
    </p>
   </div>
   <div class='ocr_carea' id='block_1_114' title="bbox 1880 5130 3458 5203">
    <p class='ocr_par' dir='ltr' id='par_1_114' title="bbox 1880 5130 3458 5203">
     <span class='ocr_line' id='line_1_114' title="bbox 1880 5130 3458 5203; baseline 0.003 -17"><span class='ocrx_word' id='word_1_899' title='bbox 1880 5133 2031 5187; x_wconf 89' lang='lat' dir='ltr'><strong>rebat</strong></span> <span class='ocrx_word' id='word_1_900' title='bbox 2084 5130 2366 5203; x_wconf 88' lang='lat' dir='ltr'><strong>Origenes,</strong></span> <span class='ocrx_word' id='word_1_901' title='bbox 2404 5133 2791 5191; x_wconf 89' lang='lat' dir='ltr'><strong>Theodotionis</strong></span> <span class='ocrx_word' id='word_1_902' title='bbox 2845 5150 3043 5189; x_wconf 91' lang='lat' dir='ltr'><strong>nomen</strong></span> <span class='ocrx_word' id='word_1_903' title='bbox 3089 5150 3199 5189; x_wconf 91' lang='lat' dir='ltr'><strong>non</strong></span> <span class='ocrx_word' id='word_1_904' title='bbox 3246 5135 3458 5191; x_wconf 86' lang='lat' dir='ltr'><strong>solebat</strong></span> 
     </span>
    </p>
   </div>
   <div class='ocr_carea' id='block_1_115' title="bbox 1878 5226 3454 5300">
    <p class='ocr_par' dir='ltr' id='par_1_115' title="bbox 1878 5226 3454 5300">
     <span class='ocr_line' id='line_1_115' title="bbox 1878 5226 3454 5300; baseline 0.002 -20"><span class='ocrx_word' id='word_1_905' title='bbox 1878 5226 2222 5296; x_wconf 85' lang='lat' dir='ltr'><strong>exprimere;</strong></span> <span class='ocrx_word' id='word_1_906' title='bbox 2249 5226 2458 5297; x_wconf 71' lang='lat' dir='ltr'><strong>Aquilae</strong></span> <span class='ocrx_word' id='word_1_907' title='bbox 2489 5242 2617 5282; x_wconf 89' lang='lat' dir='ltr'><strong>vero</strong></span> <span class='ocrx_word' id='word_1_908' title='bbox 2637 5229 2765 5299; x_wconf 88' lang='lat' dir='ltr'><strong>quia</strong></span> <span class='ocrx_word' id='word_1_909' title='bbox 2799 5229 2980 5283; x_wconf 88' lang='lat' dir='ltr'><strong>rarius</strong></span> <span class='ocrx_word' id='word_1_910' title='bbox 3004 5269 3018 5295; x_wconf 91' lang='lat'><strong>,</strong></span> <span class='ocrx_word' id='word_1_911' title='bbox 3053 5241 3108 5282; x_wconf 87' lang='lat' dir='ltr'><strong>et</strong></span> <span class='ocrx_word' id='word_1_912' title='bbox 3139 5227 3454 5300; x_wconf 85' lang='lat' dir='ltr'><strong>Symmachi</strong></span> 
     </span>
    </p>
   </div>
   <div class='ocr_carea' id='block_1_116' title="bbox 1879 5319 3483 5391">
    <p class='ocr_par' dir='ltr' id='par_1_116' title="bbox 1879 5319 3483 5391">
     <span class='ocr_line' id='line_1_116' title="bbox 1879 5319 3483 5391; baseline 0.001 -20"><span class='ocrx_word' id='word_1_913' title='bbox 1879 5319 2007 5387; x_wconf 90' lang='lat' dir='ltr'><strong>quia</strong></span> <span class='ocrx_word' id='word_1_914' title='bbox 2045 5320 2349 5385; x_wconf 83' lang='lat' dir='ltr'><strong>rarissime,</strong></span> <span class='ocrx_word' id='word_1_915' title='bbox 2389 5321 2862 5391; x_wconf 87' lang='lat' dir='ltr'><strong>interpretationes</strong></span> <span class='ocrx_word' id='word_1_916' title='bbox 2897 5336 3019 5374; x_wconf 91' lang='lat' dir='ltr'><strong>cum</strong></span> <span class='ocrx_word' id='word_1_917' title='bbox 3062 5320 3337 5375; x_wconf 74' lang='lat' dir='ltr'><strong>asteriscis</strong></span> <span class='ocrx_word' id='word_1_918' title='bbox 3368 5319 3483 5387; x_wconf 88' lang='lat' dir='ltr'><strong>in-_</strong></span> 
     </span>
    </p>
   </div>
   <div class='ocr_carea' id='block_1_117' title="bbox 1878 5409 3453 5480">
    <p class='ocr_par' dir='ltr' id='par_1_117' title="bbox 1878 5409 3453 5480">
     <span class='ocr_line' id='line_1_117' title="bbox 1878 5409 3453 5480; baseline 0.001 -17"><span class='ocrx_word' id='word_1_919' title='bbox 1878 5409 2113 5476; x_wconf 88' lang='lat' dir='ltr'><strong>serebat,</strong></span> <span class='ocrx_word' id='word_1_920' title='bbox 2144 5410 2364 5464; x_wconf 90' lang='lat' dir='ltr'><strong>nomina</strong></span> <span class='ocrx_word' id='word_1_921' title='bbox 2395 5426 2426 5464; x_wconf 88' lang='lat' dir='ltr'><strong>a</strong></span> <span class='ocrx_word' id='word_1_922' title='bbox 2460 5411 2635 5480; x_wconf 90' lang='lat' dir='ltr'><strong>prima</strong></span> <span class='ocrx_word' id='word_1_923' title='bbox 2673 5412 2849 5465; x_wconf 90' lang='lat' dir='ltr'><strong>littera</strong></span> <span class='ocrx_word' id='word_1_924' title='bbox 2888 5410 3211 5480; x_wconf 81' lang='lat' dir='ltr'><strong>depingcbat</strong></span> <span class='ocrx_word' id='word_1_925' title='bbox 3236 5452 3252 5475; x_wconf 84' lang='lat'><strong>,</strong></span> <span class='ocrx_word' id='word_1_926' title='bbox 3279 5419 3337 5462; x_wconf 92' lang='lat' dir='ltr'><strong>ut</strong></span> <span class='ocrx_word' id='word_1_927' title='bbox 3368 5410 3453 5464; x_wconf 69' lang='lat' dir='ltr'><strong>in-</strong></span> 
     </span>
    </p>
   </div>
   <div class='ocr_carea' id='block_1_118' title="bbox 1875 5500 3446 5573">
    <p class='ocr_par' dir='ltr' id='par_1_118' title="bbox 1875 5500 3446 5573">
     <span class='ocr_line' id='line_1_118' title="bbox 1875 5500 3446 5573; baseline -0.001 -18"><span class='ocrx_word' id='word_1_928' title='bbox 1875 5500 2082 5556; x_wconf 88' lang='lat' dir='ltr'><strong>dicaret</strong></span> <span class='ocrx_word' id='word_1_929' title='bbox 2106 5515 2212 5556; x_wconf 90' lang='lat' dir='ltr'><strong>non</strong></span> <span class='ocrx_word' id='word_1_930' title='bbox 2237 5517 2301 5557; x_wconf 82' lang='lat' dir='ltr'><strong>ex</strong></span> <span class='ocrx_word' id='word_1_931' title='bbox 2326 5500 2700 5558; x_wconf 87' lang='lat' dir='ltr'><strong>Theodotione</strong></span> <span class='ocrx_word' id='word_1_932' title='bbox 2725 5517 2822 5573; x_wconf 92' lang='lat' dir='ltr'><strong>pro</strong></span> <span class='ocrx_word' id='word_1_933' title='bbox 2840 5501 2999 5558; x_wconf 73' lang='lat' dir='ltr'><strong>solito</strong></span> <span class='ocrx_word' id='word_1_934' title='bbox 3025 5502 3186 5557; x_wconf 86' lang='lat' dir='ltr'><strong>verba</strong></span> <span class='ocrx_word' id='word_1_935' title='bbox 3208 5501 3446 5572; x_wconf 77' lang='lat' dir='ltr'><strong>decerpi.</strong></span> 
     </span>
    </p>
   </div>
   <div class='ocr_carea' id='block_1_119' title="bbox 1878 5588 3044 5662">
    <p class='ocr_par' dir='ltr' id='par_1_119' title="bbox 1878 5588 3044 5662">
     <span class='ocr_line' id='line_1_119' title="bbox 1878 5588 3044 5662; baseline 0.005 -17"><span class='ocrx_word' id='word_1_936' title='bbox 1878 5588 1984 5646; x_wconf 87' lang='lat' dir='ltr'><strong>Sed</strong></span> <span class='ocrx_word' id='word_1_937' title='bbox 2011 5592 2112 5647; x_wconf 88' lang='lat' dir='ltr'><strong>hoc</strong></span> <span class='ocrx_word' id='word_1_938' title='bbox 2140 5606 2206 5648; x_wconf 86' lang='lat' dir='ltr'><strong>ex</strong></span> <span class='ocrx_word' id='word_1_939' title='bbox 2238 5592 2553 5662; x_wconf 89' lang='lat' dir='ltr'><strong>conjectura</strong></span> <span class='ocrx_word' id='word_1_940' title='bbox 2584 5602 2793 5648; x_wconf 88' lang='lat' dir='ltr'><strong>tantum</strong></span> <span class='ocrx_word' id='word_1_941' title='bbox 2821 5593 3044 5651; x_wconf 88' lang='lat' dir='ltr'><strong>dicitur.</strong></span> 
     </span>
    </p>
   </div>
   <div class='ocr_carea' id='block_1_120' title="bbox 1944 5683 3447 5756">
    <p class='ocr_par' dir='ltr' id='par_1_120' title="bbox 1944 5683 3447 5756">
     <span class='ocr_line' id='line_1_120' title="bbox 1944 5683 3447 5756; baseline -0.001 -17"><span class='ocrx_word' id='word_1_942' title='bbox 1944 5683 2042 5743; x_wconf 74' lang='lat' dir='ltr'><strong>Illa</strong></span> <span class='ocrx_word' id='word_1_943' title='bbox 2075 5694 2256 5742; x_wconf 85' lang='lat' dir='ltr'><strong>autem</strong></span> <span class='ocrx_word' id='word_1_944' title='bbox 2289 5699 2411 5756; x_wconf 66' lang='lat' dir='ltr'><strong>quae</strong></span> <span class='ocrx_word' id='word_1_945' title='bbox 2435 5700 2560 5742; x_wconf 88' lang='lat' dir='ltr'><strong>cum</strong></span> <span class='ocrx_word' id='word_1_946' title='bbox 2591 5685 2868 5744; x_wconf 84' lang='lat' dir='ltr'><strong>asteriscis</strong></span> <span class='ocrx_word' id='word_1_947' title='bbox 2907 5685 3077 5744; x_wconf 84' lang='lat' dir='ltr'><strong>textui</strong></span> <span class='ocrx_word' id='word_1_948' title='bbox 3115 5685 3224 5741; x_wconf 86' lang='grc' dir='ltr'>τῶν</span> <span class='ocrx_word' id='word_1_949' title='bbox 3274 5687 3329 5740; x_wconf 87' lang='lat'><strong>0&#39;</strong></span> <span class='ocrx_word' id='word_1_950' title='bbox 3359 5699 3447 5749; x_wconf 81' lang='grc' dir='ltr'>ιιι-</span> 
     </span>
    </p>
   </div>
  </div>
