3832 6214
352 265 415 322 71
1701 255 1958 313 Ριιιῑιιιι

2064 253 2226 311 ARIA
3557 250 3630 306 τε

359 381 726 443 serebantur,
771 375 1068 446 aliquando
1121 374 1190 430 ad
1224 389 1420 430 sensus
1472 373 1840 444 integritatem
1892 381 1946 427 et

2064 379 2156 426 ,ata
2181 411 2196 436 ,
2233 369 2458 424 alteram
2493 367 2768 439 adjecerat
2810 368 2888 422 sic
2927 381 2989 423 ot—
3026 369 3284 436 ὲνεγκατε
3332 366 3408 438 τῷ
3438 370 3632 441 Κυρίῳ

356 471 752 530 accuratiorem
783 469 1204 539 explicationem
1250 474 1558 536 opportuna
1600 475 1801 524 erant:
1847 463 1946 518 sed

357 576 417 622 ut
441 563 739 637 plurimum
778 561 1013 625 inutilia,
1043 568 1095 615 et
1121 559 1291 613 nimia
1344 557 1773 628 scrupulositate
1809 572 1945 612 con-

357 657 671 720 sarcinata,
727 653 802 707 ita
859 660 921 706 ut
968 652 1094 721 plus
1147 648 1426 704 ofﬁcerent
1465 665 1629 718 quam
1666 649 1942 718 juvarent.

354 745 666 804 Hebraismi
699 744 899 814 quippe
923 757 1115 797 omnes
1139 757 1300 810 quos,
1330 749 1518 810 utpote
1548 757 1580 795 a
1610 740 1797 796 Graeca
1836 743 1945 797 lin-

349 857 455 911 gua
494 847 549 894 et
585 838 824 892 dictione
862 850 1089 905 prorsus
1124 834 1504 899 abhorrentes,
1529 832 1782 889 consulto
1809 845 1946 899 prte-

350 929 710 987 termiserant
735 926 876 980 LXX
901 926 1228 995 interpretes
1255 967 1270 988 ,
1309 925 1516 994 ubique
1565 925 1948 993 exprimcban-

352 1037 444 1080 tur
477 1037 490 1074 :
523 1037 646 1092 qua:
673 1028 936 1090 quantam
982 1018 1334 1088 κακοφωνὶαν
1390 1017 1619 1072 editioni
1667 1015 1946 1084 hexaplari

353 1113 644 1180 inferrent,
672 1113 774 1167 hoc
804 1111 1054 1179 exemplo
1082 1110 1408 1164 declaratur.
1451 1107 1653 1163 Jerem.
1691 1124 1822 1161 XLlIl
1849 1147 1862 1172 ,
1891 1107 1945 1173 6,

355 1207 421 1273 Χ
461 1205 558 1257 σὺν
602 1202 754 1270 ζτὰς
805 1203 1070 1269 γυναῖκας
1097 1238 1112 1262 ,
1159 1199 1254 1250 καὶ
1299 1198 1365 1266 Χ
1411 1197 1508 1250 σὺν
1556 1197 1579 1264 ζ
1634 1195 1704 1248 τὰ
1742 1197 1944 1265 νήπια,

357 1294 450 1348 καὶ
508 1298 576 1362 χ
626 1293 783 1361 sim:
835 1292 936 1355 τὰς
977 1291 1197 1360 ψυχὰς,
1263 1292 1350 1344 ubi
1403 1288 1731 1343 llehraicum
1786 1289 1950 1342 habet

361 1375 969 1448 wszn-Sa-nm........
1005 1393 1275 1468 qun-nm
1323 1391 1666 1440 nvem-na:
1705 1380 1777 1433 ibi
1818 1379 1949 1434 illud

361 1479 460 1531 σὺν
491 1477 558 1531 ad
592 1474 1004 1544 exprimendam
1044 1473 1366 1542 particulam
1408 1483 1514 1536 DN,
1567 1479 1751 1524 notam
1786 1486 1951 1525 accu-

359 1567 521 1622 sativi
551 1582 712 1622 casus
743 1564 886 1634 apud
919 1563 1196 1630 Hebraeos,
1229 1580 1296 1618 ex
1323 1563 1535 1632 Aquila:
1553 1563 1793 1618 editione
1824 1578 1948 1616 cum

361 1661 628 1716 asterisco
668 1659 927 1713 inseritur
955 1674 967 1709 :
998 1656 1154 1727 quasi
1185 1673 1314 1711 vero
1357 1656 1402 1710 si
1434 1655 1697 1710 articulus
1723 1666 1806 1714 nat
1831 1669 1950 1708 om-

2047 463 2154 516 ι.ιίοι⁷
2187 460 2323 514 Θεοῦ
2372 464 2438 527 >ε<
2466 460 2725 528 ἐνέγκατε
2765 457 2843 529 τῷ
2889 457 3080 528 Κυρίῳ
3121 458 3273 521 υἱοὺς
3319 458 3521 529 κριῶν·
3575 459 3633 512 id

2048 564 2170 608 est:
2205 567 2266 608 4-
2305 552 2505 621 ΛῙΪετιε
2534 551 2784 616 Domino,
2813 550 2915 620 ﬁlii
2951 550 3047 603 Dei
3075 553 3143 617 >ε<
3175 549 3361 618 a/ferte
3407 550 3635 605 Domino

2047 646 2190 716 ﬁlios
2245 647 2473 699 arietum
2496 658 2515 697 :
2565 659 2687 714 quae
2722 643 2895 696 ambae
2925 643 2978 696 in
3009 641 3151 696 LXX
3184 650 3238 696 ct
3285 642 3339 695 in
3382 643 3634 698 versione

2049 738 2245 792 Latina
2273 742 2675 791 remanserunt.
2718 733 2810 789 Sic
2842 745 2895 788 et
2920 732 3099 788 llesai.
3141 748 3232 797 xv,
3259 733 3312 798 ‘5,
3351 740 3637 794 mrum-121

2047 828 2138 892 A.,
2169 829 2252 888 Σ.,
2284 826 2374 891 Θ.,
2410 827 2504 880 καὶ
2530 827 2588 878 ἐν
2610 828 2731 888 ταῖς
2758 824 3043 887 πλατείαις
3083 823 3275 892 αὐτῆς.
3311 826 3366 876 0'
3387 864 3401 888 ,
3436 824 3529 877 καὶ
3576 826 3638 878 ὲν

2046 921 2166 983 ταῖς
2195 918 2394 990 ῥύμαις
2429 919 2694 989 αὑτῆς....
2746 916 2850 972 Sed
2883 927 3112 986 utraque
3158 916 3320 971 lectio
3352 921 3420 971 ab
3461 917 3634 970 hexa-

2049 1010 2192 1078 plari
2218 1009 2460 1064 editione
2485 1009 2772 1078 desumpta
2807 1009 2861 1062 iu
2887 1007 3170 1062 hodiernis
3203 1005 3392 1061 Bibliis
3421 1022 3640 1060 reman-

2050 1103 2140 1166 sit,
2173 1103 2268 1156 καὶ
2291 1103 2350 1156 ὲν
2379 1105 2498 1165 ταῖς
2527 1101 2807 1166 πλατείαις
2837 1101 3030 1170 αὐτῆς,
3054 1099 3148 1152 καὶ
3180 1099 3239 1150 ἐν
3269 1099 3390 1161 ταῖς
3433 1097 3640 1168 ῥύμαις

2049 1195 2273 1265 αὐτῆςε
2330 1195 2513 1265 itaque
2567 1196 2742 1266 prima
2797 1196 2977 1248 versio
3029 1192 3330 1256 asterisco,
3393 1191 3640 1246 secunda

2049 1289 2206 1344 obelo
2237 1289 2319 1343 vel
2353 1289 2533 1359 potius
2573 1288 2860 1351 lemnisco,
2892 1296 3080 1341 notata
3113 1285 3328 1350 fuerat,
3362 1283 3455 1339 sed
3498 1294 3641 1338 note

2051 1393 2240 1434 omnes
2287 1397 2318 1433 a
2365 1380 2599 1450 vulgatis
2645 1378 3050 1450 exemplaribus
3099 1377 3440 1432 exciderunt.
3500 1372 3641 1428 llcm

2051 1473 2285 1528 similem
2317 1473 2438 1528 vide
2463 1472 2663 1528 Ezech.
2699 1473 2908 1537 nimii,
2941 1481 2995 1526 et
3019 1487 3179 1536 χχιιι,
3216 1470 3300 1536 l9,
3337 1467 3642 1536 multisque

2052 1564 2174 1618 aliis
2205 1564 2259 1618 in
2293 1564 2431 1619 locis
2457 1579 2579 1634 quae
2606 1564 2827 1634 longum
2850 1571 2995 1618 esset
3017 1577 3324 1617 recensere.
3356 1559 3558 1613 Verum
3584 1559 3639 1613 in

2055 1657 2141 1712 his
2172 1658 2436 1728 exemplis
2483 1673 2590 1710 non
2625 1657 2847 1721 ohelos,
2893 1657 2984 1711 sed
3024 1655 3319 1710 lemniscos
3365 1653 3644 1708 adhibitos

361 1752 495 1807 nino
517 1750 906 1821 exprimendus
935 1718 1072 1810 erat,
1109 1763 1216 1802 non
1249 1756 1336 1802 sat
1356 1756 1482 1816 apte
1509 1745 1830 1800 redderetur
1857 1760 1954 1815 per
1983 1718 2025 1773 Β
2055 1745 2226 1802 fuisse
2255 1718 2408 1817 pul’o,
2441 1761 2501 1801 ut
2525 1747 2757 1801 articulo
2793 1718 3039 1816 sequenti
3071 1745 3352 1816 probatur.

363 1843 628 1900 articulos
662 1841 882 1897 Graecos
914 1840 1014 1904 τὰς
1042 1849 1096 1894 et
1125 1839 1214 1892 τά.
1262 1836 1588 1907 Hujusmodi
1623 1851 1955 1906 supervaca-

361 1953 524 1992 neam
569 1936 905 2007 diligentiam
935 1975 950 1999 ,
995 1944 1091 1990 aut
1125 1943 1182 1987 ut
1224 1932 1420 1986 melius
1457 1931 1673 1986 dicatur
1717 1927 1957 2000 κακοζη-

361 2031 506 2096 λίαν,
537 2030 841 2084 sexcenties
873 2027 1214 2083 observabis.
1250 2023 1342 2080 Sic
1372 2033 1427 2080 et
1457 2023 1633 2078 Levit.
1674 2039 1734 2088 II,
1765 2023 1829 2084 2,
1861 2021 1957 2076 καὶ

362 2121 703 2195 δραξάμενος
747 2120 928 2192 πλήρη
972 2121 1072 2191 τὴν
1110 2118 1288 2191 δράκα
1326 2121 1392 2185 >θο<
1436 2116 1599 2171 αὐτοῦ
1635 2116 1657 2184 ζ
1705 2113 1813 2170 ἀπὸ
1859 2115 1958 2185 τῆς

365 2212 703 2286 σεμιδάλεως
745 2217 812 2281 Χ
857 2211 1029 2281 αὐτῆς
1066 2211 1090 2278 ζ
1144 2213 1239 2266 σὺν
1293 2209 1371 2281 τῷ
1407 2209 1570 2277 ἐλαίῳ
1613 2211 1680 2278 X
1727 2207 1952 2278 αὑτῆςζ

367 2305 461 2358 ubi
487 2303 870 2374 pronominum
892 2304 1037 2356 illam
1065 2303 1467 2373 repetitionem,
1490 2317 1655 2369 quam
1683 2301 1958 2355 llebraicae

367 2395 571 2466 linguae
611 2395 922 2464 propriam,
971 2401 1031 2446 ut
1063 2392 1421 2462 iuelegantem
1468 2391 1831 2459 inutilemque
1869 2403 1956 2442 re-

368 2494 633 2556 spuerant
661 2482 800 2537 LXX
825 2486 1154 2554 lnterpretes
1176 2526 1191 2551 ,
1229 2500 1353 2538 cum
1389 2483 1670 2538 asteriscis
1719 2482 1960 2538 restituit

365 2576 652 2649 Origenes.
688 2576 978 2631 lnnumera
1025 2577 1112 2631 his
1163 2575 1365 2632 similia
1399 2576 1453 2630 iu
1484 2575 1722 2631 decursu
1773 2575 1958 2645 operis

366 2671 535 2739 hujus
561 2667 961 2722 animadvertet
993 2669 1242 2723 eruditus
1271 2668 1464 2724 lector.

436 2760 556 2816 Alia
580 2775 802 2831 quoque
830 2761 1000 2814 multa
1032 2760 1086 2814 in
1120 2761 1374 2815 versione
1415 2775 1516 2814 sua
1565 2758 1960 2828 praetermisere

368 2847 535 2915 LXX,
571 2864 715 2918 quae,
750 2848 877 2902 licet
899 2848 1172 2904 enuntiari
1201 2856 1445 2916 possent,
1472 2848 1610 2902 nihil
1640 2848 1707 2902 ad
1737 2862 1958 2902 sensum

365 2949 493 3010 apte
519 2940 938 3010 exprimendum
983 2939 1270 3008 juvabant.
1324 2938 1417 2992 Sic
1467 2937 1581 2994 Jer.
1636 2939 1962 3004 I,18,haec

2337 1838 2426 1893 IV.
2461 1839 2538 1893 De
2566 1839 2836 1893 lemniscis
2862 1848 2911 1891 et
2941 1837 3369 1908 hypolemniscis.

2128 1931 2454 1988 Lemniscus
2488 1931 2674 1988 Grtece
2700 1931 2998 2002 λημνίσκος
3043 1945 3140 1984 seu
3180 1930 3466 2000 λιμνίσκος
3503 1928 3646 1984 dici-

2058 2033 2166 2090 tur,
2194 2025 2286 2079 sed
2314 2033 2594 2093 postrema
2629 2021 2787 2076 lectio
2822 2020 3009 2076 Graeca
3043 2023 3300 2076 mendose
3329 2038 3395 2077 ex
3429 2019 3646 2091 vulgari

2059 2115 2148 2170 illa
2176 2115 2478 2169 mutatione
2510 2110 2603 2166 τοῦ
2633 2129 2671 2179 η
2701 2111 2754 2164 in
2790 2128 2809 2162 ι
2836 2110 3058 2164 iuducta
3109 2121 3353 2180 putatur.
3398 2110 3482 2164 Ab
3517 2108 3647 2179 Epi-

2058 2206 2261 2276 phauio
2295 2213 2476 2259 autem
2521 2203 2685 2272 hujus
2727 2203 2879 2258 vocis
2923 2201 3206 2273 λιμνίσκος
3248 2211 3467 2273 etymou
3517 2203 3647 2258 inde

2059 2298 2294 2368 petitur,
2339 2295 2428 2349 διὰ
2459 2295 2521 2349 τὸ
2559 2291 2840 2366 λιμνάζειν
2884 2294 3212 2365 κλυζόμενον
3241 2295 3330 2348 τὸν
3379 2295 3543 2366 μότον
3585 2296 3646 2350 ὲν

2011 2438 2018 2444 .
2059 2393 2172 2455 τοῖς
2199 2389 2387 2452 τόποις
2418 2389 2626 2460 ὑγροῖς,
2664 2389 2718 2443 id
2743 2397 2848 2453 est,
2877 2388 3020 2459 quod
3043 2387 3172 2441 vitta
3199 2386 3310 2454 illa,
3337 2403 3502 2457 quam
3529 2405 3649 2445 me-

2059 2483 2166 2537 dici
2200 2481 2517 2536 vulneribus
2542 2483 2799 2536 curandis
2826 2488 3128 2551 apponunt,
3163 2480 3218 2533 in
3243 2480 3378 2534 locis
3404 2481 3646 2538 humidis

2060 2574 2352 2629 humerum
2383 2573 2541 2644 copia
2565 2573 2850 2628 redundet.
2880 2570 2985 2626 Sed
3015 2572 3131 2625 haec
3162 2571 3314 2625 vocis
3339 2573 3494 2641 origo
3519 2571 3648 2641 jure

2059 2667 2337 2736 respuitur
2391 2683 2422 2721 a
2458 2667 2593 2721 viris
2631 2665 2830 2722 doctis.
2877 2663 3014 2719 Nam
3057 2663 3342 2735 λιμνίσκος
3394 2665 3645 2719 vitiatum

2060 2768 2162 2824 est,
2189 2768 2242 2814 et
2269 2759 2569 2829 λημνίσκος
2595 2759 2875 2814 scribitur.
2909 2757 2986 2811 De
3011 2757 3169 2826 cujus
3193 2757 3431 2812 nominis
3463 2768 3647 2828 etymo

2061 2851 2192 2921 quid
2236 2851 2438 2906 sentiat
2482 2850 2563 2904 vir
2616 2850 3023 2905 eruditissimus
3074 2848 3387 2904 Bernardus
3430 2848 3646 2904 Moneta

2063 2943 2270 3012 paucis,
2300 2951 2360 2996 ut
2391 2942 2461 2996 ab
2484 2957 2549 2996 eo
2575 2941 2799 3011 accepi,
2851 2957 3169 3012 expromam
3197 2957 3211 2993 :
3260 2961 3277 2992 ι
3325 2941 3644 3005 Athenaeus,

367 3029 636 3086 Hebraica
670 3031 833 3085 verba
863 3039 1038 3110 Trin:
1063 3042 1170 3090 nm
1206 3039 1320 3091 um
1343 3029 1484 3083 LXX
1515 3039 1809 3094 verterant,
1849 3031 1957 3084 ἰδοὺ
1985 3074 2031 3134 C
2064 3051 2185 3105 pag.
2226 3035 2332 3090 200
2369 3035 2627 3091 editionis
2659 3033 3042 3105 Lugdunensis
3072 3077 3102 3102 ,_
3123 3035 3180 3088 in
3215 3034 3428 3103 prolixo
3475 3034 3646 3090 Calli-

367 3122 594 3178 τέθεικά
624 3138 707 3187 σε,
739 3137 855 3175 εσσε
876 3123 1030 3191 posui
1074 3132 1144 3188 te,
1178 3122 1428 3191 nihilque
1463 3122 1530 3177 ad
1561 3138 1782 3178 sensum
1807 3122 1956 3178 desi-

370 3215 698 3282 derabatur;
739 3211 1004 3284 Origenes
1036 3229 1201 3279 vero,
1253 3217 1678 3284 praetermissam
1724 3223 1837 3276 um
1863 3231 1958 3271 vo-

369 3287 490 3363 ce‘m
520 3307 863 3372 existimans,
899 3321 1024 3360 cum
1051 3306 1320 3361 asterisco
1353 3321 1421 3360 ex
1446 3304 1778 3378 Symmacho
1811 3307 1958 3362 defe-

369 3406 522 3453 ctum
559 3398 830 3468 supplevit
855 3401 919 3466 >κ
943 3398 1001 3451 Σ.
1036 3395 1148 3465 ἐγὼ
1177 3397 1234 3450 δὲ
1273 3397 1295 3466 ζ
1328 3407 1388 3452 ut
1409 3398 1488 3453 sic
1521 3401 1958 3467 exprimerentur

370 3492 560 3548 omnia
587 3491 692 3546 hoc
717 3490 880 3546 modo
913 3509 927 3544 :
963 3489 1075 3560 Ego
1096 3499 1272 3545 autem
1293 3507 1407 3545 ecce
1428 3493 1580 3559 posui
1605 3501 1673 3545 te.

444 3581 646 3637 Obelos
674 3581 926 3636 similiter
957 3597 1099 3652 saepe
1127 3584 1311 3652 posuit
1339 3599 1438 3653 pro
1463 3583 1719 3638 notandis
1749 3584 1818 3639 iis
1840 3600 1959 3654 quze

371 3690 499 3731 cum
529 3675 583 3729 in
617 3673 884 3730 Hebraico
920 3691 1030 3730 non
1059 3683 1378 3740 exstarent,
1421 3677 1476 3730 in
1511 3677 1804 3732 editionem
1849 3678 1956 3730 τῶν

375 3769 431 3820 0’
462 3767 674 3820 invecta
707 3765 965 3830 fuerant;
997 3781 1185 3820 verum
1235 3767 1537 3836 saepissime
1580 3783 1644 3821 ea
1677 3777 1736 3822 ut
1766 3784 1959 3838 ampu-

373 3857 540 3912 tanda
566 3856 741 3912 obelis
771 3856 1000 3923 notavit,
1034 3872 1156 3926 quae
1183 3873 1213 3911 a
1248 3856 1394 3911 LXX
1437 3855 1832 3928 lnterpretibus
1873 3859 1957 3911 vel

373 3950 640 4006 claritatis
663 3949 744 4004 vel
775 3949 1056 4019 elegantiae
1094 3963 1262 4004 causa
1297 3950 1471 4019 posita
1517 3950 1768 4016 fuerant,
1804 3966 1957 4020 quae-

374 4058 483 4113 que
511 4043 638 4098 licet
671 4042 726 4096 in
755 4039 1024 4096 Hebraico
1077 4041 1144 4095 ad
1180 4042 1408 4096 verbum
1442 4058 1550 4097 non
1581 4045 1958 4113 exprimeren-

373 4143 488 4201 tur,
520 4133 706 4189 sensui
737 4141 920 4188 tamen
946 4132 1273 4188 illustrando
1304 4133 1593 4188 commoda
1623 4142 1798 4188 erant.
1827 4132 1960 4199 Quae

376 4239 544 4297 porro
577 4234 838 4297 notantur
873 4226 1064 4290 obelo,
1106 4225 1404 4295 aliquando
1451 4226 1743 4293 dicuntur,
1785 4226 1958 4296 ἀμφι-

377 4316 572 4382 ϐόλως,
609 4317 663 4372 id
690 4328 776 4373 est
801 4317 980 4385 dubie,
1014 4318 1216 4387 jacere.
1251 4317 1342 4371 Sic
1363 4317 1534 4373 codex
1561 4316 1874 4381 Vaticanus,
1905 4319 1958 4371 iu

2065 3128 2186 3181 xeni
2221 3126 2420 3182 Rhodii
2449 3127 2588 3191 loco,
2621 3142 2807 3182 vocem
2835 3127 3157 3198 λιμνήσκοις
3183 3127 3345 3182 habet
3365 3165 3379 3191 ,
3435 3142 3559 3198 qua:
3591 3129 3646 3182 in

2062 3218 2308 3288 margine
2344 3218 2425 3273 sic
2454 3219 2817 3285 emendatur,
2856 3218 3138 3284 λινίσκοις,
3176 3229 3338 3289 atque
3386 3220 3459 3275 ita
3516 3221 3650 3292 legit

2062 3307 2384 3364 Eustathius
2409 3309 2463 3362 in
2495 3324 2712 3364 versum
2745 3309 2850 3364 570
2879 3311 3076 3365 decimi
3125 3313 3303 3365 octavi
3337 3313 3461 3367 libri
3505 3312 3648 3367 Ilia-

2062 3400 2178 3466 dos,
2215 3399 2305 3454 ubi
2361 3401 2510 3454 hunc
2543 3401 2720 3469 ipsum
2771 3401 2840 3455 ab
2892 3402 3154 3456 Athean
3199 3402 3422 3456 allatum
3463 3403 3644 3458 locum

2063 3493 2250 3548 refert.
2288 3491 2509 3547 Isaacus
2534 3507 2662 3547 vero
2687 3491 3050 3546 Casaubonus
3068 3492 3121 3546 iu
3151 3494 3318 3558 notis,
3343 3505 3438 3547 aut
3462 3494 3651 3564 λημνί-

2066 3601 2236 3649 σκοις,
2267 3593 2362 3638 aut
2395 3584 2655 3648 λινίσκοις
2687 3584 2974 3655 legendum
3017 3599 3139 3640 esse
3171 3585 3337 3651 dicit,
3369 3586 3464 3641 sed
3510 3603 3649 3642 neu-

2063 3685 2202 3731 tram
2227 3677 2380 3731 alteri
2411 3678 2695 3732 lectionem
2717 3675 2973 3747 pra’ferre
3001 3677 3183 3732 audet.
3207 3677 3431 3732 Certum
3462 3688 3645 3734 autem

2063 3775 2166 3831 est,
2198 3782 2386 3822 vocem
2433 3766 2758 3838 λημνίσκος,
2802 3783 2923 3838 qua:
2955 3768 3210 3837 primitus
3251 3779 3530 3840 angustam
3561 3771 3649 3840 [a-

2063 3861 2229 3914 sciam
2260 3860 2627 3929 siguificabat,
2653 3878 2719 3915 ex
2745 3876 2876 3916 voce
2905 3860 3063 3932 λῆνος
3089 3901 3102 3925 ,
3135 3862 3296 3928 lana,
3347 3863 3646 3917 derivatam

2063 3968 2205 4018 esse,
2239 3953 2366 4023 quia
2393 3953 2462 4006 ab
2497 3953 2609 4022 ipsa
2642 3953 2851 4023 origine
2875 3951 3063 4008 fasciae
3111 3953 3429 4023 hujusmodi
3479 3955 3650 4010 lanea

2063 4053 2238 4098 erant.
2267 4011 2407 4099 [line
2437 4058 2568 4098 vero
2607 4042 2935 4114 Syracusani
2983 4043 3248 4113 singulari
3288 4044 3636 4112 formatione,

2066 4137 2186 4192 loco
2213 4135 2304 4190 τοῦ
2331 4137 2629 4204 ληνίσκος
2651 4175 2668 4202 ,
2699 4136 2906 4190 inserto
2925 4154 2992 4206 μ,
3019 4135 3316 4206 λημνίσκος
3346 4135 3595 4193 fecerunt
3626 4153 3642 4190 :

2065 4247 2190 4302 quae
2233 4247 2400 4299 causa
2422 4231 2527 4285 fuit
2555 4241 2614 4284 ut
2654 4232 2771 4284 haec
2795 4244 2898 4282 vox
2947 4244 3048 4298 pro
3098 4227 3446 4300 Syracusana
3481 4230 3649 4284 habe-

2065 4333 2236 4378 retur.
2273 4306 2597 4394 llesychius,
2625 4320 2956 4392 λημνίσκους
3007 4319 3106 4383 τὰς
3138 4319 3326 4383 στενὰς
3371 4315 3646 4392 Συρακού-

376 4409 512 4464 illud
549 4409 744 4478 psalmi
792 4425 848 4471 x,
888 4410 943 4473 4,
989 4409 1144 4464 Oculi
1189 4409 1304 4478 ejus
1344 4411 1400 4463 in
1453 4426 1734 4479 pauperem
1791 4411 1958 4480 respi-

2069 4433 2177 4470 σιοι
2202 4416 2436 4479 ταινίας,
2468 4413 2816 4482 subintellige
2847 4411 3090 4479 λέγουσι.
3138 4408 3278 4464 Hinc
3314 4411 3382 4463 ad
3417 4411 3522 4464 alia
3569 4411 3648 4466 si-

378 4502 550 4564 ciunl,
582 4501 675 4555 ubi
702 4501 867 4565 illud,
906 4501 962 4553 in
1002 4516 1306 4570 pauperem,
1339 4517 1448 4555 non
1479 4512 1563 4556 est
1618 4503 1673 4555 in
1712 4500 1962 4567 Hebraeo,

379 4594 500 4649 haec
525 4593 709 4658 habet,
742 4592 817 4646 Τὸ
845 4596 933 4658 εἰς
969 4593 1079 4646 τόν
1112 4595 1342 4660 πένητα
1373 4595 1430 4644 ὲν
1459 4595 1525 4664 τῇ
1558 4592 1725 4647 σελίδι
1767 4592 1876 4646 τῶν
1909 4597 1964 4647 0’

381 4685 560 4740 ἔκειτο
590 4685 749 4756 μόνον
782 4684 1130 4756 ἀμφιϐόλως’
1162 4685 1334 4750 idest,
1364 4684 1531 4748 Illud,
1567 4687 1620 4739 in
1650 4702 1964 4756 pauperem,

375 4776 429 4829 in
461 4775 578 4830 sola
617 4775 771 4830 LXX
812 4774 1173 4845 Interpretum
1221 4775 1468 4830 columna
1520 4776 1678 4830 dubie
1724 4775 1965 4847 jacebat.

381 4865 556 4920 Dubie
590 4865 821 4932 scilicet,
851 4866 982 4936 quia
1012 4866 1139 4920 licet
1166 4865 1221 4918 in
1269 4864 1496 4922 Hebraeo
1529 4865 1780 4936 Origenis
1820 4877 1967 4922 tem-

382 4971 520 5026 pore
549 4972 660 5011 non
692 4957 920 5026 jaceret,
953 4957 1028 5012 ibi
1061 4966 1280 5012 exstare
1325 4966 1576 5028 potuerat
1613 4958 1757 5013 LXX
1793 4959 1968 5015 luter-

379 5057 600 5118 pretum
625 5063 764 5103 aevo.

456 5138 576 5194 Non
605 5141 770 5194 modo
799 5148 980 5194 autem
1009 5154 1073 5194 ea
1102 5155 1225 5210 quae
1248 5155 1313 5195 ex
1343 5139 1584 5196 editione
1606 5141 1715 5195 τῶν
1745 5143 1798 5198 0'
1827 5145 1971 5200 exci-

382 5233 598 5298 derant,
615 5247 741 5286 cum
766 5232 1048 5287 asteriscis
1076 5229 1657 5305 supplevitOrigenes;
1689 5236 1784 5290 sed
1801 5239 1968 5292 etiam

385 5325 432 5380 si
450 5324 670 5394 quando
685 5325 853 5380 editio
869 5325 979 5378 τῶν
995 5330 1050 5379 0'
1070 5341 1176 5381 non
1201 5327 1473 5382 videretur
1492 5325 1810 5383 Hebraicam
1830 5331 1970 5384 veri-

385 5426 552 5472 tatem
566 5427 816 5472 accurate
828 5419 1151 5490 exprimere,
1162 5419 1321 5475 obelo
1335 5428 1518 5476 notata
1537 5421 1704 5490 priori
1717 5422 1966 5488 lectione,

363 5537 368 5540 -
388 5509 615 5564 alteram
637 5511 900 5566 asterisco
921 5511 1190 5582 signatam
1207 5527 1274 5566 ex
1296 5511 1418 5567 aliis
1435 5513 1821 5583 interpretibus
1839 5515 1972 5584 adji-

384 5600 584 5656 ciebat.
615 5598 705 5656 Sic
733 5602 799 5656 ad
827 5601 955 5656 illud
981 5618 1066 5672 ps.
1090 5619 1282 5669 xxvm,
1316 5603 1371 5668 1,
1389 5587 1534 5665 ῠνθκ
1560 5614 1648 5667 ua
1673 5590 1828 5666 nw‘v
1847 5616 1967 5671 Ὁτι.

386 5687 559 5766 ιιιιρτι
607 5692 836 5750 lectione
869 5693 1047 5764 obelo,
1103 5695 1216 5752 sive
1255 5695 1452 5754 melius
1488 5697 1755 5756 lemnisco
1801 5698 1969 5770 jugu-

2069 4508 2374 4578 gniﬁcanda
2423 4515 2686 4577 usurpata
2743 4519 2846 4559 vox
2883 4502 3009 4568 fuit,
3067 4515 3264 4570 nempe
3315 4515 3416 4571 pro
3458 4500 3647 4557 fasciis

2067 4601 2270 4670 quibus
2299 4614 2517 4655 coronae
2555 4596 3148 4667 circumplicabantur;
3183 4607 3283 4664 pro
3311 4593 3646 4648 lineamenta

2067 4693 2358 4748 convoluto
2417 4690 2735 4744 vulneribus
2785 4686 3118 4752 inserendo;
3172 4684 3503 4754 domumque
3548 4699 3646 4754 pro

2069 4793 2196 4840 nota
2227 4783 2514 4847 librorum,
2541 4781 2610 4835 de
2638 4796 2748 4850 qua
2769 4777 3010 4833 lsidorus
3037 4793 3050 4829 :
3078 4776 3376 4831 Limniscus
3402 4814 3417 4838 ,
3464 4775 3518 4828 id
3568 4784 3644 4828 est

2068 4875 2275 4947 virgula
2302 4875 2440 4928 inter
2470 4873 2701 4943 geminos
2735 4879 2953 4941 puncto-5
2982 4871 3170 4938 jaceus
3193 4910 3210 4935 ,
3254 4867 3540 4938 apponitur
3591 4868 3646 4920 in

2068 4970 2135 5024 iis
2191 4969 2322 5022 locis
2365 4982 2483 5038 quia
2542 4980 2711 5019 sacra:
2757 4961 3052 5031 Scriptum
3113 4962 3418 5030 interpretes
3466 4959 3645 5012 eodem

2069 5078 2244 5129 sensu,
2292 5061 2383 5115 sed
2417 5059 2639 5114 diversis
2697 5057 3024 5112 sermonibus
3073 5056 3480 5110 transtulerunt.
3532 5051 3645 5107 Hac

2069 5155 2272 5224 triplici
2302 5151 2699 5223 significatione
2728 5166 2834 5206 vox
2882 5151 3181 5222 λημνισκος
3225 5157 3487 5217 usurpata
3517 5145 3640 5211 fuit,

2069 5261 2264 5316 nempe
2288 5245 2357 5300 ad
2387 5260 2472 5300 res
2505 5243 2890 5314 signiticandas
2917 5242 3163 5314 angustis
3196 5239 3385 5296 fasciis
3410 5239 3642 5303 similes,

2070 5350 2208 5405 quas
2244 5333 2570 5406 Syracusani
2593 5332 2925 5403 λημνίσκους
2948 5332 3238 5388 vocabant.
3273 5349 3294 5382 ι

2139 5425 2270 5482 Inde
2289 5433 2517 5482 vocatus
2538 5423 2854 5490 lemniscus,
2889 5424 3004 5479 sive
3031 5423 3177 5478 linea
3211 5423 3359 5478 vitta:
3373 5435 3526 5477 more
3550 5420 3644 5477 de—

2068 5519 2214 5590 picta
2238 5533 2363 5572 cum
2388 5516 2603 5572 duobus
2631 5519 2850 5587 punctis
2877 5557 2892 5583 ,
2933 5517 3104 5572 altero
3151 5530 3416 5586 superne,
3465 5513 3642 5570 altero

2059 5609 2284 5686 inferne
2314 5609 2504 5680 positis
2531 5608 2614 5665 sic
2643 5622 2708 5663 -ι-
2738 5607 2865 5665 Ideo
2885 5618 3068 5664 autem
3109 5608 3402 5664 lemniscos
3424 5607 3494 5662 ab
3518 5604 3642 5661 Ori-

2071 5718 2209 5775 gene
2259 5710 2548 5774 usurpatos
2597 5699 2769 5758 fuisse
2799 5700 2878 5758 ait
2919 5701 3292 5776 Epiphaniusj,
3322 5712 3385 5756 ut
3427 5714 3555 5756 cum
3587 5698 3640 5752 in
