3832 6214
253 311 326 370 7'5

1482 317 1550 373 ιΝ
1581 318 1905 376 HEXAPLA
1937 320 2280 379 ORIGENIS.

3430 328 3497 384 Ἠ

248 428 492 486 editione
515 429 626 482 τῶν
659 430 714 482 0'
740 429 1009 499 reperitur
1041 429 1226 501 aliqua
1251 446 1356 488 vox
1386 448 1495 487 non
1544 436 1827 490 cohaerens
1856 437 1899 495 Δ
1929 433 2159 489 seorsim
2196 443 2253 489 et
2283 432 2404 489 aliis
2437 433 2761 491 inconsultis
2807 436 3336 508 interpretabantur,
3387 450 3496 497 tam

251 537 430 590 neque
470 524 594 579 aliis
622 540 892 594 connexa,
928 530 1033 583 hoc
1062 530 1219 598 signo
1246 538 1461 594 notata,
1498 531 1715 583 noveris
1761 529 1832 583 ab
1933 525 2168 585 mirabili
2189 541 2463 583 consensu
2488 527 2826 597 interpretati
2853 539 3001 595 sunt,
3027 540 3088 585 ut
3116 547 3184 587 ne
3209 534 3497 591 minimum

249 629 366 670 uno
400 616 482 671 vel
538 618 753 674 duobus
805 621 1158 690 interpretum
1218 621 1443 690 paribus
1489 622 1561 677 ita
1611 636 1828 676 versum

249 704 425 763 fuisse
453 727 466 762 :
492 709 561 763 ab
578 725 690 765 uno
714 711 942 777 scilicet,
976 728 1099 767 cum
1132 730 1242 769 uno
1265 714 1441 769 solum
1464 722 1665 782 puncto
1684 714 1827 768 linea

248 800 501 867 signatur
534 827 632 866 τ,
680 812 915 873 tuncque
979 814 1204 860 vocatur
1267 807 1746 877 hypolemniscus;
1794 821 1826 861 a

246 891 467 947 duobus
497 908 626 949 vero
656 897 875 964 quando
904 908 1165 968 punctum
1200 876 1455 968 utrinque
1497 876 1720 968 ponitur
1745 901 1826 955 sic

249 994 340 1046 ψ,
370 990 427 1036 et
453 991 583 1037 tunc
622 982 918 1042 lemniscus
951 987 1173 1043 dicitur.
1224 987 1381 1054 Quod
1426 996 1484 1042 ut
1530 988 1820 1059 intelligas,

246 1067 540 1124 historiam
574 1072 893 1129 cellularum
923 1077 1148 1147 triginta
1180 1092 1276 1132 sex
1319 1085 1533 1147 repetas
1557 1088 1773 1147 oportet
1803 1097 1819 1135 :

243 1157 359 1220 ubi,
387 1158 689 1228 Epiphanio
718 1175 990 1229 narrante,
1011 1167 1151 1221 libro
1171 1167 1244 1221 De
1267 1169 1606 1237 ponderibus,
1629 1168 1820 1224 LXXII

240 1251 568 1322 interpretes
597 1257 731 1324 bini,
764 1258 879 1314 sive
902 1277 996 1330 per
1020 1262 1169 1330 paria
1199 1264 1493 1330 distributi,
1520 1264 1818 1335 Scripturis

237 1344 665 1414 interpretandis
692 1361 978 1407 vacarunt.
1029 1351 1143 1408 Hoc
1182 1354 1367 1425 itaque
1399 1356 1503 1411 sibi
1532 1356 1648 1410 vult
1691 1356 1818 1427 Epi-

234 1432 497 1502 phanius,
558 1436 681 1493 illas
751 1440 1049 1496 lectionum
1107 1445 1541 1514 discrepantias,
1590 1462 1712 1515 quae
1757 1449 1813 1502 in

234 1519 570 1590 Origeniana
604 1527 841 1583 editione
869 1530 1130 1587 lemnisco
1155 1533 1241 1587 vel
1287 1535 1692 1604 hypolemnisco
1738 1537 1815 1592 si-

232 1614 563 1682 gnabautur,
594 1632 717 1673 esse
754 1621 933 1677 varias
961 1624 1379 1689 translationes,
1421 1642 1544 1696 qua:
1586 1628 1655 1682 ab
1702 1644 1811 1685 uno

231 1705 475 1761 alterove
498 1709 848 1779 interpretum
880 1715 995 1783 pari
1028 1715 1187 1771 editae
1220 1726 1423 1772 essent.
1468 1717 1707 1789 Hujusce
1730 1721 1805 1776 rei

1929 616 2146 686 quidem
2167 616 2452 673 interesset
2482 617 2838 683 discriminis,
2868 619 2937 675 ad
2963 622 3093 691 quid
3126 623 3232 678 illae
3258 634 3399 680 nota:
3428 629 3496 682 ad

1931 705 2220 761 indicanda
2240 706 2602 762 discrimina?
2636 707 2694 762 Si
2725 724 2877 771 vero.
2914 717 2975 762 ut
3018 709 3095 764 ait
3136 709 3495 781 Epiphanius,

1928 796 2248 861 lemniscus,
2276 796 2369 867 qu-i
2401 796 2618 852 duobus
2640 798 2859 868 punctis
2890 808 3132 865 notatur,
3156 801 3497 872 signiﬁcabat

1925 887 2036 942 duo
2064 888 2416 961 interpretum
2440 889 2591 957 paria
2626 904 2811 944 secum
2843 890 3133 945 convenire
3160 892 3230 945 ab
3264 892 3496 962 aliisque

1924 977 2267 1049 discrepare;
2313 980 2753 1051 hypolemniscus
2798 997 2966 1047 vero,
3005 984 3097 1051 qui
3156 998 3269 1038 uno
3315 985 3493 1040 solum

1922 1078 2124 1136 puncto
2147 1077 2386 1134 notatur,
2416 1087 2705 1141 unumpar
2743 1073 3095 1142 interpretum
3131 1072 3199 1126 ab
3229 1074 3350 1130 aliis
3374 1088 3493 1129 om-

1921 1159 2084 1214 nibus
2109 1158 2324 1214 diﬂ‘erre
2354 1177 2368 1215 :
2393 1160 2612 1229 quando
2643 1177 2707 1216 ex
2731 1162 2951 1232 triginta
2984 1178 3078 1217 sex
3110 1163 3353 1232 paribus,
3388 1165 3493 1220 tria

1918 1251 2002 1304 vel
2034 1259 2270 1320 quatuor
2292 1252 2376 1306 vel
2399 1255 2605 1312 decem.
2639 1255 2720 1308 vel
2754 1254 3042 1310 duodecim
3069 1257 3154 1311 vel
3179 1256 3335 1326 plura
3386 1258 3493 1313 dif-

1918 1342 2181 1409 ferebant,
2213 1361 2335 1415 quae
2372 1355 2500 1403 tunc
2545 1356 2670 1402 nota
2695 1348 3090 1403 adhibebatur?
3127 1348 3259 1405 Nam
3300 1352 3346 1406 si
3379 1352 3490 1408 duo

1916 1433 2131 1489 diﬂ‘erre
2152 1445 2416 1505 poterant,
2447 1438 2567 1493 sine
2591 1437 2757 1493 dubio
2776 1446 3024 1508 poterant
3045 1448 3099 1493 et
3133 1439 3232 1494 tria
3256 1447 3309 1494 et
3328 1440 3489 1510 quin-

1914 1535 2019 1589 que
2048 1530 2100 1573 et
2129 1522 2283 1590 plura
2305 1523 2634 1594 discrepare.
2891 1524 2894 1528 Α

1982 1608 2160 1676 Quare
2192 1613 2296 1667 hoc
2322 1653 2337 1678 ,
2388 1624 2573 1683 utpote
2623 1614 2874 1670 labuloso
2898 1654 2914 1679 ,
2952 1615 3340 1674 lemniscorum
3381 1635 3486 1675 usu

1912 1703 2135 1772 rejecto,
2171 1706 2313 1762 alius
2341 1709 2521 1763 verior
2563 1709 2941 1781 sinceriorque
2980 1712 3348 1781 exquirendas
3377 1721 3480 1772 est.

227 1793 341 1849 duo
372 1800 616 1867 exempla
642 1802 799 1856 am.”
823 1821 838 1869 ;
869 1780 1076 1861 gemo“
1095 1821 1161 1862 ex
1186 1809 1398 1877 psalmo
1426 1780 1674 1877 ιχχξίδ,
1702 1814 1798 1869 καὶ
1841 1780 1884 1835 Β
1912 1792 2150 1850 Joannes
2183 1795 2465 1852 Curterius
2496 1796 2820 1854 Przelatione
2839 1780 2894 1853 in
2917 1780 3171 1872 ProcOpii
3206 1801 3485 1858 Commem

228 1884 408 1956 στόμα
429 1905 529 1958 μου
554 1891 839 1960 ἀναγγελεῖ
856 1895 955 1965 τὴν
980 1896 1325 1971 δικαιοσύνην
1351 1917 1465 1966 σου,
1487 1902 1579 1956 ubi
1606 1904 1798 1973 adjun-

223 1979 477 2049 gebatur,
515 1984 804 2053 ἀναγγελεῖ
833 1987 931 2052 τὰς
954 1989 1299 2056 δικαιοσύνας
1338 2012 1462 2048 σουο
1510 2005 1565 2051 et
1600 1999 1792 2067 psalm.

221 2082 379 2133 LXXI,
414 2072 500 2135 14,
526 2074 616 2127 καὶ
640 2074 857 2146 ἔντιμον
888 2078 947 2130 τὸ
970 2079 1140 2150 ὄνομά
1185 2099 1286 2153 μου
1338 2083 1566 2140 ἐνώπιον
1609 2088 1792 2156 αὐτοῦ,

222 2157 347 2224 ubi,
369 2159 448 2214 ait
478 2161 830 2233 Epiphanius,
865 2169 1016 2237 prius
1047 2170 1343 2240 legebatur,
1372 2175 1466 2228 καὶ
1497 2175 1710 2248 ἔντιμον
1734 2180 1796 2232 τὸ

218 2249 402 2321 ενομὰ
445 2271 546 2323 μου
602 2257 660 2308 ἐν
700 2258 999 2330 ὀφθαλμοῖς
1047 2263 1235 2316 αὑτοῦ.
1265 2264 1332 2319 Et
1388 2266 1578 2320 eodem
1629 2268 1791 2335 libro,

221 2345 420 2400 multis
449 2347 806 2418 interpositis,
838 2353 915 2406 ait
938 2354 1213 2411 lemniscis
1242 2357 1488 2427 insigniri
1509 2375 1604 2415 eas
1637 2377 1794 2417 voces

217 2449 349 2505 quae
400 2437 454 2491 in
501 2439 707 2509 aliquot
750 2441 943 2498 LXXII
1005 2446 1354 2516 interpretum
1406 2466 1539 2505 voce
1583 2462 1793 2508 tantum

220 2542 336 2580 non
393 2543 554 2584 sensu
610 2533 845 2596 variant,
905 2543 966 2589 ut
1000 2538 1045 2590 si
1081 2538 1225 2607 quis,
1263 2541 1412 2594 verbi
1441 2544 1611 2612 gratia
1634 2584 1650 2609 ,
1691 2559 1792 2613 pro

214 2614 484 2688 ἐλάλητεν
511 2660 525 2684 ,
559 2620 744 2691 dicat,
780 2626 1097 2696 ἐφθέγξατο,
1128 2638 1181 2683 et
1204 2646 1303 2699 pro
1332 2627 1513 2701 ἦλθεν,
1544 2634 1788 2707 ἐλήλυθε.

216 2708 528 2781 Epiphanio
554 2716 754 2773 similia
798 2731 986 2777 narrat
1012 2721 1313 2794 Hesychius
1348 2726 1403 2780 in
1436 2729 1632 2797 psalm.
1686 2745 1790 2794 xu,

214 2800 277 2866 6,
310 2804 403 2857 ubi
426 2806 480 2859 in
499 2806 612 2862 haec
633 2807 898 2867 Hebraica
912 2814 1074 2869 verba
1096 2798 1186 2879 35';
1203 2799 1312 2878 θαι
1330 2824 1383 2876 ’2
1400 2803 1553 2878 mm“)
1576 2828 1788 2886 mum,

217 2893 336 2949 haec
370 2895 741 2968 interpretatio
771 2906 1012 2960 occurrit
1049 2906 1103 2960 in
1133 2906 1297 2973 LXX,
1331 2910 1482 2981 ’ᾼσω
1500 2911 1578 2982 τῷ
1602 2913 1792 2986 Κυρίῳ

210 2987 296 3060 τῷ
324 2990 742 3064 εὐεργετήσαντι
779 3014 866 3067 με,
899 2999 992 3053 καὶ
1011 2998 1166 3069 ψαλῶ
1194 3000 1272 3069 τῷ
1308 3001 1532 3072 ὀνόματι
1580 3005 1786 3076 Κυρίου

1902 1886 2095 1939 larium
2118 1887 2172 1940 in
2201 1886 2478 1955 Hesaiam,
2511 1899 2666 1959 putat
2697 1890 2995 1947 lemniscos
3031 1893 3339 1963 signiﬁcare
3385 1897 3469 1951 in-

1898 1984 2160 2045 terpretes
2220 1979 2433 2049 aliquos
2501 1980 2682 2035 verbis
2745 1984 3083 2049 convenire,
3163 1987 3475 2059 discrepare

1898 2081 2063 2123 sensu
2092 2086 2105 2134 ;
2165 2069 2606 2142 hypolemniscos
2634 2081 2817 2128 autem
2840 2113 2856 2140 ,
2903 2084 2959 2132 et
2989 2078 3172 2134 verbis
3213 2091 3266 2135 et
3312 2097 3478 2136 sensu

1895 2160 2225 2231 discrepare.
2256 2162 2359 2219 Sed
2390 2165 2442 2220 id
2469 2168 2639 2237 gratis
2672 2176 2727 2222 et
2752 2168 2873 2225 sine
2904 2172 3233 2227 auctoritate
3259 2173 3365 2235 ulla
3396 2174 3478 2228 di-

1896 2250 2059 2317 citur,
2085 2267 2185 2308 nec
2212 2252 2437 2324 intelligi
2467 2264 2647 2326 potest
2670 2270 2783 2325 quo
2809 2268 2969 2327 pacto
2995 2257 3254 2331 Origenes
3278 2263 3474 2318 lemni-

1895 2356 2020 2397 scos
2051 2350 2105 2396 et
2125 2343 2568 2414 bypolemniscos
2600 2346 2668 2399 ad
2694 2346 2855 2399 talem
2882 2362 3042 2402 usum
3093 2349 3468 2406 destinaverit.

1895 2434 2101 2493 Masius
2135 2454 2264 2493 vero
2299 2449 2452 2509 putat
2481 2449 2607 2495 tunc
2640 2441 2919 2510 appositos
2970 2440 3141 2498 fuisse
3176 2444 3471 2500 lemniscos

1893 2535 1949 2580 et
1978 2527 2431 2598 hypolemniscos,
2457 2544 2583 2583 cum
2613 2529 2797 2584 varias
2821 2529 3084 2585 lectiones
3122 2530 3306 2600 plures
3333 2547 3470 2602 pau-

1893 2617 2137 2673 cioresve
2181 2621 2399 2674 codices
2434 2627 2762 2675 assererent.
2798 2622 2880 2674 An
2934 2636 3065 2676 vero
3097 2622 3355 2677 credibile
3384 2632 3469 2678 est

1894 2710 2176 2780 Origenem
2208 2710 2360 2766 hisce
2398 2713 2543 2766 notis
2568 2711 2633 2766 ad
2679 2712 3013 2783 exemplaria
3058 2712 3165 2768 τῶν
3212 2720 3268 2768 U'
3312 2716 3464 2771 varia

1892 2801 2190 2867 remisisse,
2220 2810 2315 2856 aut
2339 2802 2732 2871 exemplarium
2762 2802 3025 2861 lectiones
3054 2806 3234 2862 varias
3262 2807 3317 2861 in
3343 2807 3466 2878 ipso

1894 2901 2040 2948 textu
2081 2909 2206 2948 cum
2241 2894 2391 2950 hisce
2422 2896 2566 2951 notis
2594 2896 2935 2966 apposuisse,
2976 2912 3077 2953 nec
3114 2898 3229 2969 ipse
3268 2897 3461 2972 Orige-

1893 3000 2009 3050 nes,
2036 3002 2137 3042 uec
2161 2987 2301 3043 alius
2322 2988 2591 3057 quiSpiam
2620 2989 2724 3043 hoc
2740 3005 2981 3060 unquam
3008 2991 3163 3046 dixit.
3190 2989 3460 3048 Existimo

209 3078 306 3133 τοῦ
336 3081 581 3143 ὑψίστου.
618 3082 743 3139 Hmc
768 3101 930 3157 porro
956 3090 1139 3154 verba,
1178 3088 1328 3161 ’ᾼσω
1364 3091 1442 3162 τῷ
1476 3093 1667 3166 Κυρίῳ
1708 3093 1783 3166 τῷ

1897 3079 2099 3150 igitur,
2129 3080 2586 3150 quemadmodum
2631 3083 2927 3140 asteriscus
2976 3084 3044 3139 ad
3082 3086 3284 3143 omissa
3337 3101 3461 3158 qua:

208 3169 636 3244 εὐεργετήσαντί
671 3194 773 3247 με,
833 3177 1069 3235 Cantabo
1119 3181 1340 3236 Domino
1389 3185 1479 3254 qui
1534 3185 1784 3254 benefecit

208 3263 366 3329 mihi,
392 3272 562 3319 totum
596 3269 923 3324 versiculum
955 3270 1280 3345 Hebraieum
1307 3276 1642 3345 exprimunt,
1673 3293 1784 3332 tate-

207 3368 325 3415 tera
361 3362 699 3431 redundant;
727 3381 896 3434 quare
921 3364 1217 3424 Vaticanus
1246 3368 1414 3425 codex
1459 3370 1548 3426 hic
1590 3381 1780 3428 notat:

206 3448 284 3504 Τὸ
331 3450 433 3505 καὶ
468 3453 644 3521 ψαλῶ
682 3454 763 3521 τῷ
806 3457 1046 3526 ὀνόματι
1083 3458 1305 3526 Κυρίου
1348 3458 1456 3514 τοῦ
1489 3462 1776 3530 ὑψίστου,

204 3543 305 3596 οὐκ
337 3542 513 3597 ἒκειτο
534 3548 663 3617 παρ’
676 3547 852 3602 οὐδενὶ
880 3552 939 3603 ὲν
959 3549 1036 3621 τῷ
1057 3552 1431 3622 τετρασελίδῳ,
1465 3551 1588 3606 οὔτε
1619 3555 1678 3608 ὲν
1700 3554 1780 3625 τῷ

203 3633 470 3691 Εὐσεϐίου
500 3637 594 3691 τοῦ
634 3640 954 3711 Παμφίλου,
997 3640 1121 3695 οὔτε
1155 3643 1213 3696 ἐν
1252 3643 1329 3714 τῷ
1372 3643 1678 3716 Ἐὁραῖκῷο
1722 3647 1777 3701 id

200 3738 324 3784 est:
358 3727 525 3792 Illud,
554 3728 789 3784 Psallam
823 3732 1026 3784 nomini
1049 3731 1262 3786 Domini
1298 3733 1544 3789 altissimi
1573 3775 1588 3800 ,
1634 3737 1774 3807 apud

200 3822 462 3874 neminem
493 3822 548 3874 in
568 3822 904 3892 quadruplici
937 3826 1183 3878 columna
1219 3825 1475 3895 jacebat;
1527 3844 1689 3898 neque
1716 3830 1772 3882 in

196 3911 432 3967 Eusebio
460 3912 751 3982 Pamphili,
782 3930 942 3985 neque
968 3916 1022 3969 in
1045 3917 1326 3972 Hebraico.
1356 3920 1436 3974 Ibi
1461 3935 1590 3976 vero
1619 3930 1772 3977 notat

198 4001 543 4074 Hesychius:
598 4003 797 4058 Τοῦτον
839 4005 930 4059 τὸν
978 4007 1158 4078 στίχον
1204 4007 1298 4062 δύο
1339 4006 1512 4080 ζυγὰς
1552 4010 1660 4064 τῶν
1691 4012 1768 4065 06'

194 4096 544 4170 ἑρμηνευτῶν
575 4093 757 4151 εἷπον·
788 4098 920 4151 διότι
943 4100 1272 4171 παράκειται
1321 4104 1544 4173 σημεῖον
1587 4102 1648 4156 τὸ
1680 4104 1768 4159 διὰ

192 4187 289 4242 τοῦ
330 4188 577 4258 μέλανος,
605 4186 872 4257 ὃλέγεται
905 4189 1232 4261 λημνίσκος,
1266 4191 1355 4246 διὰ
1394 4192 1494 4262 μὲν
1534 4193 1635 4262 τῆς
1678 4211 1768 4247 κε-

195 4281 355 4354 ραίας
380 4282 479 4353 τῆς
509 4282 684 4352 μέσης
710 4281 959 4352 σημαίνει
984 4283 1075 4336 τὸν
1100 4284 1304 4355 στίχον,
1336 4284 1423 4339 διὰ
1444 4285 1501 4340 δὲ
1534 4285 1642 4339 τῶν
1670 4285 1764 4340 δύο

1888 3170 2286 3239 inserebantur,
2319 3175 2648 3239 adnotanda,
2683 3182 2737 3231 et
2759 3177 2950 3234 obelus
2976 3178 3044 3233 ad
3090 3193 3154 3233 ea
3205 3193 3329 3249 qua:
3370 3194 3459 3234 re-

1884 3266 2222 3333 dundabant,
2249 3269 2569 3337 jugulanda,
2604 3277 2664 3324 ut
2686 3269 2760 3324 ait
2794 3268 3178 3343 Hieronymus,
3221 3273 3457 3344 appositi

1884 3366 2044 3424 sunt;
2094 3359 2168 3414 ita
2212 3359 2538 3416 lemniscum
2588 3362 2890 3418 adhibitum
2918 3363 3108 3429 fuisse,
3168 3366 3260 3421 ubi
3310 3365 3454 3423 LXX

1882 3452 2203 3522 interpretes
2236 3453 2521 3509 lectionem
2543 3453 2763 3525 quidem
2811 3455 3132 3514 Hebraicam
3181 3459 3455 3529 exprime-

1879 3545 2041 3612 bant;
2073 3545 2166 3600 sed
2215 3561 2325 3600 non
2362 3546 2435 3600 ita
2483 3556 2737 3603 accurate
2773 3558 2938 3620 atque
2976 3550 3230 3607 distincte
3263 3571 3277 3607 :
3330 3568 3453 3622 qua:

1878 3651 2044 3693 causa
2075 3644 2192 3692 erat
2226 3637 2393 3692 utilla
2417 3638 2471 3693 in
2497 3648 2642 3693 textu
2672 3640 2881 3704 relicta,
2913 3641 3082 3698 altera
3109 3658 3231 3713 quae
3255 3643 3451 3699 melior

1874 3725 2181 3793 videbatur,
2214 3743 2281 3782 ex
2314 3727 2436 3783 aliis
2456 3728 2843 3799 interpretibus
2887 3733 3090 3801 petita,
3138 3733 3267 3788 huic
3312 3734 3447 3790 sub-

1870 3819 2208 3889 jungeretur.
2237 3818 2424 3890 Neque
2446 3820 2588 3874 enim
2619 3823 2920 3890 putandum
2972 3833 3090 3890 est,
3133 3824 3443 3896 Origenem,

1872 3911 2050 3966 virum
2086 3912 2379 3967 admodum
2409 3923 2745 3978 accuratum,
2772 3915 2866 3984 qui
2892 3924 3000 3970 tam
3037 3917 3324 3988 diligenter
3357 3920 3443 3974 vel

1871 4002 2144 4060 levissima
2167 4020 2286 4074 quae
2303 4004 2637 4060 addebantur
2658 4007 2939 4074 asterisco,
2956 4016 3011 4061 et
3038 4024 3159 4076 quae
3176 4010 3441 4065 demenda

1870 4104 2026 4152 erant
2058 4098 2217 4153 obelo
2245 4099 2488 4162 notabat,
2529 4099 2733 4152 nullam
2781 4098 3100 4169 apposuisse
3134 4111 3322 4155 notam
3372 4103 3440 4156 iis

1869 4188 1924 4241 in
1958 4188 2095 4243 locis
2121 4229 2135 4253 ,
2176 4203 2308 4243 sane
2335 4187 2749 4258 frequentibus,
2784 4191 2875 4245 ubi
2917 4191 3103 4246 relicta
3154 4192 3320 4262 priori
3360 4192 3439 4248 le~

1867 4280 2047 4334 ctione
2072 4295 2264 4334 novam
2305 4288 2486 4335 tamen
2514 4279 2747 4335 addebat
2773 4296 2839 4336 ex
2871 4282 3056 4352 aliquo
3078 4283 3435 4353 interpretum

193 4370 462 4442 στιγμῶν,
483 4372 583 4442 τῆς
620 4371 915 4435 ὲπάνωθεν,
949 4374 1043 4426 καὶ
1078 4373 1178 4444 τῆς
1208 4375 1497 4438 ὑποκάτω,
1532 4374 1630 4440 τὰς
1669 4375 1762 4429 δύο

1885 4370 2229 4439 lesumptam.
2267 4369 2527 4442 Exempla
2557 4389 2686 4428 vero
2719 4389 2841 4442 qua:
2872 4373 3209 4444 Epiphanius
3255 4374 3430 4443 all‘ert,

191 4462 363 4533 ζυγὰς
388 4463 495 4518 τῶν
527 4464 871 4536 ἑρμηνευτῶν
890 4465 1127 4536 ᾐνίξατο.
1154 4464 1209 4519 Id
1230 4476 1348 4521 est:
1396 4467 1550 4521 Hunc
1593 4468 1757 4521 versi-

1885 4460 2156 4515 idmodum
2181 4462 2434 4531 perplexa
2467 4472 2615 4530 sunt,
2653 4465 2725 4519 ita
2775 4474 2834 4520 ut
2860 4465 2951 4519 vix
2985 4466 3111 4520 inde
3150 4465 3432 4535 quidpiam

188 4554 368 4609 culum
382 4557 487 4608 duo
499 4556 655 4625 paria
666 4570 770 4609 ιιι
781 4570 817 4608 ιι
832 4558 1174 4623 interpretum
1195 4567 1577 4627 expresserunt,
1595 4573 1758 4629 quare

187 4649 488 4717 appositum
533 4659 609 4704 est
636 4651 845 4719 signum
891 4660 1186 4706 atramento
1244 4650 1583 4717 deliuealum,
1616 4651 1756 4721 quod

185 4740 388 4795 dicitur
408 4742 713 4795 lemniscus.
742 4740 847 4795 Per
874 4742 1099 4796 mediam
1129 4742 1340 4811 quidem
1376 4742 1566 4796 lineam
1590 4744 1755 4813 signi-

185 4831 314 4902 ﬁcat
355 4831 673 4886 versiculum
707 4848 725 4887 :
757 4847 850 4902 per
886 4832 991 4886 duo
1032 4841 1207 4886 autem
1247 4842 1475 4902 puncta,
1525 4832 1753 4887 alterum

183 4938 349 4993 supra
368 4932 420 4976 et
445 4922 670 4977 alterum
692 4922 855 4992 infra,
884 4921 989 4976 duo
1014 4925 1357 4992 interpretum
1389 4923 1542 4990 paria
1571 4923 1752 4976 subin-

180 5013 401 5069 dicavit.
430 5011 506 5067 Ex
534 5012 838 5083 Epiphanio
862 5014 1045 5083 itaque
1068 5023 1121 5068 et
1156 5029 1222 5069 ex
1272 5012 1543 5084 Hesychia
1585 5013 1751 5069 disci-

180 5122 329 5172 mus,
354 5106 674 5161 lemniscum
699 5115 1018 5176 usurpatum
1041 5105 1229 5171 fuisse,
1253 5106 1472 5176 quando
1502 5106 1746 5175 ejusdem

180 5194 333 5249 vocis
365 5202 463 5249 aut
489 5193 596 5249 loci
616 5193 737 5249 dum
765 5194 1152 5250 translationes
1187 5194 1634 5264 apponebantur,
1687 5205 1748 5251 ut

177 5299 245 5341 ex
280 5284 371 5340 illa
416 5293 545 5340 nota
591 5284 1054 5354 distinguerentur
1086 5303 1099 5339 :
1127 5285 1272 5354 quod
1313 5294 1492 5340 autem
1524 5286 1590 5340 de
1643 5286 1743 5340 tri-

176 5377 325 5448 ginta
355 5392 450 5432 sex
479 5377 833 5446 interpretum
859 5377 1080 5446 paribus
1104 5384 1156 5431 et
1181 5377 1248 5431 de
1280 5377 1504 5431 totidem
1535 5378 1744 5436 cellulis

176 5464 455 5536 adjicitur,
481 5466 552 5520 ab
577 5465 905 5541 Hieronymo
930 5478 985 5522 et
1007 5482 1037 5521 a
1068 5467 1200 5521 viris
1234 5467 1409 5524 doctis
1461 5484 1596 5538 pene
1617 5485 1740 5524 om-

173 5556 336 5611 nibus
356 5558 667 5628 exploditur
693 5559 857 5614 veluti
888 5568 1279 5614 commentum.

238 5651 320 5706 Ad
375 5652 514 5717 haec,
568 5651 783 5707 videtur
836 5650 1174 5722 Epiphanius
1213 5668 1399 5709 secum
1449 5669 1733 5724 pugnare:

171 5755 293 5796 nam
352 5742 399 5799 si
434 5742 658 5811 triginta
689 5757 782 5798 sex
840 5741 929 5796 illa
980 5742 1135 5812 paria
1182 5744 1540 5816 interpretum
1566 5784 1582 5810 ,
1639 5744 1736 5816 qui

487 5836 759 5897 ΡΑτιιοι..
792 5835 907 5896 Gn.
944 5836 1083 5898 XV.

1860 4553 2129 4623 expiscari
2154 4554 2357 4610 valeas.
2384 4553 2585 4622 Quare,
2611 4556 2678 4612 iis
2706 4557 3109 4626 praetermissis,
3133 4559 3279 4613 aliud
3305 4557 3432 4614 aﬂ‘e—

1860 4658 1978 4697 ram
2017 4642 2158 4697 unde
2211 4644 2390 4712 possis
2449 4645 2837 4701 lemniscorum
2891 4662 3076 4708 usum,
3125 4648 3427 4703 secundum

1856 4748 2033 4787 meam
2062 4732 2281 4803 quidem
2313 4736 2660 4799 sententiam,
2680 4739 2978 4805 percipere.
3000 4736 3202 4794 Psalm.
3236 4754 3424 4804 xxvm,

1854 4824 1907 4890 1,
1932 4824 1985 4878 in
2025 4823 2249 4882 Hebraeo
2276 4827 2472 4896 legitur
2502 4810 2643 4889 nam
2675 4836 2760 4887 un
2797 4813 2950 4888 mnis
2986 4839 3115 4895 ππ,
3161 4830 3253 4885 ubi
3282 4829 3425 4887 Lxx

1850 4927 2146 4985 verterant,
2183 4920 2472 4988 Ἐνέγκατε
2503 4921 2583 4992 τῷ
2620 4921 2829 4993 Κυρίῳ,
2864 4923 2968 4975 υἱοὶ
2998 4923 3156 4979 Θεοῦ.
3207 4923 3424 4993 Reliqui

1851 5024 1978 5063 vero
2008 5009 2352 5081 interpretes,
2396 5013 2687 5081 Ἐνέγκατε
2720 5013 2798 5084 τῷ
2826 5015 3017 5087 Κυρίῳ
3048 5015 3196 5080 υἱοὺς
3223 5016 3417 5089 κριῶν.

1849 5096 1927 5152 Ibi
1967 5098 2228 5171 Origenes
2280 5103 2566 5159 lectionem
2614 5103 2723 5157 τῶν
2778 5105 2832 5158 0'
2860 5105 3100 5176 reliquit,
3134 5107 3416 5176 praemissa

1847 5191 2096 5248 lemnisci
2122 5204 2288 5262 nota,
2318 5202 2372 5248 et
2397 5194 2627 5249 aliorum
2675 5196 3174 5265 interpretationem
3220 5198 3419 5267 adjecit

1846 5282 2109 5337 asterisco
2138 5291 2401 5350 notatam,
2443 5286 2545 5341 hoc
2576 5298 2733 5355 pacto
2762 5292 2828 5358 >ί<
2870 5289 3157 5359 Ἐνέγκατε
3192 5288 3269 5359 τῷ
3299 5289 3415 5342 Κυ-

1846 5373 1966 5444 ρίῳ,
1990 5375 2094 5426 olei.
2121 5373 2276 5428 Θεοῦ.
2304 5391 2367 5432 +
2405 5378 2691 5446 Ἐνέγκατε
2716 5380 2792 5453 τῷ
2823 5381 3011 5453 Κυρίῳ
3037 5382 3183 5444 υἱοὺς
3197 5380 3410 5454 κριῶνζ

1843 5468 1917 5523 ita
1942 5477 2000 5522 ut
2035 5468 2328 5525 lemniscus
2355 5470 2572 5527 doceret
2600 5488 2719 5527 eam
2754 5488 2873 5528 esse
2906 5471 3047 5526 LXX
3077 5484 3131 5528 et
3164 5472 3408 5528 Theodo-

1842 5559 2006 5614 tionis
2041 5560 2325 5616 lectionem
2365 5579 2378 5614 :
2407 5563 2461 5617 id
2495 5566 2640 5618 enim
2682 5565 2790 5620 duo
2828 5574 3027 5635 puncta
3056 5565 3404 5621 denotabant.

1838 5648 1994 5705 Hune
2016 5648 2185 5706 fuisse
2204 5651 2592 5708 lemniscorum
2611 5669 2769 5708 usum
2797 5653 2991 5709 suadet
3022 5669 3184 5726 supra
3211 5655 3411 5710 allatus

1838 5740 2094 5817 Hesychii
2131 5744 2315 5814 locus,
2357 5744 2450 5800 ubi
2480 5759 2613 5800 sane
2653 5761 2776 5816 qua:
2811 5745 3077 5802 lemnisco
3116 5746 3408 5805 notabatur

3051 5837 3093 5899 3
