3832 6214
391 332 458 386 75
1759 320 2279 381 PRAELIMINARM
2519 343 2525 350 ·
3593 328 3661 383 76

386 447 653 511 clausula,
689 447 785 503 καὶ
810 447 967 519 ψαλῶ
992 445 1067 518 τῷ
1095 446 1317 518 ὀνόματι
1359 428 1695 520 Κυρίουῗεᾶὖ
1727 447 1975 517 ὑψίστου,

2083 445 2183 500 sim
2214 440 2538 501 intermistte
2583 452 2920 501 occurrunt:
2954 443 3050 500 sed
3098 443 3261 499 etiam
3315 444 3370 499 in
3419 445 3664 505 editione

384 558 499 597 non
534 542 864 597 verbotenus
901 540 1077 596 solum
1105 539 1389 594 differebat
1416 555 1447 594 a
1478 538 1826 609 praecedenti,
1855 538 1972 609 ᾄδω

385 633 464 705 τῷ
485 633 675 706 Κυρίῳ
697 632 776 703 τῷ
802 631 1226 704 εὐεργετήσαντι
1284 649 1373 702 με,
1435 632 1529 686 sed
1560 647 1619 686 re
1658 639 1713 685 et
1765 646 1969 696 sensu;

387 734 556 796 atque
587 727 702 781 haec
727 724 946 795 quidem
970 739 1039 779 ex
1069 722 1338 779 chraico
1364 732 1419 778 et
1450 738 1517 778 ex
1552 723 1763 779 caeteris
1805 724 1975 776 inter-

388 818 637 888 pretibus
664 825 918 886 excerpta
946 815 1166 881 fuerat,
1202 816 1373 870 altera
1417 831 1545 871 vero
1583 830 1650 871 ex
1696 814 1839 868 LXX
1883 831 1972 869 re—

390 917 688 971 manserat.
737 908 864 964 Haec
919 909 1096 964 solum
1124 907 1484 978 coniectando
1538 907 1645 962 dici
1686 915 1919 976 possunt
1957 924 1970 961 :

386 1018 517 1059 cum
544 1002 689 1058 enim
714 1001 862 1057 nullo
906 1001 1013 1056 alio
1047 1015 1212 1071 quam
1250 999 1554 1070 Epiphanio
1590 998 1730 1053 duce
1776 999 1856 1052 uti
1892 997 1975 1053 fas

388 1097 486 1158 sit,
518 1093 705 1150 omnia
733 1101 879 1147 certe
903 1091 1131 1147 salebris
1160 1090 1317 1160 plena
1334 1098 1485 1145 sunt.
1520 1088 1975 1166 llvpolemniscus

386 1200 542 1251 vero,
566 1183 725 1253 cujus
762 1184 874 1238 haec
912 1182 1086 1253 ﬁgura
1119 1192 1235 1236 erat
1271 1209 1333 1237 σε-
1374 1181 1737 1252 signiﬁcabat,
1780 1196 1977 1236 secun-

391 1279 521 1332 dum
554 1275 941 1347 Epiphanium,
974 1288 1040 1329 ex
1065 1288 1176 1328 uno
1212 1279 1422 1327 tantum
1454 1273 1811 1342 interpretum
1858 1272 1976 1343 pari

386 1369 681 1426 lectionem
737 1368 1042 1438 appositam
1092 1381 1380 1431 emanare,
1427 1380 1659 1435 esseque
1703 1365 1979 1436 adjuncta:

392 1457 613 1513 lectioni
631 1456 1037 1528 συναμφότερον
1060 1456 1155 1509 καὶ
1175 1454 1520 1524 συνάδελφον,
1541 1455 1595 1509 id
1621 1462 1723 1520 est,
1752 1454 1977 1509 omnino

397 1565 797 1623 synonymam;
830 1548 913 1603 sic
940 1547 1301 1619 Epiphanius.
1335 1546 1442 1603 Sed
1476 1547 1623 1617 quod
1656 1547 1723 1602 de
1755 1546 1977 1618 triginta

392 1659 490 1700 sex
517 1646 871 1713 interpretum
901 1642 1129 1713 paribus
1159 1647 1215 1695 et
1249 1640 1316 1695 de
1345 1640 1569 1695 t0tidem
1597 1639 1810 1695 cellulis
1843 1654 1975 1693 nar-

392 1747 568 1803 ratur,
595 1737 710 1807 jam
737 1737 1047 1807 ablegatum
1078 1743 1163 1790 est
1193 1749 1210 1798 ;
1250 1748 1422 1803 quare
1464 1732 1645 1803 potius
1698 1732 1976 1787 crederem

394 1830 865 1903 hypolemniscum
892 1838 1021 1883 tunc
1050 1826 1359 1899 appositum
1401 1823 1570 1879 fuisse
1600 1864 1614 1887 ,
1661 1840 1786 1879 cum
1813 1825 1976 1880 lectio
2010 1811 2049 1866 Β

394 1925 487 1979 illa
511 1933 696 1979 notata
740 1921 882 1977 LXX
918 1923 1276 1991 lnterprctum
1300 1919 1478 1974 solum
1504 1927 1621 1972 erat
1641 1957 1656 1982 ,
1688 1917 1835 1986 quod
1865 1932 1975 1971 uno

393 2018 590 2075 subtus
642 2016 841 2071 lineam
874 2016 1056 2085 posito
1087 2020 1289 2083 puncto
1341 2008 1729 2074 indicabatur;
1779 2006 1977 2061 lemni-

392 2126 552 2170 scum
582 2124 713 2164 vero
745 2122 871 2162 cum
903 2105 1116 2161 duobus
1138 2103 1377 2175 punctis,
1413 2104 1635 2172 quando
1692 2116 1801 2155 non
1831 2098 1974 2152 LXX

392 2204 752 2273 lnterprctum
787 2209 1023 2266 tantum,
1051 2197 1147 2254 sed
1190 2196 1353 2251 citam
1393 2193 1787 2249 Theodotionis
1835 2202 1973 2247 erat.

392 2295 667 2353 Caeterum
697 2307 765 2346 ex
800 2289 1159 2346 similitudine
1206 2303 1329 2358 qua:
1375 2286 1745 2341 intercedebat
1788 2286 1976 2341 obelos

394 2389 538 2443 inter
564 2394 619 2440 et
651 2384 944 2440 lemniscos
968 2391 1132 2452 atque
1160 2380 1619 2451 hypolemniscos,
1657 2394 1765 2433 non
1799 2379 1976 2434 solum

389 2488 663 2549 quantum
690 2475 758 2530 ad
791 2473 1042 2539 formam,
1070 2471 1166 2527 sed
1199 2472 1366 2525 etiam
1390 2480 1655 2540 quantum
1692 2470 1758 2522 ad
1790 2484 1974 2535 usum,

390 2569 599 2624 factum
630 2577 714 2623 est
757 2574 811 2621 ut
847 2564 1095 2620 lemnisci
1116 2579 1216 2634 pro
1246 2562 1419 2617 obelis
1464 2561 1577 2616 sint
1612 2560 1802 2615 habiti.
1839 2557 1974 2615 Nam

395 2679 507 2720 uno
539 2668 766 2730 excepto
797 2657 1052 2729 Hesycbii
1092 2657 1213 2712 loco
1244 2670 1410 2725 supra
1460 2652 1716 2717 laudato,
1769 2653 1974 2708 nullam

392 2770 485 2810 me
515 2753 905 2809 lemniscorum
955 2749 1287 2803 mentionem
1342 2761 1373 2799 a
1404 2754 1647 2815 tempore
1690 2742 1977 2813 Epiphanii

395 2856 451 2903 et
484 2844 799 2916 Hieronymi
834 2843 1047 2912 uspiam
1105 2839 1345 2909 reperire
1377 2838 1638 2903 memini;
1686 2836 1741 2890 in
1787 2836 1977 2892 Bibliis

396 2937 609 2994 scilicet
637 2932 1056 3004 manuscriptis,
1093 2933 1147 2985 in
1194 2929 1416 2986 Catenis
1447 2939 1501 2985 et
1537 2930 1589 2982 in
1631 2925 1979 2983 Commenta-

396 3046 516 3086 ωε.

398 3146 466 3204 V.
502 3144 567 3200 In
599 3144 863 3199 ltodiernis
879 3140 1201 3212 «titionibus
1226 3149 1274 3194 et
1304 3156 1408 3212 mss
1426 3138 1578 3194 LXX
1598 3140 1974 3212 lnterprctum,

468 3217 640 3270 multa
670 3231 734 3268 ea:
757 3214 988 3268 editione
1021 3212 1123 3265 illa
1152 3209 1450 3280 Hexuplari
1488 3209 1761 3281 desumpta
1796 3212 1975 3282 depre-

467 3286 787 3342 henduntar.

468 3401 665 3457 Narrat
695 3399 1058 3469 Hieronymus
1089 3404 1329 3467 tempore
1352 3410 1454 3451 suo
1493 3395 1765 3452 Ecclesias
1799 3395 1981 3452 varias

397 3496 567 3551 variis
620 3491 760 3548 LXX
816 3490 1181 3561 lnterprctum
1236 3490 1570 3545 editionibus
1629 3507 1760 3547 usas
1832 3505 1976 3547 esse.

400 3587 748 3653 Alexandria,
799 3584 998 3655 inquit,
1027 3593 1077 3638 et
1105 3582 1397 3654 Egyptus,
1433 3584 1488 3637 in
1519 3577 1670 3636 LXX
1723 3584 1833 3636 suis
1865 3582 1980 3637 He-

397 3679 638 3753 sychium
688 3676 875 3731 laudat
920 3684 1220 3739 auctorem;
1275 3672 1762 3744 Constantinopolis
1818 3689 1981 3743 usque

402 3770 737 3828 Antiochiam
770 3767 998 3822 Luciani
1018 3767 1268 3836 martyris
1281 3768 1601 3836 exemplaria
1630 3766 1849 3837 probat;
1873 3785 1981 3821 me-

397 3866 504 3920 dia:
536 3864 674 3918 inter
703 3861 797 3915 has
832 3860 1114 3929 provincia:
1163 3858 1483 3914 Palaestinos
1512 3860 1715 3913 codices
1774 3859 1976 3930 legunt,

397 3974 529 4028 quos
561 3955 627 4010 ab
664 3955 887 4024 Origene
924 3951 1221 4005 elaboratas
1269 3950 1525 4006 Eusebius
1571 3960 1621 4005 et
1664 3950 1978 4022 Pamphilus

399 4051 739 4120 vulgaverant
769 4061 787 4101 :
815 4056 1056 4115 totusque
1092 4044 1235 4097 orbis
1288 4042 1387 4096 hac
1412 4045 1549 4096 inter
1602 4059 1657 4097 se
1707 4045 1979 4097 contraria

397 4144 651 4198 uarietate
681 4147 1017 4212 compugnat.
1055 4133 1122 4189 Et
1154 4135 1207 4188 in
1232 4134 1456 4203 epistola
1485 4133 1551 4187 ad
1589 4132 1976 4202 Augustinum,

398 4227 521 4307 quae
535 4243 619 4290 est
647 4235 699 4287 in
739 4242 1010 4302 postrema
1044 4228 1281 4283 editione
1316 4227 1402 4290 74,
1428 4227 1725 4298 εἰρωνικῶς
1750 4229 1979 4298 loquens

394 4329 479 4385 ait
512 4346 524 4382 :
562 4325 651 4381 Vis
685 4336 893 4379 amator
922 4339 1032 4377 esse
1054 4338 1204 4376 verus
1221 4317 1374 4372 LXX
1394 4317 1768 4390 lnterprctum,
1788 4337 1889 4374 non
1910 4320 1957 4374 le

399 4437 493 4492 gas
516 4436 578 4475 ea
605 4434 722 4490 quae
746 4419 840 4471 sub
869 4416 1136 4470 asteriscis
1164 4423 1286 4469 sunt
1321 4432 1338 4469 :
1376 4416 1484 4467 imo
1514 4414 1637 4467 rade
1661 4413 1725 4468 de
1756 4415 1979 4469 volumi-

2074 536 2321 592 Romana
2348 553 2457 594 non
2482 553 2672 609 pauca:
2700 537 3182 609 deprehenduntur
3215 539 3495 607 lectiones,
3536 558 3664 613 quae

2075 631 2143 685 ab
2169 630 2450 701 hexaplari
2482 632 2573 685 illa
2592 631 2830 686 editione
2857 640 3171 697 manarunt,
3205 644 3264 687 ut
3304 634 3454 688 verbi
3482 636 3659 705 gratia

2074 721 2176 777 Job
2210 739 2287 788 Ix,
2322 723 2378 789 '5,
2410 723 2464 777 in
2494 724 2610 779 haec
2636 725 2801 778 verba
2832 732 2967 788 uno
3003 722 3370 796 Symmachus
3397 735 3451 782 et
3477 718 3663 781 Th'eo—

2073 813 2257 882 dotio,
2286 815 2347 868 οὐ
2378 814 2453 886 μὴ
2482 815 2766 887 ὑπακούσῃ
2801 816 2948 887 αὐτῷ
2968 856 2982 879 ,
3010 832 3131 885 quae
3151 817 3311 872 lectio
3335 818 3388 872 in
3421 818 3666 874 editione

2076 906 2356 977 hexaplari
2411 908 2586 977 posita
2618 906 2815 973 fuerat,
2842 911 2970 977 quia
3008 908 3189 977 prisca
3243 909 3351 961 τῶν
3385 910 3440 963 0'
3489 910 3664 966 inter-

2075 1000 2330 1069 pretatio,
2386 998 2474 1052 ἴνα
2512 997 2585 1070 μὴ
2616 998 2866 1071 ἀντείπῃ,
2902 985 3010 1053 ηοή
3057 998 3193 1053 satis
3245 998 3611 1054 conveniebat
3642 1015 3657 1051 :

2079 1099 2311 1162 utraque
2343 1099 2523 1146 tamen
2545 1091 2726 1146 versio
2750 1091 2805 1145 in
2836 1099 2986 1145 textu
3010 1091 3201 1146 relicta
3220 1100 3322 1157 est,
3358 1092 3430 1146 ita
3456 1101 3518 1147 ut
3537 1108 3664 1163 quae

2078 1182 2305 1253 prmibat
2329 1182 2642 1253 Symmachi
2666 1190 2721 1237 et
2745 1181 3157 1247 Theodotionis,
3188 1185 3452 1239 asterisco
3496 1194 3663 1239 nota-

2077 1282 2246 1339 retur,
2281 1274 2452 1327 altera
2484 1287 2613 1326 vero
2647 1272 2934 1339 lcmnisco,
2974 1282 3035 1326 ut
3083 1273 3302 1343 quidem
3353 1275 3613 1331 existimo
3646 1293 3659 1328 :

2076 1365 2272 1419 deinde
2301 1364 2560 1435 neglectis
2592 1363 2862 1427 astericis,
2899 1365 3073 1418 amba:
3100 1365 3357 1420 lectiones
3382 1381 3668 1421 remanse-

2076 1465 2205 1511 runt
2229 1456 2327 1523 sic,
2374 1457 2437 1509 οὐ
2469 1454 2543 1526 μὴ
2577 1456 2862 1530 ὑπακούσῃ
2888 1455 3058 1526 αὐτῷ,
3085 1445 3175 1510 ἵνα
3204 1458 3277 1528 μὴ
3312 1457 3564 1532 ἀντείπῃ.
3599 1457 3666 1514 Et

2076 1548 2274 1619 psalm.
2308 1562 2441 1613 xm,
2479 1547 2569 1610 56,
2615 1548 2728 1603 haec
2773 1548 2935 1602 verba
2958 1555 3127 1607 van-in
3163 1557 3355 1630 11111371
3382 1548 3524 1603 LXX
3540 1566 3666 1605 ver—

2080 1647 2277 1703 tcrant,
2304 1639 2450 1709 καὶὴ
2481 1638 2699 1693 παιδεία
2722 1655 2815 1692 σου
2859 1637 3149 1710 ἀνώρθωσέ
3184 1636 3294 1709 ’με,
3353 1639 3667 1698 Tlteodotio

2076 1742 2282 1799 autem,
2311 1731 2458 1803 καὶὴ
2485 1730 2700 1785 παιδεία
2732 1748 2825 1784 σου
2866 1731 3002 1803 αὐτή
3049 1748 3116 1801 με
3159 1730 3390 1799 διδάξει·
3428 1744 3668 1805 utraque

2078 1833 2261 1879 autem
2292 1823 2452 1878 lectio
2487 1823 2541 1876 in
2566 1823 2847 1891 hexaplari
2898 1823 2988 1876 illa
3048 1823 3287 1879 editione
3351 1827 3552 1894 posita,
3608 1828 3664 1882 in

2076 1913 2358 1970 hodiernis
2391 1912 2583 1969 Bibliis
2615 1914 2953 1985 conjunctim
2986 1914 3203 1987 legitur.
3249 1915 3461 1973 Similia
3491 1920 3665 1975 multa

2078 2003 2388 2076 frequenter
2419 2014 2739 2061 occurrunt.

2148 2120 2206 2175 ln
2232 2121 2557 2178 Ecclesiaste
2579 2136 2709 2177 vero
2761 2123 2857 2176 σὺν
2878 2121 3215 2192 praepositio,
3234 2138 3339 2192 qua
3353 2123 3666 2193 exprimere

2080 2216 2289 2271 solebat
2315 2216 2509 2286 Aquila
2534 2215 2854 2286 particulam
2876 2214 3197 2271 Hebraicam
3222 2226 3326 2279 me,
3353 2225 3540 2269 notam
3573 2232 3665 2270 ac-

2080 2308 2309 2363 cusativi
2346 2323 2530 2372 casus,
2555 2322 2832 2378 quamque
2861 2306 3141 2380 Origenes:
3168 2310 3223 2363 in
3256 2309 3538 2380 hexaplari
3572 2309 3664 2364 illa

2080 2398 2317 2453 editione
2337 2399 2619 2468 praemisso
2645 2399 2932 2463 asterisco,
2966 2398 3140 2454 sicubi
3186 2409 3523 2466 occurreret,
3555 2414 3645 2470 poo

2080 2499 2284 2555 suerat,
2315 2506 2421 2545 non
2450 2489 2825 2560 infrequenter
2882 2492 3149 2561 reperitur
3179 2492 3233 2545 in
3274 2493 3515 2547 editione
3553 2492 3665 2547 Ro-

2082 2596 2263 2636 mana.
2292 2580 2384 2636 Sic
2412 2596 2531 2651 cap.
2561 2598 2621 2644 n,
2657 2599 2707 2635 v.
2741 2582 2829 2649 17,
2860 2583 2955 2636 καὶ
2978 2583 3215 2655 ἐμίσησα
3256 2584 3351 2636 σὺν
3380 2580 3663 2654 etv-titubat,

2081 2681 2135 2728 et
2160 2688 2278 2743 cap.
2322 2688 2406 2738 tu,
2434 2689 2490 2731 ν,
2520 2673 2613 2743 17,
2652 2676 2747 2729 σὺν
2766 2675 2854 2729 τὸν
2876 2676 3082 2730 δίκαιον
3114 2678 3210 2730 καὶ
3244 2679 3342 2730 σὺν
3373 2677 3464 2730 τὸν
3489 2675 3666 2750 ἀσεϐῆ

2082 2769 2259 2837 κρινεῖ
2299 2766 2327 2818 ὁ
2373 2764 2527 2828 Θεὸς,
2573 2777 2628 2820 et
2681 2765 2879 2821 similia
2925 2767 3193 2836 quaedam.
3239 2766 3427 2838 Capite
3477 2779 3664 2824 autem

2080 2872 2200 2922 vn,
2258 2872 2402 2912 vers.
2444 2850 2559 2920 '25,
2615 2858 2916 2914 clausulam
2978 2874 3045 2913 ex
3112 2857 3308 2929 Aquila
3354 2860 3406 2913 in
3463 2860 3665 2915 editio—

2081 2965 2207 3005 nem
2233 2949 2341 3004 τῶν
2381 2949 2438 3004 0'
2466 2950 2736 3005 invectam
2767 2951 3246 3020 deprehendimus,
3272 2961 3331 3006 ut
3377 2952 3565 3008 videas
3608 2954 3663 3007 in

2081 3052 2209 3098 nota
2241 3044 2461 3099 ibidem.
2490 3042 2570 3097 Ex
2594 3043 2679 3099 his
2718 3059 2881 3114 porro
2920 3046 3313 3101 mutationibus
3365 3047 3549 3102 evenit
3607 3058 3666 3101 ut

2083 3136 2250 3192 editio
2279 3135 2419 3190 LXX
2473 3134 2828 3206 lnterprctum
2884 3152 3018 3206 pura
3051 3147 3105 3192 et
3151 3138 3329 3207 qualis
3378 3148 3497 3192 erat
3532 3148 3662 3193 ante

2081 3226 2618 3299 0rigenem,l‘rustra
2641 3237 2917 3297 quaeratur
2939 3229 3119 3284 hodie.
3163 3228 3302 3285 Hinc
3334 3230 3465 3285 item
3516 3232 3666 3284 acci-

2081 3320 2161 3376 dit
2196 3329 2254 3375 ut
2270 3318 2480 3374 librarii
2510 3319 2639 3374 dum
2664 3320 2992 3390 exemplaria
3026 3318 3547 3392 HXXlnterpretum
3571 3337 3667 3375 ex-

2082 3411 2405 3476 scriberent,
2440 3410 2577 3466 alias
2606 3411 2868 3466 lectiones
2890 3412 3110 3482 praeﬁxo
3141 3413 3201 3465 0'
3230 3421 3379 3477 nota,
3411 3413 3667 3469 videlicet

2080 3501 2224 3557 LXX
2252 3501 2633 3573 lnterprctum,
2662 3503 2716 3558 in
2737 3504 2983 3574 margine
3008 3513 3295 3571 notarent;
3347 3505 3422 3559 ita
3466 3514 3533 3560 ut
3559 3509 3666 3561 mi-

2082 3611 2186 3650 nus
2213 3595 2373 3665 periti
2405 3611 2586 3650 rerum
2614 3593 2929 3665 ltujusmodi
2952 3595 3221 3651 mirentur
3265 3598 3356 3651 ubi
3383 3594 3527 3652 LXX
3572 3595 3665 3651 ln-

2080 3695 2379 3757 terpretum
2406 3695 2586 3742 textus
2611 3687 3050 3761 exscriptusest,
3077 3688 3133 3743 in
3180 3690 3427 3761 margine
3479 3690 3665 3745 notari

2081 3778 2224 3834 LXX
2249 3782 2576 3851 Interpretes
2598 3781 2706 3836 alio
2738 3781 2902 3837 modo
2925 3781 3122 3853 legere.

2081 3936 2169 3991 Vl.
2205 3935 2279 3990 De
2334 3936 2737 4007 mutationibus
2773 3952 2889 4006 qua:
2934 3937 2998 3990 ab
3042 3936 3283 4007 Origenis
3336 3946 3570 4006 tempore
3605 3938 3661 3991 in

2222 4007 2474 4061 editiones
2521 4006 2671 4060 LXX
2710 4006 3066 4077 lnterprctum
3093 4006 3324 4063 advecta:
3356 4019 3503 4064 sunt.

2151 4142 2461 4213 Saepissime
2492 4144 2680 4207 etiam,
2738 4144 3036 4213 praesertim
3085 4144 3225 4198 libro
3275 4142 3553 4207 Judicum,
3604 4144 3661 4198 in

2079 4235 2361 4290 ’codicibus
2385 4233 2748 4298 Coisliniano,
2766 4234 2966 4289 unciali
3019 4235 3333 4289 charactere
3360 4234 3657 4304 descripto,

2079 4334 2134 4381 et
2166 4324 2473 4388 Basiliensi,
2496 4324 2660 4379 varia:
2681 4325 2937 4380 lectiones
2974 4324 3028 4378 in
3055 4314 3299 4397 margine
3337 4326 3657 4381 scribuntur

2078 4433 2203 4472 cum
2229 4426 2355 4471 nota
2383 4416 2521 4480 0'0,
2553 4415 2682 4486 quia
2707 4416 2912 4471 scilicet
2941 4432 3007 4470 ex
3039 4413 3408 4472 Theodotione
3452 4417 3507 4471 in
3540 4418 3656 4471 edi-

396 4513 578 4573 nibus,
608 4517 909 4562 utveterum
941 4515 987 4559 te
1003 4506 1265 4575 fautorem
1285 4503 1490 4574 probes.
1516 4502 1669 4569 Quod
1697 4508 1742 4559 si
1767 4506 1975 4574 feceris,
2013 4531 2057 4586 ι)
2082 4509 2287 4562 tionem
2344 4507 2451 4567 τῶν
2477 4508 2532 4559 0'
2563 4521 2687 4561 cum
2713 4505 2991 4561 asteriscis
3026 4505 3094 4560 ab
3142 4503 3375 4577 Origene
3404 4506 3658 4561 .invecta'

400 4603 638 4658 omnium
678 4597 1031 4652 Ecclesiarum
1061 4595 1405 4649 bibliothecas
1464 4595 1718 4650 damnare
1753 4598 1975 4667 cogeris.

411 4689 516 4746 Via:
542 4691 684 4744 enim
716 4704 852 4742 unus
874 4696 969 4741 aut
990 4684 1126 4739 alter
1164 4687 1461 4739 inveniatur
1483 4684 1615 4740 liber
1635 4688 1724 4757 qui
1749 4688 1853 4742 ista
1875 4704 1979 4741 non

400 4780 612 4837 habeat.
638 4777 775 4833 Hinc
794 4777 1091 4832 ediscimus
1119 4775 1231 4846 jam
1269 4789 1385 4829 aevo
1432 4773 1748 4848 Hieronymi
1800 4792 1981 4832 exem-

396 4873 573 4946 plaria
596 4869 738 4927 LXX
779 4867 1139 4938 lnterprctum
1190 4867 1478 4921 innumera
1521 4876 1577 4923 et
1605 4868 1884 4941 asteriscis
1927 4876 1982 4924 et

398 4965 788 5023 cbelisonusta
817 4958 990 5015 fuisse
1025 4976 1037 5012 :
1063 4974 1185 5029 quae
1205 4956 1547 5030 Origeniante
1571 4969 1711 5015 noue
1732 4960 1786 5014 in
1810 4960 1982 5031 pluri-

400 5059 508 5115 mis
538 5053 945 5126 exemplaribus
977 5051 1369 5123 manuscriptis
1389 5049 1592 5107 Graecis
1610 5052 1737 5108 hinc
1766 5051 1961 5110 etinde

394 5163 609 5222 sparsa:
642 5146 912 5217 hodieque
956 5144 1353 5210 observantur;
1400 5144 1509 5201 imo
1536 5145 1699 5200 etiam
1734 5143 1789 5196 in
1841 5157 1981 5198 non-

401 5242 567 5301 nullis
594 5239 827 5303 Latinis,
854 5236 1099 5292 maxime
1132 5236 1190 5291 in
1221 5234 1377 5291 libris
1403 5233 1508 5291 Job
1536 5245 1591 5292 et
1608 5233 1975 5290 Psalmorum.

399 5335 482 5391 Ex
494 5334 733 5390 editione
743 5331 833 5387 illa
850 5328 1130 5400 hexaplari
1144 5328 1317 5383 multa
1334 5328 1390 5383 in
1408 5328 1699 5384 hodiernas
1712 5325 1979 5381 editiones

398 5423 722 5482 transmissa
768 5419 1268 5492 deprehenduntur.
1300 5416 1412 5473 Nec
1442 5419 1635 5488 loquor
1664 5425 1874 5471 tantum
1903 5414 1980 5482 de

398 5510 768 5570 Alexandrino
788 5508 997 5575 codice,
1020 5508 1115 5578 qui
1143 5508 1437 5564 editionem
1458 5507 1605 5561 illam
1627 5504 1978 5575 hexaplarem

399 5623 540 5678 pene
569 5606 837 5678 sequitur,
866 5613 928 5661 ut
953 5605 1142 5661 videre
1168 5612 1253 5660 est
1284 5600 1585 5673 praesertim
1630 5600 1685 5656 in
1720 5600 1860 5655 libro
1881 5597 1977 5655 Ju-

399 5701 625 5767 dicum;
660 5712 761 5753 nec
788 5697 856 5753 de
892 5696 1129 5753 editione
1173 5693 1567 5764 Complutensi,
1599 5692 1692 5747 ubi
1741 5692 1976 5748 aliorum

395 5794 756 5863 interpretum
783 5789 1070 5855 lectiones,
1108 5788 1451 5859 maximeque
1483 5785 1817 5856 Symmachi,
1848 5799 1976 5855 pas-

96 6072 383 6160 Δ

2082 4598 2317 4654 fuerant.
2342 4597 2455 4652 imo
2489 4598 2653 4653 etiam
2680 4597 2818 4653 libro
2845 4596 3098 4652 Iudicum
3140 4613 3215 4660 vt,
3253 4597 3308 4661 8,
3361 4606 3471 4653 tres
3512 4596 3656 4658 LXX

2082 4692 2444 4760 lnterprctum
2468 4690 2729 4745 lectiones
2749 4705 2847 4760 pro
2873 4705 2983 4743 uno
2998 4689 3299 4760 eodemque
3324 4690 3444 4744 loco
3466 4690 3657 4745 obser-

2081 4791 2298 4836 vantur.
2329 4779 2529 4835 Praeter
2557 4795 2679 4835 eam
2712 4780 2878 4845 enim,
2900 4779 2968 4834 de
2992 4795 3099 4850 qua
3154 4779 3386 4850 egimus,
3422 4782 3658 4836 varieta-

2083 4872 2154 4928 tis
2178 4887 2421 4938 causam,
2446 4872 2566 4926 alite
2596 4870 2779 4925 multae
2814 4870 2958 4924 haud
2991 4870 3154 4925 dubie
3174 4871 3519 4925 exstiterunt.
3548 4869 3658 4926 Nec

2081 4965 2259 5035 potuit
2287 4964 2444 5018 aliter
2479 4962 2698 5017 evenire
2727 4961 2781 5015 in
2815 4960 2958 5016 libro
2982 4960 3144 5016 toties
3168 4959 3470 5029 descripto;
3496 4959 3658 5030 cujus

2081 5063 2163 5109 tot
2194 5052 2344 5109 varia
2378 5054 2433 5108 in
2466 5053 2697 5108 diversis
2717 5051 3029 5123 regionibus
3059 5049 3389 5119 exemplaria
3406 5048 3659 5105 fereban-

2084 5156 2201 5204 tur:
2227 5162 2352 5201 nam
2374 5161 2440 5201 ex
2464 5146 2570 5201 alia
2599 5144 2836 5200 editione
2867 5143 2921 5198 in
2947 5144 3109 5198 aliam
3132 5143 3394 5199 lectiones
3412 5156 3658 5214 persaepe

2083 5239 2357 5296 translatae
2391 5245 2540 5295 sunt.
2587 5236 2706 5293 Non
2749 5251 2877 5292 raro
2919 5237 3084 5292 etiam
3119 5236 3383 5309 contingit
3424 5245 3488 5291 ut
3536 5235 3656 5291 loca

2079 5348 2149 5388 ex
2172 5331 2410 5389 editione
2461 5331 2572 5386 τῶν
2600 5332 2657 5385 0'
2685 5330 2981 5388 aﬁ‘erantur
3008 5328 3093 5384 vel
3120 5343 3151 5383 a
3177 5328 3542 5398 scriptoribus
3570 5327 3656 5383 vel

2080 5440 2114 5480 a
2141 5425 2469 5492 scholiastis,
2514 5425 2610 5494 qui
2639 5423 2753 5495 jam
2780 5423 2836 5478 in
2873 5437 2937 5477 ea
2979 5435 3089 5476 non
3130 5427 3468 5489 comparent,
3523 5421 3656 5489 quia

2080 5530 2279 5585 nempe
2302 5514 2393 5569 illa
2423 5514 2796 5584 supplementa
2834 5527 2956 5583 quae
2984 5525 3110 5568 cum
3164 5508 3444 5565 asteriscis
3467 5508 3656 5564 addita

2081 5605 2325 5671 fuerunt,
2357 5607 2413 5661 in
2436 5606 2645 5679 aliquot
2671 5602 3004 5676 exemplaria
3032 5601 3243 5658 invecta
3272 5607 3423 5668 sunt,
3454 5599 3514 5655 in
3551 5599 3658 5656 alia

2079 5713 2188 5755 non
2217 5697 2366 5754 item.
