3832 6214
133 373 205 430 ’17
1377 364 1445 419 1N
1485 361 1807 418 HEXAPLA
1842 362 2183 419 ORIGENIS.
3323 360 3394 415 78

135 486 251 544 VH.
284 486 362 542 De
392 486 461 540 iis
500 486 661 539 etiam
695 482 1102 546 mutationibus,
1126 498 1243 553 quia
1271 498 1337 537 ea:
1378 478 1726 536 similitudine
1754 484 1801 541 Α
1829 479 1978 550 βελεῖ
2019 490 2281 552 posuerat
2330 478 2593 550 Origenes
2638 477 2693 533 in
2741 478 3009 551 Tetraplis
3031 521 3046 544 ,
3092 490 3152 533 ut
3194 478 3391 534 ibidem

347 561 708 628 quarumdam
729 556 1032 608 litterarum
1058 554 1309 608 admissa:
1328 562 1472 608 sunt.

206 665 357 723 Inter
378 667 683 738 praecipuas
721 674 905 719 autem
933 663 1283 727 varietatum,
1308 678 1431 732 quae
1449 663 1503 717 in
1534 678 1711 718 exem-

130 757 384 833 plaribus
438 757 549 810 τῶν
582 760 638 809 0'
666 757 1043 820 observantur,
1073 770 1290 821 causas,
1336 755 1517 809 locum
1555 756 1720 809 habet

134 846 228 901 illa
249 845 558 900 litterarum
584 842 897 899 Graecarum
929 843 1071 897 inter
1092 858 1152 898 se
1181 842 1719 913 similiumfrequens

132 935 516 993 commutatio.
541 932 676 988 Nam
708 949 832 989 cum
860 931 1113 1003 Origenis
1145 944 1387 1003 tempore
1434 943 1487 988 et
1511 934 1721 1004 aliquot

132 1039 326 1101 postea
354 1028 593 1093 saeculis,
620 1042 811 1081 omnes
838 1025 1029 1081 Biblici
1072 1026 1195 1081 libri
1219 1024 1415 1081 unciali
1440 1027 1721 1083 characte-

134 1136 195 1176 re
222 1122 345 1177 sine
369 1121 686 1178 accentibus
707 1128 762 1175 et
794 1119 1078 1190 spiritibus
1112 1120 1502 1187 scriberentur,
1534 1136 1599 1176 ac
1626 1121 1718 1176 lit-

136 1223 269 1268 tera:
296 1213 550 1284 plurima:
582 1212 723 1268 inter
754 1227 813 1267 se
838 1212 909 1265 ita
933 1211 1141 1266 similes
1161 1220 1368 1275 essent,
1403 1221 1464 1267 ut
1490 1213 1583 1268 vix
1611 1214 1724 1268 dis-

136 1305 314 1376 tingui
371 1315 612 1376 possent,
644 1305 773 1360 hinc
800 1305 1029 1376 contigit
1060 1312 1122 1358 ut
1147 1320 1289 1374 smpe
1312 1320 1421 1360 una
1463 1320 1563 1376 pro
1615 1307 1721 1362 alia

136 1397 596 1453 substitueretur:
621 1398 764 1454 unde
792 1413 985 1467 magna
998 1398 1372 1453 diversitatum
1400 1398 1534 1453 silva
1564 1414 1723 1454 exor-

137 1498 193 1543 ta
225 1497 330 1545 est.
371 1487 468 1543 Hae
499 1504 626 1544 vero
649 1488 886 1543 maxime
909 1488 1103 1543 littcrte
1144 1488 1285 1542 inter
1310 1503 1368 1543 se
1397 1489 1722 1543 commutari

138 1580 476 1642 solebantA,
511 1580 574 1642 A,
595 1580 659 1644 A,
690 1597 746 1645 α,
780 1579 832 1645 δ,
859 1580 909 1644 λ,
930 1581 1062 1642 etE,
1086 1579 1149 1644 Θ,
1179 1581 1242 1643 Ο,
1288 1596 1335 1643 ε,
1360 1578 1412 1643 θ,
1467 1598 1517 1646 σ,
1547 1592 1600 1636 ει
1620 1582 1722 1636 ali-

138 1670 615 1748 quandoMetN,
655 1685 885 1740 quarum
930 1670 1175 1725 omnium
1234 1671 1598 1726 mutationum
1656 1686 1721 1726 ex

139 1762 329 1817 multis
360 1776 534 1831 pauca
565 1762 656 1815 hic
678 1759 927 1830 exempla
959 1759 1312 1831 proferimus.

209 1861 336 1914 Ain
360 1861 421 1914 Δ.
455 1857 629 1929 Hujus
644 1856 964 1914 mutationis
978 1858 1325 1928 perspicuum
1341 1856 1504 1911 habet
1529 1871 1719 1911 exem-
1751 1832 1797 1891 Β

113 1951 289 2023 ,ρὶιιιιι
318 1949 687 2022 Hieronymus
717 1947 1107 2004 Commentario
1127 1951 1180 2003 in
1198 1948 1394 2004 Jerem.
1425 1964 1545 2019 cap.
1571 1965 1721 2015 xxxx,

138 2044 311 2116 p.17,
350 2043 446 2098 ubi
472 2057 660 2097 vocem
708 2050 907 2105 DHW
950 2040 1252 2097 Theodotio
1317 2042 1583 2114 σουαρεὶμ
1630 2058 1726 2097 ex-

138 2146 447 2206 presserat,
478 2133 675 2189 deinde
706 2149 838 2188 vero
876 2133 1226 2187 librariorum
1266 2148 1467 2207 errore.
1495 2134 1547 2188 in
1600 2151 1726 2187 σου-

137 2228 325 2299 δρεὶμ,
364 2234 573 2280 mutato
593 2225 714 2279 Ain
737 2227 775 2277 Δ
809 2241 1030 2281 versqu
1061 2225 1274 2291 fuerat;
1300 2241 1408 2297 qua
1434 2226 1499 2282 de
1524 2242 1582 2281 re
1606 2225 1729 2281 Hie-

139 2332 450 2390 ronymus:
490 2316 635 2382 Quas
669 2315 954 2371 Theodotio
978 2321 1349 2386 interpretatus
1379 2327 1477 2385 est,
1534 2316 1727 2373 Sudri-

142 2426 363 2465 nas.....
388 2425 510 2479 qua:
527 2408 786 2463 Hebraica
804 2409 1139 2478 appellantur
1161 2426 1376 2476 SUARIM,
1397 2410 1487 2463 sed
1508 2415 1731 2479 scripto-

144 2520 266 2557 rum
294 2504 426 2556 vitio
442 2518 537 2572 pro
556 2501 727 2555 media
749 2501 977 2571 syllaba,
995 2502 1101 2557 sive
1120 2500 1299 2557 littera
1317 2502 1473 2572 alpha
1491 2500 1732 2556 Graecum

1820 573 2175 640 adnotamus;
2224 573 2352 643 quia
2377 573 2629 629 videlicet
2655 572 2812 628 lectio
2831 572 2921 627 illa
2949 572 3138 626 vitiata
3164 572 3389 642 βασιλεῖ,

1819 665 2059 721 nondum
2124 666 2180 719 in
2215 666 2542 735 exemplaria
2599 665 2800 735 quibus
2828 680 2964 719 usus
2995 674 3080 719 est
3111 664 3392 736 Origenes,

1822 752 2318 809 manaveral.Psal.
2341 770 2523 818 cxxxl,
2555 770 2604 805 v.
2640 752 2726 819 l5,
2758 768 2946 807 vocem
2969 760 3103 812 τπητ
3123 762 3397 807 verterant

1820 844 1959 898 LXX
1996 847 2317 915 lnterpretes
2344 846 2539 917 θήραν,
2569 845 2912 906 venationem,
2941 853 3105 913 atque
3134 845 3207 899 ita
3267 845 3397 914 legit

1818 939 2172 1002 Athanasius,
2206 935 2574 1008 Hieronymus
2594 950 2810 1006 quoque
2836 936 3163 990 venationem
3186 936 3361 1006 ;Aqui
3379 965 3394 976 -

1820 1029 1892 1091 la,
1953 1029 2323 1100 ἐπισιτισμὸν,
2359 1029 2565 1092 cibum;
2614 1026 2939 1091 Theodotio,
2997 1026 3190 1099 θήραν,
3250 1037 3306 1083 ιιι
3340 1034 3397 1081 et

1821 1121 1999 1189 LXX;
2033 1138 2154 1192 quae
2177 1122 2337 1177 lectio
2367 1120 2667 1176 secundum
2691 1120 2807 1175 haec
2841 1135 2907 1174 ex
2930 1118 3285 1174 similitudine
3310 1134 3396 1175 so-

1820 1217 1874 1269 ni
1904 1225 2109 1270 mutata
2136 1224 2220 1271 est
2253 1215 2305 1268 in
2326 1216 2522 1286 χήραν,
2553 1214 2787 1278 viduam,
2814 1221 2869 1268 et
2904 1213 3170 1269 hactenus
3203 1214 3285 1270 sic
3312 1216 3393 1269 le-

1819 1308 1964 1376 gitur
1998 1307 2051 1360 in
2086 1306 2317 1377 vulgatis
2338 1305 2761 1375 exemplaribus.
2795 1304 2924 1360 Item
2961 1303 3122 1361 Hesai
3164 1321 3274 1371 xw,
3303 1306 3394 1372 2!,

1821 1399 1913 1453 ubi
1943 1398 1995 1452 in
2023 1397 2249 1453 Hebraeo
2270 1395 2463 1466 legitur
2481 1403 2643 1461 ειν-ιν,
2664 1396 2830 1463 LXX,
2854 1396 3080 1461 πόλεων,
3110 1406 3169 1452 ιιι
3190 1399 3395 1468 liquet:

1821 1499 2114 1560 posteaque
2130 1489 2336 1542 πόλεων
2353 1489 2406 1543 in
2428 1488 2961 1559 πολέμωνιιιιιιιιιιιιιι
2979 1499 3079 1545 est.
3099 1489 3220 1546 Alia
3241 1492 3400 1561 longe

1822 1581 1978 1651 plura
2006 1580 2093 1634 his
2130 1579 2328 1634 addere
2368 1594 2675 1649 possemus,
2727 1594 2914 1633 verum
2969 1580 3085 1635 haec
3129 1591 3290 1637 erunt
3328 1582 3397 1636 ad

1820 1686 2059 1743 praesens
2082 1670 2386 1726 institutum
2414 1671 2566 1726 satis.

1827 1782 1959 1838 Vlll.
1993 1784 2068 1839 De
2100 1784 2463 1865 distinctione.
2486 1786 2720 1854 capitum
2751 1795 2798 1839 et
2837 1787 3217 1841 versiculorum
3259 1788 3401 1843 anti-

2371 1866 2550 1924 quitus
2585 1866 2864 1926 usurpata.

1896 1946 2185 2001 Distinctio
2210 1945 2448 2016 capitum
2474 1945 2602 2000 olim
2636 1961 2736 2001 nec
2760 1947 3034 2002 hodiernae
3062 1948 3279 2007 similis.
3301 1962 3405 2004 nec

1828 2054 1934 2093 una
1962 2037 2083 2092 fuit.
2116 2037 2305 2107 Capita
2335 2038 2495 2107 longe
2527 2040 2738 2093 minora
2779 2038 3059 2095 hodiernis
3087 2049 3275 2109 erant;
3301 2056 3371 2096 cu
3400 2077 3405 2081 -

1822 2131 1915 2201 jus
1945 2130 2021 2185 rei
2065 2128 2375 2199 exemplum
2406 2129 2573 2185 habes
2600 2128 2742 2184 infra
2783 2127 3145 2185 Numerorum
3199 2147 3277 2198 ιν,
3305 2130 3402 2199 ‘25,

1829 2223 1885 2277 in
1917 2232 2066 2289 nota,
2100 2237 2165 2276 ex
2213 2222 2471 2277 omnibus
2517 2220 2722 2276 catenis
2767 2236 2902 2277 mss.
2933 2220 3239 2291 desumpta,
3283 2237 3406 2292 qua:

1830 2316 1909 2371 sic
1939 2315 2135 2370 habet:
2155 2315 2228 2368 Τὸ
2249 2313 2670 2386 Σαμαρειτικὸν,
2695 2314 3243 2381 ἐπίσπαστρονχαὶ
3275 2313 3409 2383 δέρ-

1825 2424 1985 2478 ματα
2019 2408 2335 2462 ὐακίνθινα
2359 2423 2373 2437 ·
2412 2407 2570 2461 ἅτινα
2593 2406 2749 2460 καλεῖ
2776 2405 2836 2458 τὸ
2860 2405 2901 2473 ξ’
2928 2405 3223 2475 κεφάλαιον
3256 2404 3408 2469 Ἐξό-

1830 2498 1918 2551 δου
1952 2497 2252 2568 διφθέρας.
2287 2495 2667 2552 Samariticum
2694 2495 3192 2564 habet,'tentorium
3220 2504 3275 2550 et
3301 2497 3411 2557 nel-

143 2593 290 2648 delta
334 2592 567 2647 inolevit.
606 2588 859 2646 Iudicum
890 2605 1008 2660 cap.
1037 2607 1110 2658 ιιι,
1141 2592 1229 2658 3i,
1276 2591 1364 2645 ubi
1406 2590 1731 2647 Hebraicum
1832 2592 1911 2649 les
1958 2591 2379 2663 hyacinthinas:
2428 2605 2546 2660 quae
2594 2589 2762 2656 capite
2811 2603 2879 2641 ιι
2929 2585 3106 2640 Exodi
3154 2599 3410 2641 vocantur

142 2685 313 2740 habet
341 2693 470 2747 my,
501 2680 644 2735 LXX
666 2682 851 2752 Δινάχ,
884 2680 1165 2749 mendose,
1186 2697 1287 2752 pro
1312 2682 1502 2750 Αἰνάθ,
1552 2692 1733 2737 muta—
1834 2684 2154 2756 diphtherm.
2184 2682 2242 2737 ln
2276 2682 2460 2739 Exodo
2486 2681 2845 2752 quadraginta
2892 2680 3069 2735 solum
3100 2679 3279 2749 capita
3311 2679 3411 2733 ha-

144 2786 202 2832 ιο
229 2778 278 2829 Α
306 2776 362 2830 in
383 2777 459 2841 A;
488 2775 629 2831 alius
648 2773 838 2839 Λινὰθ,
875 2784 1080 2829 mutato
1101 2775 1146 2828 Α
1176 2776 1228 2829 in
1259 2775 1340 2841 A;
1367 2775 1506 2829 alius
1548 2773 1731 2837 Ἀνάθ,
1839 2776 2059 2841 bentur,
2087 2775 2349 2844 locusque
2376 2774 2465 2828 hic
2499 2773 2696 2827 citatus
2729 2780 2907 2826 exstat
2940 2770 2995 2825 in
3034 2770 3210 2840 capite
3242 2786 3411 2825 mox

142 2871 371 2925 melius.
395 2868 463 2923 Et
489 2867 743 2922 Judicum
787 2883 825 2933 ι,
881 2867 969 2935 3t,
1012 2867 1105 2922 ubi
1132 2867 1327 2939 legitur
1378 2850 1552 2940 τιὸηιι,
1589 2864 1732 2920 LXX
1837 2868 2122 2923 hodierno.
2164 2865 2223 2921 ln
2266 2866 2453 2922 codice
2494 2865 2588 2919 illo
2632 2862 2971 2919 Coisliniano
3016 2862 3410 2926 vetustissimo,

144 2962 318 3017 hodie
346 2962 547 3016 habent
580 2960 768 3030 Δαλάφ
795 2976 895 3031 pro
936 2958 1159 3026 Ἀαλά6,
1191 2968 1253 3014 ιιι
1284 2959 1375 3013 alii
1397 2960 1601 3029 legunt.
1837 2960 2037 3016 unciali
2070 2961 2383 3015 charactere
2408 2957 2701 3027 descripto,
2734 2957 2824 3010 ubi
2858 2953 3224 3011 Octateucbus
3254 2963 3309 3010 et
3340 2954 3412 3008 li-

218 3057 266 3108 Δ
292 3056 349 3109 in
377 3055 444 3108 Λ.
462 3053 636 3125 Hujus
662 3053 1107 3111 commutationis
1140 3052 1451 3123 exemplum
1498 3051 1735 3107 vidimus
1836 3052 1922 3107 bri
1969 3052 2177 3123 Regum
2207 3052 2578 3113 centinentur,
2630 3049 2751 3104 duae
2793 3048 3024 3116 singulis
3072 3048 3128 3102 in
3167 3045 3325 3103 libris
3355 3048 3413 3102 in

147 3164 319 3219 supra
352 3167 367 3202 :
396 3160 655 3218 praeterea
679 3163 805 3202 vero
836 3147 1028 3217 psalm.
1057 3162 1189 3213 xxx,
1224 3145 1310 3210 16,
1330 3145 1395 3199 ad
1411 3158 1600 3198 vocem
1629 3142 1737 3198 He-
1761 3173 1809 3235 ο
1837 3143 2014 3213 capita
2034 3140 2330 3198 divisiones
2352 3140 2404 3194 in
2432 3138 2678 3210 margine
2705 3147 2986 3203 notantur,
3018 3154 3251 3209 quarum
3275 3153 3414 3194 una-

146 3242 399 3297 braicam
431 3251 596 3306 inm,
624 3239 769 3294 LXX
815 3239 1019 3294 habent
1055 3238 1106 3290 οἱ
1155 3236 1347 3308 κλῆροι
1385 3252 1510 3307 μου,
1568 3244 1733 3290 sortes

1854 3249 2070 3305 lusique
2101 3233 2261 3305 longe
2293 3231 2452 3302 plura
2494 3229 2672 3301 capita
2724 3228 2889 3283 habet
2920 3243 3084 3298 quam
3124 3228 3410 3284 hodierna.

151 3350 305 3399 mete,
331 3343 541 3388 mutato
562 3335 608 3387 Α
639 3334 696 3388 in
726 3334 770 3386 Λ
798 3348 812 3384 :
850 3346 977 3386 nam
1013 3330 1105 3384 illa
1134 3345 1239 3384 vox
1280 3327 1552 3399 signiﬁcat
1605 3344 1731 3382 και-

152 3429 239 3501 ροί
281 3444 409 3499 μου,
452 3437 685 3497 tempora
730 3442 865 3491 mea,
929 3432 989 3479 ut
1042 3422 1239 3494 reliqui
1296 3422 1619 3491 interpretes
1682 3428 1738 3475 et

152 3517 521 3592 Hieronymus
563 3528 869 3584 verterunt,
909 3524 964 3572 et
1012 3515 1148 3588 psal.
1197 3530 1361 3581 Lxxx,
1413 3512 1467 3579 3,
1503 3513 1569 3567 ad
1621 3512 1739 3568 haec

151 3615 323 3669 verba
349 3623 481 3678 D73:
503 3622 646 3677 τω,
694 3611 1056 3684 Symmachus
1101 3608 1265 3663 vertit
1306 3606 1477 3678 λύραν
1527 3605 1734 3677 ἡδεῖαν,

157 3707 333 3779 lyram
357 3706 584 3770 dulcem,
622 3705 712 3760 ubi
745 3704 952 3774 aliquot
974 3701 1329 3772 exemplaria,
1358 3707 1566 3754 mutato
1609 3697 1655 3751 Λ
1680 3697 1737 3751 in

154 3797 225 3863 Δ,
260 3792 461 3868 αὖραν,
492 3812 679 3849 auram
700 3794 922 3849 habent.

253 3890 298 3945 Ε
330 3891 386 3945 in
421 3888 463 3945 C
500 3887 705 3944 Psalm.
739 3903 960 3951 xxxvm,
1010 3885 1064 3949 3,
1117 3884 1170 3938 in
1217 3883 1469 3938 versione
1504 3879 1736 3950 Aquilae,

155 3986 332 4044 codex
367 4001 512 4040 unus
543 3984 707 4038 habet
730 3984 939 4052 σιωπῆς
994 3980 1152 4050 σιγῆς
1210 3976 1319 4030 ἀπὸ
1376 3973 1605 4044 ἀγαθοῦ,
1640 3988 1740 4044 pro

158 4079 594 4149 σιωπῇὲσὶγησα
616 4074 725 4128 ἀπὸ
746 4070 985 4141 ἀγαθοῦ,
1038 4070 1132 4125 ubi
1192 4067 1454 4123 Hebraica
1511 4067 1593 4122 sic
1645 4067 1743 4120 ha.

154 4172 291 4227 bent
314 4188 331 4224 :
354 4180 515 4229 2mm
540 4176 756 4229 vnum-in
782 4173 968 4225 rma-ri.
997 4162 1142 4219 Psal.
1182 4176 1366 4225 Lxm,
1395 4160 1448 4224 7,
1473 4158 1742 4215 Eusebius

157 4264 450 4322 lectionem
473 4258 787 4333 Symmachi
818 4257 898 4312 sic
917 4253 1069 4310 effert
1093 4273 1106 4308 :
1126 4253 1264 4325 ἀνὴρ
1289 4250 1463 4305 συνὼν
1484 4250 1543 4303 τὸ
1575 4249 1740 4304 πνεῦ-

162 4356 243 4428 μά
267 4373 394 4428 μου,
429 4369 529 4424 pro
547 4350 859 4424 ἀνηρεύνων
880 4348 939 4401 τὸ
976 4344 1194 4416 πνεῦμά
1226 4361 1348 4414 μου,
1373 4341 1744 4412 perscrutabar

160 4448 412 4518 spiritum
435 4459 628 4509 meum,
655 4438 1024 4507 ubilHebraica
1049 4435 1129 4490 sic
1152 4433 1381 4488 habent:
1397 4439 1518 4491 tn'n
1542 4436 1738 4491 mnu.

1837 3326 2169 3383 Discrimina
2202 3324 2395 3396 paucis
2425 3323 2633 3393 accipe.

1906 3418 1966 3473 ιιι
1989 3417 2186 3474 Genesi
2215 3416 2391 3488 prima
2417 3413 2613 3471 divisio
2641 3414 2696 3469 in
2729 3414 2915 3471 codice
2943 3412 3279 3470 Coisliniano
3312 3410 3417 3467 106

1839 3512 2016 3582 capita
2045 3510 2298 3577 exhibet;
2332 3506 2574 3565 secunda
2618 3506 2675 3561 in
2713 3507 2905 3563 eodem
2946 3507 3133 3563 codice
3181 3504 3272 3574 99,
3316 3506 3419 3560 hoe

1838 3603 2026 3659 dierna
2053 3602 2145 3658 50.

1908 3692 1967 3747 In
1997 3691 2185 3748 Exodo
2221 3691 2397 3763 prima
2434 3689 2631 3746 divisio
2660 3690 2715 3745 in
2759 3687 2985 3745 Coislin.
3010 3688 3080 3744 84
3118 3689 3294 3760 capita
3317 3690 3419 3746 ba-

1838 3788 1928 3843 bet
1953 3804 1967 3853 ;
1992 3785 2227 3841 secunda
2252 3785 2307 3838 in
2342 3784 2531 3840 eodem
2556 3783 2743 3839 codice
2771 3781 2895 3846 ito,
2927 3782 3191 3836 hodierna
3218 3782 3311 3843 40,.

1910 3879 1968 3933 In
2002 3878 2243 3933 Levitico
2278 3877 2453 3947 prima
2487 3877 2541 3931 in
2587 3875 2816 3932 Coislin.
2866 3875 2935 3929 54
2988 3874 3167 3943 capita
3216 3874 3420 3942 habet;

1840 3969 2079 4027 secunda
2106 3969 2162 4023 in
2194 3968 2314 4023 eod.
2346 3967 2534 4023 codice
2555 3967 2645 4032 Gl,
2677 3965 2940 4022 hodierna
2967 3963 3055 4016 27.

1920 4063 1981 4115 In
2010 4058 2264 4115 Numeris
2296 4059 2472 4128 prima
2500 4057 2552 4111 in
2575 4057 2804 4112 Coislin.
2849 4056 2919 4110 50
2944 4055 3153 4127 capita;
3186 4055 3423 4110 secunda

1842 4157 1897 4209 in
1922 4150 2148 4209 Coislin.
2181 4151 2272 4217 5t,
2300 4150 2562 4205 hodierna
2595 4148 2684 4203 36.

1914 4241 1972 4296 ιιι
2017 4239 2439 4296 Deuteronomio
2484 4238 2659 4307 prima
2699 4235 2753 4290 in
2797 4233 2967 4289 Coisl.
2994 4232 3064 4288 68
3090 4233 3301 4304 capita;
3331 4247 3420 4288 se-

1843 4334 2021 4391 cunda
2049 4334 2104 4388 in
2137 4331 2368 4387 Coislin.
2404 4330 2495 4396 9t,
2526 4328 2787 4383 hodierna
2811 4327 2901 4381 34.

1914 4426 1972 4481 In
2005 4426 2147 4480 libro
2173 4423 2341 4479 Josue
2376 4436 2483 4475 una
2509 4419 2746 4490 capitum
2780 4416 2977 4473 divisio
3009 4416 3335 4471 observatur
3358 4415 3423 4479 in

232 4538 276 4592 E
308 4538 362 4593 in
386 4536 450 4590 Θ.
480 4533 698 4605 Aquila,
731 4532 965 4603 Symm.,
998 4525 1297 4583 Theodotio
1322 4532 1375 4579 et
1402 4521 1664 4594 Septima,
1686 4521 1739 4575 in
1776 4520 1822 4581 D
1849 4518 2210 4583 Coisliniano,
2243 4525 2297 4570 et
2326 4516 2451 4584 quia
2480 4512 2618 4605 liber
2648 4511 2739 4605 hic
2763 4524 2959 4580 magna
2995 4508 3081 4565 sui
3110 4516 3263 4605 parte
3302 4521 3425 4561 mu-

160 4648 281 4689 mss
300 4632 505 4686 habent
532 4624 835 4699 Βηθσαϐὲθ,
852 4638 950 4695 pro
977 4616 1276 4692 Βηθσαὸέε,
1310 4617 1403 4671 ubi
1431 4617 1486 4670 in
1516 4614 1744 4671 Hebrai-

163 4740 235 4781 co
267 4725 465 4795 legitur
489 4731 754 4786 nam-na,
792 4717 928 4789 psal.
964 4733 1020 4779 ι.,
1050 4716 1102 4769 l.

230 4821 289 4875 Μ
313 4833 413 4888 pro
431 4818 500 4871 N.
519 4813 662 4869 LXX
685 4813 1008 4882 lnterpretes
1027 4819 1219 4881 quater
1238 4809 1442 4865 habent
1460 4805 1624 4877 ῶμων
1645 4818 1744 4873 pro

165 4912 328 4976 ὂνων,
360 4912 602 4964 humeros
655 4921 755 4977 pro
804 4905 993 4968 asinis,
1040 4901 1207 4957 Josue
1244 4916 1322 4965 ix,
1350 4900 1406 4964 4,
1436 4907 1491 4953 et
1528 4912 1619 4961 xv,
1654 4896 1743 4963 18,

164 5003 264 5059 ubi
304 5001 359 5054 in
394 4997 664 5054 Hebraico
696 4994 891 5065 legitur
917 5002 1110 5052 mm.

239 5093 446 5149 Praeter
471 5092 591 5147 illas
625 5096 806 5144 autem
829 5087 1195 5141 mutationum
1227 5094 1447 5147 causas,
1480 5078 1602 5133 aliae
1629 5092 1741 5131 non

169 5201 363 5259 paucae
389 5183 706 5239 acciderunt
729 5188 947 5249 propter
987 5174 1398 5232 similitudinem
1452 5170 1747 5226 verborum

170 5278 258 5336 vel
278 5277 422 5334 soni.
463 5274 555 5329 Sic
583 5272 706 5327 Job.
758 5285 950 5335 χχχιιι,
996 5267 1088 5328 2|.
1143 5267 1199 5321 in
1234 5262 1502 5318 Hebraico
1553 5260 1748 5331 legitur

166 5351 542 5453 μππ-τικηρὲ,
566 5366 623 5419 in
653 5377 928 5418 occursum
953 5366 1260 5421 armaturis,
1289 5353 1539 5423 Vulgata,
1577 5351 1631 5403 in
1659 5366 1747 5404 oc-

171 5444 387 5519 rursum
416 5444 675 5521 armatis;
704 5456 794 5521 A.,
827 5453 870 5509 Τ
878 5455 957 5519 Ιι.,
990 5454 1070 5515 εἰς
1116 5449 1434 5520 συνάντησιν
1481 5444 1666 5508 ὅπλου,
1693 5444 1750 5497 in

171 5569 452 5611 occursum
476 5550 600 5615 teli;
646 5547 819 5620 Sym.,
843 5548 923 5610 εἰς
967 5545 1273 5613 ἀπάντησιν
1325 5538 1747 5609 καταφράκτων,

172 5650 229 5702 in
260 5658 540 5700 occursum
568 5640 1081 5709 Cataphractorum;
1117 5634 1211 5689 ubi
1232 5631 1377 5687 LXX
1402 5632 1600 5687 habent
1627 5646 1752 5683 συν-

174 5738 349 5793 αντῶν
372 5733 603 5806 βασιλεῖ,
655 5746 931 5786 occurrens
976 5728 1107 5799 regi,
1132 5726 1413 5788 mendose,
1450 5736 1551 5793 pro
1585 5720 1749 5792 βέλει,

176 5831 306 5899 telo,
346 5844 416 5885 ex
446 5824 805 5884 similitudine
837 5820 959 5879 soni
987 5828 1041 5875 ει
1056 5815 1480 5875 terminationis.
1533 5811 1600 5869 Et
1619 5827 1752 5872 sane

1854 4611 1983 4665 tilus
2009 4619 2114 4676 est,
2145 4608 2221 4663 ibi
2265 4606 2331 4661 ad
2372 4611 2537 4674 caput
2566 4602 2839 4658 decimum
2873 4608 3130 4671 quartum
3161 4599 3426 4653 duntaxat

1848 4704 2184 4775 pervenitur,
2224 4698 2371 4771 quod
2408 4712 2534 4753 eum
2580 4709 2729 4750 nono
2774 4694 2950 4764 capite
2991 4692 3255 4749 hodierno
3287 4705 3424 4747 con-

1849 4797 2038 4853 currit.

1920 4888 1980 4939 In
2015 4885 2156 4940 libro
2183 4882 2436 4938 Iudicum
2464 4879 2615 4935 nulla
2646 4877 2887 4948 capitum
2918 4873 3200 4929 distinctio
3225 4887 3421 4929 occur-

1849 4980 1921 5034 rit
1951 4978 2004 5031 in
2036 4975 2388 5033 Coisliniano.
2406 4972 2528 5044 .Sed
2555 4970 2769 5043 quoties
2798 4965 3055 5022 Israelita:
3081 4965 3151 5019 ob
3176 4963 3429 5034 praevari-

1849 5068 2121 5125 cationem
2149 5067 2204 5120 in
2231 5066 2547 5122 servitutem
2583 5062 2924 5132 rediguntur,
2959 5057 3013 5112 in
3044 5056 3289 5128 margine
3324 5070 3425 5125 po-

1852 5162 2000 5216 nitur
2024 5176 2037 5212 :
2065 5156 2278 5213 δουλεὶα
2298 5163 2369 5221 α’,
2392 5155 2607 5211 δουλεία
2630 5153 2698 5218 6',
2724 5160 2831 5207 etc.
2858 5147 3120 5204 Similiter
3146 5147 3214 5202 ad
3242 5147 3425 5218 singu-

1852 5255 1937 5310 los
1977 5252 2189 5323 judiccs
2216 5250 2312 5322 qui
2343 5249 2772 5313 constituuntur,
2800 5243 3091 5299 adnotatur
3117 5238 3327 5313 Κριτής
3349 5244 3424 5306 α’,

1852 5343 2041 5417 κριτὴς
2073 5342 2137 5394 6'.

1925 5437 2091 5492 Libro
2131 5435 2309 5506 primo
2337 5431 2545 5503 Regum
2577 5428 2752 5499 prima
2774 5424 2969 5482 divisio
2996 5424 3052 5478 in
3086 5421 3315 5479 Coislin.
3342 5427 3429 5477 est

1853 5531 1923 5587 53
1951 5530 2228 5600 capitum;
2257 5524 2498 5582 secunda
2527 5523 2614 5587 73,
2644 5520 2906 5575 hodierna
2946 5516 3033 5571 3i.

1925 5623 2090 5679 Libro
2117 5619 2358 5676 secundo
2375 5617 2506 5687 Reg.
2541 5614 2791 5687 primalin
2816 5609 3042 5666 Coislin.
3067 5615 3152 5664 est
3180 5605 3250 5662 50
3271 5604 3429 5676 capi-

1855 5727 1970 5775 tum
1997 5733 2011 5783 ;
2043 5713 2279 5771 secunda
2309 5710 2401 5773 53,
2434 5707 2697 5763 hodierna
2743 5704 2833 5759 24.

1930 5806 1988 5863 lu
2036 5806 2176 5863 libro
2206 5801 2366 5859 tertio
2401 5798 2609 5871 Regum
2636 5796 2831 5853 divisio
2859 5796 2915 5850 in
2941 5791 3139 5865 capita,
3174 5788 3430 5861 perplexa
