3832 6214
420 324 493 381 79
1044 361 1057 367 ι
1768 307 2293 370 PRELIMINARIA

3621 306 3691 362 80

421 440 738 506 admodum,
774 438 910 495 liber
953 452 1152 507 magna
1195 437 1280 493 sui
1313 446 1467 507 parte
1506 432 1730 490 mutilus
1774 441 1878 498 est,
1917 431 1993 485 ita
2024 443 2068 498 Α
2096 420 2283 494 scripti
2312 430 2489 487 erant,
2526 422 2599 477 ita
2639 420 2787 477 utad
2814 419 3058 507 singulos
3085 435 3115 475 a
3138 419 3279 476 linea
3314 419 3685 493 inciperetur:

422 545 484 590 ut
505 534 668 589 etiam
700 542 844 589 tctus
874 531 1013 587 liber
1039 538 1269 600 quartus
1290 528 1646 584 desideretur.

492 625 734 682 Primam
755 627 806 679 in
833 625 1019 681 codice
1045 624 1383 679 Coisliniano
1404 621 1749 680 divisionem.
1775 633 1894 672 eam
1922 617 2000 671 di-

423 719 603 775 cimus
649 733 771 787 quae
823 732 947 772 cum
1000 715 1336 786 argumentis
1382 725 1484 777 est,
1513 712 1830 772 secundam,
1874 725 1996 763 eam

423 822 548 878 quae.
578 807 696 862 sine
724 807 1080 875 argumentis.
1118 804 1319 860 Verum
1350 805 1465 859 haec
1505 802 1680 858 fusius
1710 801 1765 855 in
1793 800 1997 855 Biblio-

427 896 582 953 theca
604 894 938 951 Coisliniana
970 895 1282 965 propediem
1315 893 1543 949 edenda.

496 1000 763 1056 Versiculi
793 1000 1045 1056 similiter
1072 1001 1231 1071 longe
1260 1000 1539 1056 breviores
1564 999 1692 1055 olim
1719 1007 1875 1053 erant
1898 998 1998 1053 ho-

426 1093 654 1157 diernis,
686 1101 747 1147 ut
777 1093 1027 1162 plurimis
1062 1094 1199 1148 locis
1226 1108 1291 1147 ac
1338 1091 1601 1161 exemplis
1644 1090 1998 1161 probavimus

425 1186 483 1240 in
514 1183 917 1256 Palaeograpltia
947 1185 1152 1252 erca,
1182 1194 1237 1240 et
1262 1183 1404 1239 inira
1439 1185 1492 1238 in
1528 1183 1672 1238 notis
1700 1183 1768 1237 ad
1796 1183 1996 1237 librum

425 1275 527 1332 Job
549 1279 776 1348 passim.
812 1276 916 1332 Sed
941 1277 1067 1348 quia
1100 1278 1153 1330 in
1188 1291 1251 1332 ea
1281 1291 1340 1331 re
1366 1276 1469 1331 viri
1499 1275 1663 1330 etiam
1694 1274 1838 1330 docti
1862 1274 1997 1344 lapsi

428 1378 578 1432 sunt,
605 1370 709 1425 rati
739 1371 1038 1426 versiculos
1079 1370 1211 1425 olim
1239 1369 1515 1425 hodiernis
1540 1368 1777 1438 aequales
1806 1366 1995 1434 fuisse,

425 1462 652 1517 unicum
687 1463 777 1517 hic
818 1461 1040 1518 aﬂ'eram
1086 1462 1397 1533 exemplum
1430 1476 1498 1516 ex
1542 1461 1681 1516 libro
1711 1457 1834 1524 Job,
1872 1472 1994 1529 cap.

425 1567 543 1615 ut.
577 1569 631 1608 ν.
661 1553 753 1619 28,
798 1554 890 1608 ubi
927 1554 1184 1609 tredecim
1217 1553 1495 1617 versiculi,
1527 1552 1826 1608 secundum
1856 1552 1998 1606 anti—

428 1661 596 1716 quum
656 1663 861 1702 morem
921 1647 1240 1717 computati,
1301 1662 1395 1702 sex
1456 1646 1748 1702 hodiernos
1805 1660 1998 1701 versus

425 1737 682 1793 etliciunt.
716 1736 997 1793 Tredecim
1048 1747 1230 1793 autem
1265 1738 1543 1801 versiculi,
1580 1738 1771 1808 στίχοι,
1808 1737 1889 1793 sic
1942 1738 1997 1791 in

427 1829 753 1898 quibusdam
805 1843 937 1884 mss.
990 1830 1238 1885 omnium
1288 1829 1678 1885 vetustissimis
1729 1830 2001 1903 στιχηρῶς

2168 514 2290 567 Ὅτι
2313 513 2509 584 ὲρςίτε·
2536 511 2646 565 Ποῦ
2679 513 2826 584 ἐστιν
2857 506 3003 584 οῖζος
3029 511 3306 584 ἄρχοντοςν

2142 584 2279 666 ,Καὶ
2311 580 2416 636 θεοῦ
2446 586 2593 635 ἐστιν
2617 584 2649 653 ή
2684 580 2859 651 σκέπη
2887 580 2994 634 τῶν
3025 580 3394 651 σκηνωμάτων
3417 581 3527 636 τῶν
3551 583 3686 635 ἀσε-

2099 654 2520 794 6ωγιέρωτῄσ’έιντε
2554 721 3104 794 παραπσρευσμένους
3125 721 3268 794 Δὁδὸν,

2170 790 2282 846 καὶ
2313 790 2383 865 τᾷ
2414 794 2616 865 σημεῖα
2640 790 2832 865 ἀὐτῶν
2850 790 2950 865 0-92
2978 790 3449 865 ἁπαλλστριιῖηιςέςε
3468 809 3483 823 '

2169 865 2314 940 :Q‘:t_
2335 863 2416 940 εἰς
2447 862 2668 940 ἡμέραν
2696 862 2970 940 ἀταυὶεέσξς
3009 862 3326 940 Ὧᾳᾷζεται
3361 870 3390 921 ὁ
3421 866 3684 940 πονηρὸς,

2169 934 2264 997 Εἰς
2291 933 2505 1057 ἱμέραν
2537 932 2707 1005 ὀργῆς
2738 936 2901 989 αὑτοῦ
2930 932 3357 1023 ἁπαχοησονται.

2169 1004 2265 1057 Τίς
2336 1004 2590 1057 ναντὲλεί
2630 1007 2723 1057 ἐπὶ
2765 1007 3055 1057 πρόσωπον
3087 1006 3253 1057 αυτοῦ
3286 1006 3357 1057 τὴ

2164 1004 2265 1085 Τίς
2298 1004 2590 1075 ἀναγγελεῖ
2630 1007 2723 1059 ἐπὶ
2765 1004 3058 1078 πρόσωπον
3072 1004 3253 1061 αὑτοῦ
3286 1006 3382 1079 τὴν
3422 1006 3542 1062 ὁδὸν
3582 1008 3687 1063 αὐ-

2099 1091 2279 1198 τοὶιῗαὶ
2298 1145 2334 1217 ἃ
2360 1145 2799 1217 «urbest-solque;

2168 1216 2265 1288 Ti;
2295 1215 2662 1270 ἀνταποδώσει
2692 1215 2872 1288 corp;
2898 1216 2992 1270 καὶ
3021 1216 3183 1280 αὐτὸς
3206 1218 3285 1281 εις
3313 1217 3515 1287 τάφους
3545 1219 3689 1288 amr

2098 1283 2288 1428 νέξὲἓί
2315 1354 2478 1428 αὐτὸς
2503 1355 2597 1409 ἐπὶ
2628 1355 2819 1425 σωρῶν
2845 1356 3217 1428 ἠγρύπνησεν.

2181 1425 2621 1500 ξβγλνκᾴνθησαν
2637 1428 2806 1500 Μαύτῷ
2834 1425 3055 1500 χάλικες
3075 1425 3395 1500 χειμάρρῳ,

2167 1496 2278 1570 Καὶ
2311 1497 2488 1570 animo
2522 1496 2670 1570 αὑτῷ
2694 1496 2805 1570 πᾶς
2836 1496 3122 1570 direptione;
3150 1496 3535 1562 ἀπελεύσεται,

2170 1568 2281 1620 Καὶ
2308 1566 2617 1639 ἔμπροσθεν
2644 1566 2809 1622 αὐτοῦ
2840 1566 3220 1640 ἀναρίθμητοι.

2170 1658 2367 1715 Moneo
2393 1669 2574 1715 autem
2603 1660 2655 1714 in
2685 1660 2790 1717 line
2816 1660 3035 1716 Catena:
3064 1660 3116 1715 in
3139 1658 3242 1715 Job
3270 1663 3325 1714 tn
3351 1659 3545 1729 Anglia
3572 1659 3682 1714 edi-

2107 1757 2194 1817 ιω,
2230 1750 2418 1807 haberi
2450 1761 2623 1808 totum
2652 1752 2849 1807 librum
2883 1751 2986 1807 Job
3014 1752 3287 1825 στιχηρῶς
3313 1753 3577 1823 scriptum
3613 1751 3680 1806 ad

2108 1841 2269 1899 ﬁdem
2303 1846 2503 1902 veteris
2532 1845 2816 1917 cujusdam
2847 1846 3071 1902 codicis.

1510 2046 1894 2139 CAPUT
1964 2055 2575 2160 QUINTUM.

1629 2201 1717 2261 De
1761 2202 2014 2282 Aquila)
2044 2204 2466 2269 editionibus.

429 2296 468 2348 Ι.
490 2296 927 2373 ῥᾳιιιίιρριὶξῐοτῇξι.
953 2297 1014 2348 ll.
1043 2299 1226 2373 Aquila
1253 2299 1375 2373 duas
1408 2299 1849 2373 interpretationes
1874 2304 2046 2354 edidit.
2072 2305 2168 2373 Ill._
2187 2306 2307 2357 Utra
2333 2321 2395 2373 ex
2423 2309 2613 2373 duabus
2636 2310 2687 2358 in
2715 2309 2959 2373 Hexaplis
2990 2313 3148 2373 posita
3191 2313 3359 2364 fuerit.
3398 2313 3480 2365 ιν.
3507 2316 3585 2365 An
3616 2317 3679 2367 de

488 2359 1171 2438 inﬁtiaris:nqiiilapqutedam
1197 2359 1611 2438 §;c‘riptur§e_loca
1638 2361 1691 2438 in
1724 2366 2105 2438 aliumhsensum
2139 2368 2426 2438 detorserit.
2465 2371 2517 2419 V.
2560 2359 3417 2438 lirpendunturilocawubi—Kquila,
3437 2359 3585 2438 quasi
3618 2359 3678 2427 Si

489 2420 846 2498 Ebristianisnmi‘
862 2420 1025 2498 odium
1048 2422 1178 2498 mitte
1202 2420 1575 2498 interpretatus,
1600 2426 2018 2498 reprehenditur.
2042 2429 2123 2498 Vl.
2150 2431 2397 2498 Quaeritur
2417 2438 2578 2482 utrum
2601 2420 2781 2495 Aquila
2804 2432 2936 2483 idem
2952 2420 3156 2498 sit—qui
3167 2420 3416 2498 obibit};
3437 2420 3678 2488 Siiii'niii

489 2482 735 2545 Thargum
757 2483 936 2535 Onkeli
962 2484 1148 2545 aliquid
1170 2482 1421 2533 afﬁnitatis
1442 2485 1622 2535 habeat
1644 2482 1755 2535 eum
1780 2482 2194 2552 interpretatione
2217 2492 2426 2555 Aquilae.

934 2666 973 2721 Ι.
1013 2668 1216 2739 Aquila:
1245 2668 1489 2724 historia.

501 2760 750 2829 Aquilam
801 2760 878 2815 ait
930 2759 1268 2830 Epiphanius
1309 2762 1478 2818 fuisse
1527 2764 1870 2839 πενθερίδην.
1902 2768 2006 2822 hoc

432 2863 519 2909 est
550 2851 782 2917 omnem,
813 2850 916 2915 vel,
958 2861 1019 2905 ut
1063 2852 1154 2906 alii
1195 2863 1430 2918 vertunt,
1474 2870 1750 2924 socerum,
1794 2868 1888 2913 aut
1923 2875 2008 2914 so-

435 2943 547 3000 ceri
579 2957 838 2998 socrusve
879 2940 1049 2996 ﬁlium
1094 2942 1438 3011 imperatoris
1480 2944 1745 3000 Adriani:
1780 2946 2007 3002 Chroni—

433 3052 534 3092 con
562 3051 691 3091 vero
729 3033 986 3090 Paschale
1025 3036 1285 3108 πενθερὸν
1316 3036 1428 3091 sive
1468 3053 1717 3093 socerum
1759 3040 1913 3095 dicit.
1950 3039 2005 3095 ld

434 3137 639 3192 autem,
673 3135 732 3182 ut
778 3127 936 3195 plane
980 3125 1307 3191 fabulosum,
1352 3143 1384 3182 a
1426 3127 1557 3183 viris
1600 3130 1775 3185 doctis
1814 3134 2007 3186 merito

435 3221 733 3291 respuitur.
778 3217 950 3274 Paulo
981 3219 1224 3272 melioris
1262 3229 1403 3273 notae
1443 3219 1693 3274 videntur
1725 3220 1830 3276 alia
1859 3238 2009 3290 quac-

437 3313 587 3376 dam,
615 3327 737 3380 quae
778 3311 845 3365 de
893 3308 1085 3380 Aquila
1119 3310 1281 3364 tradit
1322 3310 1700 3381 Epiphanius:
1733 3321 1789 3366 at
1817 3311 1862 3367 si
1899 3329 2007 3383 qua

440 3404 654 3460 sincera
702 3401 831 3465 sint,
881 3416 948 3456 ex
996 3400 1127 3469 ipsis
1173 3396 1422 3470 Origenis
1467 3401 1684 3470 scriptis
1720 3401 2007 3471 desumpta

437 3504 732 3565 putantur;
777 3507 925 3555 nam,
974 3502 1034 3545 ut
1074 3491 1186 3562 jam
1233 3492 1494 3558 diximus,
1540 3490 1804 3564 Origenes
1850 3495 2007 3549 initio

436 3586 773 3658 singularum
807 3584 1118 3639 versionum
1153 3583 1221 3637 de
1261 3582 1495 3638 Historia
1525 3585 1792 3654 cujusque
1840 3586 2011 3640 inter-

435 3680 606 3751 pretis
637 3677 885 3749 quaedam
921 3677 975 3730 in
1014 3675 1270 3747 Hexaplis
1315 3687 1589 3746 posuerat.
1633 3676 1833 3732 Verum
1867 3678 2010 3733 inter

436 3772 527 3828 illa
577 3768 864 3841 Epiphanii
903 3768 1068 3832 dicta,
1116 3784 1226 3823 non
1268 3769 1466 3823 desunt
1502 3784 1625 3836 qute
1667 3769 1844 3826 doctis
1876 3770 2010 3826 viris

437 3875 690 3934 suspecta
724 3860 1034 3925 videantur,
1065 3870 1124 3914 ut
1155 3860 1405 3930 pluribus
1431 3860 1642 3926 dicitur,
1669 3861 1830 3915 infra.

506 3954 700 4024 Aquila
733 3954 919 4026 igitur,
950 3953 1027 4008 ait
1079 3953 1189 4021 ille,
1237 3968 1358 4007 cum
1412 3950 1766 4025 Jerosolymis
1804 3963 2004 4024 ageret,

2032 2683 2075 2738 B
2106 2687 2300 2746 praeter
2335 2676 2476 2733 LXX
2506 2678 2860 2749 lnterpretum
2889 2690 3123 2736 mentem
3162 2682 3226 2736 ad
3256 2682 3422 2736 alium
3450 2697 3673 2738 sensum

2105 2770 2475 2841 detorqueret,
2512 2788 2577 2827 ac
2630 2774 2941 2829 testimonia
2986 2775 3054 2829 de
3099 2775 3319 2830 Christo
3368 2776 3425 2830 in
3475 2775 3679 2830 divinis

2108 2861 2404 2933 Scripturis
2450 2879 2731 2934 expressa,
2763 2866 2867 2920 alio
2896 2864 3221 2933 deﬂecteret,
3261 2867 3679 2937 ignominiaque

2105 2970 2220 3010 suae
2272 2956 2567 3011 absurdam
2610 2957 2917 3027 apologiam
2967 2965 3205 3025 pararet.
3252 2958 3378 3013 Htec
3424 2974 3491 3013 ex
3549 2957 3679 3030 Epi-

2107 3046 2330 3116 phanio.
2385 3045 2579 3102 Utrum
2620 3058 2799 3103 autem
2842 3049 3039 3119 Aquila
3066 3050 3185 3104 loca
3219 3048 3515 3119 Scripturas
3556 3067 3680 3119 qua:

2106 3137 2381 3194 Christum
2410 3140 2866 3209 praenuntiabant,
2899 3141 2967 3195 de
2997 3141 3264 3196 industria
3304 3141 3412 3197 alio
3444 3142 3681 3198 diverte—

2109 3230 2200 3293 rit,
2231 3245 2358 3284 mox
2387 3229 2778 3300 disquiremus.

2179 3320 2336 3388 Quod
2368 3322 2444 3377 ait
2473 3322 2848 3392 Epiphanius,
2895 3322 3147 3393 Aquilam
3182 3322 3405 3377 Adriani
3438 3333 3680 3394 tempore

2109 3412 2446 3481 Seripturam
2494 3427 2709 3468 sacram
2760 3412 3173 3483 interpretatum
3224 3429 3379 3480 esse,
3428 3429 3492 3468 ex
3544 3414 3680 3484 ipsis

2106 3502 2357 3574 Origenis
2404 3503 2623 3574 scriptis
2652 3513 2932 3559 mutuatus
2964 3505 3223 3559 creditur.
3265 3504 3485 3559 Certum
3531 3504 3678 3557 enim

2107 3591 2321 3646 videtur
2347 3588 2635 3662 Origenem
2665 3592 2717 3645 in
2744 3590 2998 3662 Hexaplis
3032 3593 3148 3647 suis
3192 3591 3528 3663 singularum
3558 3589 3680 3643 edi-

2107 3683 2317 3737 tionum
2346 3683 2565 3738 brevem
2596 3683 2882 3738 historiam
2910 3689 3177 3754 posuisse,
3207 3693 3268 3738 ut
3291 3700 3359 3738 ex
3388 3684 3472 3738 bis
3506 3681 3683 3737 Euse—

2110 3772 2183 3827 bii
2216 3773 2396 3828 verbis
2423 3772 2701 3844 arguitur,
2736 3774 2831 3844 qui
2861 3773 3008 3829 Eccl.
3044 3775 3168 3830 In'st.
3201 3775 3296 3829 lib.
3324 3790 3401 3841 γι,
3436 3789 3556 3844 cap.
3588 3773 3678 3840 t6,

2109 3862 2185 3918 De
2214 3862 2413 3930 Quinta
2440 3906 2458 3931 ,
2510 3863 2673 3918 Sexta
2702 3874 2755 3919 et
2789 3862 3029 3936 Septima
3062 3865 3394 3920 editionibus
3426 3866 3679 3935 loquens,

2111 3955 2226 4009 haec
2254 3955 2417 4010 habet
2440 3972 2455 4009 :
2504 3955 2618 4025 Ἐφ’
2638 3947 2713 4009 ὧν
2737 3954 2824 4008 διὰ
2847 3954 2944 4026 τὴν
2965 3955 3287 4027 ἀδηλότητα,
3303 3956 3444 4018 τίνος
3465 3951 3553 4028 ἆρ’
3570 3951 3681 4008 εἷεν

436 4046 811 4105 restaurandae
838 4043 1068 4099 urbi-ab
1106 4046 1435 4114 imperatore
1468 4045 1706 4099 Adriano
1746 4044 2006 4114 praeposi-

2121 4045 2204 4098 ὡκ
2235 4044 2410 4110 εἰδὼς,
2439 4044 2570 4098 αὐτὸ
2606 4046 2779 4116 τούτῳ
2814 4046 2973 4117 μόνον
3009 4047 3431 4119 ἐπεσημήνατο,
3472 4045 3547 4107 ὡς
3572 4044 3681 4116 ἄρα

440 4151 562 4209 tus;
595 4151 756 4210 atque
798 4138 1170 4210 apostolorum
1221 4136 1538 4205 discipulos,
1586 4152 1759 4206 nuper
1795 4136 2011 4193 Jeroso—

439 4235 638 4305 lymam
685 4230 832 4287 Pella
868 4245 1135 4292 reversos,
1175 4228 1281 4283 ﬁde
1331 4227 1585 4283 ﬂorentes
1633 4230 2011 4300 mirabiliaque

439 4333 721 4398 patrantes
765 4331 1034 4387 cerneret,
1068 4328 1430 4390 compunctus
1479 4319 1641 4374 corde
1687 4320 2011 4375 Christiani-

441 4432 621 4473 smum
662 4414 943 4484 amplexus
969 4420 1052 4467 est
1074 4431 1087 4465 :
1112 4412 1404 4481 elapsoque
1433 4422 1674 4480 tempore
1699 4412 1903 4468 Christi
1933 4412 2011 4466 si-

440 4508 628 4579 gillum
676 4504 832 4575 petiit
878 4513 932 4557 et
976 4502 1323 4570 impetravit:
1378 4517 1554 4571 neque
1604 4510 1780 4555 tamen
1832 4515 2013 4556 mores

439 4597 702 4670 pristinos
731 4594 978 4649 mutavit.
1009 4591 1296 4646 Enimvero
1326 4608 1448 4647 cum
1486 4593 1542 4646 in
1580 4608 1720 4647 vana
1763 4605 2015 4649 astrono-

442 4690 566 4744 mia:
597 4698 734 4753 arte,
765 4702 929 4757 quam
957 4685 1429 4755 Apotelesmaticen
1478 4687 1767 4750 vocabant,
1799 4686 2015 4742 institu-

442 4788 533 4835 tus
561 4786 726 4842 esset,
761 4777 1088 4847 solitamque
1117 4776 1167 4831 ei
1216 4791 1434 4845 operam
1466 4776 1654 4843 daret;
1687 4777 2017 4846 increpanti-

440 4873 546 4928 bus
573 4870 874 4941 magistris,
905 4884 970 4925 ac
999 4884 1113 4923 rem
1157 4877 1216 4923 ut
1247 4866 1562 4923 Christiano
1582 4869 1702 4924 viro
1737 4868 2014 4939 indignam

440 4964 795 5021 vetantibus:
828 4962 929 5017 ille-
951 4968 1140 5016 contra
1180 4960 1535 5030 pervicaciter
1573 4974 1906 5030 repugnans,
1950 4961 2019 5016 de

440 5057 555 5116 fato
585 5055 891 5115 disserendi
912 5054 1259 5127 genesimque
1281 5067 1435 5108 suam
1459 5053 1782 5109 observandi
1809 5053 2018 5108 nullum

440 5154 605 5209 ﬁnem
638 5150 891 5207 faciebat.
919 5146 1281 5215 Quamobrem
1327 5145 1396 5201 ab
1426 5145 1515 5209 iis,
1563 5154 1750 5215 utpote
1784 5145 2017 5200 salutem

443 5257 725 5314 nunquam
756 5248 1178 5303 consecuturus,
1207 5236 1450 5292 Ecclesia
1478 5236 1715 5307 pellitur.
1743 5234 1836 5291 llle
1857 5236 2018 5306 quasi

442 5334 744 5405 ignominia
790 5331 1040 5397 allectus,
1080 5346 1218 5385 vana
1248 5330 1446 5385 ductus
1477 5329 1825 5393 verecundia,
1856 5327 2019 5383 Chri-

2106 4136 2203 4207 τὴν
2231 4136 2328 4206 μὲν
2360 4135 2507 4208 εὖροι
2536 4140 2594 4190 ἐν
2630 4139 2696 4209 τῇ
2727 4137 2864 4208 πρὸς
2890 4138 3109 4192 Ἀκτισν
3137 4138 3459 4204 Νικοπόλει,
3493 4138 3594 4209 τὴν
3623 4135 3681 4192 δὲ

2108 4232 2165 4283 ὲν
2191 4230 2360 4302 ἑτέρῳ
2384 4230 2531 4300 τόπῳ
2556 4228 2761 4300 τοιῷδε.
2798 4230 2894 4282 Ἔν
2918 4247 2982 4300 γε
3003 4230 3102 4300 μὲν
3118 4234 3229 4294 τοῖς
3271 4230 3551 4296 Ἐξαπλοῖς
3571 4228 3683 4282 τῶν

2107 4322 2351 4394 Ψαλμῶν
2382 4324 2519 4394 μετὰ
2546 4323 2645 4386 τὰς
2675 4324 2984 4394 ἐπισήμους
3022 4323 3294 4394 τέσσαρας
3330 4322 3589 4386 ἐκδόσεις,
3620 4323 3681 4377 οὐ

2113 4418 2271 4489 μόνον
2295 4417 2578 4488 Πέμπτην,
2610 4415 2745 4470 ἀλλὰ
2774 4416 2867 4470 καὶ
2909 4416 3112 4488 ’Έκτην
3140 4417 3235 4469 καὶ
3278 4415 3542 4487 Ἐϐδόμην
3580 4431 3690 4470 πα-

2113 4506 2297 4578 ραθεὶς
2320 4508 2636 4578 ἑρμηνείαν,
2667 4508 2759 4560 ἐπὶ
2784 4509 2911 4579 μιᾶς
2936 4502 3092 4571 αὖθις
3122 4506 3503 4579 σεσημείωται,
3534 4506 3690 4571 ὠςὲν

2124 4601 2336 4672 Ἱεριχοῖ
2365 4599 2673 4671 εὑρημένης
2693 4601 2750 4653 ἐν
2783 4598 2926 4669 πίθῳ
2969 4598 3111 4653 κατὰ
3141 4600 3265 4662 τοὺς
3297 4599 3521 4670 χρόνους
3573 4599 3695 4655 Ἀν-

2111 4688 2333 4742 τωνινου
2356 4688 2450 4740 τοῦ
2480 4686 2597 4741 υἱοῦ
2626 4687 2888 4758 Σεϐήρου.
2926 4686 2980 4739 l.l
3012 4695 3095 4741 est
3124 4705 3138 4741 :
3180 4684 3250 4738 Et
3273 4702 3391 4739 cum
3416 4686 3689 4753 ignoraret

2113 4781 2393 4849 cujusnam
2423 4787 2624 4845 essent,
2677 4779 2732 4831 id
2778 4778 2950 4833 solum
2994 4778 3340 4848 signiﬁcavit,
3373 4794 3427 4831 se
3458 4776 3691 4829 alterum

2113 4871 2322 4942 quidem
2363 4871 2611 4941 reperisse
2643 4869 2891 4939 Nicopoli
2929 4871 2998 4923 ad
3032 4871 3263 4934 Actium,
3296 4869 3522 4922 alteram
3566 4883 3693 4921 vero

2115 4959 2171 5011 in
2211 4957 2322 5011 alio
2364 4957 2639 5027 designato
2662 4957 2799 5011 loco.
2846 4956 3037 5028 Utique
3070 4960 3127 5012 in
3159 4956 3413 5027 llexaplis
3436 4955 3693 5010 Ρεαιιπο-

2116 5064 2235 5102 rum
2282 5058 2398 5114 post
2432 5050 2667 5118 insignes
2705 5048 2827 5103 illas
2874 5060 3104 5120 quatuor
3140 5050 3426 5114 editiones,
3463 5049 3552 5101 ubi
3587 5064 3695 5103 non

2116 5141 2290 5195 solum
2319 5141 2594 5208 Quintam,
2622 5141 2713 5197 sed
2738 5142 2897 5194 etiam
2931 5139 3146 5195 Sextum
3177 5150 3226 5195 et
3261 5139 3549 5210 Septimum
3577 5138 3698 5195 edi—

2121 5236 2312 5288 tionem
2354 5234 2597 5304 apposuit
2617 5274 2631 5299 ,
2661 5232 2731 5287 ad
2769 5249 2930 5286 unam
2958 5249 3143 5286 rursus
3169 5232 3474 5295 adnotavit,
3509 5231 3697 5285 inven-

2115 5331 2231 5379 tam
2260 5326 2414 5379 illam
2453 5325 2615 5394 [κίε-ε
2648 5322 2991 5379 Hiericltunte
3039 5324 3096 5377 in
3135 5323 3313 5387 dolio,
3364 5321 3699 5391 temporibus

443 5383 788 5484 stianismum
813 5383 1103 5496 ejurat,yad
1128 5423 1453 5495 Judaosque
1475 5422 1754 5477 declinans
1780 5421 2016 5476 circum-
2047 5383 2093 5440 Β
2121 5419 2375 5476 Antonini
2404 5383 2506 5489 ﬁlii
2534 5415 2726 5474 Severi.
2794 5413 2919 5472 Haec
2948 5416 3248 5478 Eusebius,
3288 5414 3381 5484 qui
3413 5414 3529 5483 ipsa
3561 5411 3697 5468 Ori-

443 5519 667 5575 ciditur.
710 5518 850 5574 Tum
879 5519 1186 5573 vehementi
1235 5518 1417 5572 studio
1446 5515 1704 5585 percitus,
1738 5512 2016 5569 chraicae

443 5614 643 5685 linguae
684 5612 1024 5669 addiscendaa
1067 5622 1240 5667 totum
1274 5626 1333 5666 se
1382 5609 1617 5676 dedidit;
1647 5611 1802 5678 cujus
1841 5607 2018 5677 perfe-

446 5717 590 5764 ctam
622 5708 851 5777 adeptus
874 5706 1146 5767 notitiam,
1183 5702 1685 5772 interpretationem
1728 5716 1793 5755 ex
1821 5698 2019 5755 aﬂectu

446 5816 548 5859 suo
574 5800 952 5867 concinnavit;
1001 5799 1076 5854 ita
1125 5807 1185 5854 ut
1231 5796 1479 5868 quaedam
1534 5794 1829 5864 Scripturae
1872 5792 2016 5848 dicta

2122 5515 2276 5585 genis
2341 5511 2577 5583 Hexapla
2620 5511 2908 5565 tractabat.
2975 5508 3126 5564 Unde
3165 5507 3366 5562 inferas
3400 5503 3699 5574 Origenem

2122 5607 2177 5661 in
2230 5605 2484 5675 Hexaplis
2523 5603 2859 5673 singulorum
2897 5603 3250 5671 interpretum
3280 5608 3334 5654 et
3365 5598 3703 5667 interpreta-

2125 5698 2335 5752 tionum
2382 5697 2599 5751 brevem
2647 5696 2931 5750 historiam
2986 5693 3257 5759 texuisse,
3309 5688 3401 5745 ubi
3440 5699 3553 5742 tum
3590 5687 3702 5743 alia

2128 5789 2374 5860 quaedam
2428 5787 2495 5843 ad
2545 5785 2788 5858 singulas
2852 5783 3219 5857 pertinentia,
3293 5789 3408 5835 tum
3458 5779 3704 5835 maxime
