3832 6214
183 274 247 332 ει
1418 275 1485 332 IN
1524 242 1853 333 uexari».
1888 269 2233 328 ORlGENIS.

3367 272 3443 328 8!

175 391 610 462 uniuscujusque
651 364 866 464 tempus
899 396 1197 451 adnotavit.
1230 395 1368 451 Hinc
1398 405 1578 451 autem
1617 397 1752 450 hau-
1785 398 1832 457 Α
1865 395 1972 446 tam
1997 402 2103 458 nrt,
2132 401 2318 445 notam
2343 388 2633 445 accusativi
2662 403 2847 453 casus,
2881 387 3208 458 praeteriisse
3230 387 3439 443 ridere-

173 483 318 537 sisse
346 484 620 551 putandus
663 494 748 540 est
790 484 1127 555 Epiphanius
1163 488 1212 541 id
1247 488 1393 557 quod
1428 490 1536 555 ait,
1583 490 1754 558 Aqui-

174 571 281 629 lam
333 590 530 645 nempe
568 578 671 632 sub
710 578 950 633 Adriano
983 580 1312 648 imperatore
1348 582 1752 650 interpretatio-

173 678 300 720 nem
333 668 633 724 adornasse
683 686 838 725 suam
882 689 894 725 :
928 673 1071 741 quod
1104 673 1267 727 etiam
1304 675 1616 727 confirmari
1651 689 1751 742 po-

174 766 281 813 test
325 774 391 814 ex
434 757 637 815 Justini
667 763 1016 828 testimonio,
1049 764 1142 833 qui
1172 764 1248 819 ait
1290 763 1343 818 in
1380 764 1602 835 Dialogo
1633 781 1753 819 cum

175 848 455 921 Tryphon:
484 866 503 904 :
546 852 701 906 Ἐπεὶ
735 853 793 907 δὲ
830 855 988 924 ὑμεῖς
1016 855 1111 908 καὶ
1146 857 1197 909 οἱ
1244 856 1556 911 διδάσκαλοι
1596 856 1753 929 ὑμῶν

167 941 408 1011 τολμᾶτε
446 942 625 1011 λέγειν
649 944 783 1014 μηδὲ
823 947 1074 1017 εἰρῆσθαι
1107 950 1163 1001 ὲν
1194 950 1260 1019 τῇ
1305 950 1609 1020 προφητείᾳ
1658 948 1749 1002 τοῦ

181 1029 408 1084 Ἡσαΐου
427 1047 442 1061 ⁸
483 1030 630 1085 Ἰδοὺ
662 1034 702 1101 ἠ
734 1034 1023 1102 παρθένος
1046 1036 1110 1089 ἐν
1142 1039 1353 1107 γαστρὶ
1378 1037 1500 1102 ἕξει
1539 1039 1637 1091 καὶ
1658 1038 1753 1092 τέ-

172 1119 336 1185 ξεται
362 1122 521 1185 υἱόν,
548 1123 663 1177 ἀλλ’
692 1125 837 1179 Ἰδοὺ
865 1126 902 1194 ἡ
931 1128 1136 1193 νεανὶς
1160 1129 1230 1181 ὲν
1254 1131 1466 1198 γαστρὶ
1490 1130 1753 1200 λήψεται

170 1214 271 1270 stat
297 1213 535 1279 τέξεται
563 1216 715 1270 υἱόν.
754 1215 808 1270 ld
840 1227 920 1271 est
952 1237 968 1273 :
1003 1217 1438 1291 Quandoquidem
1463 1238 1550 1276 vos
1579 1232 1627 1276 et
1654 1224 1752 1277 do-

169 1316 341 1361 ctores
387 1307 549 1360 vestri
580 1308 754 1360 dicere
785 1309 998 1363 audetis
1026 1327 1130 1364 non
1171 1312 1371 1365 dictum
1405 1330 1515 1368 esse
1544 1315 1597 1368 in
1628 1332 1752 1384 pro-

170 1398 349 1468 phetia
382 1397 600 1452 Hesaite
624 1413 644 1452 :
678 1396 814 1452 Ecce
847 1401 998 1469 virgo
1030 1401 1085 1453 in
1114 1410 1264 1455 utero
1295 1403 1541 1467 habebit,
1577 1415 1626 1459 et
1655 1422 1753 1476 pa-

170 1491 277 1544 riet
304 1490 520 1556 lilium;
554 1490 675 1556 sed,
707 1489 845 1547 Ecce
876 1492 1280 1548 adulescentula
1323 1496 1375 1549 in
1410 1507 1563 1552 utero
1604 1499 1749 1554 acci-

169 1582 312 1652 piet,
367 1590 424 1636 et
472 1582 647 1651 pariet
688 1583 881 1638 lilium.
938 1582 1040 1638 Ubi
1086 1585 1236 1651 illud,
1290 1587 1417 1642 ίδοὺ
1446 1590 1485 1657 ἠ
1522 1591 1746 1657 νεανὶς,

167 1682 297 1735 etc.,
325 1690 396 1728 ex
426 1674 639 1743 Aquilae
667 1674 1109 1744 interpretatione
1141 1690 1411 1749 sumptum
1440 1691 1527 1737 est
1556 1701 1568 1736 :
1607 1684 1749 1738 unde

1861 494 1967 545 tur,
2003 497 2102 552 pro
2132 481 2222 536 illa
2250 482 2347 534 σὺν
2380 481 2593 550 posuit,
2623 480 2752 551 quia
2777 490 2859 541 me
2889 480 2943 535 in
2976 479 3254 535 nonnullis
3277 479 3435 546 locis,

1858 576 1955 630 σὺν
1980 574 2065 629 vel
2100 574 2238 645 μετὰ
2263 613 2278 639 ,
2313 574 2365 629 id
2395 582 2479 629 est
2497 589 2615 627 cum
2639 614 2656 640 ,
2688 573 2976 643 signiﬁcat.
3015 571 3180 641 ldque
3204 587 3435 629 sexcen-

1854 668 1957 722 ties
2001 665 2238 736 repetiit,
2272 667 2421 735 quod
2465 681 2596 720 sane
2642 680 2894 736 magnam
2947 665 3000 718 in
3044 665 3165 734 ejus
3200 665 3438 719 transla-

1853 759 1998 813 tione
2041 758 2387 826 κακοφωνίαν
2432 756 2633 811 intulit.
2677 753 2783 811 Sed
2826 757 3129 812 audiendus
3160 756 3427 829 Hierony-

1854 865 1977 904 mus
2018 850 2087 904 ad
2119 848 2533 904 Pammachium
2576 847 2651 902 De
2694 860 2802 918 opt.
2846 866 2961 920 gen.
2993 848 3378 918 interpretandi
3412 864 3431 903 :

1853 941 2048 1012 Aquila
2091 951 2267 995 autem
2314 940 2610 1010 proselytus
2657 949 2707 994 ct
2749 941 3101 995 contentiosus
3148 941 3426 1009 interpres,

1853 1035 1942 1103 qui
1970 1050 2071 1087 non
2100 1032 2273 1087 solum
2299 1032 2475 1092 verba,
2502 1032 2591 1086 sed
2623 1031 2965 1103 etymologias
2998 1048 3200 1103 quoque
3236 1034 3424 1084 uerbo-

1852 1142 1971 1180 rum
2018 1127 2307 1196 transferre
2347 1134 2566 1180 conutus
2598 1135 2674 1179 est
2694 1167 2707 1190 ,
2725 1125 2850 1194 jure
2891 1124 3171 1195 projicitur
3197 1142 3230 1179 a
3259 1123 3426 1178 nobis.

1853 1222 1984 1288 Quis
2023 1224 2161 1277 enim
2191 1238 2286 1292 pro
2316 1222 2580 1290 frumento
2620 1230 2669 1274 et
2694 1220 2811 1273 vino
2837 1228 2886 1273 et
2912 1219 3024 1274 olea
3050 1220 3214 1288 possit
3250 1219 3330 1273 uel
3353 1219 3431 1273 le-

1850 1330 1966 1386 gere
2010 1312 2089 1367 vel
2117 1312 2429 1382 intelligere,
2479 1308 2662 1381 χεῦμα
2700 1309 3015 1380 ὀπωρισμδν
3046 1308 3425 1379 στιλπνότητα,

1849 1402 1989 1479 quod
2032 1416 2125 1455 nos
2168 1414 2447 1470 possumus
2478 1398 2652 1451 dicere
2690 1396 2996 1464 fusionem,
3032 1398 3429 1467 pomationem—

1850 1510 1956 1565 que
2003 1504 2058 1549 et
2106 1491 2522 1563 splendentiam.
2585 1491 2692 1544 Aut
2721 1491 2845 1559 quia
2883 1488 3092 1543 Hebraei
3125 1504 3229 1542 non
3254 1489 3425 1544 solum

1850 1587 2039 1641 habent
2086 1583 2294 1655 ἄρθρα,
2334 1582 2424 1638 sed
2449 1590 2499 1636 et
2530 1580 2815 1653 πρόαρθρα
2836 1620 2852 1645 ,
2899 1579 2990 1634 ille
3032 1580 3348 1652 κακοζήλως
3374 1588 3425 1634 et

1849 1680 2081 1750 syllabas
2126 1679 2507 1739 interpretatur
2554 1685 2605 1729 et
2655 1674 2883 1738 litteras,
2934 1673 3165 1743 dicitque
3194 1675 3291 1726 σὺν
3330 1673 3424 1727 τὸν

169 1762 375 1819 inferas
432 1772 674 1835 tempore.
727 1764 924 1821 Justini
970 1769 1226 1840 martyris
1272 1771 1387 1839 jam
1440 1773 1739 1843 evulgatam

1850 1771 2077 1844 οὐρανὸν
2110 1769 2205 1823 καὶ
2230 1769 2326 1821 σὺν
2358 1768 2459 1838 τὴν
2478 1766 2603 1838 γῆν,
2638 1765 2778 1837 quod
2803 1763 2988 1819 erca
3019 1774 3069 1819 et
3098 1763 3295 1818 Latina
3317 1766 3425 1818 lin-

165 1854 339 1910 luisse
364 1856 579 1926 Aquila:
610 1858 903 1913 editionem
924 1901 938 1924 ,
971 1869 1133 1931 atque
1155 1862 1291 1917 adeo
1319 1874 1478 1919 antea
1521 1864 1741 1932 factam,

163 1948 423 2003 videlicet
463 1949 704 2003 Adriano
742 1951 1014 2020 principe,
1050 1959 1111 2006 ut
1158 1954 1234 2008 ait
1273 1952 1644 2025 Epiphanius,
1676 1974 1743 2015 ex

158 2040 420 2110 Origene,
451 2050 512 2095 ut
539 2042 798 2109 creditur,
825 2053 1123 2100 mutuatus.

227 2134 441 2190 Caitera
471 2144 653 2190 autem
684 2150 805 2207 qua:
834 2138 1034 2207 adjecit
1068 2138 1403 2209 Epiphanius
1429 2142 1496 2196 de
1520 2141 1738 2214 Aquila,

158 2242 269 2281 non
324 2244 395 2282 ex
434 2228 622 2282 eodem
657 2228 805 2284 fonte
845 2229 1096 2286 hausisse
1133 2233 1405 2303 putandus
1447 2242 1530 2290 est
1564 2255 1578 2290 :
1613 2250 1739 2293 nam

157 2320 308 2390 quod
352 2331 543 2375 narrat
570 2337 695 2376 cum
737 2323 807 2377 ab
830 2323 1071 2378 Adriano
1102 2327 1473 2386 restaurandte
1502 2329 1619 2382 urbi
1647 2328 1738 2385 Je-

156 2411 568 2483 rosolymorum
602 2414 951 2483 prmposilum
988 2414 1177 2482 fuisse,
1200 2417 1420 2487 perinde
1440 2420 1737 2488 suspicioni

155 2499 462 2555 obnoxium
493 2501 702 2555 videtur
726 2509 890 2571 atque
917 2503 970 2558 id
996 2505 1141 2572 quod
1167 2515 1292 2560 ante
1305 2507 1535 2571 dixerat,
1556 2508 1734 2578 ipsum

156 2589 389 2645 Adriani
444 2606 691 2647 socerum
745 2590 933 2648 fuisse.
991 2592 1218 2665 Reliqua
1262 2597 1329 2650 de
1373 2600 1735 2667 apotelesma—

156 2682 300 2747 tice,
358 2682 475 2737 sive
506 2683 572 2737 de
592 2682 1022 2753 genethlialogiae
1055 2702 1178 2752 usu,
1224 2687 1291 2741 de
1335 2687 1633 2757 baptismo,
1668 2692 1736 2746 de

155 2771 378 2839 ejurato
411 2781 600 2842 postea
645 2772 1101 2842 Christianismo,
1135 2777 1203 2832 de
1228 2778 1465 2833 admissa
1497 2781 1733 2835 circnm-

154 2862 396 2927 cisione,
429 2865 601 2933 deque
621 2866 817 2935 adepta
840 2868 1057 2922 demum
1094 2867 1370 2925 Hebraicis:
1402 2870 1597 2942 linguae
1618 2888 1736 2942 per-

156 2955 304 3011 lecta
334 2957 560 3021 notitia,
596 2960 859 3027 majorem
909 2975 1039 3015 sane
1061 2963 1400 3031 postularent
1440 2967 1733 3020 auctorita-

156 3056 297 3112 tem,
320 3061 496 3117 exque
526 3047 790 3105 fabulosis
823 3049 1134 3106 Judaaorum
1177 3054 1583 3111 narrationibus
1615 3072 1733 3111 ma-

1846 1881 1950 1936 gua
1982 1863 2195 1916 omnino
2225 1876 2326 1915 non
2353 1861 2560 1930 recipit.
2602 1858 2769 1929 Cujus
2800 1858 2875 1911 rei
2908 1858 3199 1927 exemptum
3233 1872 3298 1910 ea:
3327 1873 3422 1910 no-

1844 1964 1954 2008 stra
1982 1966 2221 2008 sermone
2270 1963 2485 2021 captare
2517 1965 2815 2015 possumus.
2857 1945 3072 2013 Quanta
3114 1947 3251 2001 enim
3279 1947 3419 2009 apud

1844 2044 2053 2101 Grmcos
2099 2043 2222 2097 bene
2250 2043 2502 2096 dicuntur
2522 2081 2537 2107 ,
2563 2056 2681 2112 qua:
2708 2041 2754 2094 si
2782 2039 2851 2093 ad
2884 2039 3095 2094 verbum
3127 2039 3420 2108 transfera-

1844 2155 1980 2204 mus,
2008 2138 2064 2190 in
2092 2135 2287 2190 Latino
2313 2151 2416 2188 non
2441 2142 2726 2188 resonant:
2750 2142 2799 2187 et
2829 2149 2856 2186 e
2886 2134 3111 2203 regione,
3133 2147 3250 2201 qua:
3276 2133 3417 2201 apud

1842 2246 1934 2283 nos
1966 2230 2206 2299 placent,
2241 2227 2287 2282 si
2315 2234 2586 2281 vertantur
2630 2224 2794 2294 juxta
2823 2227 3061 2278 ordinem
3082 2264 3097 2290 ,
3128 2223 3269 2292 apud
3294 2221 3417 2277 illos

1839 2321 2210 2391 displicebant.
2251 2319 2385 2373 Illud
2413 2332 2544 2373 vero
2566 2315 2766 2387 χεῦμα,
2802 2315 3138 2388 ὀπωρισμὸν,
3172 2313 3418 2396 στιλπνό-

1838 2432 2009 2487 τητα,
2059 2414 2204 2483 quod
2241 2412 2513 2466 undenam
2568 2420 2845 2478 sumptum
2874 2421 3020 2464 esset
3051 2421 3175 2463 ante
3198 2408 3417 2478 ignora:

1838 2505 1996 2560 batur
2016 2545 2033 2571 ,
2074 2518 2142 2559 ex
2186 2502 2342 2557 Deut.
2374 2518 2484 2567 vn,
2518 2501 2619 2563 15,
2649 2516 2796 2555 nunc
2816 2500 2993 2570 primo
3017 2499 3199 2570 prodit
3226 2501 3281 2554 in
3305 2499 3416 2570 Ap-

1838 2598 2066 2669 pendice
2098 2611 2162 2651 ex
2199 2595 2390 2651 codice
2413 2593 2774 2649 Coisliniano.

1903 2689 2213 2760 Aliquando
2257 2688 2423 2751 item,
2458 2687 2605 2740 nulla
2653 2687 2835 2741 habita
2882 2699 3140 2755 generum
3180 2693 3410 2751 ratione,

1836 2790 1896 2835 ut
1923 2779 2276 2835 llebraismos
2328 2778 2691 2848 exprimeret,
2737 2776 3015 2849 singulare
3058 2792 3181 2832 cum
3217 2777 3412 2848 plurali

1835 2871 2129 2942 copulavit,
2148 2877 2207 2924 ut
2234 2869 2372 2927 Gen.
2406 2885 2436 2924 v
2457 2911 2472 2935 ,
2497 2868 2551 2936 5,
2581 2870 2676 2922 καὶ
2701 2866 2895 2939 ἔζησεν
2930 2869 3100 2941 Ἀδὰμ
3119 2869 3413 2941 τριάκοντα

1833 2962 1971 3026 ἔτος,
2007 2962 2101 3015 καὶ
2130 2959 2419 3014 ἐννακόσια
2447 2958 2597 3023 ἔτος,
2628 2967 2683 3012 et
2711 2959 2843 3012 vixit
2868 2959 3042 3013 Adam
3065 2960 3286 3030 triginta
3313 2977 3412 3015 an-

1834 3066 1960 3104 num
1984 3060 2031 3104 et
2058 3060 2342 3120 nongentos
2365 3065 2580 3114 annum,
2612 3048 2737 3118 quia
2757 3063 2947 3117 nempe
2967 3064 3070 3103 vox
3086 3059 3205 3110 mw
3219 3051 3409 3122 singu-

157 3154 294 3194 uare
324 3115 640 3209 potuerunt.
668 3139 947 3212 Siquidem
979 3141 1150 3197 Judaei
1176 3143 1383 3213 Aquilae
1407 3146 1728 3213 editionem,
1759 3115 1802 3173 θ
1834 3142 1966 3198 laris
1995 3115 2226 3196 formam
2258 3141 2439 3206 habet,
2464 3140 2590 3194 licet
2617 3115 2706 3194 hic
2729 3139 2837 3193 vim
2861 3115 3089 3209 pluralis
3116 3115 3335 3206 habeat,
3352 3151 3412 3196 ut

154 3247 281 3288 eam
327 3233 577 3288 videlicet
623 3249 747 3304 quae
797 3234 942 3289 κατὰ
995 3235 1280 3307 ἀκρίϐειαν
1340 3238 1481 3294 facta
1535 3240 1731 3306 fuerat,

155 3324 346 3391 magni
387 3321 679 3391 faciebant,
725 3334 1111 3397 auctoremque
1138 3327 1282 3383 illius
1311 3328 1565 3386 laudibus
1594 3346 1734 3402 prae-

156 3413 437 3469 dicabant.
504 3413 639 3469 llinc
691 3414 954 3484 Origenes
986 3418 1051 3472 ad
1081 3416 1398 3474 Africanum
1429 3440 1444 3477 :
1475 3419 1566 3486 Sic
1595 3425 1735 3478 enim

155 3502 379 3573 Aquiia,
413 3503 694 3560 Hebraicis:
718 3505 932 3562 lectioni
960 3509 1188 3563 serviens
1214 3509 1379 3564 edidit
1410 3526 1429 3564 :
1457 3528 1608 3582 quem
1633 3512 1736 3567 Ju-

156 3596 264 3649 dari
312 3598 713 3650 accuratissime
762 3599 996 3652 omnium
1066 3601 1283 3655 credunt
1335 3602 1734 3672 interpretatum

155 3703 271 3742 esse
283 3684 621 3756 Scripturam
643 3705 662 3743 :
687 3706 790 3760 quo
821 3692 1049 3745 maxime
1077 3693 1156 3745 uti
1184 3692 1353 3747 solent
1385 3697 1476 3764 qui
1504 3695 1736 3751 Hebrai-

155 3794 279 3833 cam
316 3780 604 3833 dialectum
664 3782 941 3851 ignorant,
984 3792 1160 3850 utpote
1202 3786 1294 3855 qui
1339 3791 1574 3842 omnium
1619 3805 1736 3843 nta-

154 3873 303 3927 sime
325 3889 538 3927 sensum
570 3887 837 3929 assecutus
868 3892 980 3930 esse
1008 3887 1243 3946 putetur.

358 3965 426 4019 ll.
473 3966 667 4036 Aquila
691 3965 827 4022 duas
855 3969 1314 4038 interpretationes
1342 3974 1527 4028 edidit.

234 4053 382 4111 Duas
409 4068 588 4111 autem
618 4059 1000 4115 translationes
1023 4061 1260 4118 edidisse
1286 4064 1534 4135 Aquilam
1552 4067 1738 4138 explo-

156 4154 345 4201 ratum
370 4158 493 4202 est:
525 4150 776 4217 primam,
804 4151 1134 4220 liberiorem,
1173 4154 1264 4208 ubi
1295 4157 1396 4212 etsi
1427 4157 1591 4212 verba
1621 4158 1736 4212 sin-

156 4238 286 4307 gula
319 4235 583 4294 Hebraica
612 4238 796 4295 Graece
834 4242 1140 4311 exprimere
1170 4254 1475 4317 satagerct,
1511 4261 1734 4303 sensum

158 4336 347 4384 tamen
377 4339 501 4399 apte
524 4331 751 4386 reddere
782 4334 1027 4400 curabat,
1058 4350 1234 4405 neque
1265 4346 1375 4392 tam
1418 4339 1738 4409 scrupulose

1834 3249 1995 3289 nemo
2023 3247 2130 3288 non
2159 3233 2325 3289 videt.
2359 3230 2480 3286 Pari
2506 3231 2715 3286 ratione
2737 3246 3128 3301 nonnunquam
3154 3232 3407 3304 pluralia,

1833 3342 1955 3397 qua:
1985 3326 2093 3380 vim
2124 3323 2419 3395 singularis
2445 3323 2663 3388 habent,
2694 3321 2784 3378 ille
2809 3324 3088 3394 pluraliter
3110 3327 3406 3395 expressit;

1834 3418 1915 3474 sic
1964 3416 2098 3473 Gen.
2151 3433 2227 3483 γι,
2274 3416 2330 3481 2,
2380 3398 2765 3478 ωητὸκτι-ηει,
2840 3415 2891 3468 οἱ
2937 3415 3041 3470 υἱοὶ
3096 3414 3202 3470 τῶν
3236 3414 3407 3482 Θεῶν,

1832 3511 1961 3581 quia
2003 3509 2258 3565 nimirum
2301 3492 2479 3569 amba
2521 3509 2682 3564 habet
2740 3507 2967 3579 pluralis
3018 3504 3282 3573 formam,
3321 3509 3411 3565 ille

1834 3604 2115 3673 pluraliter
2154 3603 2244 3658 bic
2285 3602 2446 3657 vertit
2494 3620 2507 3657 :
2556 3601 2648 3656 ubi
2676 3599 2942 3672 Vulgata,
3009 3600 3252 3657 Videntes
3307 3602 3410 3671 ﬁlii

1835 3696 1934 3751 Dei
1988 3695 2133 3766 ﬁlias
2190 3695 2483 3749 hominum.
2522 3693 2605 3748 Ad
2653 3694 2769 3750 haec
2811 3694 3169 3766 etymOIOgias
3226 3695 3410 3748 nomi-

1835 3804 1966 3844 num
1998 3789 2398 3857 verborumque
2434 3786 2507 3842 ita
2536 3796 2903 3853 consectatur,
2940 3796 3021 3851 ut,
3050 3787 3198 3842 nulla
3226 3786 3410 3842 habita

1836 3881 1997 3938 seriei
2027 3880 2259 3946 ratione,
2293 3878 2539 3933 eamdem
2583 3892 2772 3933 vocem
2802 3875 3122 3933 Ilebraicam
3154 3885 3214 3932 ut
3239 3876 3411 3947 pluri-

1836 3989 1987 4028 mum
2031 3973 2220 4028 eadem
2263 3971 2451 4027 Graeca
2497 3971 2803 4041 exprimat,
2853 3986 2961 4026 non
2989 3970 3234 4041 cogitans
3265 3969 3408 4024 idem

1835 4066 2085 4131 verbum,
2113 4066 2160 4120 si
2184 4065 2306 4121 aliis
2337 4063 2678 4136 diversisque
2697 4064 2957 4136 jungatur
2983 4062 3229 4125 vocibus,
3261 4062 3408 4117 aliud

1837 4156 2169 4228 signiﬁcare.

1908 4246 1996 4302 lll.
2041 4246 2173 4302 Utra
2203 4264 2267 4302 ea:
2297 4247 2501 4302 duabus
2531 4248 2588 4302 in
2614 4246 2872 4317 Hexaptis
2909 4245 3083 4315 posita
3116 4245 3299 4315 fuerit.

1909 4337 1987 4394 Ex
2021 4339 2113 4394 illa
2140 4353 2305 4408 porro
2350 4338 2553 4408 duplici
2599 4339 2809 4408 Aquila:
2854 4338 3125 4400 versione,
3177 4335 3408 4406 quaestio

155 4420 386 4475 voculas
411 4435 601 4475 omnes
626 4424 957 4489 sectabatur,
991 4442 1055 4480 ac
1082 4442 1205 4482 cum
1229 4431 1427 4485 seriem
1466 4430 1730 4486 interluro
1767 4458 1810 4514 Β
1839 4431 2038 4487 exoriri
2067 4438 2277 4501 potest;
2302 4437 2425 4484 utra
2458 4428 2705 4485 videlicet
2726 4444 2790 4484 ex
2824 4420 3036 4484 duabus
3070 4428 3124 4483 in
3150 4425 3406 4498 llexaplis

156 4510 386 4566 haturas
410 4526 531 4567 esse
560 4514 915 4582 prospiceret,
952 4528 1342 4585 repraesentare
1376 4520 1680 4591 negligebat
1716 4538 1731 4577 :

157 4605 306 4673 quod
338 4619 527 4659 verum
571 4614 690 4660 erat
727 4607 1036 4678 interpretis
1070 4609 1325 4665 cilicium.
1364 4612 1603 4667 Alteram
1638 4614 1735 4668 de-

158 4697 288 4750 inde
330 4696 636 4751 versionem
686 4700 924 4768 paravit,
973 4716 1096 4771 quae
1141 4703 1282 4757 κατά
1312 4704 1598 4775 ἀκρίϐειαν
1640 4721 1737 4761 vo-

156 4786 454 4852 citabatur,
489 4788 542 4842 id
567 4797 669 4854 est,
705 4792 1004 4846 secundum
1027 4803 1273 4848 exactam
1301 4796 1543 4850 vertendi
1566 4797 1737 4852 ratio-

158 4892 317 4945 nem,
360 4880 428 4933 de
463 4895 565 4949 qua
597 4879 960 4954 Hieronymus
985 4886 1040 4938 in
1072 4884 1397 4940 Ezecliielem
1426 4903 1547 4957 pag.
1581 4888 1683 4943 7l6
1718 4909 1733 4945 :

156 4971 370 5042 Aquila:
417 4972 645 5027 secunda
681 4973 864 5037 editio,
910 4993 1070 5046 quam
1120 4976 1333 5034 Hebraei
1383 4979 1524 5034 κατὰ
1578 4982 1737 5054 ἀκρί-

158 5062 314 5120 ϐειαν
340 5068 654 5130 nominant;
686 5067 777 5121 ubi
807 5078 957 5123 tanta
986 5073 1334 5127 accuratione
1356 5074 1522 5127 verba
1557 5082 1611 5127 et
1640 5089 1736 5128 v0-

154 5158 314 5213 culas
363 5157 612 5226 singulas
656 5156 955 5214 Hebraicas
1002 5159 1226 5217 reddere
1266 5163 1510 5228 curabat,
1565 5170 1624 5217 ut
1669 5164 1736 5219 de

154 5250 283 5320 styli
312 5249 564 5304 barbarie
598 5249 733 5303 nihil
764 5251 1044 5320 cogitaret.
1087 5251 1364 5320 Ejusmodi
1408 5269 1539 5310 vero
1567 5271 1737 5308 κακο-

156 5341 352 5413 ζηλίας
396 5342 643 5413 exempla
686 5345 854 5399 multa
885 5345 1132 5414 proferre
1160 5360 1482 5416 possemus;
1514 5347 1643 5415 sed,
1675 5357 1736 5403 ut

156 5446 356 5488 caetera
386 5443 620 5497 taceam,
673 5435 798 5502 quis
841 5450 948 5489 non
996 5450 1137 5505 aegre
1163 5434 1301 5491 ferat
1328 5436 1443 5491 haec
1468 5436 1733 5494 llebraica

157 5525 343 5587 verba.
374 5533 542 5609 vam
568 5536 673 5586 nm
699 5535 905 5587 arma
925 5536 1008 5585 nn
1031 5509 1208 5586 ambs
1235 5538 1356 5589 ινα
1374 5536 1631 5595 nicum,
1654 5530 1735 5585 sic

157 5630 415 5687 expressa
445 5619 648 5684 videre,
698 5620 755 5672 ὲν
779 5618 1057 5693 κεφαλαίῳ
1084 5619 1295 5675 ἔκτισεν
1321 5624 1349 5676 ὁ
1369 5621 1502 5687 Θεὸς
1527 5625 1624 5677 σὺν
1644 5623 1735 5678 τὸν

158 5711 385 5782 οὐρανὸν
420 5710 514 5765 καὶ
548 5711 647 5765 σὺν
677 5711 772 5783 τὴν
813 5711 916 5783 γῆν
942 5729 955 5743 ·
994 5713 1250 5769 nimirum
1284 5713 1374 5771 ille
1402 5731 1469 5771 nc
1494 5716 1734 5787 particu-

1837 4523 1905 4579 ab
1930 4522 2160 4593 Origene
2183 4522 2360 4592 posita
2384 4519 2567 4586 fuerit,
2591 4537 2659 4576 an
2686 4521 2885 4592 prima,
2910 4537 2980 4576 an
3007 4521 3264 4587 secunda,
3285 4536 3408 4591 quae

1836 4617 1955 4669 κατ’
2004 4614 2290 4687 ἀκρίϐειαν
2338 4614 2636 4669 vocabatur
2667 4635 2679 4669 :
2710 4622 2763 4670 ct
2791 4625 2971 4669 utrum
3008 4630 3220 4684 semper
3252 4629 3406 4668 eam-

1836 4709 1958 4763 dem
2008 4707 2317 4763 adhibuerit
2361 4704 2624 4778 Origenes
2672 4707 2726 4761 in
2771 4707 3029 4763 omnibus
3076 4716 3130 4761 et
3175 4706 3406 4777 singulis

1838 4798 2133 4868 Scriptura:
2165 4797 2358 4864 libris;
2383 4813 2451 4850 an
2474 4797 2636 4852 modo
2669 4813 2856 4862 unam,
2889 4798 3050 4851 modo
3074 4797 3298 4851 alteram
3319 4812 3409 4867 ap-

1835 4889 2101 4962 posuerit.
2160 4887 2279 4943 Non
2314 4890 2506 4944 dubito
2533 4903 2651 4943 eam
2685 4888 2739 4941 in
2787 4887 3038 4957 llexaplis
3082 4889 3242 4943 tertio
3288 4887 3407 4942 loco

1836 4982 2107 5054 posuisse,
2148 4995 2267 5050 quae
2306 4979 2433 5051 quia
2473 4979 2641 5033 nimia
2687 4979 3035 5034 accuratione
3079 4978 3406 5034 concinnata

1835 5080 1973 5139 erat,
1999 5073 2116 5125 κατ’
2149 5070 2434 5142 ἀκρίϐειαν
2466 5069 2611 5125 facta
2639 5069 2952 5136 dicebatur;
2981 5083 3175 5140 nempe
3205 5083 3403 5124 secun-

1838 5164 1982 5218 dam.
2040 5163 2093 5217 ld
2130 5177 2259 5217 vero
2302 5161 2494 5217 suadet
2523 5160 2789 5232 particula
2836 5162 2931 5215 σὺν
2967 5174 3110 5229 saepe
3139 5158 3316 5230 posita
3347 5159 3405 5214 in

1838 5252 1907 5308 iis
1949 5268 2070 5322 quae
2117 5260 2412 5322 supersunt
2441 5251 2698 5307 editionis
2731 5250 2942 5320 Aquilae
2970 5249 3326 5322 fragmentis,
3352 5259 3407 5304 et

1838 5348 1942 5402 alia
1972 5347 2153 5402 nimiae
2185 5347 2464 5415 religionis
2490 5347 2736 5417 vestigia.
2799 5344 2878 5398 Ex
2909 5344 3099 5401 eadem
3121 5344 3284 5399 etiam
3311 5343 3408 5398 dc-

1837 5449 2038 5510 cerptue
2067 5440 2216 5494 fuere
2244 5439 2505 5494 lectiones
2532 5438 2761 5509 Aquilae,
2790 5453 2913 5507 qua:
2945 5438 2999 5491 in
3029 5436 3268 5491 editione
3297 5434 3407 5491 τῶν

1838 5531 1894 5585 0'
1932 5530 2207 5601 hexaplari
2234 5546 2356 5585 eum
2401 5530 2677 5586 asteriscis
2698 5529 2766 5583 ab
2790 5525 3020 5599 Origene
3040 5528 3229 5598 positas
3255 5535 3404 5583 sunt.

1837 5622 2037 5678 Verum
2067 5624 2192 5695 quia
2220 5624 2274 5677 in
2308 5623 2445 5678 locis
2473 5622 2702 5693 Aquila),
2729 5637 2850 5691 quae
2879 5621 3188 5691 frequenter
3215 5620 3272 5674 in
3304 5619 3407 5674 hac

1837 5716 2202 5787 Hexaplorum
2229 5715 2548 5772 collectione
2578 5724 2896 5778 occurrunt,
2948 5717 3064 5770 haec
3107 5723 3216 5770 tam
3246 5727 3405 5770 seru-
