3832 6214
428 304 504 369 33
1811 298 2332 359 manumanu
3629 310 3701 366 st

431 428 627 500 pulosa
670 427 914 485 vertendi
961 429 1102 484 ratio
1132 444 1240 484 non
1276 429 1480 500 ubique
1507 429 1863 494 observatur,
1889 426 2019 481 hinc
2045 426 2094 485 Α
2121 440 2243 495 quae
2271 440 2303 479 a
2326 425 2584 483 Patribus
2611 435 2668 483 ut
2698 426 3028 485 Christiana:
3058 427 3183 485 ﬁdei
3210 427 3568 511 repugnantia
3611 448 3699 488 re-

432 520 666 576 fortasse
690 520 963 592 quispiam
992 520 1323 592 suspicetur,
1353 536 1418 577 ea
1440 535 1563 592 quae
1585 519 1886 592 elegantius
1916 534 2013 575 ex-

431 612 743 682 primuntur
762 653 778 678 ,
806 628 908 668 nec
939 621 1143 668 tantam
1175 612 1472 683 praeierunt
1504 611 1817 683 interpretis
1852 611 2014 682 ἀκρι-

433 704 605 770 ϐειαν,
640 720 706 760 ex
740 705 916 776 prima
954 705 1074 775 ejus
1099 706 1372 772 versione,
1406 722 1529 777 qua:
1553 706 1809 761 liberiore
1838 706 2010 759 inter-

430 796 679 866 pretandi
727 812 924 868 genere
952 798 1213 853 adornata
1260 797 1458 862 fuerat,
1501 798 1786 868 desumpta
1814 797 2006 853 fuisse.

431 883 636 943 Verum
665 889 846 958 potuit
882 888 1115 959 Aquila,
1147 890 1312 944 etiam
1349 892 1403 944 in
1436 889 1526 945 illa
1560 890 1681 944 κατ’
1723 888 2011 962 ἀκρίϐειαν

430 981 900 1052 interpretatione,
924 998 1034 1038 non
1069 999 1284 1054 semper
1297 985 1485 1040 eadem
1511 984 1770 1055 religione
1799 985 1854 1038 in
1884 998 2009 1037 ver-

429 1071 595 1127 tendo
628 1072 710 1126 uti
757 1090 773 1127 :
824 1087 925 1128 nec
952 1073 1234 1129 insolitum
1278 1084 1361 1131 est
1388 1075 1711 1146 interpretes
1737 1074 2013 1146 quoslibet

430 1165 595 1220 modo
640 1164 834 1221 litterae
875 1167 1114 1233 haerere,
1163 1168 1327 1224 modo
1378 1168 1707 1240 elegantiora
1745 1168 2010 1238 interpre-

430 1257 580 1313 tandi
613 1273 812 1331 genere
842 1260 1158 1330 procedere.
1201 1261 1423 1317 Certum
1449 1261 1614 1332 igitur
1645 1261 1854 1327 habeo,
1883 1260 2008 1315 Ori-

430 1365 620 1420 genem
642 1352 698 1406 in
723 1351 881 1407 tertia
914 1350 1279 1424 Hexaplorum
1312 1353 1567 1408 columna
1599 1352 1811 1423 Aquila:
1840 1352 2009 1407 inter-

426 1443 786 1512 pretationem
817 1445 965 1500 illam
992 1448 1243 1517 posuisse
1266 1490 1280 1512 ,
1319 1462 1442 1516 qua:
1490 1448 1610 1501 κατ’
1642 1446 1929 1519 ἀκρίϐειαν
1955 1455 2010 1501 et

427 1536 666 1591 secunda
707 1537 1005 1593 vocabatur
1027 1580 1041 1603 ,
1073 1551 1127 1593 et
1172 1539 1430 1595 lectiones
1477 1539 1687 1609 Aquilae
1716 1539 1837 1595 illas
1869 1538 2009 1609 quas

426 1626 729 1695 praemissis
780 1629 1061 1684 asteriscis
1108 1630 1162 1684 in
1208 1630 1486 1700 hexaplari
1530 1629 1637 1683 τῶν
1670 1632 1726 1682 0'
1770 1630 2009 1685 editione

425 1719 630 1787 posuit,
664 1735 730 1776 ex
759 1736 821 1777 ea
854 1723 1153 1793 accepisse.

426 1829 520 1887 IV.
551 1831 635 1887 An
666 1832 731 1889 de
757 1835 1027 1908 industria
1058 1836 1250 1908 Aquila
1288 1838 1530 1908 qna’dam
1566 1838 1862 1908 Scriptura:
1888 1840 2006 1893 loca

804 1907 861 1960 in
893 1906 1061 1960 alium
1091 1906 1308 1961 sensum
1330 1908 1628 1963 deterserit.

498 1993 618 2052 Una
666 1997 771 2053 fuit
819 2009 1136 2055 sanctorum
1192 2000 1413 2055 Patrum
1462 2009 1817 2072 veterumque
1871 2018 2007 2072 pene

426 2087 669 2142 omnium
713 2104 868 2144 mens
917 2098 971 2144 et
1014 2090 1221 2160 opinio,
1257 2090 1508 2161 Aquilam
1557 2095 1630 2147 ob
1662 2093 1864 2148 illatam
1899 2094 2005 2149 sibi

425 2178 495 2232 ab
531 2176 789 2235 Ecclesia:
821 2179 1114 2250 praefectis,
1154 2197 1319 2251 quam
1358 2199 1522 2253 supra
1553 2187 2003 2252 memoravimus,

422 2271 812 2327 contumeliam
850 2272 998 2342 (nam
1031 2275 1174 2344 quod
1207 2275 1282 2329 illi
1320 2292 1386 2330 ex
1418 2291 1547 2331 vero
1574 2277 1854 2348 religionis
1891 2280 2006 2348 pie—

423 2359 664 2431 tatisque
696 2363 879 2418 studio
908 2365 1263 2430 admiserant,
1311 2368 1527 2437 injuriae
1558 2369 1682 2425 loco
1723 2370 2002 2442 habebat),

425 2449 701 2507 infensum
726 2462 909 2523 postea
933 2454 1261 2511 Christianae
1290 2458 1537 2528 religioni
1564 2458 1763 2527 fuisse;
1795 2476 1860 2515 ac
1884 2460 2002 2515 loca

423 2537 635 2596 Veteris
663 2542 1016 2612 'l‘estameuti,
1054 2560 1176 2617 qua:
1201 2545 1445 2602 futurum
1472 2550 1677 2606 Christi
1710 2553 2000 2608 adventum

423 2635 884 2703 praanuntiahant,
935 2640 1002 2693 de
1054 2641 1321 2696 industria
1383 2643 1438 2696 in
1492 2645 1850 2701 translatione
1901 2662 2001 2702 sua

421 2724 770 2794 depravasse,
813 2738 868 2783 et
911 2729 965 2784 in
1009 2731 1176 2786 alium
1232 2749 1454 2789 sensum
1501 2736 1817 2793 detorsisse.
1850 2737 2004 2794 Licet

422 2824 603 2869 autem
638 2832 701 2871 ea
734 2834 857 2889 quae
888 2820 956 2874 de
992 2820 1410 2880 Christianismo
1448 2827 1518 2881 ab
1562 2828 1757 2899 Aquila
1788 2830 2001 2901 ejurato

419 2906 761 2979 Epiphanius
789 2913 1013 2969 tradidit
1042 2929 1150 2969 non
1180 2917 1494 2987 suspicione
1520 2931 1734 2987 vacent,
1752 2932 1811 2977 ut
1834 2940 1999 2995 supra

421 2999 681 3069 diximus,
718 3013 956 3060 attamen
992 3008 1107 3061 sive
1143 3024 1174 3062 a
1212 3008 1539 3066 Christianis
1566 3015 1634 3069 ad
1661 3013 1880 3072 Judaeos
1908 3018 2000 3073 de-

421 3089 631 3161 fecerit,
678 3095 793 3151 sive
819 3095 1039 3155 Judaeus
1067 3099 1136 3153 ab
1168 3111 1360 3158 exortu
1407 3104 1590 3174 fuerit,
1625 3108 1695 3163 ob
1740 3109 2001 3167 Christia-

419 3185 583 3239 nismi
635 3187 822 3244 odium
851 3192 1033 3262 aliqua
1084 3194 1379 3266 Scriptura:
1426 3200 1545 3255 loca
1571 3201 1869 3259 detorsisse
1894 3221 1998 3275 pu-

418 3279 657 3337 tabatur.
698 3281 790 3339 Sic
847 3286 1119 3353 Irenreus,
1180 3289 1482 3358 Eusebius,
1529 3293 1896 3366 Epiphanius,
1944 3310 1998 3356 et

418 3374 714 3444 aliquando
743 3376 1139 3453 Hieronymus;
1175 3385 1255 3440 sic
1282 3387 1446 3441 etiam
1472 3386 1818 3459 Philastrius,
1852 3393 1996 3449 Ana-

418 3466 622 3523 stasius
655 3468 887 3538 Sinaita,
913 3472 1117 3543 aliique
1147 3487 1456 3534 senserunt.
1493 3477 1689 3536 Verum
1722 3481 1992 3557 Hierony-

418 3573 564 3627 mus,
593 3561 688 3631 qui
721 3578 908 3632 parem
931 3565 999 3620 de
1023 3567 1221 3637 Aquila
1253 3572 1579 3626 sententiam
1612 3574 1742 3630 alibi
1773 3576 1990 3641 tulerat,

416 3651 472 3705 in
495 3654 726 3723 epistola
757 3657 991 3726 quadam
1023 3660 1089 3714 ad
1126 3659 1424 3718 Damasum
1456 3666 1553 3733 ait,
1578 3682 1704 3721 eum
1731 3683 1839 3723 non
1869 3686 1995 3723 con-

417 3745 656 3809 tentiosa,
686 3757 746 3802 ut
794 3748 888 3803 alii
932 3751 1361 3820 arbitrabantur,
1400 3758 1492 3811 sed
1541 3760 1777 3815 studiose
1821 3764 1991 3817 inter-

414 3843 690 3904 pretatum
719 3854 861 3895 esse.
902 3840 1019 3897 lmo
1052 3842 1459 3903 Commentariis
1495 3851 1549 3904 in
1588 3850 1847 3907 Habacuc
1875 3855 1994 3909 lau-

413 3928 509 3984 dat
542 3930 717 3998 illum,
750 3933 893 4003 quod
927 3935 1058 4003 haec;
1076 3939 1263 4006 verba,
1310 3940 1564 4011 Egressus
1599 3961 1652 3998 es
1686 3946 1742 3999 in
1770 3946 1992 4000 salutem

413 4022 596 4091 populi
638 4025 735 4090 tui,
784 4026 840 4079 in
883 4028 1108 4083 salutem
1152 4048 1272 4085 cum
1299 4032 1509 4089 Christo
1544 4046 1657 4107 tuo,
1688 4040 1989 4094 secundum

411 4112 847 4173 Christianorum
902 4130 1139 4177 mentem
1194 4128 1569 4195 transtulerit;
1619 4144 1747 4186 cum
1800 4143 1992 4189 contra

414 4204 777 4279 Symmachus
797 4221 852 4267 et
881 4211 1202 4282 Theodotio,
1233 4218 1533 4276 Christiani
1563 4223 1708 4287 licet,
1737 4224 1791 4279 in
1822 4226 1989 4281 alium

412 4314 635 4356 sensum
667 4303 1012 4362 declinarint.
1047 4306 1114 4362 Et
1152 4310 1280 4366 alibi
1314 4328 1535 4383 quoque
1563 4315 1683 4385 ejus
1717 4316 1991 4376 defensio-

413 4405 536 4445 nem
575 4395 855 4464 suscipere
901 4397 1134 4454 videtur.
1165 4400 1347 4467 Quare
1380 4407 1683 4473 putaverim
1716 4406 1986 4482 Hierony-

2116 517 2549 587 preltenduntur,
2593 520 2680 575 hic
2717 521 2997 591 proferre;
3030 530 3092 578 ut
3122 522 3448 593 exquiratur
3479 538 3609 578 nun:
3639 539 3699 578 re

2113 624 2240 663 vera
2272 608 2469 679 Aquila
2496 611 2563 667 de
2593 611 2863 671 industria
2892 616 3007 671 haec
3035 617 3102 671 ad
3134 614 3296 669 aliam
3331 623 3565 670 mentem
3600 615 3700 670 de-

2111 701 2355 756 torserit.
2382 701 2485 768 Qui
2510 705 2662 771 prior
2684 704 2934 775 Aquilam
2966 707 3239 777 simulque
3263 705 3695 762 Theodotionem

2112 793 2456 862 criminatur,
2485 805 2569 851 est
2609 796 2846 854 lrenteus
2887 798 2982 854 lib.
3017 815 3102 866 ιιι,
3134 814 3255 869 cap.
3307 798 3398 863 24,
3428 798 3521 853 ubi
3564 798 3646 853 ait
3679 818 3693 853 :

2114 885 2238 941 Non
2280 905 2401 943 vera
2441 900 2519 943 est
2564 891 2951 961 interpretatio,
3001 908 3127 948 ecce
3173 891 3603 959 adulescentula,
3638 900 3698 945 ut

2114 976 2438 1033 Theodotion
2474 979 2732 1050 Ephesius
2755 991 2803 1036 et
2831 982 3028 1053 Aquila
3071 982 3326 1039 Ponticus
3357 991 3478 1037 sunt
3521 983 3696 1036 inter-

2108 1071 2327 1139 pretati.
2361 1070 2503 1125 Hinc
2539 1070 2783 1128 Ebiontei
2807 1089 2871 1128 ex
2912 1073 3109 1144 Ioseph
3140 1085 3324 1128 natum
3360 1076 3533 1129 aiunt.
3562 1075 3697 1144 Agi-

2109 1170 2198 1217 tur
2237 1162 2328 1217 hic
2375 1162 2442 1217 de
2488 1163 2699 1221 liesaite
2734 1166 2855 1222 loco
2885 1183 2985 1235 vn,
3018 1166 3087 1221 14
3120 1186 3133 1222 :
3165 1165 3300 1222 Ecce
3328 1172 3471 1239 uirgo
3515 1168 3697 1222 conci-

2106 1254 2211 1322 piet
2233 1263 2283 1308 et
2307 1255 2478 1325 pariet
2497 1255 2695 1324 ﬁlium.
2726 1257 2811 1312 An
2836 1268 3016 1314 autem
3047 1268 3108 1315 ut
3130 1260 3309 1315 locum
3342 1259 3695 1331 detorqueret

2107 1345 2329 1415 Aquila,
2359 1346 2440 1404 sic
2473 1349 2783 1405 versionem
2821 1367 2978 1407 suam
3017 1353 3450 1419 concinnaverit,
3478 1352 3691 1409 nescio.

2109 1436 2417 1496 Verisimile
2443 1451 2627 1498 tamen
2651 1453 2736 1499 est
2762 1459 2888 1499 eum
2912 1460 2945 1499 a
2975 1459 3111 1500 voce
3140 1445 3409 1517 παρθένος
3437 1445 3695 1500 consulto

2108 1529 2433 1602 declinasse,
2477 1536 2609 1606 quia
2657 1537 2759 1593 hac
2805 1537 3044 1593 maxime
3071 1538 3357 1608 prophetia
3397 1537 3694 1593 utebantur

2107 1623 2406 1681 Christiani
2431 1642 2530 1697 pro
2553 1643 2654 1683 sua
2685 1629 2885 1685 tuenda
2915 1630 3038 1685 ﬁde.
3066 1632 3185 1685 Imo
3210 1646 3310 1686 nec
3337 1645 3529 1686 vocem
3552 1629 3696 1684 ἀπό-

2113 1735 2342 1789 κρυφος,
2372 1720 2707 1787 abscondita,
2741 1737 2907 1794 quam
2941 1723 3067 1778 alibi
3100 1738 3201 1794 pro
3236 1721 3503 1778 Hebraica
3530 1706 3697 1787 m5!

2107 1811 2462 1879 exprimenda
2521 1812 2763 1880 adhibet,
2813 1816 2904 1871 hic
2963 1830 3233 1885 usurpare
3287 1814 3496 1881 voluit;
3548 1815 3686 1884 quia

2109 1898 2250 1955 forte
2313 1901 2430 1958 haec
2484 1902 2863 1974 interpretatio
2911 1907 3147 1978 puellam
3177 1947 3192 1972 ,
3256 1922 3379 1977 qua:
3436 1906 3689 1962 virorum

2108 1996 2353 2063 aspectui
2410 1997 2626 2052 occulta
2678 2009 2983 2068 manserat,
3034 2008 3198 2071 atque
3247 2000 3369 2055 ideo
3418 2000 3691 2072 virginem

2105 2086 2464 2156 exprimebat.

2176 2177 2448 2236 Eusebius
2494 2180 2850 2239 Caesariensis
2900 2182 3198 2239 Comment.
3248 2186 3303 2239 in
3352 2186 3544 2255 psalm.
3597 2202 3691 2253 xc,

2106 2273 2159 2341 ᾗ.
2192 2272 2248 2340 9,
2286 2273 2540 2343 Aquilam
2572 2283 2628 2330 et
2655 2276 3044 2347 Symmachum
3076 2277 3275 2346 carpit,
3305 2279 3451 2348 quod
3482 2278 3693 2335 doctri-

2107 2381 2234 2420 nam
2267 2365 2334 2421 de
2363 2367 2647 2423 Altissimo
2690 2376 2744 2425 et
2775 2369 2843 2424 de
2866 2369 3121 2436 Domino,
3154 2372 3206 2425 id
3231 2381 3316 2427 est
3342 2371 3410 2427 de
3436 2370 3605 2429 Patre
3634 2382 3696 2430 et

2108 2458 2263 2526 Filio,
2284 2472 2599 2531 suspectam
2624 2463 2910 2532 habentes,
2931 2463 3370 2538 ὶουδαῖκώτερον,
3385 2467 3500 2522 sive
3520 2468 3692 2524 modo

2105 2551 2173 2607 ad
2213 2551 2496 2607 Judaicam
2543 2556 2871 2609 sententiam
2924 2557 3217 2612 accedente
3260 2560 3376 2612 haec
3416 2556 3690 2614 Hebraica

2104 2643 2269 2697 verba
2289 2653 2469 2725 131m
2499 2654 2642 2703 nm
2664 2628 2801 2731 τινες]
2830 2653 2981 2706 rem:
3003 2656 3122 2705 mre
3153 2657 3364 2708 anu-ﬁ:
3396 2648 3476 2703 sic
3502 2656 3691 2719 trans-

2105 2736 2349 2800 tulerint,
2411 2738 2608 2808 Aquila
2636 2755 2851 2810 nempe,
2882 2740 3004 2793 ’Ότι
3030 2741 3116 2809 σὺ,
3146 2741 3342 2814 Κύριε,
3376 2741 3531 2806 ἐλπίς
3557 2760 3688 2814 μου,

2106 2829 2326 2900 ὕψιστον
2358 2829 2530 2903 ἔθηκα
2559 2832 2979 2904 κατοικητήριὸν
3014 2850 3108 2886 σου
3129 2849 3143 2864 θ
3170 2832 3435 2898 Quoniam
3469 2842 3547 2901 tu,
3574 2833 3693 2887 Dor

2104 2923 2263 2988 mine,
2284 2940 2398 2992 spes
2421 2940 2558 2992 mea,
2585 2924 2907 2979 altissimum
2936 2926 3089 2996 posui
3116 2927 3481 2980 habitaculum
3509 2936 3690 2992 tuum;

2106 3014 2469 3085 Symmachus
2493 3032 2644 3085 vero,
2671 3019 2743 3071 Σὺ
2767 3017 2897 3089 γὰρ,
2923 3018 3044 3087 Θεὲ,
3067 3018 3271 3088 ὰφοδία
3299 3037 3425 3090 μου,
3447 3019 3691 3090 ὕψεσι-ην

2104 3101 2227 3156 ἔθου
2278 3104 2378 3175 τὴν
2416 3104 2736 3177 κατοίκησιν
2786 3123 2912 3160 σου’
2962 3106 3041 3161 Τιι
3087 3109 3249 3177 enim,
3292 3109 3453 3176 Deus,
3482 3109 3691 3179 ﬁducia

2100 3208 2237 3260 mea,
2279 3195 2601 3250 altissimam
2635 3198 2863 3265 posuisti
2902 3198 3284 3255 habitationem
3333 3211 3499 3256 tuam.
3536 3201 3689 3269 Quid

2098 3284 2425 3344 Christianis
2473 3289 2712 3345 olIiciant
2764 3291 3079 3362 hujusmodi
3131 3294 3537 3359 translationes,
3570 3310 3690 3350 non

2097 3380 2233 3434 satis
2261 3382 2553 3452 perspicio.
2589 3382 2661 3438 At
2693 3382 2966 3440 Eusebius
3011 3386 3129 3441 vult
3155 3387 3269 3442 haec
3296 3388 3455 3442 verba
3489 3407 3502 3442 :
3535 3388 3692 3454 Quo-

2097 3474 2240 3526 niam
2275 3484 2353 3539 tu,
2390 3476 2634 3543 Domine,
2666 3493 2783 3548 spes
2810 3495 2945 3543 mea,
2978 3480 3298 3535 altissimum
3336 3484 3567 3551 posuisti
3601 3500 3687 3537 re-

2097 3566 2303 3636 fugium
2335 3578 2506 3635 tauris,
2540 3580 2600 3626 ut
2630 3572 2685 3624 in
2728 3569 2868 3623 LXX
2904 3572 3178 3642 leguntur,
3212 3575 3292 3629 sic
3332 3574 3689 3642 intelligenda

2097 3674 2239 3725 esse,
2275 3670 2331 3714 ut
2376 3661 2528 3729 illud,
2564 3661 2808 3731 Domine,
2841 3664 3111 3735 signiticet
3155 3663 3386 3732 Filium;
3426 3674 3481 3719 et
3520 3665 3687 3734 illud,

2097 3752 2455 3819 altissimum,
2505 3772 2667 3826 quem
2719 3771 2820 3827 pro
2866 3756 3079 3829 refugio
3121 3774 3222 3813 suo
3271 3759 3425 3829 ponit
3473 3758 3684 3826 Filius,

2097 3847 2364 3916 signiticet
2399 3847 2612 3903 Patrem
2652 3868 2665 3903 :
2702 3867 2809 3920 qua
2853 3852 2978 3907 data
3020 3850 3464 3921 interpretatione
3501 3851 3689 3924 magis

2094 3937 2408 3994 Arianismo
2455 3938 2635 3995 favere
2682 3942 2895 3997 videtur
2938 3942 3228 4009 Eusebius,
3270 3943 3428 4014 cujus
3476 3957 3689 4014 scopas

2093 4038 2177 4083 est
2213 4029 2379 4085 Deum
2422 4030 2619 4087 Filium
2672 4034 2833 4105 longe
2884 4033 3154 4089 minorem
3205 4032 3317 4089 Deo
3357 4032 3519 4090 Patre
3564 4044 3688 4094 sta-

2097 4132 2269 4186 tuere,
2299 4141 2462 4193 quam
2492 4126 2687 4196 Aquila
2724 4136 2777 4182 et
2809 4126 3175 4199 Symmachus
3199 4125 3505 4184 Judaismo.

2166 4211 2530 4286 llieronymus
2577 4216 2629 4268 in
2678 4216 2928 4271 llesaiam
2984 4231 3105 4285 cap.
3156 4231 3305 4282 χιιι,
3355 4216 3409 4283 5,
3457 4217 3511 4270 in
3560 4216 3689 4273 haec

2092 4305 2259 4359 verba
2289 4312 2429 4388 nos?
2457 4289 2531 4364 Ns
2557 4289 2788 4372 Βκηιιγνπ,
2820 4305 2911 4360 ubi
2953 4306 3149 4376 Aquila
3178 4307 3359 4373 vertit,
3392 4306 3461 4362 Et
3500 4307 3687 4363 Israel

2093 4400 2143 4453 ei
2163 4399 2589 4470 congregabitur,
2621 4400 2735 4454 haec
2762 4401 3006 4455 adnotat.
3041 4400 3118 4455 De
3143 4401 3339 4471 Aquila
3365 4410 3541 4454 autem
3572 4418 3687 4456 non

411 4496 588 4549 mum,
634 4485 688 4539 in
724 4487 846 4543 aliis
880 4489 1015 4546 locis
1049 4491 1143 4547 ubi
1172 4493 1424 4564 Aquilam
1455 4500 1614 4567 quasi
1659 4499 1988 4560 Christianis
2019 4514 2066 4570 ι)
2094 4495 2279 4560 miror,
2310 4494 2449 4563 quod
2478 4494 2631 4546 homo
2663 4493 3056 4548 eruditissimus
3095 4492 3291 4563 lingua:
3319 4492 3596 4549 llebratca:
3622 4496 3686 4548 in

410 4572 688 4630 infensum
743 4593 970 4650 carpere
999 4583 1232 4649 videtur,
1269 4601 1335 4640 ex
1386 4591 1593 4660 vulgari
1627 4592 1859 4647 aliorum
1893 4596 1987 4665 qui

409 4678 805 4736 praecesserant
862 4675 1129 4731 sententia
1188 4678 1431 4735 locutum
1489 4698 1642 4752 esse;
1695 4686 1990 4759 ipsumque

411 4768 615 4827 tamen,
645 4761 739 4831 qui
765 4763 889 4832 plus
923 4781 1088 4835 quam
1125 4771 1305 4825 caeteri
1331 4787 1524 4829 omnes
1550 4775 1760 4846 Aquila:
1792 4780 1991 4834 versio-

410 4866 536 4905 nem
583 4863 932 4924 tractaverat,
964 4859 1070 4915 alia
1114 4862 1370 4932 opinione
1417 4864 1609 4922 fuisse.
1656 4871 1873 4941 Aquila,
1907 4873 1988 4927 in-

410 4944 532 5014 quit
559 4945 610 4999 in
641 4948 871 5017 epistola
899 4951 966 5005 ad
995 4951 1318 5025 Damasum,
1341 4960 1431 5028 qui
1456 4977 1559 5014 non
1584 4966 1985 5030 contentiosius,

407 5046 465 5089 ut
496 5038 715 5108 quidam
746 5052 957 5111 putant,
986 5045 1078 5100 sed
1109 5048 1399 5105 studiosius
1430 5053 1636 5108 verbum
1670 5055 1987 5126 interpreta-

410 5136 498 5182 tur
520 5130 590 5185 ad
628 5131 857 5189 verbum.
896 5133 964 5190 Et
987 5136 1041 5191 in
1083 5140 1313 5210 epistola
1344 5144 1413 5198 ad
1446 5145 1756 5203 Marcellam
1808 5168 1821 5204 :
1861 5148 1988 5204 Jam

406 5223 609 5292 pridem
623 5241 741 5280 cum
759 5225 1108 5286 voluminibus
1124 5231 1236 5287 Heb
1245 5251 1471 5291 ratorum
1484 5239 1769 5295 editionem
1779 5243 1990 5313 Aquila:

406 5315 640 5384 confero,
687 5335 751 5372 ne
798 5320 930 5389 quid
968 5334 1183 5394 propter
1223 5328 1407 5382 odium
1453 5329 1655 5387 Christi
1704 5333 1989 5407 Synagoga

404 5408 729 5472 mutaverit;
758 5419 828 5475 et,
860 5423 918 5466 ut
950 5417 1138 5471 amica:
1170 5421 1330 5472 menti
1372 5420 1568 5489 fatear,
1612 5441 1728 5494 qua:
1769 5426 1849 5479 ad
1892 5445 1990 5481 no-

396 5506 570 5550 stram
593 5500 751 5571 ﬁdem
771 5507 1069 5574 pertineant
1106 5510 1457 5566 roborandam
1481 5515 1636 5583 plura
1661 5522 1879 5588 reperio.

407 5585 468 5642 V.
508 5590 897 5679 Expertduntur
942 5600 1071 5679 loca
1086 5602 1176 5656 ubi
1207 5605 1425 5674 Aquila,
1449 5612 1604 5679 quasi
1631 5613 1692 5664 ob
1715 5585 1988 5669 ‘Chrislia-

477 5666 636 5717 nismi
653 5666 849 5721 mdium
884 5670 1022 5725 male
1054 5666 1474 5745 interpretatus;
1492 5666 1912 5750 reprehenditur.

475 5752 516 5805 E
542 5771 598 5811 re
622 5768 803 5815 autem
828 5761 991 5819 fuerit
1009 5764 1125 5821 loca
1148 5766 1237 5822 illa
1262 5769 1735 5842 interpretationis
1750 5774 1982 5848 Aqu'rlze,

2097 4586 2193 4639 hoc
2215 4586 2328 4639 loco
2360 4596 2452 4638 aut
2475 4585 2745 4640 simularit
2777 4587 3125 4655 imperitiam,
3155 4598 3248 4640 aut
3273 4586 3685 4641 Pharisa'orum

2093 4694 2335 4747 perversa
2362 4678 2793 4746 interpretatione
2822 4677 3066 4747 deceptus
3094 4686 3186 4740 stt,
3212 4679 3301 4749 qui
3333 4680 3697 4748 interpretari

2092 4770 2279 4835 uoluit,
2304 4777 2358 4822 et
2392 4767 2556 4823 Israel
2584 4768 2633 4823 ei
2661 4768 3101 4839 congregabitur,
3132 4769 3229 4822 hoc
3253 4776 3352 4833 est,
3383 4769 3487 4823 Deo
3508 4785 3528 4824 :
3554 4786 3680 4824 cum

2092 4864 2303 4917 verbum
2338 4860 2661 4915 Hebraicum
2692 4875 2779 4925 ιο,
2806 4860 2861 4913 in
2894 4860 2991 4914 hoc
3020 4860 3134 4913 loco
3166 4876 3269 4913 non
3290 4860 3561 4914 scribatur
3582 4878 3683 4931 per

2092 4972 2267 5010 ιΑιιιει)
2298 4966 2344 5008 et
2387 4970 2513 5021 vso,
2545 4953 2684 5024 quod
2725 4952 2771 5007 si
2810 4961 2965 5018 esset,
2992 4952 3319 5022 signiﬁcaret
3363 4954 3412 5008 ei
3441 4952 3520 5007 vel
3553 4954 3680 5024 illi;

2092 5049 2181 5103 sed
2219 5064 2310 5117 per
2332 5062 2508 5100 ιΑιιει)
2543 5061 2736 5112 Αιειιιι,
2766 5053 2905 5116 quod
2945 5046 3154 5116 proprie
3185 5052 3338 5099 sonat
3369 5060 3500 5098 non.
3546 5042 3684 5100 Haec

2090 5150 2256 5206 porro
2287 5134 2524 5189 varietas
2551 5134 3065 5220 interpretationum
3102 5149 3165 5189 ex
3196 5136 3459 5190 varietate
3482 5134 3683 5190 lectio-

2090 5246 2220 5284 num
2249 5228 2395 5284 haud
2424 5228 2587 5284 dubie
2608 5226 2851 5298 profecta
2885 5236 2970 5283 est
2995 5245 3009 5282 :
3041 5244 3167 5283 nam
3202 5229 3307 5283 alia
3336 5228 3677 5299 exemplaria

2090 5303 2181 5385 κ’),
2204 5328 2258 5375 et
2287 5320 2393 5373 alia
2432 5301 2486 5379 π’)
2519 5318 2811 5383 habebant,
2846 5319 3116 5388 hodieque
3151 5317 3204 5372 in
3233 5317 3421 5373 Bibliis
3457 5317 3680 5374 Masso-

2090 5411 2276 5467 reticis
2309 5411 2505 5481 legitur
2521 5392 2599 5469 κθ
2614 5418 2668 5464 et
2690 5409 2745 5463 in
2771 5410 3017 5480 margine
3041 5417 3143 5497 f‘ip
3156 5392 3230 5468 ᾖ.
3252 5407 3363 5465 Nec
3386 5408 3679 5480 quidpiam

2091 5502 2219 5557 hinc
2246 5502 2300 5555 in
2328 5502 2557 5572 gratiam
2586 5498 2902 5556 Iudaeorum
2935 5501 3119 5573 colligi
3154 5510 3352 5572 potest,
3381 5501 3532 5572 quod
3558 5518 3680 5559 non

2090 5594 2147 5648 in
2188 5594 2312 5648 aliis
2339 5593 2638 5664 Scriptura:
2670 5595 2804 5650 locis
2832 5595 3036 5651 centies
3065 5595 3348 5652 habeatur.

2159 5687 2490 5744 Philastrius
2526 5686 2829 5744 Brixiensis
2866 5688 2942 5742 De
2973 5687 3283 5754 hwresibus,
3314 5686 3574 5757 Aquilam
3614 5686 3683 5744 in

2090 5780 2296 5837 crimen
2337 5790 2514 5850 vocat,
2543 5782 2689 5852 quod
2731 5781 2943 5853 psalmo
2972 5798 3031 5851 ιι,
3060 5798 3113 5838 v.
3149 5782 3204 5849 2,
3246 5781 3338 5838 ubi
3370 5780 3513 5836 LXX
3549 5795 3684 5839 ver-
