3832 6214
197 259 275 316 s5
1436 263 1504 320 1N
1540 263 1867 322 nexam
1906 264 2259 326 ORIGENIS.
3254 226 3263 230 ἱ
3386 269 3459 328 ss

199 381 411 437 terunt,
454 373 708 429 adversus
761 373 1065 442 Dominum,
1107 387 1158 431 et
1205 377 1454 434 adversus
1503 378 1776 435 Christum
1803 389 1847 445 Α
1877 382 2082 453 passim
2124 389 2507 454 permutantur
2546 392 2600 440 et
2629 382 3073 452 confunduntur;
3100 400 3269 455 quare
3299 400 3457 455 pror-

198 467 341 537 εἰει,
369 465 489 536 ipse
514 465 877 533 transtulerit,
909 467 1159 523 adversus
1199 467 1489 525 Dominum
1518 479 1569 525 et
1599 471 1785 525 adver—
1888 488 1983 530 sus
2019 474 2342 530 crediderim
2367 475 2511 530 idem
2554 490 2677 531 esse
2708 490 2906 530 nomen
2937 474 3195 543 Onkelos,
3232 477 3317 531 vel
3346 477 3460 532 An-

200 573 294 612 us
337 566 559 612 unctum
586 557 722 627 ejus.
757 556 958 612 Verum
1001 559 1198 630 Aquila
1228 576 1339 614 non
1381 561 1488 617 hoc
1513 562 1638 617 loco
1664 569 1786 618 tan-

202 659 345 717 tum,
379 650 476 704 sed
505 649 670 705 etiam
698 649 829 704 alibi
858 665 1046 706 vocem
1071 660 1258 717 nm,
1286 651 1631 725 ἡλειμμένον,
1669 654 1786 710 sive

201 750 425 795 unctum
464 741 853 812 interpretatus
900 751 1023 810 est;
1077 745 1206 813 quia
1244 745 1505 800 nimirum
1556 746 1786 816 putabat

202 834 440 905 Χριστὸς
469 845 523 890 et
555 835 884 907 ὴλειμμένος
914 836 1154 905 idipsum
1187 837 1517 909 signiﬁcare.
1551 837 1655 895 Sed
1703 849 1786 895 ta-

206 940 335 979 men
361 941 472 981 non
498 926 711 981 videtur
743 942 773 981 a
800 943 933 983 voce
958 929 1194 999 Χριστὸς
1223 930 1288 985 de
1316 930 1585 987 industria
1611 931 1788 986 absti-

206 1016 398 1073 nuisse
437 1038 451 1073 :
496 1034 623 1073 natu
670 1020 835 1074 modo
878 1036 1006 1086 una,
1050 1022 1214 1076 modo
1263 1022 1368 1077 alia
1412 1038 1546 1079 voce
1592 1024 1784 1089 utitur,

202 1107 371 1162 etiam
422 1109 512 1163 ubi
560 1110 629 1164 de
669 1110 890 1165 Christo
936 1111 1136 1182 agitur.
1189 1111 1280 1168 Sic
1324 1113 1471 1168 Psal.
1520 1130 1785 1182 Lxxxvin,

202 1217 259 1254 ν.
310 1200 402 1264 52,
429 1196 490 1256 οὗ
540 1201 822 1256 ὠνείδισαν
856 1204 924 1258 τὰ
973 1204 1096 1276 ῐχνη
1140 1204 1234 1259 τοῦ
1288 1205 1524 1277 Χριστοῦ
1573 1223 1704 1260 σου·
1732 1217 1788 1264 et

206 1290 464 1347 Habacuc
491 1309 575 1355 ιιι,
609 1309 665 1346 v.
692 1294 782 1358 l3,
812 1295 867 1347 in
890 1295 1119 1350 salutem
1143 1312 1262 1348 cum
1291 1294 1504 1353 Christo
1528 1306 1639 1352 tuo.
1668 1297 1785 1353 Non
1817 1372 1829 1377 _

206 1385 567 1454 improbabile
599 1397 781 1441 tamen
807 1388 1020 1442 videtur
1043 1389 1298 1458 Aquilam
1326 1390 1381 1444 in
1408 1390 1595 1445 odium
1628 1391 1787 1446 Chri-

206 1479 501 1543 stianismi,
550 1480 883 1551 ἡλειμμένον
932 1480 1045 1536 fere
1093 1497 1310 1551 semper
1367 1483 1641 1552 posuisse,
1696 1485 1787 1539 ubi

202 1576 374 1629 mum
412 1572 804 1639 reperiebatur,
844 1581 905 1627 ut
940 1588 971 1628 a
1000 1589 1130 1629 voce
1171 1574 1426 1644 Χριστὸς,
1459 1572 1788 1630 Christianis

1885 565 2059 633 kelas,
2092 574 2147 621 et
2185 566 2436 630 Ἀκύλας.
2471 565 2528 622 ld
2558 582 2688 623 vero
2713 568 3004 623 conﬁrmat
3036 567 3307 624 Thalmud
3334 567 3462 624 Hie-

1884 655 2359 726 rosolymitanum,
2389 656 2481 711 ubi
2509 657 2705 727 Aquila
2734 674 2878 729 saape
2925 659 3027 714 hac
3068 659 3179 713 fere
3222 658 3461 715 nominis

1885 745 2063 802 forma
2118 756 2476 803 memoratur.
2529 750 2649 804 Alia
2701 750 2933 805 subinde
2989 752 3218 821 quaestio
3260 751 3457 816 oritur,

1886 854 2019 893 num
2048 839 2244 910 Aquila
2272 840 2540 911 interpres
2581 841 2672 896 ille
2698 841 2921 897 Graecus
2957 842 3099 896 idem
3131 843 3202 896 sit
3224 842 3315 912 qui
3347 839 3460 897 0n-

1884 929 2059 997 kelos,
2085 932 2244 1003 cujus
2276 947 2496 998 nomen,
2524 943 2584 988 ut
2611 933 2874 1000 diximus,
2908 934 3052 989 idem
3081 935 3294 989 videtur
3334 949 3459 989 esse

1887 1024 2033 1093 quod
2064 1022 2298 1094 Aquila;
2335 1041 2404 1079 an
2431 1040 2560 1079 vero
2587 1025 2698 1079 duo
2728 1025 2936 1095 Aquilae
2968 1024 3189 1091 fuerint,
3224 1033 3456 1096 quorum

1887 1115 2026 1170 alius
2049 1112 2325 1187 Thargum
2354 1117 2408 1171 in
2441 1115 2890 1183 Pentateuchum,
2923 1118 3063 1173 alius
3083 1119 3287 1173 scilicet
3320 1119 3367 1173 is
3390 1119 3457 1174 de

1886 1222 1997 1277 quo
2017 1222 2163 1263 nunc
2191 1207 2390 1278 agitur,
2417 1208 2722 1264 versionem
2760 1208 3002 1263 Graecam
3033 1224 3155 1278 quae
3190 1208 3244 1262 in
3276 1207 3459 1264 Hexa-

1887 1297 1991 1366 plis
2015 1295 2311 1364 ferebatur,
2333 1297 2524 1352 edidit.
2562 1297 2637 1352 Ex
2663 1299 2907 1354 rabbinis
2929 1300 3150 1369 quidam
3192 1297 3455 1355 Onkelum

1887 1384 1972 1442 vel
1999 1388 2251 1457 Aquilam
2281 1389 2631 1459 paraphrasis
2649 1388 2956 1445 Chaldaica:
2978 1400 3275 1456 auctorem,
3302 1390 3460 1462 longe

1888 1479 2250 1548 antiquiorem
2281 1487 2469 1549 putant
2493 1480 2687 1550 Aquila
2723 1481 2814 1535 illo
2849 1481 2943 1552 qui
2975 1481 3279 1536 versionem
3308 1480 3458 1538 Grat-

1888 1586 2010 1625 cam
2062 1569 2290 1625 Adriani
2324 1580 2565 1642 tempore
2614 1573 2817 1640 edidit;
2867 1589 2978 1644 qua
3026 1573 3093 1630 de
3137 1590 3196 1629 re
3243 1575 3457 1631 videndi

206 1662 489 1729 familiari,
528 1680 635 1734 qua
684 1664 883 1720 Filium
932 1665 1028 1721 Dei
1071 1666 1491 1737 compellatum,
1535 1666 1793 1723 consulto
1890 1659 2123 1716 Brianus
2152 1660 2461 1728 Waltonus,
2490 1670 2544 1716 et
2567 1659 2823 1717 Nicolaus
2865 1660 3119 1718 Serarius
3154 1661 3451 1733 Prolegom.

204 1754 525 1809 declinaret.

273 1847 604 1903 Anastasius
654 1863 819 1902 serm.
878 1848 912 1903 9
962 1849 1019 1902 in
1068 1848 1455 1915 Hexaemeron,
1488 1851 1784 1921 impietatis

206 1938 462 2007 Aquilam
496 1950 741 2004 accusat,
778 1940 925 2007 quod
971 1940 1101 1994 illud
1130 1939 1263 1995 Gen.
1307 1957 1366 2003 n;
1411 1942 1499 2008 i8,
1527 1925 1786 2005 me

202 2038 348 2089 me:
370 2039 476 2094 Tm
495 2031 736 2095 verterit,
763 2031 1087 2102 Ποιήσωμεν
1105 2032 1253 2103 αὐτῷ
1286 2033 1475 2104 βοηθὸν
1500 2034 1785 2088 κατέναντι

204 2123 373 2177 αὐτοῦ
400 2140 413 2150 ’
467 2125 518 2177 id
567 2134 686 2187 est,
733 2122 1022 2178 Faciamus
1064 2127 1114 2179 ei
1158 2127 1456 2196 adjutorem
1511 2144 1538 2181 e
1580 2130 1787 2197 regione

206 2216 402 2284 ipsius,
444 2216 527 2269 vel
562 2233 739 2269 coram
766 2232 844 2271 eo.
873 2217 1013 2272 Illud
1055 2218 1256 2288 quippe
1285 2219 1572 2273 κατέναντι
1599 2219 1783 2287 αὑτοῦ,

205 2305 290 2360 sic
339 2304 567 2374 intelligi
612 2305 727 2359 vult
775 2304 1126 2371 Anastasius,
1168 2306 1439 2361 ἀντίδικον
1487 2306 1581 2359 καὶ
1624 2305 1785 2359 πολέ-

206 2415 357 2468 μιον,
405 2398 770 2452 aduersarium
818 2409 865 2452 et
920 2398 1214 2460 inimicum,
1261 2399 1420 2468 quasi
1468 2399 1674 2454 scilicet
1717 2414 1784 2454 ex

206 2491 422 2560 Aquilae
455 2500 635 2545 mente
670 2490 816 2547 Deus
853 2491 1055 2545 homini
1085 2491 1369 2545 mulierem
1403 2492 1563 2562 quasi
1592 2491 1786 2546 adver~

206 2581 419 2637 sarium
475 2589 529 2635 et
575 2582 855 2636 inimicum
904 2582 1132 2636 dederit.
1190 2580 1415 2647 Verum,
1467 2590 1527 2638 ut
1583 2592 1788 2638 norunt

207 2686 405 2726 omnes
433 2670 619 2726 Grmce
650 2672 830 2739 periti,
864 2672 1148 2725 κατέναντι
1179 2672 1345 2725 αὑτοῦ
1394 2673 1483 2727 hic
1516 2672 1787 2743 signiﬁcat

208 2780 240 2817 e
274 2764 482 2832 regione
512 2763 698 2831 ipsius,
731 2762 845 2817 sive
879 2772 936 2815 ut
979 2762 1061 2815 illi
1089 2772 1286 2816 astaret
1318 2778 1335 2817 :
1386 2763 1628 2833 alioquin
1680 2779 1787 2818 vox

213 2853 433 2925 βοηθὸς,
465 2855 698 2923 adjutor,
729 2869 852 2923 quae
890 2855 1166 2922 praecedit,
1204 2854 1481 2910 Anastasii
1518 2855 1786 2924 interpre-

211 2947 477 3001 tationem
502 2962 731 3016 prorsus
760 2945 974 3000 refellit.
1006 2945 1140 3012 Quis
1178 2948 1324 3001 enim
1357 2956 1505 3017 putet
1532 2947 1785 3017 Aquilam

213 3037 296 3091 sic
322 3036 659 3105 interpretari
683 3037 941 3105 voluisse,
962 3036 1249 3093 Faciamus
1281 3039 1330 3093 ei
1359 3038 1657 3110 adjutorem
1687 3040 1785 3093 ad—

214 3128 508 3181 uersarium
526 3129 552 3182 2’

211 3237 306 3292 Ν.
345 3239 617 3312 Quaeritur
646 3254 832 3312 utrum
850 3240 1046 3312 Aquila
1074 3243 1215 3297 idem
1244 3246 1314 3297 sit
1341 3245 1431 3312 qui
1461 3242 1709 3305 Onkelus,
1738 3252 1788 3297 et

289 3322 469 3383 utrum
504 3309 769 3383 Thargum
801 3309 985 3366 Ouk’eli
1029 3312 1234 3383 aliquid
1277 3309 1548 3383 affinitatis
1599 3314 1787 3368 habeat

285 3398 407 3434 cum
444 3382 875 3451 interpretatione
903 3382 1130 3453 Aquilw.

285 3493 564 3563 Multiplex
593 3498 829 3565 quaestio
856 3507 1106 3554 movetur
1128 3497 1196 3552 de
1218 3497 1462 3565 Onkelo;
1491 3513 1555 3552 ac
1578 3498 1644 3551 de
1672 3498 1790 3567 ipso

214 3589 403 3641 statim
457 3588 673 3643 nomine
706 3590 995 3659 quaeritur,
1033 3606 1101 3643 an
1145 3588 1381 3645 Onkelos
1422 3591 1505 3645 vel
1548 3589 1788 3644 Onltelus

214 3678 360 3732 idem
393 3679 466 3733 sit
504 3679 651 3749 quod
694 3680 910 3750 Aquila.
958 3681 1102 3737 Sane
1151 3680 1388 3738 Onkelos
1422 3698 1525 3737 vox
1560 3691 1644 3737 est
1688 3680 1792 3736 He-

214 3770 380 3826 braeis
428 3780 710 3838 extranea,
736 3782 791 3827 et
824 3774 1122 3843 peregrina:
1154 3777 1350 3845 gentis,
1381 3791 1503 3845 qua:
1535 3791 1658 3830 cum
1687 3773 1792 3829 lle-

215 3860 406 3915 braice
457 3862 620 3916 scribi
660 3870 837 3932 empta
878 3874 980 3929 est,
1010 3865 1250 3935 aliquam
1298 3864 1651 3920 mutationem
1686 3880 1789 3917 no-

214 3967 453 4022 vamque
483 3954 921 4010 terminationem
945 3957 1172 4026 accepit.
1196 3954 1250 4010 Id
1282 3956 1467 4026 negari
1495 3970 1601 4009 non
1633 3968 1793 4023 posse

1814 1742 1857 1798 Β
1885 1769 2004 1823 cap.
2036 1753 2121 1819 li,
2153 1755 2552 1824 quaestiuncula
2589 1755 2645 1809 4.
2675 1754 2782 1807 Alii
2822 1753 3071 1808 eumdem
3101 1769 3221 1809 esse
3265 1763 3460 1824 putant

1886 1843 2239 1900 Chaldaicum
2279 1847 2675 1916 paraphrasten
2713 1853 2767 1901 et
2798 1843 3045 1900 Graecum
3086 1846 3452 1915 interpretem.

1892 1934 1960 1990 Ut
1990 1945 2049 1991 ut
2087 1952 2215 1991 vero
2240 1938 2332 2003 sit,
2368 1946 2575 1992 certum
2621 1947 2704 1993 est
2726 1937 3080 2008 paraphrasin
3116 1937 3262 1990 illam
3292 1936 3458 1991 Chal~

1886 2027 2099 2083 daicam
2147 2028 2283 2082 nihil
2329 2029 2529 2085 habere
2574 2045 2699 2084 cum
2732 2031 2979 2085 versione
3021 2028 3207 2084 Graeca
3250 2028 3460 2099 Aquilae

1888 2116 2186 2172 aliinitatis.
2214 2117 2372 2185 Nam,
2398 2129 2458 2173 ut
2485 2128 2679 2173 caetera
2707 2129 2937 2182 taceam,
2963 2120 3015 2172 in
3040 2118 3240 2188 quibus
3267 2132 3460 2173 omnes

1887 2208 2213 2279 interpretes
2238 2211 2609 2277 consentiunt,
2662 2225 2847 2265 vocem
2876 2217 3112 2270 nium-1:
3143 2209 3278 2265 Gen.
3321 2225 3360 2273 ι,
3404 2209 3455 2274 l,

1886 2299 2082 2370 Aquila
2131 2303 2313 2366 vertit,
2358 2303 2416 2355 ὲν
2466 2301 2767 2372 κεφαλαίῳ,
2820 2304 2874 2356 in
2922 2301 3175 2371 capitulo,
3224 2298 3459 2356 Onltelos

1887 2400 2067 2447 autem
2089 2400 2316 2480 τηε-φλ,
2340 2395 2394 2447 in
2413 2395 2672 2462 principio
2687 2410 2705 2457 ;
2722 2408 2953 2463 moxque
2975 2402 3095 2452 T111
3119 2403 3220 2452 1m
3240 2391 3456 2462 Aquila,

1888 2483 2112 2553 κένωμσ.
2156 2485 2251 2536 καὶ
2285 2482 2458 2547 οὐδὲν,
2502 2484 2737 2536 inanitas
2770 2492 2819 2537 et
2850 2482 3007 2548 nihil,
3035 2481 3285 2546 Onkelos,
3325 2489 3457 2540 δυ’ῐῖ
3548 2536 3556 2543 .

1886 2580 2130 2661 supra,
2162 2574 2369 2628 deserta
2400 2583 2447 2628 et
2480 2591 2666 2628 vacua.
2702 2575 2755 2643 ᾖ.
2789 2573 2844 2627 2.
2883 2581 3093 2635 nam:
3125 2569 3373 2642 Vulgata,
3407 2582 3459 2624 et

1889 2665 2122 2736 Spiritus
2142 2667 2236 2722 Dei
2264 2667 2562 2735 ferebatur;
2590 2665 2809 2735 Aquila,
2838 2664 3251 2736 ἐπιφερόμενον,
3277 2678 3460 2733 super-

1888 2758 2185 2827 ferebatur;
2238 2756 2494 2825 Onkelos,
2554 2767 2779 2821 κιιυιω,
2839 2755 3165 2825 imm/ﬂabat.
3228 2755 3458 2810 Genesis

1887 2865 2006 2920 cap.
2067 2866 2124 2914 ιι,
2173 2850 2223 2903 6.
2273 2860 2368 2910 τκπ
2403 2849 2648 2920 Vulgata,
2682 2863 2729 2904 et
2765 2849 2903 2919 fons,
2948 2849 3162 2918 Aquila,
3208 2848 3303 2901 καὶ
3335 2849 3459 2900 ὲπι-

1888 2941 2148 3013 exuam,
2194 2953 2242 2996 et
2274 2943 2514 2995 scatebra
2550 2941 2632 2996 vel
2661 2942 2964 3009 scaturigo;
3001 2938 3256 3006 Onkelos,
3284 2948 3457 3004 ιωπει,

1890 3041 1938 3087 et
1967 3033 2126 3087 nubes
2180 3035 2232 3104 Ῠ.
2262 3034 2311 3086 7.
2354 3042 2505 3094 -ιπτη
2532 3034 2747 3103 Aquila,
2776 3035 2869 3089 καὶ
2907 3034 3128 3100 ἔπλασε,
3172 3042 3221 3088 et
3253 3035 3458 3103 forma.

1891 3127 1995 3190 vit;
2035 3124 2272 3183 Onkelos
2299 3135 2458 3193 mm,
2491 3136 2538 3180 et
2569 3129 2780 3181 creavit.
2818 3126 2954 3183 Gen.
2990 3144 3073 3192 ιιι,
3107 3126 3194 3182 l6.
3224 3135 3463 3215 -ιτιρπωη

1892 3220 2110 3289 Aquila,
2165 3223 2199 3291 ἡ
2255 3221 2519 3290 συνάφεια
2571 3237 2686 3285 σου,
2749 3222 2972 3274 societas
3022 3230 3155 3285 tua;
3200 3218 3458 3286 Onkelos,

1893 3319 2184 3396 mimum,
2233 3313 2551 3367 desiderium
2598 3322 2764 3366 tuum.
2812 3312 2946 3366 Gen.
2988 3330 3062 3377 IV,
3116 3312 3171 3377 8,
3220 3312 3295 3366 ait
3336 3310 3462 3365 Ori-

1895 3420 2059 3473 genes
2086 3404 2336 3473 Aquilam
2368 3406 2703 3475 expressisse
2734 3405 2866 3460 illud
2900 3404 3054 3459 Caini
3076 3403 3305 3469 dictum,
3328 3402 3462 3456 διέλ-

1895 3497 2076 3567 θωμεν
2128 3499 2206 3560 εἰς
2240 3497 2301 3550 τὸ
2348 3496 2548 3562 πεδίον,
2601 3498 2932 3568 egrediamur
2977 3498 3033 3550 in
3072 3512 3334 3565 campum,
3377 3496 3462 3550 vel

1891 3589 2224 3659 egrediantur
2267 3590 2434 3659 foras,
2481 3590 2624 3659 quod
2667 3598 2843 3643 tamen
2893 3604 2999 3642 non
3042 3589 3239 3659 legitur
3271 3588 3325 3642 in
3350 3586 3461 3642 On-

1892 3678 2033 3733 kelo.
2065 3677 2131 3731 Et
2151 3679 2286 3734 Gen.
2322 3694 2442 3749 cap.
2465 3695 2538 3741 vl,
2575 3679 2629 3732 Ξ.
2666 3663 3007 3738 nvnSszn-vzz
3043 3678 3260 3747 Aquila,
3283 3679 3330 3730 ot
3354 3678 3464 3730 υἱοὶ

1892 3769 2000 3823 τῶν
2033 3770 2192 3835 θεῶν,
2234 3771 2336 3841 ﬁlii
2373 3772 2631 3837 deorum;
2661 3770 2918 3839 Onkelus,
2957 3778 3317 3835 N’J‘IJ‘T’JJ,
3359 3768 3464 3839 βιίὶ

1892 3860 2188 3929 principum
2214 3861 2297 3915 vel
2327 3871 2652 3931 magnatum.
2700 3860 2985 3916 innumera
3018 3874 3310 3931 congerere
3331 3875 3469 3929 pos-

1898 3966 2036 4016 sem,
2081 3952 2222 4008 unde
2253 3952 2519 4023 liquidum
2571 3953 2711 4009 foret
2749 3954 2885 4009 nihil
2911 3969 3033 4009 esse
3075 3953 3217 4008 inter
3252 3951 3463 4023 Aquilae

220 4045 457 4098 videtur.
492 4043 650 4099 Nulla
696 4055 877 4100 autem
923 4063 1028 4101 vox
1060 4047 1416 4118 propinquior
1451 4046 1528 4117 τῷ
1558 4043 1793 4099 0nkelos
1898 4044 2205 4098 versionem
2238 4044 2483 4101 Graecam
2510 4053 2564 4100 et
2584 4046 2932 4101 Chaldaicam
2968 4044 3324 4115 paraphrasin
3348 4042 3463 4097 alli—

216 4144 491 4206 estquam
536 4136 790 4207 Ἀκύλας,
812 4138 1031 4208 Aquilas
1063 4139 1148 4195 vel
1171 4137 1386 4210 Aquila.
1414 4137 1459 4192 Ο
1489 4138 1633 4193 enim
1664 4143 1717 4190 ct
1747 4133 1793 4187 A
1900 4135 2108 4191 nitatis.
2143 4135 2248 4193 Sed
2273 4137 2408 4205 haec,
2445 4137 2501 4192 ni
2528 4136 2706 4206 fallor,
2733 4138 2866 4193 satis
2895 4144 3075 4193 erunt.

1333 4380 1716 4472 CAPUT
1786 4381 2273 4472 SEXTUM

1298 4531 1390 4591 De
1444 4527 1810 4608 Symmachi
1840 4528 2391 4608 interpretatione.

224 4765 266 4813 Ι.
300 4761 798 4830 luitipllci‘tererrat
822 4763 1195 4830 Epiphaniuset
1217 4765 1481 4830 pugnantia
1498 4765 1734 4830 loquitur,
1758 4767 2055 4830 dampnat-rat
2079 4762 2419 4830 Symmachum
2446 4761 2748 4830 Scripturam
2776 4759 2987 4828 vertisse
3022 4763 3140 4807 ante
3163 4756 3462 4830 'l‘h‘eodptio:

296 4836 430 4872 nem.
446 4818 516 4894 ᾘ.
538 4823 723 4894 Auctor
1041 4818 1311 4894 Epiphanii'
1325 4839 1545 4875 errorem
1566 4818 2047 4894 '_sensisse_iyid_etur.
2098 4818 2208 4894 l'll._
2224 4822 2493 4894 Chrquicqn
2526 4818 2914 4894 Alexandrinum
2958 4832 3178 4869 errorem
3200 4818 3461 4894 Ali-piphaqi‘i

292 4882 597 4952 emendavit,
624 4893 678 4952 u_t
711 4893 765 4952 e_t
780 4878 1008 4952 Ad6._lV.
1034 4878 1108 4937 An
1131 4878 1254 4936 Eluas
1274 4878 1949 4952 interpretationes_ediderit
1973 4887 2305 4947 Symmachus.
2319 4885 2389 4952 _V.
2440 4884 2808 4952 Quo__ver_t_endi
2842 4894 3034 4952 genere
3052 4878 3262 4952 usus-sit
3283 4878 3376 4952 {ac
3395 4878 3462 4927 de

288 4941 1012 5010 annis_cbronologi_cisﬂprimae
1038 4956 1094 5010 et
1113 4950 1343 4997 secundas
1365 4941 1542 5009 relatis,
1564 4954 1620 4996 ut
1640 4964 1667 4998 a
1701 4941 2516 5010 Symmachofrepraeseulabantﬁ.
2541 4944 2625 4997 VI.
2650 4946 2765 5007 Ejus
2794 4941 2947 4994 editio
2966 4958 2995 4993 a
3020 4941 3273 4992 veteribus
3294 4944 3462 4991 admo-

291 4962 436 4995 annts
459 4962 698 4995 curonow
754 4962 821 4996 CIS
878 4962 1012 4996 rima?
1038 4962 1089 4997 et
1113 4962 1343 4997 secunda:
1365 4962 1542 5009 atatis,
1564 4962 1620 4996 ut.
1640 4964 1667 4998 a
1701 4962 1867 5009 bymm

291 5007 409 5055 dum
440 5007 651 5057 laudata.
674 4962 779 5057 ὥ
805 4962 1063 5059 Theodoro
1081 5009 1394 5060 Heracleotas
1425 5024 1523 5060 non
1543 5011 1611 5059 ita
1638 5011 1870 5072 probatur

223 5112 269 5166 l.
309 5109 683 5179 Hultipliciter
696 5121 845 5183 errat
857 5090 1185 5181 Epiphanius
1224 5122 1274 5183 et
1300 5114 1592 5183 pugnantia
1623 5113 1795 5183 loqui-
1822 5120 1873 5179 Ι)
1899 5102 2279 5170 concinnasse.
2313 5111 2439 5167 ldeo
2469 5089 2559 5166 ille
2592 5109 2984 5176 narrationem,
3017 5123 3180 5179 quam
3212 5124 3280 5163 ex
3311 5118 3462 5164 vete-

302 5192 422 5272 [πει
433 5183 784 5272 (1:13}ngfo
798 5181 1185 5272 Evtnmaclmm
1215 5181 1548 5253 Scrinium»!
1580 5181 1795 5238 υενιῖδδε
1895 5204 2067 5271 ribus,
2116 5210 2282 5272 atque
2319 5203 2515 5272 partim
2567 5211 2627 5257 ut
2670 5201 2884 5257 videtur
2923 5215 2990 5255 ex
3034 5200 3168 5270 ipsis
3212 5199 3464 5270 Origenis

302 5260 422 5305 an"
464 5250 889 5306 Thewommm'
1894 5250 2112 5363 scripiis
2165 5250 2468 5363 a‘cceprerat,
2523 5291 2661 5346 mire
2710 5250 3151 5360 perturbavitret
3189 5250 3465 5342 ἀσύςῗτατα

300 5383 659 5456 Epiphanius,
700 5392 993 5454 conspecto
1038 5384 1407 5456 ilexaplorum
1452 5387 1664 5454 ordine,
1701 5387 1796 5442 ubi
1896 5385 2054 5442 dixit.
2104 5385 2194 5439 Ait
2246 5385 2410 5455 igitur
2463 5382 2649 5439 Severi
2693 5384 3029 5453 temporibus
3076 5381 3462 5454 Symmachum

226 5476 594 5547 Symmachus
615 5484 740 5531 ante
769 5474 1196 5532 Theodotionem
1228 5477 1459 5547 positus,
1491 5478 1792 5533 secundum
1899 5476 2303 5532 Samaritanum
2354 5475 2492 5529 inter
2523 5474 2794 5544 sapientes
2828 5473 3005 5545 gentis
3048 5489 3161 5529 suae
3192 5474 3463 5542 ﬂoruisse,

221 5568 410 5624 locum
465 5567 522 5620 in
578 5564 782 5621 Graecis
835 5566 1166 5621 editionibus
1213 5568 1535 5636 occupabat,
1586 5569 1795 5638 putavit
1899 5577 2060 5638 atque
2106 5568 2403 5623 ambitione
2446 5574 2501 5621 et
2547 5565 2865 5620 dominandi
2915 5564 3169 5635 cupidine
3218 5566 3465 5632 ductum,

229 5658 624 5732 Symmachum
670 5657 823 5728 prius
866 5655 1237 5716 Theodotione
1291 5658 1581 5715 editionem
1636 5674 1791 5716 suam
1900 5676 2025 5716 cum
2050 5658 2195 5729 apud
2223 5657 2557 5715 contribules
2582 5657 2691 5712 voti
2721 5671 2946 5726 compos
2970 5671 3092 5714 esse
3120 5670 3229 5712 non
3258 5664 3464 5723 posset.
