3832 6214
378 228 450 289 87

376 448 639 516 temporis
668 467 826 508 usum
860 463 1146 529 praeputio,
1176 475 1228 521 et
1257 482 1475 541 accepta
1504 475 1687 531 denuo
1717 480 1952 537 circum—

374 537 606 610 cisione,
639 542 781 601 inter
812 545 1031 609 Judaeos
1059 570 1511 619 connumeratum
1548 567 1732 625 fuisse.
1766 571 1952 630 Hacte-

370 646 477 687 nus
503 636 687 690 omnia
734 643 1022 709 quadrant.
1064 646 1122 702 ln
1149 650 1252 706 hoc
1287 663 1467 710 tamen
1503 659 1682 716 dill‘ert
1729 665 1799 719 ab
1839 665 1951 720 Eu-

371 724 625 827 sebionet
682 728 1033 807 Hieronymo,
1082 746 1227 811 quod
1278 747 1330 799 hi
1376 747 1714 820 Ehionaeum,
1749 757 1802 811 id
1841 770 1945 827 est,

370 814 900 881 senii-Christianum
942 834 998 882 et
1039 830 1468 906 semi-Judarum,
1520 840 1723 899 factum
1774 847 1946 908 fuisse

366 905 589 976 dicant;
618 909 954 982 Epiphanius
987 935 1116 977 vero
1158 924 1227 979 ad
1282 905 1498 987 Iudaeus
1536 905 1945 1006 descivisse,iet

364 996 508 1054 inter
561 999 779 1062 Iudaeos
842 1007 1013 1067 fuisse
1063 1028 1516 1079 connumeratum
1575 1042 1779 1086 narret.
1835 1032 1939 1091 Sed

364 1088 586 1149 Eusebii
615 1105 669 1151 et
701 1096 1017 1174 Hieronymi
1051 1110 1379 1171 testimoniis
1412 1120 1666 1176 standum
1699 1138 1822 1180 esse
1855 1129 1938 1182 vi-

361 1180 519 1282 detur
553 1202 567 1239 :
600 1187 802 1282 quippe
842 1194 933 1262 qui
974 1194 1174 1255 librum
1210 1200 1521 1275 Symmachi
1555 1212 1810 1282 viderint,
1844 1180 1937 1275 ubi

362 1288 427 1328 ex
460 1274 753 1349 Evangelio
787 1282 1021 1343 Matthtei
1061 1288 1438 1353 Ebionitarum
1467 1301 1661 1373 dogma
1689 1274 1937 1365 asserere

357 1366 653 1426 nitebatur.
698 1371 853 1440 Quod
901 1393 1035 1435 sane
1079 1385 1300 1443 nonnisi
1343 1390 1609 1450 Ebionitae
1641 1401 1936 1458 convenire

355 1467 550 1526 potest.
591 1461 716 1519 Mox
761 1477 940 1523 autem
978 1470 1316 1544 Epiphanius
1347 1484 1517 1551 probe
1551 1490 1782 1557 positam
1819 1508 1851 1548 a
1874 1509 1934 1550 se

355 1549 727 1627 chronologize
770 1572 953 1619 notam
1000 1571 1215 1635 evertit,
1260 1549 1384 1628 cum
1436 1549 1568 1633 ait
1596 1579 1728 1637 Post
1770 1585 1930 1654 hunc,

357 1644 571 1700 tantillo
611 1649 788 1722 elapso
831 1666 1081 1727 tempore,
1120 1663 1216 1717 hoc
1240 1676 1316 1720 est
1348 1668 1637 1727 Commodo
1678 1679 1926 1744 secundo,

351 1733 448 1788 τοῦ
481 1737 758 1812 δευτέρου,
791 1747 1100 1820 imperante,
1125 1757 1217 1825 qui
1247 1771 1363 1828 post
1397 1760 1621 1818 Lucium
1654 1769 1929 1827 Aurelium

351 1824 716 1899 Commodum,
744 1841 987 1897 tredecim
1003 1847 1157 1900 annis
1184 1850 1480 1919 imperavit,
1516 1855 1800 1915 Theodotio
1814 1865 1929 1932 qui-

347 1918 492 1985 dam,
527 1939 710 1991 genere
739 1927 1014 2001 Ponticus,
1041 1953 1106 1990 ea:
1141 1938 1430 1998 Marcionis
1458 1947 1824 2007 haeresiarcha:
1848 1955 1928 2024 fa-

347 2011 539 2079 ctione,
556 2031 675 2071 cum
698 2019 887 2078 heresi
907 2042 1018 2082 sate
1037 2045 1382 2104 succenseret,
1396 2039 1466 2092 ad
1476 2038 1694 2099 Iudaeos
1710 2046 1919 2116 defecit.

346 2098 467 2168 Quo
494 2109 678 2175 posito
712 2114 944 2184 calculo,
978 2098 1494 2193 interpretatio'sub
1527 2132 1728 2189 Severo
1754 2098 1919 2207 facta,

342 2203 501 2250 aetate
528 2206 867 2268 praecesserit
900 2224 1020 2265 eam
1052 2229 1175 2284 qua:
1215 2219 1320 2275 sub
1357 2219 1660 2282 Commodo
1692 2231 1919 2286 concin-

343 2293 470 2343 nata
513 2301 616 2356 est,
648 2309 771 2364 qua:
814 2310 941 2356 sunt
986 2305 1403 2378 ἀπροσδιόνυσα.
1439 2316 1578 2372 Cum
1614 2326 1915 2390 praesertim

340 2377 430 2476 ille
476 2380 834 2445 Commodum
888 2377 1136 2468 designet
1179 2416 1303 2458 eum
1340 2408 1434 2476 qui
1464 2377 1915 2476 tredecimannis

337 2466 642 2542 imperavit,
665 2479 750 2534 cui
776 2492 898 2549 post
926 2466 1264 2548 Pertinacem
1287 2507 1340 2551 et
1357 2466 1586 2557 -Didium
1612 2502 1909 2576 Julianum,

334 2561 431 2629 qui
456 2567 646 2633 paucis
682 2576 967 2633 mensibus
999 2595 1315 2653 regnarunt,
1352 2596 1621 2650 successit
1655 2595 1908 2659 Severus.

332 2646 487 2711 Hanc
540 2672 669 2714 vero
710 2662 1079 2741 chronologiaa
1126 2678 1389 2734 rationem
1441 2684 1549 2739 alio
1600 2702 1910 2748 commento

332 2756 578 2804 asserere
609 2752 800 2810 nititur
834 2773 1027 2818 auctor
1058 2766 1337 2838 Epitomes
1360 2774 1484 2831 libri
1519 2777 1577 2833 S.
1617 2780 1906 2853 Epiphanii

1105 2833 1120 2838 _
1618 2833 1906 2853 Ἴτην..

329 2833 408 2890 De
440 2846 717 2912 mensuris,
749 2856 911 2917 quam
937 2855 1079 2912 infra
1107 2861 1356 2928 edemus,
1383 2883 1507 2923 cum
1533 2870 1630 2939 ait,
1661 2872 1908 2946 Symma-

329 2928 492 2985 chum
536 2940 841 2997 versionem
868 2962 1031 3002 snam
1066 2952 1302 3012 edidisse
1330 2962 1433 3015 sub
1462 2963 1764 3023 Cotnmodo
1801 2970 1901 3027 Se-

324 3034 483 3090 vero;
516 3024 942 3092 Theodotionem
971 3057 1102 3099 vero
1142 3048 1245 3102 sub
1270 3049 1575 3111 Commodo
1612 3065 1853 3119 secundo
1884 3085 1897 3120 :

323 3128 446 3184 qua:
479 3134 612 3174 sane
643 3136 811 3181 ruunt
843 3140 897 3184 et
931 3136 1234 3194 consistere
1265 3159 1370 3198 non
1402 3159 1632 3215 possunt
1668 3171 1682 3206 :
1715 3156 1898 3213 nullus
1927 3127 1968 3184 Ο

319 3207 465 3261 enim
517 3211 848 3275 Commodus
898 3222 1133 3284 Severus
1174 3233 1473 3302 imperator
1523 3241 1659 3311 fuit,
1711 3249 1896 3305 nullus

319 3308 441 3366 post
465 3316 588 3357 eum
624 3305 961 3370 Commodus
986 3323 1258 3382 secundus
1291 3331 1522 3387 exstitit.

315 3432 379 3488 ll.
408 3436 609 3493 Auctor
641 3437 933 3516 Synopseos
980 3451 1263 3532 Epiphanii
1290 3478 1520 3520 errorem
1560 3475 1784 3530 sensisse
1814 3480 1892 3532 vi-

1008 3526 1175 3580 detur.

382 3624 589 3683 Auctor
637 3646 767 3687 vero
810 3632 1137 3706 Synopseos,
1183 3659 1345 3713 quam
1392 3646 1530 3705 falso
1590 3658 1886 3727 ascriptam

309 3716 613 3776 Athanasio
650 3737 929 3796 putamus,
954 3747 1017 3786 ex
1056 3732 1360 3806 Epiphanio
1384 3744 1603 3812 quidem
1637 3716 1887 3810 hau-sisse

307 3812 543 3880 videtur,
599 3825 659 3871 ut
709 3834 774 3873 ex
825 3824 1113 3879 verborum
1169 3828 1527 3891 similitudine
1577 3843 1880 3913 probatur;

306 3903 400 3957 sed
434 3904 548 3960 sive
585 3906 874 3978 Epiphanii
909 3930 1153 3971 errorem
1189 3926 1443 3989 senserit,
1481 3928 1596 3983 sive
1621 3936 1881 3989 emenda—

306 3992 445 4048 tiore
473 3995 585 4050 alio
631 4001 928 4070 exemplari
958 4006 1033 4060 sit
1082 4023 1234 4074 usus,
1266 4002 1319 4065 in
1371 4015 1515 4071 notis
1555 4028 1611 4072 et
1657 4022 1880 4081 calculis

303 4084 419 4139 suis
437 4100 467 4139 a
495 4102 619 4141 vera
642 4089 1012 4165 chronologiaa
1028 4099 1240 4155 ratione
1267 4103 1451 4161 minus
1483 4109 1687 4166 recedit
1709 4128 1874 4183 quam

300 4171 639 4245 Epiphanius
691 4184 818 4238 :ait
858 4186 1004 4241 enim
1057 4187 1446 4260 Symmachum
1500 4201 1603 4256 sub
1649 4171 1873 4272 Severo,

300 4262 730 4329 Theodotionem
777 4279 882 4334 sub
922 4279 1225 4340 Commodo
1271 4288 1684 4360 interpretatum
1727 4313 1873 4365 esse,

293 4356 355 4415 ἐν
385 4362 535 4434 αὐτῷ
566 4365 645 4437 τῷ
674 4368 873 4441 χρόνῳ,
900 4375 1078 4427 eodem
1110 4388 1373 4446 tempore;
1407 4383 1502 4452 qui
1534 4400 1661 4441 vera
1690 4387 1873 4445 dicere

1733 258 2255 325 PRELIMINARIA

376 353 447 408 ad
481 352 700 416 Iudaeos
742 360 1060 432 descivisse,
1099 371 1435 447 reductoque
1474 385 1775 442 secundum
1806 390 1952 449 illius
1986 407 2026 462 Α
2059 396 2198 449 tione
2229 398 2489 452 narravit.

3556 293 3630 350 88

2540 398 2693 456 lianc
2725 419 3042 468 germanam
3093 422 3391 471 veramque
3428 420 3637 484 tempoo

2059 499 2179 537 rum
2211 487 2474 542 rationem
2499 489 2567 542 ab
2589 488 2894 561 Epiphanio
2919 512 2977 551 se
3007 498 3282 567 accepisse
3310 502 3636 558 testiﬁcatur

2055 574 2143 630 ille
2182 594 2195 630 :
2244 578 2389 633 unde
2434 578 2667 639 fortasse
2713 587 2956 655 suspicio
2991 589 3225 653 oriatur,
3260 589 3632 662 Epiphanium

2052 669 2121 723 ab
2177 669 2429 739 imperito
2481 676 2718 745 quodam
2774 680 2994 734 homine
3042 682 3288 738 vitiatum
3343 684 3513 743 luisse
3573 690 3630 743 in

2050 765 2457 833 exemplaribus
2480 786 2599 838 qua:
2626 773 2691 825 ad
2723 788 2825 829 nos
2855 775 3211 844 devenerunt,
3241 788 3631 852 auctoremque

2048 853 2295 912 Chronici
2347 859 2700 918 Alexandrini
2749 865 2909 936 longe
2957 866 3173 923 diverso
3220 872 3513 940 exemplari
3573 880 3632 929 et

2045 948 2264 1016 quidem
2310 954 2682 1010 emendatiore
2731 974 2889 1012 usum
2941 974 3080 1013 esse.
3133 959 3237 1015 Sed
3278 962 3405 1018 huic
3440 965 3629 1035 StISpi-

2043 1040 2189 1094 cioni
2222 1043 2523 1102 reclamare
2560 1049 2775 1104 videtur
2805 1051 2972 1106 editio
3008 1052 3295 1123 Epiphanii
3335 1057 3623 1124 hodierna,

2042 1133 2202 1202 cujus
2234 1136 2394 1191 verba
2435 1137 2626 1195 Latine
2664 1152 2873 1197 tantum
2915 1145 3198 1201 brevitatis
3230 1162 3396 1204 causa
3432 1149 3622 1227 profe-

2041 1224 2214 1280 rimus
2248 1245 2262 1281 :

2107 1316 2241 1372 Post
2292 1320 2547 1389 Aquilam
2601 1326 2737 1379 hunc
2786 1342 2835 1380 et
2888 1328 3035 1383 illius
3092 1331 3622 1403 interpretationem,

2038 1407 2279 1465 Adriano
2304 1412 2615 1482 imperatori
2657 1420 2889 1475 succedit

2106 1500 2402 1559 Antoninus
2425 1511 2729 1578 cognomine
2753 1508 2965 1580 Pius,et
2989 1518 3209 1587 imperat
3236 1535 3404 1574 annos
3426 1520 3624 1590 viginti

2035 1592 2188 1649 duos.

2106 1685 2264 1741 Ilunc
2308 1691 2503 1761 excipit
2542 1691 2883 1763 Caracallus,
2911 1700 3001 1768 qui
3043 1708 3094 1754 et
3134 1699 3289 1769 Geta,
3317 1711 3366 1755 et
3392 1701 3615 1757 Marcus

1962 1760 2006 1814 Β
2029 1778 2283 1833 Aurelius
2322 1778 2487 1835 Verus
2517 1783 2820 1851 dicebatur,
2848 1790 3006 1842 annis
3035 1803 3252 1859 septem.

2102 1870 2280 1941 Hujus
2307 1883 2538 1943 tempore
2572 1877 2844 1947 imperavit
2875 1891 2924 1934 et
2955 1879 3150 1937 Lucius
3177 1883 3421 1940 Aurelius
3451 1886 3609 1942 Const

2026 1965 2233 2030 modus,
2263 1968 2418 2021 annis
2447 1971 2662 2038 perinde
2687 1983 2899 2041 septem.

2095 2057 2358 2114 Pertinaa:
2383 2062 2651 2118 mensibus
2683 2080 2794 2119 seat.

2094 2150 2317 2208 Severus
2357 2155 2510 2209 annis
2540 2158 2849 2212 octodecim.

2093 2242 2271 2314 llujus
2299 2262 2458 2316 porro
2489 2245 2666 2302 Severi
2711 2251 3054 2320 temporibus,
3085 2251 3432 2325 Symmachus
3480 2263 3609 2328 qui-

2018 2332 2143 2386 dam
2194 2333 2571 2393 Samaritanus
2622 2341 2848 2406 exstitit,
2879 2359 2944 2397 ea:
2998 2360 3176 2400 eorum
3227 2365 3464 2416 numero,
3507 2370 3608 2423 qui

2016 2425 2159 2492 apud
2186 2426 2307 2481 illos
2337 2431 2595 2498 sapientes
2619 2431 2898 2496 habentur,
2931 2444 3134 2501 etc.,ut
3162 2454 3327 2508 supra
3352 2445 3604 2497 narravi-

2016 2530 2161 2571 mus.
2198 2517 2495 2589 Postquam
2533 2538 2676 2604 vero.
2712 2522 3026 2596 Symmachi
3076 2530 3361 2587 historiam
3399 2536 3601 2603 texuit,

2013 2606 2086 2662 ita
2113 2610 2286 2679 pergit
2312 2629 2326 2665 :

2082 2699 2211 2754 Post
2260 2702 2398 2757 hunc
2426 2720 2454 2758 e
2500 2706 2717 2776 vestigio
2746 2706 3083 2779 subsequenti
3123 2723 3373 2782 tempore,
3404 2714 3461 2768 id
3487 2727 3597 2782 est,

2008 2792 2154 2847 circa
2188 2795 2469 2864 imperium
2522 2797 2801 2854 Commodi
2846 2804 3086 2868 secundi,
3117 2806 3209 2875 qui
3235 2817 3351 2875 post
3390 2811 3599 2877 praedio

2006 2893 2149 2937 ctum
2174 2884 2397 2939 Lucium
2427 2888 2707 2943 Aurelium
2735 2890 3083 2947 Commodum
3106 2897 3383 2966 imperat-it
3410 2902 3594 2957 tredeo

2005 2976 2109 3029 cim
2156 2980 2333 3043 annis,
2371 2978 2656 3036 Theodotio
2702 2985 2922 3054 quidam
2968 2985 3244 3049 Ponticus.
3277 3007 3341 3045 ea:
3378 3010 3596 3049 succes-

2002 3068 2146 3122 sione
2175 3067 2466 3125 Marcionis
2488 3074 2851 3130 hazresiarchat
2870 3074 3196 3148 Sinopensis,
3228 3091 3331 3137 etc.
3358 3094 3418 3139 ut
3444 3083 3588 3140 Tam

2002 3158 2297 3216 immanem
2328 3172 2491 3218 rectae
2512 3152 2887 3238 'chronologite
2913 3173 3280 3241 eversionem,
3309 3183 3417 3231 tam
3445 3193 3587 3247 pra:-

1998 3261 2273 3320 posteram
2330 3255 2723 3325 imperatorum
2780 3260 3155 3319 Romanorum
3210 3270 3589 3326 enumeratio-

1997 3360 2144 3413 nem,
2174 3349 2258 3403 vel
2303 3365 2334 3403 a
2357 3390 2360 3394 .
2383 3350 2644 3417 librariis,
2683 3353 2821 3408 vela
2853 3358 3146 3413 temerario
3177 3362 3432 3430 quopiam
3472 3362 3580 3418 ho-

1992 3437 2160 3503 mine,
2208 3439 2263 3493 in
2321 3449 2527 3496 textum
2584 3441 2871 3513 Epiphanii
2920 3446 3198 3504 inductam
3262 3449 3429 3506 fuisse
3475 3453 3577 3508 vix

1992 3532 2293 3586 crederem.
2336 3531 2573 3605 Verique
2610 3536 2847 3592 similius
2884 3554 3009 3595 esse
3044 3541 3300 3608 arbitror,
3336 3541 3584 3613 Epipha-

1990 3620 2554 3695 nium,indiligentem
2582 3641 2714 3683 sane
2741 3629 3159 3700 chronologum,
3197 3649 3320 3688 cum
3356 3644 3584 3704 putaret

1990 3707 2302 3779 Symmachi
2335 3717 2653 3782 editionem,
2700 3720 2829 3790 quia
2870 3729 2996 3778 ante
3015 3723 3403 3782 Theodotionis
3449 3744 3584 3782 ver-

1985 3802 2196 3858 sionem
2238 3805 2292 3858 in
2338 3804 2594 3878 llesaplis
2631 3812 2953 3880 ponebatur,
2982 3827 3107 3871 esse
3137 3817 3240 3872 hac
3289 3820 3579 3889 antiquio-

1983 3905 2133 3959 rem,
2191 3903 2250 3948 ut
2303 3895 2428 3951 huic
2484 3899 2729 3968 opinioni
2788 3902 3060 3959 calculum
3120 3911 3573 3966 accommodaret

1981 3998 2162 4051 suum,
2182 3986 2321 4039 hanc
2341 3988 2502 4044 rebus
2523 3999 2577 4044 et
2598 3995 2930 4062 temporibus
2949 3999 3405 4066 perturbationem
3425 4013 3574 4058 attu-

1980 4074 2147 4131 lisse:
2180 4094 2305 4131 nam
2342 4079 2432 4134 ubi
2466 4091 2674 4150 postea,
2705 4101 2813 4140 non
2845 4089 3031 4145 multis
3058 4090 3394 4162 interpositis
3430 4111 3564 4149 ver-

1978 4168 2083 4236 bis,
2114 4168 2506 4233 imperatorum
2536 4176 2732 4231 seriem
2784 4181 2997 4250 repetit,
3031 4198 3127 4239 eos
3156 4201 3258 4241 suo
3297 4202 3435 4256 pene
3462 4203 3567 4243 or-

1974 4260 2088 4314 dini
2116 4263 2375 4328 restituit,
2401 4267 2532 4334 quia
2558 4269 2706 4323 nulla
2736 4270 2877 4327 facta
2911 4273 3226 4345 Symmachi
3248 4279 3558 4348 mentione,

1975 4352 2369 4424 nihilopinioni
2400 4371 2514 4412 suae
2536 4374 2844 4432 repugnans
2873 4365 3234 4434 oﬂ‘ercbatur;
3263 4370 3342 4425 sic
3368 4382 3557 4427 autem
3640 4437 3658 4449 .

292 4458 644 4525 comperitur,
675 4460 721 4515 si
747 4462 914 4518 addas
944 4465 1170 4520 circiter.
1206 4441 1319 4525 lmo
1349 4441 1515 4527 etiam
1540 4476 1658 4531 sine
1680 4441 1868 4536 addito
1896 4476 1944 4534 D
1974 4441 2175 4499 habet:
2208 4445 2341 4500 P0“
2367 4448 2693 4506 An‘o’linum
2727 4453 2887 4509 Pium
2923 4463 3157 4528 regnavit
3191 4460 3407 4517 Nam":
3433 4465 3558 4519 Au-

289 4557 455 4618 atque
477 4559 906 4621 temperamento
925 4558 1031 4614 dici
1065 4560 1203 4617 forte
1224 4573 1401 4633 potest
1435 4567 1863 4628 Theodotionem

286 4650 342 4695 et
368 4639 760 4714 Symmachum
784 4649 974 4704 eodem
1007 4660 1251 4724 tempore
1272 4662 1545 4716 vertenda:
1571 4661 1866 4734 Scriptura;

285 4746 459 4789 sacra:
489 4734 801 4806 insudasse,
832 4742 928 4796 sed
958 4743 1034 4798 ita
1072 4758 1132 4801 ut
1165 4745 1472 4807 Theodotio
1500 4754 1674 4823 prius,
1710 4756 1863 4829 Sym-

283 4827 512 4882 machus
546 4838 725 4884 autem
756 4834 973 4890 modico
1002 4848 1127 4905 post
1160 4848 1405 4912 tempore
1448 4827 1858 4917 interpretatio-

280 4931 406 4972 nem
433 4934 591 4974 suam
620 4921 673 4975 in
705 4922 879 4979 lucem
908 4927 1213 4986 emiserint.

276 5047 365 5108 lll.
426 5053 720 5112 Chronicon
784 5058 1204 5150 Alemandrinum
1267 5088 1496 5150 errorem
1565 5077 1851 5150 Epiphanii

733 5137 1049 5200 emendavit,
1094 5150 1150 5193 ut
1187 5151 1238 5194 et
1286 5144 1424 5199 Ado.

342 5237 548 5295 Auctor
584 5239 730 5298 ’γει-ο
785 5244 1031 5303 Chronici
1098 5252 1486 5326 Alexandrini,
1556 5274 1844 5335 postquam

270 5321 663 5391 Theodotionis
690 5339 983 5398 editionem
1009 5344 1061 5397 in
1085 5361 1288 5403 annum
1314 5349 1598 5411 Commodi
1627 5374 1840 5415 sexrum

268 5426 606 5494 contulerat;
637 5440 690 5485 et
741 5443 950 5502 postea.
990 5440 1183 5497 ordine
1215 5448 1477 5515 temporis
1516 5455 1837 5522 procedens,

267 5514 581 5587 Symmachi
619 5523 1118 5596 interpretationem
1160 5514 1533 5596 annoSeveri
1578 5559 1724 5599 nono
1754 5544 1827 5599 fa-

263 5618 407 5663 ctam
445 5612 674 5676 dixerat,
703 5617 773 5670 sit
806 5618 1049 5677 claudit:
1088 5622 1215 5678 Ha'c
1242 5628 1573 5698 Epiphanius
1608 5630 1835 5704 Cyprius
1884 5652 1889 5657 ‘

257 5699 323 5754 de
353 5701 520 5759 tribus
545 5706 914 5776 interpretibus
942 5714 1160 5785 Aquila,
1190 5718 1503 5788 Symmacho
1529 5735 1577 5779 et
1602 5699 1834 5783 Theodo-

1971 4537 2135 4591 relius
2161 4538 2480 4607 Antoninus,
2508 4545 2598 4612 qui
2618 4554 2668 4598 et
2713 4545 2890 4615 Verus,
2918 4553 3071 4604 annis
3100 4556 3470 4612 novemdecim.

2042 4627 2173 4684 Post
2203 4630 2341 4686 hunc
2368 4632 2687 4690 Commodus
2715 4641 2851 4692 alius
2884 4642 3106 4710 imperat
3128 4645 3280 4699 annis
3302 4662 3422 4713 xm,
3450 4665 3553 4703 cu-

1954 4719 2049 4787 jus
2087 4729 2315 4792 tempore
2359 4726 2605 4792 ﬂoruisse
2656 4731 2887 4786 diximus
2942 4733 3348 4792 Theodotionem
3376 4780 3392 4805 ,
3448 4745 3550 4811 qui

1960 4822 2206 4881 quartam
2229 4817 2709 4887 interpretationem
2742 4825 2928 4879 edidit.

2030 4904 2377 4963 Commodum
2398 4913 2538 4968 hunc
2566 4917 2759 4985 excipit
2778 4917 3059 4982 Pertinazc,
3076 4928 3124 4973 et
3149 4922 3371 4992 imperat
3391 4943 3545 4982 men-

1955 5014 2035 5051 888
2062 5015 2172 5053 sex.

2029 5088 2170 5144 Hinc
2204 5090 2423 5150 Severus
2455 5114 2574 5151 cum
2601 5099 2868 5155 Antonino
2884 5104 3021 5173 ﬁlio,
3041 5109 3194 5163 annis
3218 5126 3366 5166 xvttt.
3391 5111 3541 5166 illor-

1952 5192 2041 5236 tuo
2066 5180 2253 5239 Severo
2282 5191 2511 5243 succedit
2537 5192 2852 5249 Antoninus.

2020 5271 2075 5326 ln
2109 5275 2209 5329 hac
2241 5288 2512 5347 postrema
2543 5285 2859 5340 recensione
2887 5285 3246 5346 Commodum
3272 5307 3379 5349 non
3405 5295 3533 5352 loco

1946 5380 2048 5421 suo
2078 5370 2286 5433 movit,
2330 5372 2459 5441 quia
2495 5389 2616 5427 cum
2658 5377 2803 5430 nulla
2835 5379 2938 5432 sub
2972 5378 3175 5437 Severo
3209 5385 3529 5456 Symmachi

1944 5460 2149 5515 mentio
2181 5461 2368 5528 fieret,
2413 5462 2549 5516 nihil
2578 5477 2964 5538 praecouceptze
3000 5486 3029 5525 a
3059 5488 3116 5526 se
3147 5476 3391 5545 opinioni
3431 5497 3526 5535 re-

1942 5549 2248 5619 pugnabat;
2277 5565 2399 5621 qua:
2425 5552 2612 5622 opinio
2636 5564 2745 5609 tam
2790 5559 2897 5613 alte
2947 5562 3131 5625 animo
3163 5565 3283 5634 ejus
3336 5568 3520 5626 deﬁxa

1937 5650 2075 5709 erat,
2102 5652 2161 5699 ut
2191 5644 2317 5699 licet
2353 5653 2596 5701 veterum
2621 5660 2674 5703 et
2704 5647 2842 5706 forte
2872 5650 3123 5725 Origcnis
3154 5655 3325 5728 ipsius
3358 5663 3518 5717 testi-

1937 5736 2122 5791 monio
2146 5737 2431 5808 edisceret,
2464 5737 2857 5799 Theodotionis
2891 5743 3183 5803 editionem
3221 5751 3324 5807 sub
3348 5750 3522 5809 Com.
