3832 6214
189 299 264 355 89
1411 295 1481 352 ΙΝ
1519 293 1845 352 HEXAPLA
1884 291 2230 352 ORIGENIS.
3385 298 3458 352 ω

192 417 380 485 modo,
423 414 738 490 Symmachi
768 415 872 472 sub
905 412 1107 470 Severo
1123 413 1415 485 prodiisse,
1448 415 1634 469 mallet
1656 414 1773 482 ipse
1802 420 1849 475 Α
1877 412 2319 485 quandoquidem
2353 427 2455 467 nec
2480 414 2545 468 de
2566 412 2769 483 duplici
2804 411 3015 483 Aquila:
3049 413 3312 481 editione,
3336 433 3459 485 qua:

189 503 457 560 Severum
503 514 628 560 ante
677 502 1042 558 Commodum
1083 502 1286 565 locare,
1321 516 1486 572 quam
1516 500 1771 555 Theodo-

188 600 361 654 tionis
390 599 685 653 editionem
735 595 1051 668 Symmachi
1097 594 1353 650 versione
1405 595 1768 665 antiquiorem

190 692 379 747 fateri.
408 692 777 758 Quamobrem
802 690 891 745 ubi
921 689 1085 758 paulo
1120 697 1310 758 postea
1341 688 1600 743 lectorem
1650 704 1770 742 mo-

185 792 304 848 net,
328 791 516 838 caveat
548 798 638 844 ne,
666 783 793 852 quia
825 780 965 836 LXX
994 782 1321 851 Interpretes
1364 790 1489 850 post
1516 781 1769 852 Aquilam

188 888 243 931 et
261 874 647 947 Symmachum
669 876 720 929 in
741 874 992 944 llexaplis
1011 874 1282 937 locantur,
1305 873 1577 927 existimet
1601 873 1773 942 Aqui-

185 966 298 1020 lam
329 975 382 1020 et
413 964 800 1036 Symmachum
843 978 964 1019 esse
1007 961 1147 1015 LXX
1181 960 1575 1031 lnterpretibus
1630 962 1774 1015 amvi-

184 1060 436 1127 qniores,
463 1058 778 1127 neutiquam
801 1066 1004 1122 monet,
1024 1071 1092 1110 ne
1117 1055 1504 1130 Symmachum
1534 1054 1769 1123 priorem

186 1147 567 1216 Theodotione
597 1150 714 1218 pari
758 1149 824 1202 de
857 1162 1022 1203 causa
1074 1154 1243 1216 putet.
1302 1145 1551 1201 Chronici
1608 1145 1774 1213 igitur

186 1240 547 1293 Alexandrini
588 1247 801 1305 auctor,
834 1238 890 1291 in
920 1237 1144 1292 calculis
1175 1235 1399 1306 peritior
1444 1234 1770 1303 Epiphanio,

184 1346 254 1386 ex
306 1332 519 1387 duabus
574 1346 740 1400 supra
790 1328 1105 1384 memoratis
1138 1328 1531 1399 imperatorum
1580 1341 1772 1380 recen-

186 1427 460 1492 sionibus,
494 1425 565 1480 ab
600 1423 951 1495 Ephiphanio
998 1423 1162 1478 editis
1186 1462 1201 1487 ,
1262 1437 1446 1476 veram
1488 1422 1775 1490 utriusque

186 1519 509 1587 interpretis
541 1526 780 1582 aetatem,
812 1515 971 1586 quasi
1009 1515 1079 1569 ab
1128 1512 1431 1583 Epiphanio
1470 1520 1770 1574 mutuatus,

186 1610 495 1679 assignavit
525 1627 538 1662 :
575 1624 676 1663 nec
702 1607 847 1663 enim
875 1608 1129 1677 ignorare
1154 1605 1331 1676 potuit
1353 1620 1497 1670 eam,
1524 1621 1646 1675 qum
1673 1605 1774 1659 sub

187 1701 498 1758 Commodo
532 1702 756 1772 prodiit,
786 1701 1077 1756 editionem
1104 1741 1119 1765 ,
1153 1700 1503 1754 vetustiorem
1553 1715 1616 1753 ea
1649 1715 1774 1754 csse

184 1811 316 1866 quae
352 1794 456 1849 sub
491 1791 712 1848 Severo.
753 1790 872 1847 ΑιΙο
919 1792 1047 1846 item
1082 1792 1137 1845 in
1170 1792 1430 1847 Chronica
1461 1807 1647 1847 veram
1683 1792 1768 1845 in-

183 1895 490 1958 terpretum
545 1896 759 1941 aetatem
824 1884 1158 1954 descripsit;
1231 1900 1355 1938 nam
1408 1883 1474 1938 de
1525 1893 1769 1953 [erupere

183 1979 413 2034 Adriani
440 1980 669 2048 loquens
702 1977 781 2033 ait
816 1998 827 2032 :
868 1976 976 2031 Per
1004 1978 1140 2030 idem
1169 1986 1368 2046 tempus
1397 1974 1590 2045 Aquila
1621 1974 1765 2028 Pouo

184 2071 329 2125 ticns
361 2070 638 2137 interpres,
663 2067 922 2122 secundus
955 2076 1072 2136 post
1094 2064 1244 2119 LXX
1265 2107 1281 2131 ,
1320 2067 1510 2120 oritur.
1548 2063 1614 2117 Et
1664 2063 1768 2119 sub

181 2162 508 2226 Commodo,
542 2160 861 2215 Theodotion
897 2159 1152 2230 Ephesius
1185 2160 1441 2228 interpres
1460 2160 1647 2212 tertius
1668 2174 1766 2227 ap-

181 2255 389 2323 paruit.
456 2254 599 2308 Idem
640 2255 742 2308 sub
788 2252 992 2308 Severo
1026 2294 1041 2318 ,
1104 2251 1454 2323 Symmachus
1507 2251 1766 2321 interpres

180 2356 410 2416 quartus
440 2346 766 2416 agnoscitur.
801 2343 1233 2399 Theodotiunem
1268 2344 1431 2413 igitur
1459 2352 1583 2397 ante
1607 2341 1767 2413 Sym-

182 2434 443 2487 machum
480 2433 774 2488 editionem
810 2434 1064 2489 emisisse
1095 2449 1273 2498 suam,
1308 2448 1374 2486 cx
1407 2432 1472 2488 iis
1507 2449 1627 2503 quae
1669 2448 1765 2488 su-

180 2538 279 2594 pra
304 2525 450 2579 dicta
487 2535 637 2589 sunt;
694 2525 962 2591 liquidum
1006 2536 1110 2581 est.
1167 2525 1410 2595 Idipsum
1470 2526 1768 2581 credidisse

180 2618 401 2671 videtur
433 2616 820 2690 llieronymus,
853 2619 945 2689 qui
978 2619 1055 2673 ait
1079 2616 1371 2672 Comment.
1391 2619 1446 2670 in
1487 2616 1763 2679 Hesuiam,

178 2719 307 2777 Cap.
341 2723 472 2761 Lvnt
507 2750 523 2773 ,
558 2723 610 2762 ν.
650 2708 683 2762 6
716 2726 730 2763 :
788 2708 897 2762 Pro
930 2717 1117 2762 catena
1160 2706 1313 2761 LXX
1349 2707 1679 2779 σύνδεσμον,
1713 2708 1770 2761 id

177 2808 262 2855 est
279 2800 822 2871 colligationem,’sive
836 2800 1111 2855 vinculum
1132 2800 1515 2854 transtulerunt
1534 2816 1553 2865 ;
1570 2799 1769 2871 Aquila

178 2893 321 2946 sicut
346 2907 508 2953 supra
536 2907 780 2947 errorem
808 2894 1186 2962 interpretatus
1215 2902 1293 2947 est
1317 2909 1336 2958 ;
1374 2890 1723 2964 Symmachus
1748 2936 1765 2961 ,

178 2979 236 3034 in
275 2977 649 3035 Theodotionis
680 2985 817 3037 scita
834 2984 1136 3047 concedens,
1160 2992 1404 3054 torquem
1428 2986 1625 3054 posuit.
1645 2984 1768 3052 Quo

181 3072 391 3129 indicat
421 3069 810 3141 Symmachum
866 3075 919 3129 in
965 3077 1204 3131 editione
1237 3092 1333 3132 sua
1371 3085 1617 3131 secutum
1645 3093 1768 3133 esse

179 3165 686 3239 interpretationem
715 3165 1137 3233 Theodotionis,
1171 3175 1357 3237 utpote
1397 3167 1762 3238 antiquioris;

179 3260 540 3315 conﬁrmatur
560 3261 722 3314 etiam
760 3261 950 3315 lrenzei
977 3260 1119 3323 loco,
1148 3260 1238 3315 ubi
1270 3261 1445 3330 carpit
1477 3260 1565 3314 ille
1593 3260 1765 3331 Aqui-

178 3351 289 3408 lam
318 3361 373 3407 et
420 3353 849 3409 Thcodotionem
903 3361 1136 3419 tantum,
1195 3355 1341 3423 quod
1376 3369 1496 3424 cap.
1533 3369 1606 3408 vn
1658 3354 1766 3409 lle-

180 3448 313 3502 saiaa
341 3462 532 3501 vocem
566 3429 725 3510 m5?
758 3445 1021 3501 verterint
1070 3444 1252 3509 vsavlc;
1277 3484 1292 3509 ,
1327 3444 1722 3499 adulescentula
1747 3488 1763 3516 ,

179 3555 293 3592 non
323 3537 614 3610 παρθένος,
652 3539 817 3608 virgo,
854 3548 915 3592 ut
944 3535 1083 3590 LXX
1114 3538 1456 3608 interpretes.
1495 3537 1549 3592 Si
1579 3549 1762 3594 autem

182 3628 551 3703 Symmachus
573 3633 686 3700 jam
728 3631 1021 3691 editionem
1042 3645 1198 3685 suam
1222 3631 1494 3700 publicam
1525 3629 1762 3697 fecisset,

176 3739 305 3781 cum
342 3735 397 3778 et
428 3725 542 3794 ipse
586 3722 764 3786 νεανὶς
800 3721 1172 3787 transtulerit,
1222 3738 1290 3775 an
1337 3723 1762 3791 prsetermitteno

177 3816 285 3873 dus
316 3824 434 3871 erat
466 3817 535 3869 ab
564 3816 772 3868 lrenteo
793 3813 817 3867 ‘i
842 3812 913 3867 At
951 3828 1075 3867 eum
1113 3828 1181 3867 ex
1229 3811 1490 3868 Chronico
1524 3813 1761 3869 Alexan-

177 3909 361 3975 drino,
394 3923 540 3962 anno
572 3906 756 3963 Severi
787 3921 934 3960 nono
963 3905 1327 3978 Symmachus
1359 3907 1762 3978 interpretatio—

179 4016 307 4056 nem
336 4015 492 4056 suam
519 3999 953 4063 concinnaverit,
984 4013 1092 4052 non
1127 4000 1305 4069 potuit
1353 4001 1423 4055 ab
1449 4000 1649 4058 Irenaeo
1677 4019 1764 4058 re-

178 4095 465 4166 prehendi,
492 4094 585 4163 qui
617 4108 762 4147 anno
792 4092 1010 4147 circiter
1038 4092 1279 4147 secundo
1313 4093 1557 4163 ejusdem
1591 4096 1764 4166 impe-

177 4188 385 4242 ratoris
418 4187 738 4257 martyrium
775 4200 970 4254 passus
1011 4199 1133 4238 esse
1170 4193 1412 4255 putatur.
1450 4185 1589 4243 Hinc
1632 4205 1761 4244 vero

178 4280 428 4346 corrigas
460 4279 624 4333 velim
655 4286 896 4333 nostram
932 4277 995 4331 ad
1028 4274 1311 4346 Synopsim
1351 4278 1643 4348 Scriptura:
1668 4298 1760 4335 sa-

154 4388 286 4428 -ετω
308 4382 513 4436 notam,
559 4372 650 4427 ubi
676 4380 798 4441 post
834 4370 1153 4443 Dionysium
1188 4371 1469 4427 Petavium
1498 4375 1756 4440 diximus,

1872 506 2121 576 pluribus
2145 506 2474 561 testimoniis
2501 507 2788 568 asseritur,
2820 508 3045 560 verbum
3076 505 3227 561 fecit.
3260 505 3457 562 Hiero-

1874 612 2074 667 nymus
2108 615 2238 653 vero
2269 599 2408 654 duas
2437 599 2600 653 etiam
2649 597 3039 670 Symmachum
3072 599 3326 654 emisisse
3375 608 3459 654 te-

1873 688 2139 743 stilicatur
2179 689 2471 743 Comment.
2526 690 2584 742 in
2626 687 2877 752 Nahum,
2928 702 3049 757 cap.
3088 704 3186 753 ιιι,
3236 689 3305 752 1,
3364 690 3457 744 ubi

1873 783 1947 835 ait
1981 801 1994 836 :
2025 781 2092 835 In
2131 780 2354 836 Hebrteo
2379 780 2622 845 habetur,
2663 796 2867 835 rnsnsc
2900 796 3098 846 ιιΑιιιΑ,
3126 782 3265 852 quod
3293 784 3458 836 inter-

1872 881 2111 942 pretatus
2140 883 2217 927 est
2248 872 2465 943 Aquila,
2497 871 2891 944 ὲξανχενισμοῦ
2921 873 3136 945 πλήρης
3160 914 3175 937 ,
3227 873 3283 927 id
3340 884 3454 939 est,

1873 967 2309 1021 cxcervicatione
2332 967 2518 1036 plena;
2546 964 2893 1035 Symmachus
2924 978 3123 1029 autem,
3153 966 3456 1037 ἁποτομίας

1874 1060 2112 1131 πλήρης,
2147 1059 2286 1130 quod
2309 1074 2588 1128 possumus
2612 1058 2807 1122 dicere,
2838 1057 3159 1112 credulitate
3194 1057 3271 1111 rei
3296 1074 3456 1113 seve—

1875 1152 2036 1206 ritate
2059 1150 2237 1220 plena.
2266 1148 2332 1202 In
2351 1149 2520 1202 altera
2537 1149 2650 1217 ejus
2670 1148 2897 1201 editione
2914 1149 3105 1217 reperi,
3126 1148 3457 1217 μελοκοπιας

1876 1241 2111 1313 πλήρης,
2140 1241 2195 1294 id
2217 1250 2314 1305 est,
2350 1241 2686 1295 sectionibus
2712 1238 2957 1294 carnium
2986 1277 3002 1302 ,
3058 1250 3112 1296 et
3142 1239 3331 1295 frustis
3362 1254 3456 1310 per

1876 1336 2119 1390 membra
2162 1334 2402 1389 concisis
2434 1334 2612 1404 plena.
2659 1331 2788 1387 Dure
2816 1333 2979 1386 etiam
3013 1349 3200 1404 ett-que
3228 1334 3457 1389 diversae

1879 1425 2191 1498 Symmachi
2222 1426 2485 1481 lectiones
2521 1425 2823 1479 afferuntur
2846 1423 3005 1480 llesai
3032 1441 3196 1490 XLvn,
3224 1425 3291 1491 2;
3318 1422 3457 1481 Osee

1877 1534 1976 1581 xu,
2005 1518 2066 1571 il
2092 1536 2105 1584 ;
2133 1516 2275 1572 Psal.
2304 1532 2427 1584 eis,
2458 1518 2509 1571 l.
2544 1515 2613 1570 Et
2639 1517 2689 1569 in
2714 1515 3021 1585 Appendice
3056 1514 3229 1570 Exod.
3262 1530 3453 1581 xxvut,

1880 1611 1965 1665 M.
1995 1609 2052 1665 ln
2082 1611 2238 1666 libris
2268 1611 2397 1666 item
2434 1609 2453 1663 Ι
2482 1621 2536 1665 et
2576 1608 2619 1663 ll
2648 1608 2856 1677 Regum
2890 1609 3033 1664 binae
3060 1623 3453 1679 nonnunquam

1880 1703 2192 1775 Symmachi
2221 1703 2697 1773 interpretationes
2720 1702 3042 1757 afferuntur.
3082 1700 3215 1757 Vide
3241 1702 3406 1756 etiam
3435 1742 3452 1768 ,

1872 1798 2050 1860 sodes,
2073 1795 2322 1851 Jeremize
2348 1812 2439 1861 xx,
2471 1796 2524 1860 5,
2545 1804 2599 1850 et
2620 1793 2731 1849 Jer.
2762 1812 2891 1861 xxx,
2927 1796 3020 1859 52,
3068 1798 3122 1849 in
3152 1807 3302 1851 no:a.
3340 1794 3449 1852 Sed

1871 1886 1999 1956 quia
2029 1886 2301 1956 ejusmodi
2327 1887 2574 1955 exempla
2599 1902 2707 1941 non
2733 1886 2805 1940 ita
2830 1886 3131 1956 frequentia
3160 1896 3309 1951 sunt,
3324 1903 3459 1943 con-

1864 1978 2109 2049 jectandi
2149 1979 2305 2034 locus
2338 1988 2422 2035 est
2465 1979 2853 2051 Symmachum
2898 1996 3004 2035 non
3039 1981 3177 2035 duas
3228 1983 3458 2037 omnino

1869 2067 2115 2124 diversas
2139 2069 2408 2125 editiones
2425 2068 2713 2136 emisisse;
2746 2070 2840 2124 sed
2872 2086 3035 2140 quam
3055 2073 3292 2139 priorem
3318 2072 3455 2125 emi-

1871 2168 2018 2214 serat
2054 2160 2261 2229 aliquot
2290 2160 2344 2213 in
2369 2160 2501 2215 locis
2518 2160 2859 2224 emendasse,
2882 2161 3154 2231 verbaque
3172 2162 3278 2215 alia
3310 2161 3456 2218 iden-

1872 2252 2038 2306 tidem
2074 2252 2423 2307 substituisse
2450 2267 2549 2322 pro
2575 2251 2720 2306 aliis.
2748 2253 3002 2322 Alioquin
3034 2253 3080 2307 si
3112 2254 3271 2320 duas,
3316 2269 3454 2325 per-

1870 2343 1996 2398 inde
2036 2354 2200 2414 atque
2260 2345 2455 2414 Aquila
2483 2387 2498 2410 ,
2548 2361 2883 2415 prorsusque
2912 2347 3093 2401 varias
3127 2348 3456 2416 interpreta-

1868 2435 2047 2490 tiones
2073 2437 2484 2502 concinnasset,
2515 2438 2646 2508 quid
2675 2454 2855 2493 caussa
2881 2448 2964 2493 est
2993 2455 3092 2493 cur
3121 2455 3245 2495 cum
3292 2440 3457 2512 longe

1873 2528 2181 2599 elegantior
2210 2539 2266 2583 et
2298 2529 2493 2584 melior
2518 2532 2788 2600 interpres
2816 2546 2845 2584 a
2873 2532 3058 2586 multis
3113 2533 3332 2588 habitus
3382 2534 3454 2590 sit

1870 2634 2034 2689 quam
2065 2620 2284 2690 Aquila,
2305 2630 2417 2676 tem
2449 2637 2636 2691 paucae
2668 2634 2849 2678 latnen
2886 2638 2950 2678 ex
2980 2625 3147 2678 altera
3177 2625 3298 2693 ejus
3338 2625 3454 2681 edi-

1873 2714 2021 2768 tione
2056 2713 2319 2769 lectiones
2348 2714 2669 2781 atierantur,
2705 2717 2924 2786 quando
2972 2725 3053 2771 tot
3100 2725 3358 2788 tantaque
3383 2733 3450 2773 ex

1870 2804 2113 2859 secunda
2165 2804 2376 2876 Aquilae
2425 2806 2665 2861 editione
2716 2808 3055 2877 supersunt?
3086 2807 3215 2863 Haec
3262 2809 3452 2880 conje-

1870 2897 2069 2951 ctando
2099 2897 2274 2952 solum
2311 2898 2454 2953 dicta
2481 2900 2632 2954 sint:
2679 2917 2766 2956 res
2793 2901 2936 2955 enim
2988 2916 3099 2956 non
3151 2902 3227 2957 ita
3265 2906 3452 2975 exple-

1870 2998 1988 3044 rata
2018 2999 2103 3046 est
2123 3031 2139 3059 ,
2171 3000 2231 3045 ut
2260 3001 2379 3047 tuto
2403 2994 2680 3062 possimus
2710 2995 3035 3049 sententiam
3067 2993 3227 3050 ferre.

1793 3113 1836 3170 ο
1869 3100 1935 3156 γ.
1954 3102 2088 3176 Quo
2124 3105 2357 3158 vertendi
2383 3123 2569 3176 genere
2602 3124 2730 3161 usus
2757 3108 2859 3160 sit:
2887 3120 2934 3161 et
2962 3107 3025 3161 de
3047 3110 3201 3161 annis
3231 3109 3451 3164 chrono-

1942 3174 2129 3244 logicis
2158 3177 2346 3250 prima:
2386 3174 2451 3231 ac
2490 3178 2736 3233 secundae
2776 3180 2949 3233 artatis
2978 3188 3035 3232 ut
3066 3197 3099 3233 a
3137 3178 3450 3250 Symmache

1940 3246 2376 3300 numerabantur.

1936 3359 2314 3431 lnterpretatio
2345 3359 2660 3432 Symmachi
2687 3363 2995 3418 clarissima
3055 3371 3109 3418 et
3165 3364 3452 3436 elegantis-

1866 3454 2007 3510 sima
2034 3454 2280 3509 omnium
2310 3463 2418 3509 est.
2450 3453 2559 3510 Res
2590 3455 2678 3507 ille
2710 3464 2769 3507 ut
2791 3454 3085 3523 plurimum
3125 3464 3249 3524 apte
3280 3471 3345 3511 ac
3365 3456 3452 3510 di-

1867 3544 2044 3599 lucide
2077 3544 2333 3614 exprimit
2366 3563 2377 3597 :
2417 3558 2525 3597 non
2556 3544 2717 3597 verba
2748 3544 2963 3612 singula
3000 3546 3322 3613 scrupulose
3364 3560 3450 3600 re-

1868 3636 2010 3692 ferre
2031 3637 2213 3693 studet
2238 3647 2298 3690 ut
2334 3637 2530 3706 Aquila
2557 3651 2571 3701 ;
2603 3650 2711 3690 non
2741 3635 2882 3688 LXX
2918 3637 3244 3705 interpretes
3261 3653 3453 3707 presso

1864 3727 2095 3795 vestigio
2125 3726 2374 3797 sequitur
2405 3735 2464 3780 ut
2497 3724 2842 3792 Theodotio;
2870 3727 2962 3780 sed
2998 3728 3081 3782 vel
3111 3727 3176 3797 vin
3201 3728 3451 3785 diﬂicilli-

1866 3818 1970 3871 mis
1995 3817 2132 3871 locis
2164 3830 2385 3871 sensum
2417 3815 2491 3868 ita
2524 3814 2723 3884 legenti
2762 3814 3017 3878 exhibet,
3060 3824 3117 3869 ut
3146 3817 3330 3870 statim
3362 3816 3451 3870 in-

1866 3908 2154 3978 telligatur.
2186 3905 2541 3960 Hebraismos
2573 3919 2700 3958 raro
2746 3914 3009 3961 sectatur.
3064 3904 3449 3978 Summopere-

1864 4014 1972 4069 que
2000 4014 2224 4053 curasse
2258 3997 2496 4063 videtur,
2525 4011 2591 4051 ne
2637 3996 2914 4066 quidpiam
2972 3997 3026 4049 in
3060 3995 3244 4050 Graeca
3304 3998 3449 4053 serie

1864 4101 2111 4162 poneret,
2140 4091 2285 4160 quod
2314 4089 2561 4145 Graecum
2608 4089 2865 4144 lectorem
2898 4088 3159 4144 llebraire
3193 4090 3446 4159 ignarum

1863 4184 2135 4238 oﬂ‘endere
2169 4194 2392 4253 posset:
2438 4198 2502 4238 ea
2544 4192 2725 4239 tamen
2750 4184 2982 4246 cautela,
3012 4193 3071 4239 ut
3115 4182 3445 4238 llebraicum

1861 4276 2140 4345 exemplar
2178 4277 2397 4331 unicum
2431 4279 2769 4347 sequendum
2810 4278 2913 4332 sibi
2947 4287 3291 4347 proponeret,
3342 4293 3446 4332 nec

1861 4369 2139 4438 quidpiam
2163 4383 2227 4422 ex
2258 4369 2499 4425 editione
2528 4369 2637 4424 τῶν
2672 4373 2748 4433 0',
2780 4370 2868 4422 ubi
2894 4384 3016 4423 cum
3044 4367 3309 4423 Hebraieo
3335 4384 3445 4423 non

180 4463 575 4537 Symmachum
608 4466 901 4520 editionem
935 4479 1092 4519 suam
1126 4467 1379 4523 emisisse
1424 4477 1551 4523 ante
1581 4467 1758 4523 Τιιρο-
1792 4460 1836 4514 D
1864 4462 2186 4530 quadrabat,
2226 4460 2281 4515 in
2335 4462 2833 4532 interpretationem
2893 4477 3046 4516 suam
3104 4461 3440 4517 refumleret.

176 4556 477 4612 dotionem.

209 4645 301 4702 IV.
336 4651 419 4703 An
443 4650 577 4703 duas
612 4650 1069 4720 interpretationes
1112 4649 1325 4704 ediderit
1351 4646 1721 4719 Symmachus.

250 4741 369 4809 Qua
399 4756 528 4796 vero
559 4750 836 4811 permotus
864 4754 1031 4793 causa
1061 4727 1127 4793 ad
1178 4737 1517 4809 Seripturam
1573 4740 1759 4796 Graece

177 4835 639 4904 interpr-claudam
681 4833 925 4886 animum
949 4831 1217 4900 appulerit
1242 4831 1626 4902 Symmachus,
1660 4833 1759 4888 do-

176 4939 266 4987 cet
304 4931 446 4985 idem
490 4926 828 4997 Epiphanius
862 4943 875 4978 :
920 4927 1048 4995 quia
1080 4925 1341 4979 nimirum
1400 4923 1759 4981 Samaritanis

176 5021 594 5085 infensus‘erat,
627 5016 1036 5072 translationem
1068 5031 1265 5070 novam
1298 5031 1590 5086 aggressus
1631 5024 1755 5082 est,

174 5126 240 5170 ut
296 5111 768 5167 Samaritanorum
822 5110 1296 5178 interpretationes
1352 5117 1642 5163 everteret.
1697 5111 1757 5163 In

174 5204 429 5276 Epitome
474 5199 762 5271 Epiphanii
817 5199 890 5254 De
935 5199 1250 5269 ponderibus
1287 5214 1417 5267 mox
1449 5200 1656 5255 edenda
1683 5200 1760 5255 le-

176 5299 345 5370 gitur,
370 5295 452 5359 εις
487 5291 816 5365 διαστροφὴν
847 5291 955 5345 τῶν
986 5290 1138 5364 παρὰ
1175 5292 1544 5365 Σαμαρείταις
1579 5294 1753 5365 ἑρμη-

174 5387 401 5451 νεντῶν,
432 5388 501 5441 ad
529 5387 845 5441 eversionem
869 5386 1210 5454 interpretum
1245 5383 1711 5440 Samaritanorum
1737 5401 1756 5439 :

177 5484 343 5537 hasce
399 5494 563 5549 porro
620 5478 1101 5548 interpretationes
1156 5475 1374 5532 Graecas
1430 5476 1637 5544 fuisse,
1689 5493 1757 5532 ex

174 5573 511 5643 conjecturis
539 5570 831 5626 admodum
856 5569 1233 5640 probabilibus
1259 5585 1425 5641 supra
1442 5571 1753 5626 statuimus.

177 5662 323 5719 Duas
349 5661 743 5736 Symmachum
767 5662 1032 5717 editiones
1069 5662 1323 5718 emisisse
1352 5671 1560 5717 certum
1603 5663 1754 5719 vide-

175 5764 301 5827 tur;
334 5770 435 5811 nec
469 5754 671 5810 mirum
718 5761 804 5810 est
847 5750 1206 5824 Epiphaniam
1267 5753 1321 5810 id
1374 5754 1703 5825 prateriisse
1735 5795 1750 5822 ,

1861 4552 2227 4620 Quamobrem
2260 4554 2312 4607 in
2336 4555 2499 4609 annis
2530 4553 2929 4625 ebronologicis
2947 4555 3015 4608 ab
3041 4553 3249 4608 Adamo
3269 4568 3445 4623 usque

1860 4647 1925 4701 ad
1944 4647 2335 4711 Abrahamum,
2361 4647 2525 4701 missa
2554 4646 2908 4717 Septuaginta
2930 4645 3288 4715 luterpretum
3309 4661 3438 4715 sup-

1858 4739 2159 4808 putatione,
2186 4737 2432 4792 llebraiei
2458 4753 2673 4807 semper
2729 4747 2909 4791 textus
2943 4752 3118 4793 annos
3162 4739 3439 4807 exprime-

1859 4829 1970 4896 bat,
2000 4839 2059 4884 ut
2086 4831 2408 4885 testiﬁcatur
2440 4828 2706 4884 Eusebius
2736 4829 3021 4884 Emisenus
3047 4831 3098 4883 in
3135 4831 3436 4901 locoquem

1857 4938 1922 4977 ex
1952 4923 2347 4991 manuscriptis
2378 4929 2693 4990 excerptum
2722 4923 3007 4975 retulimus
3039 4923 3092 4975 in
3127 4923 3270 4977 notis
3299 4921 3435 4977 Gen.

1860 5029 1912 5077 v,
1944 5013 1997 5067 5.
2028 5011 2308 5076 Hebraeus,
2343 5012 2520 5082 inquit
2552 5013 2641 5067 ille
2662 5055 2676 5078 ,
2710 5024 2758 5066 et
2786 5011 2953 5082 Syrus
2996 5024 3045 5067 et
3087 5014 3436 5084 Symmachus

1858 5106 1914 5158 in
1948 5105 2265 5177 genealoyiis
2317 5094 2525 5157 centum
2553 5122 2718 5159 annos
2763 5106 2937 5158 minus
2966 5122 3169 5174 semper
3195 5117 3436 5174 ponunt;

1856 5199 2079 5267 exempli
2109 5215 2270 5251 causa
2297 5199 2549 5266 scriptum
2586 5207 2661 5250 est
2696 5197 2749 5249 in
2782 5194 2933 5249 LXX
2957 5199 3096 5265 quod
3111 5197 3281 5249 Adam
3299 5215 3437 5252 anno

1856 5293 1976 5345 uitce
2004 5306 2179 5345 ccxxx
2208 5291 2442 5361 genuerit
2475 5288 2644 5353 Setlt;
2682 5289 2756 5342 ibi
2801 5289 3056 5342 Hebrwus
3084 5304 3223 5343 cxxx
3257 5289 3433 5344 habet.

1861 5383 1993 5437 Illos
2022 5391 2197 5437 autem
2221 5394 2431 5436 centum
2463 5397 2627 5434 annos
2671 5380 2884 5450 reliquis
2910 5381 3103 5434 Adami
3126 5383 3246 5437 ritu:
3283 5385 3436 5438 annis

1859 5474 2123 5543 adiungit.
2147 5472 2342 5527 Mirum
2366 5482 2546 5526 autem
2576 5472 2627 5524 in
2653 5472 2971 5525 recensione
3000 5488 3186 5527 eorum
3211 5477 3302 5545 qui
3332 5475 3438 5533 lie-

1859 5566 2103 5622 braieum
2136 5574 2342 5620 textum
2383 5565 2438 5618 in
2467 5579 2740 5619 annorum
2801 5565 3009 5621 calculo
3051 5574 3222 5621 secuti
3266 5579 3435 5638 sunt,

1858 5660 2165 5727 Hebraeum,
2198 5660 2396 5732 Syrum
2431 5669 2486 5715 et
2513 5658 2900 5733 Symmachum
2932 5660 3243 5722 memorari,
3269 5660 3439 5732 Aqui~

1859 5754 1965 5809 lam
2000 5766 2130 5809 vero
2167 5752 2260 5807 τὸν
2287 5750 2601 5806 δουλεύοντα
2632 5754 2697 5824 τῇ
2746 5750 3007 5823 Ἐϐραῖκῇ
3030 5747 3173 5820 λέξει
3205 5761 3401 5823 praeter
