3832 6214
376 281 444 341 91
1750 287 2276 351 ΡΒᾸΞΕΙΜΙΝΔΒΙΑ
3580 275 3653 332 92

378 400 545 469 mitti,
572 401 666 472 qui
699 402 907 475 utique,
940 415 1001 460 ut
1036 403 1366 463 Hebraicum
1416 423 1631 480 semper
1677 411 1965 480 scrupulo-
1992 416 2040 471 Α
2068 420 2124 465 et
2154 407 2413 481 loquendi
2464 407 2706 462 rationes
2741 402 3035 475 deligeret,
3066 415 3190 470 quae
3231 397 3496 468 majorem
3526 396 3646 467 qui-

379 494 497 549 sius
524 509 690 564 quam
719 498 899 551 caeteri
943 508 1166 556 secutus
1196 510 1302 566 est,
1333 501 1386 555 in
1419 516 1693 557 annorum
1739 502 1967 557 calculis

378 584 560 655 ipsum
586 600 697 640 non
730 585 1043 645 deseruisse
1076 592 1352 660 putandus
1378 598 1480 646 est.
1525 590 1631 646 Sed
1658 591 1742 645 vel
1768 592 1965 662 Aquila

377 677 435 731 in
464 678 789 734 recensione
816 679 907 735 illa
939 680 1161 738 Eusebii
1190 680 1800 746 Emisenilibrariorum
1833 684 1966 739 vitio

374 769 660 836 exciderit,
680 772 762 826 vel
783 773 910 842 quia
931 772 1212 829 Hebraeum
1238 790 1453 845 semper
1472 776 1721 845 sequitur
1743 777 1964 847 Aquila,

376 860 559 931 ipsum
587 877 696 920 non
740 867 1161 921 memorandum
1200 882 1322 923 esse
1355 869 1650 935 censuerit,
1679 871 1827 939 quod
1856 885 1961 940 pu-

377 964 520 1009 taret
556 955 693 1011 satis
721 971 846 1012 esse
892 957 1182 1015 Hebraeum
1217 961 1513 1028 nominari,
1552 972 1611 1016 ut
1648 965 1831 1018 statim
1873 979 1964 1019 se-

375 1054 640 1116 queretur
659 1047 913 1119 Aquilam
938 1052 1130 1107 eodem
1174 1053 1338 1108 modo
1368 1054 1622 1121 vertisse,
1651 1066 1841 1126 utpote
1867 1057 1965 1127 qui

378 1138 589 1195 Hebraei
625 1157 841 1213 semper
874 1144 1118 1214 vestigiis
1160 1146 1385 1202 haereat.
1430 1147 1697 1203 Praeterea
1732 1164 1841 1203 non
1881 1149 1966 1203 in-

373 1233 562 1288 solens
595 1243 678 1289 est
706 1244 920 1291 veteres
951 1237 1095 1304 illos,
1123 1238 1289 1293 etiam
1342 1240 1435 1295 ubi
1463 1240 1573 1295 duo
1621 1241 1708 1295 vel
1743 1251 1853 1296 tres
1879 1242 1964 1295 in-

372 1330 638 1394 terpretes
670 1328 915 1381 eamdem
945 1328 1118 1398 ipsam
1149 1330 1434 1386 lectionem
1454 1332 1766 1402 praeferunt,
1790 1349 1960 1388 unum

373 1425 590 1471 tantum
631 1434 698 1472 ex
727 1420 834 1475 illis
864 1436 1296 1477 commemorare
1319 1463 1334 1488 ,
1364 1432 1424 1478 ut
1450 1425 1754 1480 sexcenties
1788 1426 1840 1480 in
1870 1428 1964 1480 de-

370 1523 539 1565 cursu
571 1511 737 1581 hujus
763 1514 944 1583 operis
978 1516 1400 1572 animadvertes.
1439 1516 1595 1583 Quod
1618 1519 1684 1573 ad
1710 1517 1963 1574 Theodo-

374 1600 578 1656 tionem
628 1619 759 1658 vero
793 1615 1022 1676 spectat,
1062 1608 1361 1665 verisimile
1409 1620 1494 1666 est
1532 1613 1713 1682 ipsum
1766 1612 1820 1666 in
1865 1629 1960 1684 ge-

369 1691 654 1763 nealogiis,
698 1703 758 1749 ut
788 1706 841 1751 et
863 1698 995 1753 alibi
1029 1697 1491 1770 frequentissime,
1511 1701 1652 1755 LXX
1689 1704 1958 1774 lnterpre-

2068 502 2190 556 dem
2226 499 2670 571 perspicuitatem
2708 495 3059 567 praeferrent,
3095 491 3190 547 sed
3223 490 3288 545 ad
3322 487 3651 543 Hebraicum

2068 609 2177 649 non
2206 595 2279 649 ita
2312 594 2667 663 quadrarent.
2715 588 2795 642 Ad
2826 587 2940 641 haec
2969 593 3150 640 autem
3172 623 3189 648 ,
3237 580 3650 646 similitudines,

2066 684 2269 754 quibus
2302 682 2547 736 abundat
2589 678 2852 734 Hebraica
2885 676 3090 745 lingua,
3121 671 3484 744 Symmachus
3507 683 3653 739 sepe

2068 776 2125 830 in
2151 776 2404 830 versione
2430 788 2529 829 sua
2564 787 2672 827 non
2703 767 3008 839 expressit;
3034 767 3221 836 sicque
3246 764 3518 819 dictorum
3539 761 3649 815 vim

2065 875 2119 922 et
2140 866 2446 937 emphasim
2488 863 2788 928 enervavit,
2825 869 2885 915 ut
2916 874 3042 915 cum
3065 900 3081 927 ,
3115 857 3261 913 verbi
3290 870 3481 922 causa,
3516 852 3651 908 illud

2064 961 2264 1030 psalm.
2316 974 2497 1023 van,
2551 957 2641 1023 51,
2676 962 2888 1014 arma
2924 960 3074 1017 ττητ,
3123 965 3155 1004 a
3186 946 3327 1003 LXX
3376 945 3650 1015 lnterpre-

2064 1054 2212 1108 tibus
2257 1051 2337 1107 sic
2388 1065 2742 1120 expressum,
2792 1049 2826 1118 ὴ
2879 1043 3168 1113 συναγωγὴ
3235 1040 3343 1095 τῶν
3400 1038 3644 1110 ταύρων,

2065 1145 2397 1216 congregatio
2430 1152 2727 1203 taurorum,
2759 1137 3146 1211 Symmachus,
3180 1134 3380 1203 συνόδῳ
3413 1146 3642 1202 παμμε-

2063 1239 2240 1311 γεοῶν
2260 1277 2274 1302 ,
2307 1236 2701 1307 congregationi
2731 1231 3129 1304 prwgrandium
3153 1269 3169 1295 ,
3212 1227 3403 1293 vertit,
3438 1235 3499 1279 ut
3526 1226 3647 1280 cla-

2063 1333 2181 1388 rius
2231 1346 2343 1386 rem
2388 1330 2766 1400 exprimeret:
2821 1335 2876 1381 et
2916 1324 2996 1379 sic
3038 1320 3456 1378 similitudinem
3493 1318 3649 1372 illam

2063 1424 2327 1487 abstulit,
2376 1437 2499 1493 qua:
2545 1436 2671 1475 cum
2720 1417 3017 1489 quamdam
3075 1414 3357 1486 ἐνέργειαν
3409 1409 3649 1465 orationi

2065 1518 2306 1582 inderet,
2356 1513 2493 1569 nihil
2534 1521 2714 1566 tamen
2748 1508 2937 1565 sensui
2972 1505 3256 1561 alliciebat.
3306 1501 3434 1557 Haec
3466 1499 3651 1554 Theo-

2062 1612 2232 1665 dorus
2274 1609 2658 1671 Heracleotes,
2689 1605 2785 1675 qui
2819 1601 2965 1657 aliud
3000 1598 3287 1668 simileque
3332 1595 3648 1675 exemplum

2063 1716 2127 1755 ex
2157 1700 2347 1754 eodem
2375 1700 2587 1770 psalmo
2611 1738 2627 1763 ,
2645 1666 2724 1768 νῇ..
2744 1694 2814 1750 54
2833 1735 2849 1761 ,
2882 1692 2975 1746 ubi
3009 1691 3099 1745 illa
3127 1666 3293 1743 verba
3320 1693 3479 1745 ’ωε
3502 1666 3655 1746 3‘15

368 1792 486 1840 tum
518 1784 809 1845 lectionem
840 1799 1088 1846 secutum
1121 1808 1281 1859 esse;
1334 1809 1461 1847 nam
1495 1793 1620 1849 ideo
1664 1804 1788 1865 post
1815 1795 1952 1851 LXX

2064 1801 2344 1880 D‘TP‘VDID
2375 1764 2535 1845 ἸλΧΧ
2584 1764 2843 1854 vertunt,
2894 1785 2975 1857 τῷ
3009 1782 3363 1880 ὲπιᾳϐεὸηκὸτι
3407 1779 3500 1833 ἐπὶ

364 1887 421 1933 et
445 1881 605 1949 quasi
640 1881 708 1936 ab
729 1883 926 1954 Aquila
955 1895 1009 1941 et
1034 1885 1363 1958 Symmacho
1394 1896 1731 1957 segregatus,
1762 1890 1816 1943 in
1848 1888 1956 1945 He-

366 1970 545 2041 xaplis
563 1972 745 2028 locum
770 1975 1040 2043 habebat;
1069 1978 1287 2047 quiailli
1315 1976 1666 2044 Hebraicum,
1690 1979 1780 2035 hic
1813 1979 1956 2034 LXX

367 2059 695 2132 interpretes
734 2067 890 2136 sequi
942 2069 1171 2123 solebat.
1205 2070 1570 2141 Symmachus
1616 2069 1802 2140 itaque
1848 2071 1956 2128 He-

368 2155 572 2209 braeum
607 2157 827 2226 quidem
857 2161 1107 2229 sequitur
1143 2173 1203 2215 ut
1235 2162 1432 2232 Aquila
1478 2176 1493 2213 :
1536 2162 1631 2217 sed
1680 2163 1755 2216 ita
1783 2172 1840 2217 ut
1868 2165 1960 2220 hic

366 2245 607 2301 litteram
640 2249 809 2303 nimia
841 2264 984 2320 saepe
1035 2251 1297 2321 religione
1342 2251 1649 2324 exprimere
1706 2253 1955 2322 studeat;

366 2337 458 2392 ille
490 2354 619 2393 vero
644 2339 719 2394 ita
752 2339 1032 2396 Hebraicis
1063 2342 1286 2406 haereat,
1329 2352 1388 2397 ut
1427 2343 1711 2415 elegantia
1751 2355 1805 2400 et
1827 2361 1955 2415 per-

367 2429 673 2499 spicuitatis
702 2433 971 2488 rationem
1003 2434 1202 2489 habere
1226 2435 1492 2491 videatur.

457 2521 546 2577 Vl.
587 2523 721 2594 Ejus
752 2524 914 2580 editio
943 2544 977 2581 a
1008 2528 1263 2583 veteribus
1294 2531 1582 2585 admodum
1614 2532 1862 2590 laudata.

443 2607 595 2669 Hanc
626 2616 750 2687 styli
790 2616 1115 2689 elegantiam
1146 2629 1201 2675 et
1229 2622 1536 2679 claritatem
1573 2626 1791 2695 'passim
1834 2628 1956 2682 lau~

366 2703 501 2759 dant
530 2702 919 2778 Hieronymus,
955 2709 1224 2769 Eusebius
1258 2714 1493 2784 aliique;
1523 2732 1760 2786 quorum
1806 2720 1957 2788 prior

366 2793 490 2863 ejus
527 2794 1007 2864 interpretationes
1055 2801 1370 2871 frequenter
1399 2805 1704 2859 admiratur
1733 2818 1788 2862 et
1834 2809 1954 2862 lau-

368 2884 533 2940 dibus
566 2887 808 2952 extollit,
863 2898 924 2943 ut
953 2892 1248 2946 Comment.
1277 2895 1332 2947 in
1381 2896 1576 2965 psalm.
1622 2913 1739 2964 χιιι,
1775 2915 1830 2952 v.
1862 2900 1954 2962 51,

368 2976 701 3049 σαφέστερον
735 2979 762 3030 ὁ
796 2980 1092 3054 Σύμμαχος
1117 3023 1130 3047 ,
1162 2987 1361 3063 clarius
1395 2986 1744 3058 Symmachus
1769 3034 1783 3056 ,
1817 3000 1877 3046 ut
1903 3002 1957 3048 et

367 3082 511 3137 saepe
539 3068 708 3137 alibi;
738 3079 790 3125 et
824 3088 981 3127 versu
1014 3079 1297 3145 sequenti,
1330 3080 1536 3152 σφόδρα
1568 3081 1898 3154 θαυμαστῶς
1926 3089 1955 3139 ὁ

366 3155 697 3228 Σύμμαχος,
761 3161 1048 3216 admodum
1099 3167 1419 3223 mirabiliter
1472 3170 1859 3241 Symmachus;
1901 3187 1956 3231 et

367 3248 561 3315 psalm.
616 3267 776 3319 XLVI,
836 3254 936 3317 10,
992 3254 1167 3321 οὕτως
1210 3261 1521 3331 ἡρμήνευσε
1565 3263 1895 3336 Θαυμαστῶς
1926 3272 1954 3323 ὁ

366 3338 699 3411 Σύμμαχος,
736 3344 815 3396 ita
847 3345 1166 3401 mirabiliter
1192 3349 1569 3421 interpretatus
1602 3369 1680 3411 est
1713 3356 1957 3429 Symma-

365 3432 514 3487 chus.
550 3433 913 3506 Hieronymus
943 3455 1074 3494 vero
1100 3442 1167 3495 de
1198 3440 1526 3514 Symmacho
1557 3449 1786 3519 loquens
1843 3451 1953 3509 fre-

366 3536 599 3597 quenter
636 3529 803 3596 dicit,
850 3547 975 3586 eum
1025 3536 1269 3603 apertius
1313 3546 1367 3592 et
1408 3540 1749 3600 manifestius
1784 3544 1953 3601 inter-

366 3626 636 3686 pretatum
666 3637 808 3677 esse.
840 3623 909 3678 Et
938 3625 1330 3681 Commentario
1361 3629 1415 3682 in
1446 3630 1604 3685 Amos
1641 3649 1724 3698 ιιι,
1756 3635 1846 3703 Η,
1874 3638 1952 3693 ait

370 3709 757 3781 Symmachum
797 3732 902 3771 non
936 3720 1111 3773 solere
1139 3721 1432 3776 verborum
1460 3724 1816 3798 κακοζηλίαν,
1853 3730 1950 3785 sed

366 3805 739 3875 intelligentiae
765 3809 1012 3864 ordinem
1046 3813 1223 3881 sequi.
1338 3884 1339 3887 η

495 3895 605 3951 Vll.
653 3899 923 3955 Theodoro
957 3902 1283 3960 Heracleam:
1311 3923 1413 3959 non
1442 3907 1521 3961 ita
1550 3907 1824 3977 probatur.

438 3985 640 4043 Verum
665 4033 679 4056 ,
734 4004 793 4046 ut
836 3995 1052 4049 variant
1083 3996 1391 4065 opiniones,
1428 3996 1747 4054 Theodorus
1782 3998 1949 4055 Hera-

360 4078 566 4140 eleotes
589 4125 604 4149 ,
642 4084 723 4140 vir
750 4084 953 4158 ingenii
984 4087 1399 4157 perspicacitate
1433 4104 1596 4158 quam
1648 4090 1771 4145 ﬁdei
1809 4091 1949 4147 inte-

362 4179 558 4246 gritate
593 4179 861 4245 nobilior,
900 4180 954 4234 in
986 4178 1293 4251 fragmento
1341 4182 1487 4250 quod
1520 4182 1662 4237 infra
1694 4182 1945 4251 edemus,

363 4268 785 4333 animadvertit,
813 4269 1227 4337 Symmachum,
1257 4270 1386 4325 dum
1421 4271 1604 4327 nimia:
1635 4272 1947 4342 perspicui-

361 4360 459 4413 tati
487 4361 688 4421 studet,
716 4376 747 4415 a
774 4377 904 4416 vero
934 4361 1183 4419 Hehraici
1219 4380 1387 4420 sensu
1421 4379 1528 4419 non
1563 4363 1943 4435 infrequenter

2059 1867 2287 1957 οὑρανὺν
2334 1882 2429 1936 τοῦ
2468 1879 2702 1953 ούρανοῦ
2756 1877 2900 1933 κατὰ
2928 1873 3230 1938 ἀνατολὰς,
3274 1873 3362 1941 qui
3408 1867 3650 1923 ascendit

2058 1994 2215 2047 super
2259 1978 2446 2031 caelum
2492 1976 2609 2030 creti
2644 1975 2712 2028 ad
2761 1974 3050 2031 orientem;
3087 1966 3448 2039 Symmachus
3491 1977 3649 2025 vero,

2058 2071 2135 2142 τῷ
2186 2070 2538 2145 ἐποχουμένῳ
2586 2069 2678 2121 ἐπὶ
2730 2066 2820 2120 τὸν
2868 2064 3096 2139 οὐρανὸν
3151 2060 3248 2114 τοῦ
3293 2057 3522 2129 ούρανοῦ
3581 2059 3654 2112 ὲκ

2060 2165 2282 2236 πρώτης
2301 2202 2315 2226 ,
2345 2163 2435 2231 qui
2468 2162 2677 2215 vehitur
2701 2176 2859 2228 super
2886 2156 3074 2211 coelum
3110 2153 3226 2207 caeli
3249 2167 3312 2207 ex
3338 2151 3529 2222 prima.

2129 2259 2288 2325 Quod
2320 2258 2388 2312 ad
2434 2257 2673 2326 primum
2709 2261 2895 2308 autem
2928 2248 3239 2317 exemplum
3271 2247 3496 2309 attinet,
3536 2258 3653 2297 non

2058 2352 2247 2408 dubito
2298 2351 2500 2404 multos
2546 2347 2668 2401 fore
2714 2345 2809 2415 qui
2860 2339 3178 2414 Symmachi
3228 2346 3414 2408 partes
3464 2335 3653 2390 susei-

2018 2436 2026 2444 ’
2058 2445 2209 2514 piant
2238 2460 2251 2496 :
2283 2458 2408 2496 nam
2441 2449 2583 2499 “171st
2617 2453 2760 2508 saepe
2804 2434 3022 2507 ἰσχυρὸς
3065 2432 3221 2502 {ortis
3252 2430 3336 2484 vel
3376 2428 3651 2497 δυνάστης

2057 2546 2238 2607 potens
2268 2536 2433 2590 etiam
2463 2549 2493 2587 a
2524 2530 2666 2586 LXX
2710 2526 3103 2597 lnterpretibus
3129 2523 3392 2587 vertitur;
3436 2520 3649 2585 rarius,

2058 2629 2294 2699 ταῦρος,
2332 2637 2564 2681 taurus:
2598 2627 2703 2679 hoc
2748 2631 2929 2677 autem
2976 2620 3095 2673 loco
3133 2616 3495 2686 Hieronymus
3530 2615 3653 2683 for—

2060 2725 2193 2776 tium
2230 2722 2639 2791 interpretatur,
2668 2716 2922 2787 Aquilam
2961 2711 3099 2767 forte
3134 2719 3355 2765 secutus
3383 2749 3397 2775 ,
3432 2707 3510 2761 uti
3545 2722 3648 2761 so-

2059 2814 2133 2868 let
2161 2813 2215 2866 in
2243 2812 2498 2867 Psalmis.
2531 2809 2686 2876 Quod
2722 2808 2788 2862 ad
2817 2804 3119 2861 secundum
3145 2816 3273 2854 vero
3302 2799 3645 2868 exemplum,

2061 2903 2235 2958 fateor
2269 2903 2401 2955 mihi
2434 2902 2595 2955 etiam
2618 2941 2633 2963 ,
2665 2899 2893 2969 perinde
2925 2906 3086 2965 atque
3117 2893 3404 2947 Theodoro
3428 2932 3444 2957 ,
3474 2905 3651 2943 accu-

2059 2996 2316 3049 ratiorem
2344 2993 2517 3048 videri
2546 2992 2655 3045 τῶν
2687 2992 2762 3054 Ο’,
2800 3004 2964 3058 quam
3002 2984 3337 3059 Symmachi,
3365 2984 3643 3051 interpre-

2058 3087 2338 3141 tationem.
2374 3084 2577 3141 Verum
2615 3100 2722 3138 non
2759 3085 2959 3137 desunt
2989 3081 3095 3134 alia
3127 3078 3373 3145 exempla
3408 3092 3475 3131 ex
3503 3076 3641 3145 qui—

2062 3179 2166 3233 bus
2206 3187 2464 3249 arguatur
2507 3174 2934 3247 Symmachum,
2980 3172 3110 3226 dum
3165 3166 3540 3240 perspicuitati
3587 3172 3651 3221 et

2058 3268 2341 3339 elegantiae
2362 3267 2563 3333 studet,
2585 3281 2615 3319 a
2642 3282 2770 3320 vero
2799 3260 3097 3331 Scriptura:
3127 3276 3293 3331 scopo
3326 3261 3647 3315 aberrasse.

2126 3363 2386 3415 Attamen
2446 3375 2570 3413 vere
2620 3359 2724 3412 diei
2777 3365 2956 3427 potest
3011 3354 3399 3427 Symmachum
3445 3350 3651 3422 optimi

2055 3452 2364 3523 interpretis
2396 3466 2622 3505 munere
2670 3450 2916 3504 functum
2961 3465 3121 3504 esse:
3154 3447 3257 3502 etsi
3290 3445 3432 3500 enim
3455 3483 3469 3507 ,
3503 3443 3649 3496 dum

2056 3546 2260 3600 claram
2288 3544 2595 3614 exprimere
2635 3541 2962 3596 sententiam
2992 3540 3202 3603 nititur,
3237 3553 3269 3592 a
3308 3550 3436 3591 vero
3466 3549 3644 3589 sensu

2055 3652 2450 3706 nonnunquam
2481 3635 2753 3697 deﬂectat,
2784 3634 2914 3704 quid
2949 3633 3149 3687 mirum
3172 3673 3186 3696 ,
3221 3634 3272 3684 in
3304 3644 3364 3684 re
3397 3628 3649 3682 maxime

2053 3738 2161 3783 tam
2196 3728 2402 3781 ardua?
2432 3725 2568 3792 Quis
2599 3726 2736 3780 adeo
2764 3726 2988 3796 lynceus
3010 3764 3025 3787 ,
3058 3724 3112 3777 in
3152 3732 3300 3777 tanta
3342 3718 3502 3775 seriei
3536 3733 3645 3787 pe-

2052 3818 2399 3890 regrinitate,
2448 3824 2596 3869 tanta
2628 3815 2964 3869 obscuritate
2999 3813 3290 3869 verborum
3315 3851 3330 3877 ,
3369 3818 3645 3879 quantam

2050 3910 2356 3965 innumeris
2405 3909 2459 3961 in
2510 3907 2645 3962 locis
2693 3905 2913 3976 praefert
2959 3904 3261 3959 Hebraicus
3308 3912 3523 3965 textus,
3579 3909 3649 3955 ut.

2051 3998 2237 4053 omnia
2268 4013 2485 4066 semper
2516 4004 2769 4051 accurate
2794 4005 2848 4049 et
2874 3995 2995 4049 sine
3019 3994 3322 4064 sphalmate
3352 3990 3525 4060 possit
3552 3990 3647 4043 in-

2049 4090 2381 4161 terpretari?
2410 4089 2462 4143 Id
2495 4098 2644 4144 certe
2676 4090 2930 4143 humanae
2962 4101 3073 4140 non
3105 4101 3226 4140 esse
3258 4082 3536 4139 facultatis
3562 4082 3646 4135 vi-

2048 4184 2226 4238 detur.
2261 4184 2528 4238 Caeterum
2561 4181 2925 4252 Symmachus
2970 4178 3095 4233 ideo
3137 4178 3369 4233 fortasse
3411 4174 3646 4230 liberio-

2048 4293 2163 4330 rem
2191 4276 2687 4346 elegantioremque
2719 4272 3115 4344 interpretandi
3151 4285 3358 4326 morem
3392 4277 3645 4325 sectatus

2048 4379 2152 4436 est,
2172 4371 2299 4439 quia
2325 4370 2538 4425 videbat
2562 4368 2837 4438 Aquilam,
2855 4376 3074 4437 propter
3104 4365 3326 4419 nimiam
3348 4362 3646 4435 ἀκρίϐειαν

363 4451 670 4508 aberrasse.
693 4453 827 4508 Nam
859 4471 985 4510 cum
1014 4459 1220 4523 omnia,
1244 4459 1407 4514 etiam
1436 4458 1774 4526 difﬁcillima,
1802 4459 1949 4514 clare
1979 4482 2024 4535 ι)
2053 4471 2107 4517 ct
2136 4463 2451 4533 religionem
2482 4504 2496 4528 ,
2534 4463 2653 4533 ipso
2680 4459 2950 4515 Hebraico
2984 4467 3141 4514 textu
3167 4472 3308 4527 δωρεᾶ
3344 4455 3644 4513 obscurio-

360 4543 587 4600 reddere
615 4554 889 4617 satageret
912 4587 929 4612 ,
975 4549 1298 4622 plerumque
1325 4553 1505 4609 evenit
1532 4562 1595 4609 ut
1631 4569 1726 4610 eas
1774 4569 1939 4609 voces

2053 4571 2166 4610 rem
2199 4570 2342 4610 esse.

1417 4790 1800 4882 CAPUT
1871 4790 2553 4883 SEPTIMUM.

1513 4968 1607 5029 De
1639 4966 2106 5031 Tbeodbtionis
2158 4964 2462 5029 editione.

425 5148 463 5201 Ι.
487 5147 607 5211 Quis
629 5132 781 5197 ftferit
801 5148 1098 5201 Theodotio.
1122 5151 1185 5203 Il.
1208 5153 1281 5204 De
1311 5159 1504 5207 ratione
1530 5159 1895 5223 interpretandi
1921 5178 2019 5227 qua
2053 5176 2172 5213 usus
2199 5166 2295 5209 est.
2324 5156 2413 5207 Ill.
2437 5152 2644 5206 Ceteris
2669 5149 3031 5214 interpretibus
3055 5149 3298 5199 indoctior
3320 5148 3559 5201 habetur.

761 5263 802 5317 l.
844 5263 976 5329 Quis
1003 5266 1162 5335 fuerit
1202 5270 1500 5329 Theodotio.

430 5352 758 5421 Theodotio,
790 5356 994 5427 Sinope
1019 5359 1071 5412 in
1102 5359 1278 5416 Ponto
1307 5365 1938 5434 oriundus,Mareionita

353 5457 498 5510 erat,
526 5457 586 5501 ut
611 5448 686 5502 ait
721 5448 1088 5518 Epiphanius;
1118 5451 1214 5507 sed
1243 5471 1363 5510 cum
1394 5457 1585 5514 haeresi
1615 5477 1729 5516 suae
1755 5462 1939 5534 ignota

358 5537 518 5591 nobis
565 5536 633 5592 de
665 5554 831 5594 causa
864 5553 1242 5613 succenseret,
1297 5547 1365 5601 ad
1393 5547 1614 5607 Judzeos
1657 5553 1937 5625 confugit,

358 5629 829 5699 cireumeisusque
852 5640 954 5687 est.
984 5632 1283 5704 Postquam
1325 5653 1442 5695 :ero
1471 5640 1796 5700 Hebraicam
1832 5647 1939 5701 lin-

358 5744 521 5800 gnam
550 5728 883 5800 edidicisset,
912 5732 1414 5806 interpretationem
1443 5745 1496 5792 et
1520 5736 1635 5807 ipse
1658 5753 1814 5795 suam
1841 5754 1937 5811 ag-

2046 5292 2267 5351 gressus
2296 5283 2402 5329 est.
2438 5271 2562 5326 Haec
2589 5268 2949 5339 Epiphanius.
2982 5266 3090 5320 Alii
3123 5282 3275 5331 vero,
3306 5282 3504 5337 nempe
3532 5265 3638 5325 Eu.

2047 5371 2230 5427 sobius
2261 5376 2314 5422 et
2346 5364 2732 5434 Hieronymus,
2766 5362 2921 5415 aiunt
2942 5359 3249 5414 Ebiouitam
3282 5358 3485 5425 fuisse;
3517 5361 3636 5418 sive

2044 5480 2112 5520 ex
2139 5461 2341 5516 Iudaeis
2370 5460 2435 5513 ad
2470 5456 2752 5510 Ebionitas
2780 5453 3108 5524 confugerit,
3141 5453 3276 5519 sive,
3300 5452 3428 5523 quia
3464 5451 3633 5509 Ebio—

2044 5557 2171 5610 niue
2204 5567 2302 5623 pro
2335 5549 2539 5605 Judaeis
2586 5547 2932 5602 habebantur
2979 5554 3034 5600 et
3066 5546 3629 5611 circumcidebantur,

2047 5644 2114 5701 ad
2142 5643 2361 5699 Judaaos
2394 5640 2710 5709 confugisse
2753 5636 3045 5693 crediderit
3074 5635 3411 5707 Epiphanius
3432 5680 3447 5704 ,
3495 5637 3628 5707 quia

2044 5738 2114 5794 ad
2149 5735 2432 5793 Ebionitas
2475 5748 2533 5790 se
2559 5740 2859 5803 receperat.
2890 5729 3253 5801 Hieronymus
3282 5738 3499 5797 tamen,
3530 5728 3624 5799 qui
