3832 6214
230 304 306 362 as
1436 306 1504 362 IN
1545 307 1874 366 BEXAPLA
1911 310 2260 369 ORIGENIS.
3434 305 3506 361 οι

235 437 364 479 cum
398 418 525 477 alibi
554 417 860 477 Ebionitam
891 422 1147 493 appellat,
1189 422 1516 481 Praelatione
1568 427 1622 481 in
1659 426 1809 482 Com-
1848 435 1895 492 Α
1922 429 2297 501 infrequenter
2329 438 2509 485 tamen
2557 442 2624 483 ex
2653 426 2852 498 Aquila
2873 467 2889 494 ,
2924 427 3122 493 rarius
3152 439 3219 481 ex
3251 422 3504 496 Symma-

235 522 403 571 ment.
420 513 675 578 Danielis,
700 529 812 569 rem
836 514 889 569 in
917 514 1085 572 dubio
1103 515 1413 588 relinquere
1437 520 1671 585 videtur,
1689 536 1815 576 cum

234 606 318 663 ait
354 622 368 659 :
407 603 510 661 Sed
530 607 695 678 juxta
728 605 1138 662 Theodotionem
1180 608 1456 666 Ecclesias
1497 611 1693 682 legere,
1727 614 1819 683 qui

234 700 418 770 tuique
456 709 574 769 post
614 700 900 754 adventum
938 699 1140 755 Christi
1185 704 1488 758 incredulus
1519 705 1657 774 fuit,
1697 705 1820 760 licet

234 808 357 846 eum
386 791 605 862 quidam
632 792 812 846 dicant
842 791 1170 861 Ebionitam,
1201 796 1291 865 qui
1321 795 1488 849 altero
1518 813 1701 866 genere
1727 795 1824 851 Ju-

236 883 388 936 darus
417 892 515 936 est.
540 883 636 938 Ille
664 899 793 938 vero
817 900 924 939 non
949 886 1117 939 semel
1150 902 1180 941 a
1211 886 1435 951 Graecis,
1457 888 1551 958 qui
1580 889 1635 943 in
1668 888 1823 944 Scri-

237 984 455 1044 pturam
486 976 879 1030 commentaria
911 976 1227 1040 ediderunt,
1256 977 1513 1044 Θεόδοτος
1535 1019 1550 1046 ,
1584 979 1825 1035 Theodo-

241 1077 327 1120 tus
358 1067 522 1119 etiam
550 1076 797 1129 vocatur,
833 1077 890 1121 ut
923 1069 1108 1123 videas
1142 1069 1283 1139 psal.
1314 1086 1449 1125 Lxm
1486 1073 1541 1127 in
1576 1073 1741 1137 notis,
1771 1081 1827 1128 et

240 1158 383 1228 psal.
412 1174 546 1225 va,
601 1158 717 1212 sive
759 1159 810 1212 id
864 1159 1076 1214 librarii
1126 1160 1322 1216 mendo
1360 1161 1661 1227 acciderit,
1710 1162 1827 1218 sive

239 1259 477 1319 utraque
526 1249 840 1305 terminatio
876 1250 929 1304 in
958 1250 1078 1321 ejus
1111 1252 1333 1307 nomine
1362 1253 1604 1309 admissa
1636 1252 1824 1320 fuerit,

239 1340 316 1395 ita
348 1349 408 1395 ut
436 1340 595 1395 modo
618 1340 892 1405 Θεόδοτος,
918 1342 1078 1397 modo
1102 1342 1395 1399 Θεοδοτίων
1425 1356 1734 1413 vocaretur;
1770 1354 1829 1400 ut

251 1433 568 1506 Ἀσκλήπας
621 1435 785 1489 etiam
823 1434 1150 1506 Ἀσκληπιὸς
1177 1476 1191 1500 ,
1240 1436 1521 1510 Ἰσχύρας,
1562 1439 1827 1511 ’ἰσχύριος

242 1533 302 1577 et
332 1524 612 1595 Ἰσχυρίων
638 1525 1072 1595 appellabantur.
1094 1525 1251 1581 Illum
1272 1538 1453 1583 autem
1479 1529 1826 1586 incredulum

244 1615 440 1685 fuisse,
470 1633 578 1672 non
608 1626 790 1673 autem
817 1620 1191 1675 Christianum
1219 1620 1564 1690 Ebionitam,
1596 1626 1831 1682 suadere

244 1710 467 1764 videtur
506 1710 880 1781 interpretatio
924 1713 1029 1767 loci
1062 1714 1214 1788 illius
1241 1716 1584 1772 celeberrimi
1632 1718 1686 1772 in
1718 1718 1830 1773 Da-

245 1802 423 1869 niele,
490 1818 610 1873 cap.
668 1820 755 1871 1x,
819 1803 923 1869 26,
989 1806 1082 1859 ubi
1146 1805 1407 1863 Hebraica
1476 1808 1644 1865 verba
1701 1821 1831 1867 sunt

245 1904 415 1955 mm
439 1903 575 1954 mm
604 1903 772 1955 nam
812 1904 983 1957 εγω
1002 1907 1236 1963 unum
1262 1909 1449 1968 ἠπ-ιω,
1478 1904 1674 1973 Aquila
1698 1922 1828 1962 vero

247 1987 332 2042 sic
366 1988 772 2057 interpretatur,
805 1991 900 2042 καὶ
924 1991 1067 2060 μετὰ
1092 1991 1190 2055 τὰς
1219 1994 1359 2048 ἑπτὰ
1380 1994 1710 2067 ἑϐδομάδας,
1734 2000 1830 2053 καὶ

251 2080 521 2149 ἐξήκοντα
548 2079 661 2146 δύο,
689 2081 1209 2153 ἐξολοθρευθήσεται
1244 2084 1609 2159 εἰλειμμένος,
1635 2103 1680 2143 et
1713 2100 1829 2160 post

244 2182 446 2241 septem
473 2173 826 2229 hebdomadas
855 2186 903 2229 et
943 2178 1221 2247 sexaginta
1256 2179 1412 2247 duas,
1448 2185 1829 2239 exterminabi-

247 2274 339 2318 tur
366 2275 576 2319 unctus.
613 2264 1000 2336 Symmachus,
1038 2267 1294 2325 Ebionita
1332 2271 1704 2343 Christianus,
1737 2278 1831 2331 καὶ

248 2355 394 2427 μετὰ
425 2356 526 2420 τὰς
570 2356 872 2428 ἑϐδομάδας
906 2360 1047 2414 ἑπτὰ
1087 2361 1180 2414 καὶ
1219 2361 1483 2435 ἐξήκοντα
1510 2365 1603 2419 δύο
1623 2408 1638 2433 ,
1674 2369 1834 2423 ἐκκο-

248 2450 493 2520 πήσεται
543 2450 809 2521 Χριστός,
859 2460 908 2504 et
959 2463 1076 2521 post
1122 2453 1476 2512 hebdomadas
1536 2469 1728 2528 septem
1782 2468 1834 2514 et

248 2544 528 2612 sexaginta
569 2543 704 2596 duas
746 2544 1085 2598 exscindetur
1117 2546 1382 2602 Christus.
1432 2551 1503 2604 At
1534 2549 1833 2607 Theodotio

248 2635 522 2704 insignem
570 2636 716 2690 illam
752 2637 820 2692 de
861 2636 1083 2693 Christo
1116 2642 1460 2710 prophetiam
1510 2643 1832 2713 interpreta-

250 2729 402 2782 tione
422 2744 519 2783 sua
548 2740 815 2798 quantum
849 2732 1024 2799 potuit
1050 2733 1422 2804 labefactavit,
1444 2744 1499 2790 et
1517 2735 1830 2792 Judaeorum

250 2835 408 2875 more
458 2822 847 2892 interpretatus
887 2831 971 2878 est
1018 2825 1105 2880 his
1148 2827 1368 2890 verbis,
1421 2828 1516 2881 καὶ
1566 2829 1702 2898 μετὰ
1734 2830 1834 2895 τὰς

250 2912 556 2984 ἑϐδομάδας
618 2914 720 2979 τὰς
792 2915 1059 2987 ἐξήκοντα
1125 2917 1252 2983 δύο,
1326 2918 1837 2993 ἐξολοθρευϐήσεται

249 3005 491 3075 χρίσμα,
542 3015 590 3059 et
627 3016 743 3075 post
785 3007 1141 3062 hebdomadas
1182 3012 1463 3079 sexaginta
1496 3012 1631 3065 duas
1661 3024 1832 3066 exter-

1921 522 2048 589 cbo,
2074 520 2404 591 desumpsit.

1992 614 2143 671 Licet
2169 622 2349 669 autem
2378 610 2679 667 Theodotio
2711 608 2855 664 LXX
2881 606 3242 678 Interpretum
3275 605 3508 678 vestigio

1922 706 2034 763 fere
2075 722 2289 776 semper
2325 706 2543 768 hmreat,
2584 718 2696 758 non
2747 717 2932 773 parem
2979 713 3158 755 tamen
3210 700 3410 770 ubique
3452 708 3511 754 et

1922 798 1978 853 in
2011 797 2269 852 omnibus
2295 794 2593 866 Scripturee
2622 794 2780 849 libris
2810 792 3205 862 interpretandi
3237 792 3504 846 rationem

1924 895 2167 944 sectatus
2203 896 2287 942 est
2319 905 2333 941 :
2372 886 2585 957 Aquila‘
2610 886 2756 940 enim
2799 899 2911 939 non
2939 899 3067 938 raro
3094 882 3506 953 interpretatio-

1926 994 2051 1034 nem
2083 980 2340 1049 adoptat,
2376 986 2437 1033 ut
2486 978 2542 1031 in
2570 977 2807 1032 decursu
2852 974 3015 1045 hujus
3050 975 3234 1042 operis
3274 974 3506 1040 videbis,

1926 1071 2145 1142 quando
2199 1079 2422 1125 notatur
2453 1070 2543 1134 A.,
2569 1069 2656 1133 0.,
2704 1078 2868 1138 atque
2901 1068 3063 1122 etiam
3099 1065 3191 1120 ubi
3221 1065 3313 1130 A.,
3336 1065 3421 1128 Σ.,
3442 1063 3506 1118 Θ.

1926 1165 2041 1221 Etsi
2074 1165 2219 1221 enim
2248 1163 2553 1220 Theodotio
2580 1162 2973 1235 Symmachum
3013 1168 3175 1216 aetate
3218 1160 3509 1229 praecedat,

1927 1257 2198 1328 posterior
2228 1266 2411 1311 tamen
2461 1256 2534 1310 ob
2563 1269 2789 1310 causam
2828 1252 2986 1307 initio
3028 1260 3387 1306 memoratam
3422 1250 3509 1303 lo-

1927 1358 2105 1405 catur.
2152 1347 2339 1419 ltaque
2379 1346 2471 1403 ubi
2527 1348 2617 1413 A.,
2652 1346 2738 1410 Σ.,
2775 1344 2862 1409 8.,
2895 1343 3268 1413 praemittitur,
3310 1342 3513 1397 intelli-

1928 1460 2026 1514 gas
2059 1450 2277 1513 oportet
2311 1440 2729 1513 Symmachum,
2764 1437 2859 1493 ubi
2885 1435 3140 1506 Aquilam
3189 1444 3243 1491 et
3266 1434 3514 1490 Theodo-

1928 1538 2132 1592 tionem
2169 1536 2223 1590 in
2248 1535 2509 1590 vertendo
2541 1531 2836 1589 convenire
2864 1529 3022 1596 vidit,
3053 1529 3276 1585 eosdem
3307 1529 3364 1584 in
3397 1528 3514 1584 edi-

1930 1629 2079 1684 tione
2111 1644 2212 1685 sua
2239 1643 2381 1698 saape
2410 1634 2659 1681 secutum
2691 1637 2834 1679 esse.

2035 1719 2126 1774 lll.
2176 1717 2395 1775 theris
2437 1717 2815 1786 interpretibus
2862 1713 3129 1767 indoctior
3160 1711 3405 1767 habetur.

1865 1786 1907 1842 Β
1999 1812 2120 1869 Νοη
2177 1812 2552 1882 infrequenter
2600 1811 2766 1866 etiam
2814 1807 3123 1863 Theodotio
3178 1804 3514 1875 peculiarem

1932 1905 2058 1970 sibi,
2085 1905 2154 1960 ab
2177 1905 2408 1975 aliisque
2433 1904 2689 1959 omnibus
2709 1903 2980 1958 diversam
3007 1896 3514 1969 interpretationem

1932 2000 2199 2054 adornat:
2230 1999 2284 2052 in
2323 1998 2497 2067 iisque
2526 1997 2661 2051 locis
2694 1997 2851 2066 longe
2882 1994 3095 2048 minore
3125 2006 3288 2061 quam
3320 1988 3516 2058 Aquila

1930 2093 2015 2147 vel
2042 2090 2428 2163 Symmachus,
2453 2089 2734 2145 llebraicae
2764 2088 2963 2158 lingua:
2990 2084 3187 2156 peritia
3216 2084 3518 2137 instructus

1931 2184 2374 2256 deprehenditur.
2411 2183 2545 2237 Nam
2577 2190 2771 2253 praeter
2814 2180 2921 2235 alia
2955 2179 3139 2233 minus
3167 2174 3314 2231 docti
3345 2174 3515 2228 inter-

1931 2278 2105 2347 pretis
2141 2277 2319 2348 signa,
2349 2293 2471 2347 qua:
2499 2275 2714 2330 erudito
2747 2272 2938 2328 lectori
2964 2267 3295 2341 exploranda
3324 2266 3517 2321 r-mit-

1935 2371 2125 2433 timus,
2163 2385 2406 2439 persaepe
2438 2369 2527 2422 ille
2554 2367 2718 2422 verba
2750 2364 3041 2429 llebraica,
3074 2374 3309 2432 quorum
3350 2358 3521 2411 inter-

1932 2461 2167 2532 pretatio
2212 2476 2323 2515 non
2376 2460 2451 2515 ita
2484 2460 2717 2514 dillicilis
2762 2467 2901 2523 erat,
2948 2464 3010 2511 ut
3051 2452 3294 2509 vertendi
3344 2449 3520 2504 mole-

1935 2555 2095 2610 stiam
2128 2553 2446 2616 declinaret,
2482 2550 2688 2606 Graecis
2726 2549 2926 2604 litteris
2958 2545 3250 2617 expressit,
3282 2540 3520 2612 exempli

1935 2662 2100 2701 causa
2140 2644 2311 2701 Levit.
2351 2661 2446 2709 vn,
2490 2644 2576 2711 18,
2621 2651 2741 2702 rem
2773 2626 2916 2705 51:5,
2947 2640 3064 2710 ipse
3112 2637 3272 2693 vertit
3298 2632 3519 2706 φεγγὼλ

1935 2737 2112 2804 ἔσται,
2162 2738 2266 2801 vel,
2311 2750 2369 2791 ut
2413 2736 2555 2792 alius
2598 2733 2769 2790 codex
2817 2733 3001 2799 habet,
3054 2727 3294 2804 φεγγουλ
3339 2726 3516 2788 ἔσται,

1935 2829 2166 2900 phengul
2203 2830 2333 2895 erit,
2372 2828 2463 2882 ubi
2490 2827 2682 2896 Aquila
2730 2834 2783 2879 ct
2810 2822 3195 2896 Symmachus,
3226 2803 3348 2881 ἣτε)
3383 2816 3521 2872 ἁπό-

1936 2921 2130 2991 6λητον
2185 2921 2580 2990 abjiciendum,
2636 2917 2820 2983 LXX,
2877 2916 3133 2987 μίασμα,
3193 2912 3517 2984 inquinatio,

1941 3011 2307 3084 Symmachus
2349 3011 2478 3067 alibi
2534 3009 2725 3081 ἀργὸν,
2760 3008 2972 3072 inutile,
3009 3007 3124 3073 alii,
3165 3004 3406 3075 fetidum,
3435 3002 3521 3057 vel

251 3098 547 3153 minabitur
593 3101 770 3153 unctio
791 3142 804 3163 ,
853 3102 945 3156 ubi
997 3101 1201 3157 Christi
1251 3114 1304 3158 et
1351 3105 1500 3160 uncti
1534 3114 1589 3159 et
1624 3105 1835 3163 Messina
1862 3151 1903 3174 ί,
1938 3111 2247 3174 corruptum
2273 3102 2358 3156 vel
2387 3102 2735 3167 abominatio,
2769 3099 3217 3168 interpretantur.
3250 3093 3316 3147 Et
3344 3092 3517 3147 Levit.

252 3190 589 3243 mentionem
637 3193 899 3258 sustulit,
932 3193 1058 3247 licet
1089 3202 1255 3254 rtth
1281 3196 1427 3250 clare
1472 3197 1527 3249 in
1565 3195 1833 3253 Hebraico

249 3284 615 3351 exprimatur.
650 3283 720 3337 At
750 3283 1033 3350 Ebionitae,
1066 3287 1168 3339 etsi
1194 3284 1379 3340 Jesum
1408 3303 1517 3341 non
1550 3289 1835 3343 crederent

251 3389 377 3426 esse
402 3372 603 3438 Deum,
650 3374 827 3442 ipsum
864 3383 1043 3427 tamen
1072 3390 1168 3443 pro
1193 3374 1412 3429 Christo
1440 3385 1602 3445 atque
1636 3375 1833 3431 Mcssia

254 3465 567 3520 habebant:
597 3482 717 3536 quae
748 3483 834 3522 res
872 3467 1242 3536 suspicionem
1298 3468 1591 3523 maximam
1629 3469 1835 3524 inducit

252 3558 434 3627 ipsum
466 3575 575 3612 non
610 3557 943 3622 Ebionitam,
998 3559 1094 3614 scd
1128 3573 1255 3613 vere
1286 3559 1626 3613 incredulum
1658 3568 1712 3614 et
1738 3557 1835 3612 Ju-

252 3650 433 3704 daaum
464 3638 653 3705 fuisse.

418 3741 482 3796 ll.
526 3742 603 3796 De
630 3744 837 3797 ratione
868 3745 1254 3814 interpretandi
1288 3762 1391 3815 qua
1422 3761 1549 3798 usus
1582 3754 1677 3799 est.

328 3834 630 3891 Theodotio
651 3877 666 3902 ,
696 3846 756 3890 ut
780 3835 891 3904 jam
921 3838 1275 3905 probavimus
1300 3879 1314 3903 ,
1353 3847 1475 3908 post
1507 3838 1755 3907 Aquilam
1782 3848 1837 3893 et

252 3939 383 3983 ante
434 3928 823 3999 Symmachum
874 3912 1376 3999 interpretationem
1426 3946 1621 3990 suam.
1667 3931 1835 3998 impe-

254 4031 415 4077 rante
437 4021 742 4077 Commodo
767 4064 782 4087 ,
817 4022 870 4076 in
913 4023 1090 4077 lucem
1137 4023 1321 4079 emisit
1354 4041 1366 4075 :
1397 4031 1451 4077 et
1496 4023 1550 4076 in
1592 4025 1835 4079 vertendi

260 4116 427 4171 modo
468 4132 499 4171 a
547 4114 689 4170 LXX
737 4116 1127 4187 lnterpretibus
1170 4118 1354 4173 minus
1390 4132 1554 4187 quam
1604 4118 1694 4171 alii
1740 4118 1837 4172 de-

255 4210 441 4276 ﬂexit;
502 4210 615 4265 imo
675 4210 839 4264 etiam
893 4208 1037 4262 LXX
1082 4210 1387 4279 saepissime
1433 4220 1654 4265 secutus
1707 4219 1830 4264 est:

255 4319 379 4373 qua:
406 4317 571 4357 causa
602 4302 741 4367 fuit,
773 4310 833 4355 ut
859 4316 980 4356 cum
1011 4300 1150 4355 LXX
1181 4302 1504 4365 delicerent',
1537 4302 1682 4371 quod
1727 4301 1837 4356 fre-

256 4405 487 4463 quenter
513 4395 745 4455 accidit,
784 4395 1086 4463 praesertim
1135 4396 1189 4449 in
1241 4395 1397 4449 libris
1440 4393 1638 4460 Josue,
1685 4393 1837 4448 Judi-

1938 3213 2058 3261 xm,
2108 3195 2175 3264 6,
2219 3205 2436 3258 manu
2479 3194 2803 3260 Theodotio,
2858 3191 3113 3264 μασφάοι,
3163 3188 3254 3243 ubi
3298 3186 3518 3257 Aquila,

1938 3289 2276 3356 ὲξανὰδοσις,
2303 3290 2532 3358 eruptio,
2565 3286 2949 3357 Symmachus,
2980 3282 3297 3355 ἐκϐρασμα,
3332 3279 3523 3333 ebulli-

1939 3383 2035 3446 tio,
2067 3383 2150 3435 vel
2188 3381 2630 3450 ejectamentum;
2667 3379 2793 3433 alibi
2826 3392 2955 3431 vero
2986 3375 3229 3445 ἔκφυμα,
3260 3371 3518 3441 pustula;

1944 3474 2194 3545 Vulgata,
2238 3474 2440 3527 scabies
2469 3488 2487 3525 :
2512 3472 2754 3542 ejusdem
2792 3470 2957 3525 etiam
2996 3478 3127 3538 puto
3166 3480 3287 3520 esse
3326 3463 3521 3518 eodem

1939 3567 2148 3636 capite,
2182 3565 2281 3636 σὴθ
2317 3566 2553 3635 positum
2591 3580 2689 3634 pro
2715 3573 2871 3624 mw,
2903 3560 3050 3631 quod
3078 3567 3198 3623 est,
3232 3547 3521 3610 tumor°vel

1939 3659 2184 3711 cicatrix.
2231 3659 2298 3712 Et
2322 3656 2494 3711 Levit.
2528 3672 2686 3721 xvnl,
2712 3655 2804 3720 25,
2847 3637 2961 3712 5:11
2989 3649 3295 3705 Theodotio
3332 3645 3519 3710 θὰϐελ,

1943 3751 2171 3817 Thabel,
2238 3750 2435 3820 Aquila
2498 3764 2648 3813 vero,
2713 3745 3104 3818 ἀπειρημένον,
3174 3740 3520 3811 prohibitum,

1941 3846 2306 3917 Symmachus
2350 3844 2609 3915 ἄρῤητον,
2651 3841 2959 3909 infandum,
3013 3836 3274 3906 Vulgata,
3327 3832 3521 3887 scelus.

1938 3938 2006 3990 Et
2036 3937 2192 3991 Deut.
2232 3953 2345 3990 xxn
2368 3977 2382 4001 ,
2416 3937 2471 4003 9,
2508 3918 2681 3994 amb:
2716 3931 3019 3987 Theodotio
3061 3929 3224 3985 vertit
3268 3925 3520 3996 κώλυμα,

1938 4031 2407 4099 impedimentum,
2455 4028 2586 4097 quia
2639 4028 2755 4081 iure
2799 4040 2906 4080 vox
2957 4023 3143 4078 Graeca
3196 4019 3521 4076 Hebraicam

1937 4140 2074 4193 pene
2111 4123 2399 4178 lectionem
2431 4120 2616 4185 refert,
2645 4116 2930 4188 magisque
2962 4115 3272 4184 respexisse
3308 4112 3524 4166 videtur

1939 4211 2244 4268 Theodotio
2281 4212 2348 4266 ad
2380 4210 2501 4266 soni
2530 4208 2843 4263 allinitatem
2870 4220 3034 4276 quam
3071 4204 3139 4258 ad
3169 4201 3522 4273 signiﬁcatioo

1938 4323 2085 4372 nem,
2113 4307 2312 4376 Aquila
2343 4319 2475 4359 vero
2505 4299 2909 4372 ἀνομοιογενὲς,
2942 4296 2997 4352 id
3022 4305 3107 4352 est
3148 4312 3331 4367 genere
3358 4295 3525 4349 dissi-

1938 4400 2096 4463 mile;
2161 4398 2254 4452 alii
2315 4396 2534 4450 mistum
2588 4394 2674 4449 vel
2734 4395 3018 4446 misturam
3073 4389 3522 4459 interpretantur.

256 4503 380 4543 cum
400 4529 415 4552 ,
448 4487 690 4558 Regum,
721 4487 843 4554 Job,
875 4487 1124 4543 Jeremiae
1153 4497 1208 4543 et
1233 4487 1561 4550 Ezechielis,
1589 4486 1834 4544 delectus
1870 4506 1913 4560 ι)
1944 4494 2008 4548 Ει
2048 4491 2256 4547 Hesaiae
2287 4505 2437 4556 LXIV,
2465 4487 2519 4552 6,
2551 4494 2691 4550 tam
2723 4483 3026 4539 Theodotio
3070 4482 3252 4544 vertit,
3315 4480 3520 4551 Ἐδδίμ,

256 4580 572 4645 huiusmodi
617 4596 685 4634 ex
730 4579 1142 4641 Theodotione.
1178 4582 1271 4649 qui
1312 4582 1434 4652 styli
1484 4591 1540 4636 et
1572 4581 1837 4636 orationis

257 4689 450 4743 genere
477 4672 713 4727 similior
743 4670 887 4725 LXX
916 4671 1307 4742 lnterpretibus
1339 4682 1477 4738 erat,
1520 4675 1837 4743 suppleren-

258 4774 370 4833 tur,
398 4766 679 4820 astcriscis
704 4765 859 4820 initio
890 4781 1106 4835 semper
1131 4780 1161 4819 a
1190 4766 1469 4835 latereque
1498 4767 1710 4835 positis,
1735 4767 1837 4821 do-

254 4870 357 4910 nec
398 4855 675 4925 adjectitia
726 4855 818 4910 illa
861 4854 1296 4912 absolverentur.
1345 4855 1402 4910 ln
1465 4856 1607 4911 libro
1654 4868 1834 4912 autem

255 4945 540 5014 Dauielis,
590 4948 725 5019 quia
770 4948 828 5002 in
879 4946 1022 5003 LXX
1073 4947 1465 5018 lnterpretibus
1510 4957 1623 5004 tota
1665 4949 1837 5005 series

256 5051 590 5113 praepostere
616 5042 793 5112 posita
839 5051 982 5109 erat,
1012 5041 1142 5096 licet
1162 5043 1210 5096 ei
1245 5042 1510 5097 medicam
1545 5041 1838 5097 admovere

256 5149 481 5190 manum
514 5135 808 5191 tentaverit
830 5132 1118 5205 Origenes,
1151 5132 1243 5187 illa
1275 5142 1454 5187 tamen
1486 5132 1724 5187 editione
1744 5146 1835 5187 re-

254 5237 423 5289 mota,
455 5225 889 5283 Theodotionem
920 5226 1040 5296 ejus
1084 5226 1207 5282 loco
1236 5226 1518 5282 substituit
1541 5225 1785 5282 Ecclesia
1818 5243 1832 5280 :

254 5321 399 5376 unde
428 5319 632 5375 factum
656 5326 742 5375 est
769 5328 830 5374 ut
851 5318 1246 5376 Theodotionis
1273 5319 1440 5376 editio
1470 5319 1523 5374 in
1555 5308 1855 5373 Danielem’

252 5413 527 5483 hodieque
558 5413 674 5467 sola
704 5411 761 5467 in
802 5410 1064 5467 Ecclesiis
1087 5410 1292 5467 Graecis
1322 5412 1555 5483 legatur,
1586 5419 1640 5465 et
1667 5411 1836 5466 editio

249 5506 362 5560 τῶν
408 5507 465 5558 0'
496 5507 761 5577 paulatim
794 5506 1084 5563 interierit.
1115 5505 1232 5559 Alia
1260 5505 1387 5559 item
1420 5506 1636 5561 minora
1677 5504 1835 5560 addi-

251 5608 519 5665 tamenta,
547 5616 669 5669 qua
692 5602 994 5671 praemissis
1026 5601 1306 5656 asteriseis
1351 5599 1578 5655 editioni
1612 5598 1723 5653 τῶν
1778 5601 1833 5653 0¹

251 5692 491 5749 inseruit
516 5690 802 5764 Origenes,
834 5705 893 5749 ut
917 5696 1217 5765 plurimum
1246 5711 1315 5749 ex
1349 5693 1747 5761 Theodotione,
1765 5694 1835 5748 ob

251 5794 616 5842 memoratam
670 5786 798 5854 styli
843 5785 1191 5854 aﬂinitatem,
1241 5792 1526 5842 mutuatus
1567 5793 1685 5854 est;
1721 5799 1831 5841 non

1944 4585 2181 4651 Eddim,
2240 4583 2334 4638 ubi
2376 4581 2574 4651 Aquila
2642 4575 3000 4651 μαρτυριῶν,
3069 4574 3521 4640 testimoniorum,

1942 4676 2331 4750 Symmachus,
2381 4672 2649 4736 κυουσῶν,
2698 4670 3044 4742 parientium,
3080 4665 3333 4738 Vulgata,
3384 4683 3525 4720 men-

1939 4775 2184 4831 struatie,
2227 4764 2355 4831 alii,
2405 4773 2710 4818 centenum.
2768 4759 2922 4814 Dicet
2973 4758 3209 4813 fortasse
3247 4757 3522 4827 quispiam

1940 4857 2374 4913 Theodotionem
2414 4856 2513 4910 has
2539 4870 2706 4910 voces
2740 4866 3018 4923 perraras,
3048 4858 3103 4904 et
3128 4865 3268 4920 quas
3309 4849 3403 4904 alii
3436 4848 3523 4902 in-

1938 4958 2226 5019 terpretes,
2275 4964 2473 5019 nempe
2515 4946 2660 5001 LXX
2705 4953 2761 5001 et
2788 4943 3007 5015 Aquila,
3037 4941 3197 5013 quasi
3229 4941 3522 4996 divinando

1938 5040 2288 5096 transtulisse
2350 5040 2696 5103 videbantur,
2760 5037 3018 5092 consulto
3082 5032 3524 5105 ἁνερμηνεύτους

1938 5135 2379 5204 praetermisisse,
2412 5133 2543 5204 quia
2585 5148 2774 5187 earum
2823 5129 3281 5202 signiﬁcationem
3325 5126 3522 5197 priscis

1937 5226 2046 5280 illis
2095 5225 2318 5295 perinde
2367 5233 2533 5295 atque
2584 5222 2718 5288 sibi,
2792 5224 3034 5292 ignotam
3087 5233 3211 5274 esse
3255 5218 3519 5288 putabat:

1937 5327 2152 5389 poterat
2184 5319 2330 5373 enim
2367 5333 2435 5372 ex
2471 5316 2591 5372 aliis
2632 5314 2909 5378 mutuari,
2957 5312 3004 5368 si
3047 5312 3185 5367 bene
3228 5309 3523 5366 translatas

1939 5412 2009 5466 ab
2057 5412 2137 5466 eis
2162 5410 2484 5480 putavisset.
2536 5408 2808 5463 Praeterea
2876 5405 3050 5459 multa
3104 5402 3274 5458 verba
3329 5400 3522 5468 fuisse,

1937 5519 2173 5573 quorum
2220 5503 2348 5557 licet
2392 5500 2722 5571 signiﬁcatio
2767 5515 2879 5554 non
2914 5499 3283 5566 ignoraretur,
3311 5509 3379 5549 ex
3415 5508 3520 5550 usu

1938 5605 2121 5651 tamen
2145 5592 2460 5649 Iudaeorum
2496 5592 2876 5663 ἀνερμήνευτα
2914 5586 3303 5654 remanebant,
3341 5593 3395 5641 et
3431 5584 3522 5641 lit-

1937 5687 2070 5743 teris
2113 5686 2292 5743 solum
2321 5684 2549 5750 Graecis,
2572 5693 2654 5765 Aut
2684 5680 2952 5737 Hebraice
2980 5679 3295 5742 .sonabant,
3338 5673 3525 5746 expri-

1938 5781 2258 5850 mebantur;
2308 5777 2468 5850 cujus
2505 5776 2587 5835 rei
2611 5774 2862 5848 exempla
2895 5773 3066 5831 multa
3098 5772 3157 5831 in
3183 5768 3327 5828 LXX
3351 5766 3527 5827 luter-
