3832 6214
317 343 389 400 95
1682 318 2209 380 PRAELIMINARIA
3509 299 3582 357 96

317 455 565 529 pretibus
602 458 927 509 occurrunt.
972 446 1099 505 llaec
1125 449 1365 519 obiectio
1395 465 1503 504 non
1530 447 1903 502 verisituilittto
1934 466 1977 520 Α
2008 440 2480 513 praetermisimus,
2541 435 2720 529 valere
2770 429 3073 529 possitzuin
3132 425 3362 529 fliqllotl
3394 430 3581 529 tamen

316 551 445 606 dine
494 556 644 604 caret
691 565 705 600 :
754 555 811 600 at
852 545 955 600 etsi
1005 542 1302 612 aliquando
1354 542 1409 595 in
1455 541 1783 612 quihusdam
1829 554 1894 592 ex

315 640 497 697 allatis
535 638 671 694 locis
713 648 766 691 et
810 636 867 690 in
909 633 1032 689 aliis
1074 633 1214 688 bene
1254 632 1443 687 multis
1486 646 1608 703 quae
1648 630 1898 685 consulto

2002 534 2269 604 exemplis
2296 527 2688 586 Theodotionis
2735 524 2822 579 vel
2860 518 3254 592 indiligentiam
3285 516 3368 571 vel
3407 514 3584 586 impe-

2008 626 2191 679 ritiam
2225 624 2315 679 vix
2344 634 2611 678 excusare
2639 630 2953 688 possumus.

1440 893 1820 983 CAPUT
1880 889 2495 985 OCTAVUM.

1493 1078 1583 1138 De
1638 1071 1908 1153 reliquis
1938 1066 2357 1130 editionibus.

316 1308 359 1363 ι
379 1311 576 1374 Quinta.
602 1309 774 1370 Sena.
800 1302 1655 1374 Senttznaedtuones...causam
1695 1302 1976 1374 las'ﬁesinl:
2016 1300 2075 1374 ει-
2101 1296 2431 1374 omnem
2454 1291 3002 1374 terrestresut}!!-
3029 1292 3106 1343 De
3127 1292 3308 1353 ουίτηι
3329 1294 3578 1345 editions

893 1368 974 1418 ιν.
997 1367 1072 1416 De
1097 1368 1268 1416 Sexta.
1291 1358 1450 1416 V.'De
1470 1365 1708 1426 Septima.
1734 1365 1817 1415 Vl.
1842 1365 1918 1415 De
1940 1358 2161 1425 Vulgata
2186 1360 2422 1409 editionis
2456 1358 2642 1405 Latinze
2674 1358 2972 1417 praestantia.

388 1474 428 1531 ι.
459 1473 683 1542 Quinta,
708 1469 893 1539 Sexta,
921 1469 1155 1539 Septima
1186 1469 1443 1524 editiones
1481 1470 1823 1540 quandonam

938 1543 1098 1612 facta:
1126 1542 1258 1596 sint.

387 1658 507 1726 Quo
538 1668 780 1727 tempore
804 1654 1026 1723 Quinta,
1056 1636 1241 1721 Sexta,
1266 1664 1321 1711 et
1347 1654 1590 1726 Septima
1627 1656 1896 1713 editiones

318 1753 537 1806 emissa:
567 1749 809 1816 fuerint;
848 1765 915 1804 an
951 1750 1056 1803 alia
1090 1749 1253 1803 aliam
1298 1758 1455 1803 aetate
1499 1749 1658 1821 longe
1694 1765 1898 1821 praece—

316 1843 431 1911 dat,
463 1859 586 1913 quae
623 1844 796 1913 prior,
839 1857 961 1911 qua:
1014 1842 1284 1911 posterior
1324 1841 1647 1897 concinnata
1690 1838 1892 1906 fuerit,

315 1936 519 2007 quibus
563 1934 881 1989 auctoribus
930 1934 1188 2003 singulm;
1234 1935 1367 1997 haec,
1414 1934 1660 2003 inquam,
1713 1935 1896 1989 omnia

314 2044 472 2098 aeque
502 2028 687 2098 ignota
723 2037 882 2089 sunt,
919 2043 1020 2083 nec
1052 2034 1228 2096 potest
1260 2027 1329 2081 iis
1353 2027 1420 2081 de
1453 2026 1617 2080 rebus
1647 2026 1728 2081 vel
1761 2041 1897 2081 con-

308 2120 570 2189 jectaudo
615 2119 891 2188 quidpiam
944 2118 1195 2188 proferri.
1239 2116 1579 2189 Perindeque
1617 2120 1899 2189 ignoratur

316 2223 385 2262 an
414 2208 626 2278 Aquilia
650 2251 664 2273 ,
695 2207 1085 2264 Thcodotionis
1123 2218 1175 2264 et
1202 2209 1514 2280 Symmachi
1564 2210 1897 2265 editionihus

316 2299 424 2354 illa:
473 2301 556 2354 vel
617 2303 956 2371 antiquiores
1007 2302 1152 2365 sint,
1196 2302 1283 2356 vel
1339 2311 1497 2355 astate
1544 2302 1894 2371 posteriores.

316 2391 376 2445 Si
407 2401 587 2445 tamen
636 2392 860 2458 Quinta,
894 2408 1017 2463 quae
1054 2408 1199 2447 anno
1226 2391 1523 2447 Caracallaa
1569 2393 1802 2462 septimo
1840 2392 1899 2447 in

313 2476 479 2533 doliis
516 2490 729 2549 reperta
756 2489 858 2545 est,
895 2490 949 2535 tt
983 2482 1145 2535 Sexta
1173 2498 1295 2551 qua:
1337 2493 1578 2552 tempore
1604 2483 1898 2538 Alexandri

315 2567 505 2625 Severi
542 2571 596 2625 in
629 2573 791 2626 doliis
822 2575 1025 2642 pariter
1056 2574 1394 2643 deprehensa
1440 2574 1572 2640 fuit;
1611 2576 1657 2630 si
1701 2575 1897 2639 ambas,

316 2657 578 2728 inquam,
630 2662 736 2715 illae
787 2663 839 2715 in
890 2663 1054 2717 doliis
1110 2664 1426 2733 huiusmodi
1474 2665 1566 2719 diu
1617 2666 1896 2731 latuerint,

323 2746 722 2807 Theodotionis
770 2768 901 2807 sane
953 2763 1006 2808 et
1050 2754 1363 2827 Symmachi
1422 2758 1727 2823 editiones,
1776 2773 1900 2827 quas

318 2840 485 2911 paulo
531 2851 658 2896 ante
704 2844 920 2899 emissae
977 2844 1229 2909 fuerant,
1282 2855 1441 2901 astate
1494 2849 1896 2917 praecesserint.

315 2928 462 2985 Sane
489 2933 783 2988 verisimile
811 2934 1049 2997 videtur,
1073 2937 1156 2990 vel
1180 2952 1246 2991 ex
1281 2937 1400 3007 ipso
1428 2939 1685 2993 narrandi
1713 2937 1895 3003 modo,

312 3021 584 3079 editiones
623 3025 766 3092 illas,
807 3041 930 3094 qua:
969 3042 1101 3082 casu
1141 3028 1195 3081 in
1234 3029 1395 3083 doliis
1436 3029 1668 3084 latentes
1706 3031 1900 3100 depre-

316 3114 504 3169 liensaa
548 3125 695 3180 sunt,
730 3131 836 3170 non
876 3120 1192 3186 nuperrime
1220 3120 1525 3176 occultatas
1573 3121 1766 3189 fuisse,
1803 3123 1896 3177 sed

315 3222 424 3261 non
455 3210 645 3277 paucis
677 3208 902 3263 latuisse
940 3210 1102 3265 annis
1161 3208 1239 3264 Ex
1269 3212 1369 3267 hac
1402 3227 1567 3281 porro
1594 3213 1895 3268 editionum

314 3301 637 3355 collectione
680 3301 1122 3366 animadvertas,
1171 3303 1266 3355 illo
1309 3304 1652 3359 azvomultos
1703 3303 1895 3370 fuisse,

314 3391 408 3465 qui
445 3390 726 3447 Hebraicis
750 3393 903 3447 libris
938 3408 1106 3448 sacra:
1133 3394 1431 3461 Scriptura:
1458 3395 1644 3451 Graece
1679 3406 1896 3453 verten-

316 3487 405 3539 dis
437 3486 759 3539 insudarent
795 3502 808 3538 :
850 3498 974 3538 nam
1014 3492 1209 3553 pl‘lBltEI‘
1243 3484 1383 3537 LXX
1424 3486 1769 3556 lnterpretes,
1801 3504 1898 3543 sex

314 3577 452 3632 alias
480 3577 748 3632 editiones
777 3586 970 3630 nactus
992 3576 1372 3648 estOrigenes,
1396 3579 1490 3649 qui
1516 3580 1754 3636 fortasse
1786 3596 1896 3636 non

315 3684 508 3725 omnes
534 3685 657 3741 quer.
687 3677 811 3722 ante
844 3668 1178 3737 prodierant,
1208 3670 1447 3738 reperire
1485 3674 1683 3740 potuit.

608 3760 670 3815 ll.
720 3760 1073 3826 Quandonam
1124 3774 1340 3830 reperta:
1385 3763 1604 3833 fuerint.

386 3851 644 3921 Quintam
680 3853 976 3908 editionem
1012 3866 1283 3922 repertam
1334 3854 1505 3910 fuisse
1535 3846 1895 3914 Hierichunte

317 3944 375 3998 in
412 3944 594 4006 doliis,
625 3946 683 3996 ἐν
716 3943 913 4007 πίθοις,
957 3944 1227 3998 referebat
1249 3943 1532 4014 Origenes,
1567 3955 1703 4001 teste
1728 3946 1897 4003 Euse-

316 4035 430 4099 bio,
457 4034 599 4089 Hist.
626 4034 752 4088 eccl.
790 4035 883 4090 lib.
914 4051 990 4101 vr,
1024 4050 1144 4105 cap.
1176 4035 1260 4098 l6,
1288 4037 1606 4106 etquidem,
1628 4047 1686 4092 ut
1714 4049 1900 4095 narrat

318 4125 681 4198 Epiphanius,
719 4144 864 4181 anno
886 4129 1182 4183 Caraealla:
1208 4130 1461 4199 septimo.
1490 4129 1652 4185 Sexta
1684 4133 1890 4201 pariter

317 4220 485 4273 editio
533 4221 586 4272 iu
632 4220 795 4275 doliis
844 4222 1063 4277 inventa
1115 4220 1215 4276 fuit
1255 4221 1502 4291 Nicopoli
1548 4224 1616 4277 ad
1654 4224 1897 4292 Actium,

319 4320 561 4379 tempore
584 4310 935 4366 Alexandrini
971 4311 1176 4367 Severi.
1214 4312 1511 4382 Septimam
1543 4314 1668 4368 item
1703 4315 1897 4369 editio-

318 4420 440 4458 nem
472 4413 692 4457 nactum
718 4401 1007 4474 Origenem
1051 4405 1105 4456 in
1140 4403 1399 4472 llexaplis
1433 4404 1683 4472 posuisse
1714 4415 1899 4460 narrat

317 4493 587 4550 Eusebius
628 4495 718 4549 lib.
745 4511 814 4555 γι.
866 4510 985 4563 cap.
1008 4494 1074 4548 16
1096 4513 1109 4548 :
1131 4495 1228 4546 Ἔν
1250 4511 1313 4562 γε
1339 4496 1444 4566 μὴν
1470 4498 1580 4559 τοῖς
1612 4496 1897 4561 Ἐξαπλοῖς

316 4587 424 4642 τῶν
445 4587 688 4659 Ψαλμῶν
716 4587 855 4658 μετὰ
880 4587 977 4650 τὰς
999 4588 1301 4659 ἐπισήμους
1333 4589 1605 4661 csso-apag
1632 4588 1891 4654 ἐκδόσεις,

313 4679 377 4733 οὐ
418 4680 575 4750 μόνον
613 4679 898 4748 Πέμπτην,
944 4677 1081 4731 ἀλλὰ
1120 4680 1213 4732 καὶ
1242 4679 1445 4750 ’Ἐκ-την
1492 4680 1587 4732 καὶ
1631 4679 1895 4750 Ἑϐδόμην

318 4770 587 4843 παραθεὶς
635 4770 950 4841 ἑρμηνείαν.
997 4770 1049 4824 Id
1096 4779 1231 4823 est:
1286 4768 1478 4839 Utique
1532 4771 1586 4822 in
1636 4769 1894 4839 llezaplis

319 4862 659 4916 Psalmorum
705 4872 822 4931 post
872 4862 1102 4931 insignes
1153 4861 1277 4914 illas
1325 4871 1556 4931 quatuor
1603 4862 1893 4925 editiones,

316 4959 407 5011 ubi
439 4973 539 5010 non
570 4956 741 5009 solum
773 4955 1050 5021 Quintam,
1083 4955 1173 5009 sed
1202 4956 1364 5009 etiam
1396 4952 1612 5009 Sextum
1640 4965 1689 5009 et
1715 4953 1893 5024 Septi-

318 5064 459 5101 mam
510 5048 796 5102 editionem
841 5049 1106 5116 apposuit,
1147 5056 1251 5101 etc.
1303 5046 1430 5101 Haec
1472 5047 1525 5100 in
1573 5056 1895 5102 transcursu

317 5155 550 5197 narrans
595 5140 891 5203 Eusebius,
945 5140 1001 5194 in
1048 5139 1284 5195 Psalmis
1333 5149 1544 5194 tantum
1597 5139 1894 5209 Septimam

316 5235 613 5288 editionem
654 5232 823 5289 fuisse
852 5241 1138 5288 memorat.
1172 5232 1277 5287 Sed
1320 5233 1437 5302 ipso
1469 5242 1607 5287 teste
1636 5232 1894 5299 Eusebio,

315 5325 374 5379 in
420 5327 727 5381 minoribus
774 5326 940 5380 etiam
992 5325 1273 5395 prophetis
1328 5326 1663 5389 habebatur,
1714 5325 1895 5381 locum

315 5417 462 5472 enim
497 5414 752 5487 Septima:
799 5433 864 5472 ex
901 5415 1159 5471 Habacuc
1207 5420 1345 5487 cap.
1369 5433 1405 5471 It
1455 5417 1569 5487 ipse
1602 5416 1808 5485 profert
1840 5419 1894 5472 in

317 5507 781 5564 Demonstratione
836 5510 1172 5580 evangelica;
1224 5520 1408 5565 utrum
1462 5512 1515 5564 iu
1560 5510 1683 5564 aliis
1728 5510 1895 5565 etiam

318 5601 476 5657 libris
511 5602 674 5657 fuerit
716 5603 825 5673 jam
867 5605 1047 5672 capite
1083 5605 1261 5672 primo
1309 5602 1767 5657 Prmliminarium
1801 5617 1897 5657 ex-

318 5711 549 5767 pensum
591 5695 715 5751 fuit.
750 5695 989 5752 Eusebio
1030 5697 1230 5753 accinit
1256 5695 1621 5767 Hieronymus
1658 5696 1731 5749 De
1757 5697 1895 5750 scri-

317 5788 556 5844 ptoribus
600 5788 1014 5845 ecclesiasticis:
1048 5788 1338 5856 Praterea,
1383 5788 1590 5859 inquit,
1637 5786 1894 5854 Quintam

2000 1477 2050 1522 et
2077 1465 2293 1521 Sectam
2333 1473 2382 1516 et
2413 1461 2707 1531 Septimam
2744 1459 3062 1523 editionem,
3111 1473 3241 1528 quas
3279 1460 3441 1513 etiam
3480 1476 3583 1515 nos

2002 1558 2067 1611 de
2111 1556 2225 1626 ejus
2273 1554 2587 1607 bibliotheca
2640 1549 2928 1613 habemus,
2982 1549 3116 1602 miro
3165 1548 3345 1603 labore
3387 1551 3586 1619 reperit

2004 1648 2311 1721 (Origenes)
2360 1656 2410 1699 et
2447 1661 2567 1699 cum
2607 1644 2815 1698 cceteris
2861 1641 3178 1697 editionibus
3228 1644 3582 1713 comparavit.

2001 1737 2170 1811 igitur
2212 1752 2274 1791 ex
2302 1734 2521 1789 Eusebii
2564 1742 2617 1788 et
2644 1731 2957 1801 Hieronymi
2997 1732 3346 1799 testimoniis,
3376 1732 3585 1802 quibus

2001 1846 2109 1885 non
2156 1827 2283 1883 licet
2322 1825 2617 1897 refragari,
2663 1832 2871 1878 certum
2921 1831 3006 1877 est
3052 1820 3351 1892 Septimam
3409 1823 3582 1879 etiam

1998 1923 2290 1979 editionem
2338 1921 2394 1973 in
2435 1918 2763 1989 quibusdam
2814 1914 3113 1985 Scriptura:
3162 1915 3319 1971 libris
3358 1916 3426 1970 ab
3459 1917 3584 1986 ipso

1999 2014 2232 2084 Origene
2255 2013 2485 2084 positam
2515 2011 2704 2067 fuisse.
2722 2010 2788 2065 λιιι
2813 2022 2959 2065 certe
2986 2011 3238 2080 ignorare
3268 2026 3374 2065 non
3402 2012 3588 2081 potuit

2000 2108 2293 2171 Eusebius,
2337 2106 2432 2176 qui
2483 2108 2663 2175 ipsum
2697 2104 2951 2173 Origcnis
2996 2103 3429 2173 autograpltum,
3465 2121 3580 2160 una

1998 2217 2125 2257 cum
2144 2200 2428 2268 Pamphilo
2459 2208 2720 2270 martyre,
2755 2196 3025 2260 tractavit,
3050 2198 3290 2252 correxit
3320 2198 3586 2253 scholiis-

2003 2310 2108 2367 que
2152 2294 2465 2348 illustravit.
2512 2292 2766 2346 Attamen
2804 2289 3102 2360 Septimam
3147 2305 3422 2362 nusquam
3463 2304 3588 2345 me-

2000 2394 2180 2440 morat
2209 2384 2574 2454 Epiphanius,
2612 2383 2707 2453 qui
2756 2391 2815 2436 ut
2854 2383 2909 2435 in
2958 2381 3080 2435 aliis
3115 2381 3298 2435 minus
3336 2382 3588 2437 accurati

2000 2476 2283 2545 scriptoris
2334 2474 2633 2543 conspicua
2682 2473 2838 2542 signa
2880 2472 3047 2539 dedit,
3081 2473 3185 2526 hoc
3226 2472 3354 2527 item
3397 2473 3590 2527 indili-

2001 2574 2189 2637 genter
2222 2575 2489 2620 tractasse
2526 2564 2927 2619 existimandus
2958 2571 3063 2619 est.
3113 2564 3219 2619 Sed
3244 2603 3257 2629 ,
3289 2566 3434 2635 quod
3472 2565 3586 2621 nti-

2000 2674 2124 2711 rum
2160 2658 2429 2721 videatur,
2461 2666 2653 2710 auctor
2684 2653 2979 2725 Syuopseos
3029 2656 3170 2710 inter
3205 2656 3586 2711 Athanasiana

2001 2766 2168 2821 opera
2198 2766 2369 2817 cusuc,
2415 2750 2483 2805 de
2506 2750 2747 2819 Septima
2782 2750 3019 2804 editione
3054 2749 3127 2803 ita
3166 2748 3448 2819 loquitur:
3485 2747 3591 2804 Se-

1999 2844 2166 2913 ptima
2198 2853 2244 2896 et
2278 2853 2544 2911 postrema
2574 2842 2942 2911 interpretatio
2991 2841 3164 2894 sancti
3204 2841 3427 2894 Luciani
3459 2856 3584 2893 ma-

2000 2932 2090 3004 gni
2125 2943 2314 2987 asceta:
2357 2943 2406 2986 et
2438 2933 2691 3003 martyris
2723 2942 2822 2997 est,
2856 2933 2946 3002 qui
2980 2942 3029 2986 et
3061 2934 3171 3001 ipse
3200 2949 3319 2986 cum
3358 2934 3413 2986 in
3440 2948 3586 3003 prtia—

2001 3024 2174 3077 dictas
2199 3024 2455 3079 editiones
2490 3041 2608 3078 cum
2639 3024 2913 3078 Hebraicis
2944 3025 3251 3090 conjunctas
3283 3025 3585 3091 incidisset,

2001 3127 2050 3170 et
2084 3116 2365 3186 diligenter
2400 3133 2518 3186 qua:
2556 3116 2635 3170 vel
2673 3117 2921 3182 deerant,
2967 3114 3043 3169 vel
3089 3115 3359 3185 superﬂua
3402 3126 3588 3180 erm.

2000 3209 2351 3276 inspexisset,
2400 3224 2464 3261 ac
2514 3209 2622 3261 suis
2667 3207 2959 3278 quibusque
3000 3205 3402 3276 Scripturarum
3442 3207 3586 3263 locis

2000 3302 2346 3365 correxisset,
2410 3302 2700 3356 versionem
2761 3300 2895 3355 hanc
2940 3300 3262 3355 Christianis
3321 3300 3586 3370 fratribus

1999 3393 2188 3455 edidit,
2228 3409 2345 3463 qua:
2378 3394 2767 3462 interpretatio,
2810 3394 2918 3447 sive
2961 3394 3127 3463 ipsius
3176 3409 3336 3445 manu
3378 3392 3590 3446 descri-

1974 3497 2121 3555 ptus
2165 3484 2321 3548 liber,
2362 3494 2479 3553 post
2514 3485 2629 3554 ejus
2677 3495 2941 3539 certamen
2987 3495 3036 3538 et
3079 3485 3394 3554 martyrium
3437 3485 3588 3554 quod

2000 3577 2095 3631 sub
2141 3577 2473 3631 Diocletiano
2521 3587 2569 3629 et
2613 3576 2946 3630 Maximiano
3003 3577 3246 3646 tyrannis
3297 3576 3586 3643 sustinuit,

1999 3678 2229 3737 repertus
2262 3680 2338 3722 est
2373 3667 2702 3722 Nicomedia:
2734 3667 2827 3722 sub
2862 3667 3216 3723 Constantino
3250 3667 3442 3739 Magno
3471 3670 3587 3722 ins—

1998 3772 2242 3834 peratore
2275 3763 2418 3832 apud
2443 3760 2692 3826 Juda’os,
2724 3762 2781 3815 in
2813 3764 3015 3830 pariete
3061 3760 3252 3814 turrito
3291 3759 3434 3814 calce
3471 3761 3592 3814 cir-

1998 3856 2254 3922 cumlita,
2314 3856 2371 3908 in
2430 3870 2533 3924 quo
2587 3853 2845 3907 custodite
2899 3853 3076 3923 gratia
3129 3852 3331 3921 positus
3379 3852 3587 3921 fuerat.

2000 3946 2094 4003 Sic
2132 3948 2220 4001 ille
2254 3946 2596 4001 decantatam
2637 3946 2785 3999 illam
2820 3945 3051 3999 Luciani
3096 3945 3353 4016 martyris
3378 3944 3587 3998 editio-

1999 4056 2123 4096 nem
2168 4055 2293 4095 eum
2323 4039 2562 4108 Septima
2600 4038 2891 4109 Hexaplari
2935 4037 3205 4099 confudit,
3238 4051 3414 4106 exque
3445 4037 3589 4092 due-

1999 4134 2103 4190 bus
2152 4150 2315 4188 unam
2364 4134 2511 4188 fecit.
2576 4132 2732 4199 Quod
2765 4140 3133 4186 commentum
3168 4129 3385 4185 Eusebii
3416 4137 3590 4199 atque

2001 4223 2316 4295 Hieronymi
2369 4222 2701 4277 testimoniis
2751 4222 3086 4292 exploditur,
3139 4236 3370 4290 quorum
3408 4218 3586 4289 prior,

2002 4318 2248 4373 Luciano
2282 4318 2508 4389 martyri
2540 4316 2788 4385 aequalis,
2826 4315 2880 4368 in
2918 4314 3039 4385 ipso
3072 4313 3414 4384 autographa
3447 4312 3589 4367 vidit

2003 4408 2303 4479 Septimam
2355 4411 2423 4464 ab
2461 4410 2696 4479 Origene
2747 4414 2873 4461 ante
2921 4421 3099 4461 annos
3148 4406 3270 4475 plus
3310 4404 3594 4475 quinqua-

1930 4534 1973 4588 Β
2002 4503 2146 4571 ginta
2193 4503 2245 4555 in
2304 4500 2559 4570 llexaplis
2606 4501 2865 4570 positam.
2899 4498 2981 4551 Ad
3020 4498 3137 4552 hinc
3165 4511 3295 4551 vero
3331 4495 3589 4588 auctoris

2000 4593 2293 4665 Synopseos
2331 4596 2570 4647 narratio
2602 4593 2880 4661 respuitur
2912 4607 2978 4646 ex
3012 4591 3146 4658 ipsis
3182 4588 3439 4658 Septima:
3470 4586 3592 4642 fra-

1998 4687 2251 4757 gmentis,
2280 4699 2421 4754 quae,
2451 4692 2508 4736 ut
2540 4684 2975 4738 testilicabantur
3003 4680 3275 4734 Eusebius
3304 4689 3358 4734 et
3384 4677 3593 4733 Hiero-

1998 4790 2214 4846 nymus,
2251 4774 2305 4827 in
2348 4773 2537 4842 paucis
2567 4772 2862 4842 Scriptura:
2910 4772 3064 4827 libris
3098 4772 3288 4825 aderat
3324 4788 3340 4824 :
3386 4780 3592 4827 contra

1997 4885 2127 4922 vero
2172 4867 2400 4921 Luciaui
2442 4866 2614 4919 editio
2655 4874 2824 4919 totam
2856 4863 3198 4935 Seripturam
3249 4863 3589 4932 complecte-

1998 4960 2452 5028 batur;nihilque
2468 4958 2617 5012 aliud
2638 4966 2933 5028 eratquam
2959 4957 3335 5026 interpretatio
3364 4955 3475 5010 τῶν
3501 4959 3590 5026 0',

1999 5051 2247 5119 plurimis
2270 5051 2325 5103 in
2350 5050 2486 5105 locis
2506 5052 2575 5105 ab
2607 5052 2794 5105 eodem
2815 5059 3003 5104 sancte
3023 5059 3258 5120 martyre
3270 5049 3588 5113 emendata,

1998 5159 2121 5213 quae
2148 5142 2337 5196 multis
2366 5152 2490 5211 post
2520 5141 2849 5196 concinnata
2879 5140 3118 5208 llexapla
3155 5139 3318 5193 annis
3360 5138 3591 5209 prodie-

1999 5245 2106 5288 rat.
2190 5232 2328 5286 llinc
2378 5246 2510 5286 vero
2578 5232 2934 5300 eorrigendus
2983 5230 3217 5285 Brianus
3266 5229 3585 5298 Waltonus,

1998 5328 2091 5396 qui
2124 5326 2191 5379 ab
2217 5337 2442 5380 auctore
2471 5322 2765 5393 Synopseos
2795 5325 3072 5393 deceptus,
3104 5323 3361 5394 opinatur
3393 5323 3586 5392 Septi-

1998 5433 2142 5472 mam
2180 5419 2427 5472 eamdem
2469 5433 2591 5474 esse
2617 5431 2782 5488 quam
2814 5415 3043 5471 Luciani
3086 5415 3347 5487 martyris
3379 5416 3588 5474 editio-

1999 5527 2147 5567 nem.
2182 5510 2494 5582 Prolegom.
2530 5527 2607 5576 tx,
2642 5527 2795 5565 num.
2824 5510 2915 5568 20.

2416 5603 2507 5660 Ill.
2555 5605 2631 5660 De
2669 5604 2869 5669 Quinta
2901 5605 3150 5659 editione.

2068 5693 2506 5757 Christianusne.
2538 5710 2608 5750 an
2636 5693 2880 5757 Judaeus,
2924 5694 3379 5750 Samaritanusve
3412 5692 3583 5750 fuerit

1998 5788 2092 5858 qui
2121 5788 2415 5846 editionem
2447 5785 2709 5853 Quintam
2740 5787 3048 5851 adornavit.
3081 5802 3185 5844 nec
3217 5801 3287 5845 ex
3330 5797 3578 5844 veterum
