3832 6214
258 409 329 467 97
1462 397 1533 453 IN
1570 394 1897 453 HEXAPLA
1932 392 2278 451 ORIGENIS.
3449 398 3520 453 98

253 524 596 591 testimonio,
624 539 725 579 nec
750 538 819 579 ex
850 523 972 593 ejus
999 520 1444 592 interpretatione
1469 519 1646 591 colligi
1674 532 1836 589 posse
1865 522 1908 578 Α
1938 514 2142 581 ptimze,
2178 528 2298 582 quae
2327 510 2381 565 in
2410 509 2664 567 Habacuc
2691 510 2951 581 propheta
2990 525 3094 566 suo
3117 513 3309 567 ordine
3344 514 3522 583 posita

252 616 500 671 videtur:
533 614 783 683 quisquis
815 628 946 668 vero
972 610 1155 677 fuerit,
1187 612 1358 665 multo
1386 611 1642 666 liberiore
1670 624 1834 680 quam

257 703 627 763 Svmmachus
655 705 1042 775 interpretandi
1090 718 1286 774 genere
1336 719 1468 758 usus
1500 712 1606 766 est,
1654 702 1728 756 ita
1778 712 1839 755 ut

254 797 654 868 paraphrasten
694 797 1023 865 quandoque
1065 794 1260 863 sapiat,
1290 803 1349 848 ut
1393 794 1578 848 videre
1611 808 1837 863 praeser-

253 887 359 944 tim
390 896 475 941 est
509 888 563 941 in
595 886 882 941 duodecim
928 884 1206 955 prophetis
1237 885 1559 951 minoribus,
1605 885 1694 938 ubi
1733 884 1840 938 fre-

258 979 548 1050 thentiora
594 977 837 1046 ejusdem
878 976 1178 1047 fragmenta
1228 977 1518 1031 habentur.
1570 974 1662 1030 Sic
1700 974 1837 1030 Osee

256 1084 341 1130 vt,
370 1069 425 1133 Ξ,
461 1084 649 1123 vocem
678 1076 900 1134 tivam,
932 1084 1095 1138 quam
1128 1069 1332 1130 cmteri,
1372 1066 1577 1121 curabit
1606 1084 1720 1129 nos,
1752 1068 1834 1122 vel

259 1160 505 1231 alligabit
534 1178 651 1223 nos,
682 1162 1126 1230 interpretantur,
1152 1162 1266 1229 ipse
1296 1162 1475 1223 vertit,
1503 1160 1676 1230 ὑγιεῖς
1704 1161 1837 1214 ἁπο-

259 1253 447 1320 δείξει,
478 1270 636 1307 sanos
677 1254 958 1309 exhibebit.
1005 1253 1071 1307 Et
1111 1252 1248 1309 Osee
1285 1270 1381 1319 vn,
1430 1255 1516 1321 14,
1568 1255 1681 1307 haec
1732 1252 1836 1307 He-

260 1345 448 1402 braica
478 1346 641 1399 verba
679 1354 740 1404 in
767 1351 910 1405 mm
952 1354 1164 1406 meum?
1198 1354 1398 1405 rerum
1445 1330 1653 1431 raw-517,
1699 1360 1834 1415 quo-

261 1449 387 1487 rum
417 1449 611 1489 sensus
642 1442 745 1500 est,
783 1451 940 1505 super
974 1436 1210 1488 triticum
1244 1446 1291 1490 et
1321 1437 1499 1489 vinum
1536 1433 1835 1504 congregati

262 1535 408 1587 sunt,
435 1536 755 1579 recesserunt
793 1544 823 1579 a
859 1543 958 1590 nte,
988 1528 1103 1596 ipse
1134 1528 1316 1592 vertit,
1355 1527 1460 1579 ὑπὸ
1503 1526 1716 1598 τρυφῆς
1743 1525 1836 1577 καὶ

262 1616 579 1687 πλησμονῆς
622 1618 772 1671 σίτου
815 1620 908 1671 καὶ
947 1618 1089 1672 οἴνου
1116 1618 1429 1690 ἀπέστησάν
1478 1637 1601 1689 μου,
1649 1619 1831 1683 idest,

258 1724 294 1761 ο
324 1709 591 1779 voluptate
616 1719 663 1764 et
701 1710 1031 1764 abundantia
1061 1712 1228 1765 tritici
1253 1724 1302 1765 et
1340 1712 1448 1765 vini
1473 1712 1771 1779 defecerunt
1802 1727 1835 1763 a

260 1818 366 1856 me.
406 1801 497 1857 Sic
531 1804 621 1857 ille
669 1804 780 1858 fere
810 1820 1023 1872 semper
1056 1804 1280 1858 liberam
1311 1821 1412 1860 nec
1444 1804 1637 1858 litterae
1668 1802 1832 1857 astri-

260 1902 405 1947 ctam
453 1894 951 1964 interpretationem
984 1893 1157 1958 effert,
1186 1895 1261 1949 ita
1309 1905 1489 1949 tamen
1534 1905 1592 1948 ιιι
1637 1909 1669 1947 a
1702 1906 1829 1946 vera
1863 1874 1906 1931 Β

263 1981 560 2054 Scripturze
605 1995 783 2040 mente
812 2002 920 2039 non
964 1986 1225 2040 recedat:
1268 2001 1390 2055 quae
1422 2001 1585 2039 causa
1628 1984 1730 2040 fuit
1774 1994 1833 2040 ut

212 2102 225 2114 -
261 2071 527 2145 Vulgatus
570 2075 837 2143 interpres
882 2076 937 2128 in
968 2074 1053 2130 his
1097 2075 1485 2144 prephetarum
1526 2075 1680 2131 libris
1722 2089 1829 2129 non

259 2164 632 2237 infrequenter
658 2166 834 2237 ipsum
870 2166 1021 2235 sequi
1045 2167 1308 2220 videatur.

828 2255 917 2312 ιν.
959 2256 1037 2310 De
1079 2253 1260 2311 Sexta.

333 2348 552 2404 Sextum
583 2364 713 2403 vero
744 2348 1038 2403 editionem
1068 2363 1097 2401 a
1129 2346 1438 2401 Christiano
1465 2347 1583 2401 viro
1610 2344 1832 2400 concin-

257 2451 442 2496 natam
476 2440 644 2496 fuisse
681 2441 766 2494 vel
793 2457 860 2494 ex
901 2442 1004 2493 hoc
1034 2454 1143 2493 uno
1170 2438 1291 2506 ejus
1336 2438 1637 2507 fragmento
1663 2437 1831 2507 liqui-

257 2535 389 2589 dum
431 2542 533 2591 est.
575 2532 831 2588 Uabacuc
875 2548 956 2595 ιιι⁹
1014 2534 1100 2593 15.
1153 2532 1242 2585 ubi
1295 2531 1423 2585 illud
1472 2531 1828 2585 lielnaicnm:

254 2633 579 2708 1am}:
622 2609 768 2687 ποτε
802 2634 930 2703 ’ἶτὲἳ
984 2607 1130 2688 πιενῆ
1156 2632 1298 2683 nam
1334 2624 1413 2678 sic
1448 2624 1831 2693 interpretatur

258 2716 397 2786 ipse,
437 2714 683 2786 Ἐξῆλθες
713 2714 807 2768 τοῦ
836 2714 1008 2768 σῶσαι
1034 2715 1124 2767 τὸν
1145 2714 1269 2768 λαόν
1300 2732 1392 2767 σου
1413 2714 1499 2767 διὰ
1534 2714 1706 2786 Ἰησοῦ
1734 2713 1829 2769 τοῦ

255 2806 496 2879 Χριστοῦ
543 2824 666 2860 σοιν
717 2806 973 2877 Egressus
1014 2824 1066 2860 es
1111 2808 1179 2860 ad
1226 2806 1535 2859 salvandum
1579 2806 1830 2876 populum

256 2908 412 2953 tuum
455 2915 547 2967 per
590 2897 773 2952 Iesum
816 2896 1087 2953 Christum
1138 2910 1304 2953 tuum.
1358 2896 1528 2967 Cujus
1575 2897 1829 2952 versiculi

255 2990 444 3050 Graeca
472 3006 537 3047 ex
570 2991 957 3061 manuscriptis
984 3001 1282 3049 eruuntur:
1316 2989 1506 3046 Latina
1537 3006 1602 3045 ex
1634 2989 1829 3045 Hiero-

256 3099 442 3155 nymo,
473 3085 566 3153 qui
599 3084 750 3138 addit
798 3083 1018 3139 Sextam
1061 3082 1351 3137 editionem
1400 3084 1624 3152 prodere
1655 3082 1828 3139 mani-

255 3171 551 3226 festissime
586 3182 1012 3226 sacramentum.
1044 3170 1141 3225 llic
1173 3181 1355 3226 autem
1385 3172 1668 3242 interpres,
1707 3188 1829 3243 pcr-
1855 3206 1899 3267 ϐ

254 3260 383 3315 inde
423 3272 581 3332 atque
614 3262 946 3331 praecedens,
980 3263 1297 3331 paraphrasi
1344 3263 1628 3333 gaudebat,
1666 3273 1723 3316 ut
1771 3264 1826 3318 in

251 3350 377 3408 loco
411 3353 519 3423 jam
549 3354 712 3406 allato
746 3354 1189 3423 deprehenditur,
1222 3354 1347 3407 licet
1375 3354 1511 3407 nihil
1542 3355 1613 3407 ibi
1642 3353 1826 3408 eﬂ‘crat

253 3447 360 3500 nisi
392 3455 623 3499 mentem
659 3444 941 3500 Hebraiccc
968 3444 1280 3514 Scripturm.
1318 3444 1513 3498 Verum
1557 3445 1610 3498 in
1657 3446 1826 3500 altero

249 3534 373 3604 ejus
404 3534 522 3589 loco
547 3534 708 3603 longe
742 3535 1001 3607 majorem
1033 3535 1371 3603 exspatiandi
1407 3535 1677 3589 licentiam
1709 3533 1828 3589 ani-

249 3626 581 3681 madvertas.
642 3626 841 3680 Psalm.
907 3642 1105 3691 xxxvi,
1168 3626 1270 3689 55,
1332 3625 1552 3681 Hebraea
1601 3627 1680 3680 sic
1731 3626 1827 3681 lia-

247 3717 417 3775 bent:
447 3729 573 3805 pun
596 3729 776 3780 mis:
809 3729 1038 3784 meum
1074 3728 1220 3804 vna
1247 3728 1377 3783 ruri
1418 3727 1604 3782 tntum
1643 3717 1693 3771 id
1720 3728 1822 3783 est.

248 3811 360 3864 vidi
390 3811 608 3880 impium
641 3811 929 3879 terriﬁcum
966 3810 1345 3879 (ti/fundentem
1378 3825 1431 3864 se
1472 3810 1607 3862 sicut
1639 3809 1823 3863 laurus

249 3900 460 3964 uiridis,
502 3901 637 3963 sive,
669 3909 727 3954 ut
761 3898 1124 3970 Hieronymus
1149 3898 1333 3964 habet,
1358 3898 1492 3952 sicut
1524 3898 1825 3967 indigenam

248 3992 523 4056 uirentem,
551 3992 643 4046 ubi
667 3990 914 4061 Vulgata,
939 3992 1045 4045 vidi
1070 3992 1288 4060 impiunt
1314 3990 1757 4060 superexaltutum
1774 3997 1823 4042 et

248 4083 509 4136 eleuatum
538 4084 673 4136 sicut
714 4083 892 4138 cedros
923 4082 1147 4150 Libani;
1178 4082 1337 4138 Sexta
1366 4098 1496 4136 vero
1530 4083 1608 4137 sic
1634 4101 1647 4135 :
1670 4083 1824 4135 Εἶδον

250 4174 424 4245 ἀσεϐῆ
466 4176 559 4228 καὶ
583 4174 775 4244 ἀναιδῆ
814 4177 1247 4247 ἀντιποιούμενον
1272 4177 1328 4230 ὲν
1360 4175 1706 4247 σκληρότητι,
1732 4176 1824 4229 καὶ

249 4263 498 4332 λέγοντα,
524 4265 655 4334 Εἰμὶ
675 4264 751 4328 ὡς
771 4264 1041 4334 αὐτοχθὼν
1063 4266 1379 4337 περιπατῶν
1406 4268 1463 4319 ὲν
1487 4267 1818 4339 δικαιοσύνῃ.

250 4352 310 4410 Id
336 4368 460 4409 est:
508 4355 625 4409 Vidi
660 4358 878 4425 impium
916 4366 965 4410 et
997 4357 1347 4425 impudentem
1395 4358 1497 4410 sibi
1547 4357 1821 4411 vindican-

252 4455 359 4499 tem
403 4447 458 4498 in
508 4447 731 4511 duritia,
769 4454 818 4499 et
866 4446 1169 4500 dicentem:
1208 4444 1337 4501 Sum
1386 4448 1522 4500 sicut
1574 4446 1821 4515 indigena

1939 613 2088 671 erat,
2153 612 2212 658 ut
2255 604 2421 673 liquet
2457 618 2521 657 ex
2566 604 2686 672 ejus
2739 601 3045 671 fragmento
3106 620 3227 674 cap.
3269 621 3331 669 ιι,
3374 606 3430 669 4,
3467 614 3523 661 et

1936 711 2001 750 ex
2046 703 2173 749 nota
2200 695 2512 765 Hieronymi
2546 694 2745 748 ibi.!em
2777 695 2831 764 ᾗ.
2867 694 2954 749 il.
2986 693 3083 748 Hic
3133 705 3312 750 autem
3352 696 3520 751 inter-

1939 805 2062 859 pres
2086 789 2264 842 locum
2295 802 2458 855 supra
2486 786 2708 840 allatum
2746 788 2800 856 Ῡ.
2840 786 2927 848 15,
2962 802 3122 856 quem
3155 786 3519 860 Hieronymus

1937 878 2183 945 queritur
2240 891 2270 929 a
2333 874 2659 945 Symmacho
2713 884 2769 928 et
2830 874 3202 931 Theodotione
3260 878 3518 935 Ebionaeo

1938 982 2088 1021 more
2116 982 2333 1020 versum
2366 965 2534 1020 fuisse
2565 966 2667 1019 hoc
2692 974 2869 1035 pacto,
2896 983 3132 1035 egressus
3163 986 3217 1022 es
3249 979 3304 1021 ut
3337 969 3519 1023 salvu-

1937 1074 2017 1111 res
2045 1058 2294 1127 populum
2325 1068 2492 1123 tuum,
2531 1067 2590 1110 ut
2625 1058 2856 1111 salvares
2892 1056 3164 1112 Christum
3208 1069 3389 1125 tuum,
3418 1060 3519 1117 Ju-

1935 1148 2093 1204 daico
2124 1164 2347 1217 prorsus
2372 1163 2520 1201 more
2546 1149 2831 1214 convertit,
2861 1150 2945 1203 his
2976 1150 3189 1205 verbis:
3221 1151 3519 1224 Ἀνεφάνης

1934 1241 2028 1294 ἐπὶ
2061 1241 2303 1312 σωτηρίᾳ
2332 1240 2423 1293 τοῦ
2461 1239 2591 1293 λαοῦ
2623 1256 2736 1303 σου,
2782 1238 3043 1312 ῥύσασθαι
3071 1243 3198 1305 τοὺς
3230 1243 3519 1307 inlatrat};

1937 1349 2051 1384 crou'
2084 1333 2391 1399 Apparuisti
2422 1348 2577 1401 super
2614 1332 2787 1385 salute
2818 1334 2997 1401 populi
3034 1335 3131 1397 tui,
3177 1335 3246 1387 ad
3281 1336 3516 1390 liberan-

1935 1423 2060 1476 dum
2105 1424 2292 1477 electos
2340 1432 2478 1488 tuos,
2523 1423 2613 1475 ubi
2664 1438 2856 1476 nomen
2906 1423 3107 1477 Christi
3157 1425 3209 1478 in
3249 1425 3516 1481 llehraico

1933 1531 2253 1584 expressum
2295 1523 2499 1596 Trium
2535 1515 2586 1567 in
2629 1510 2829 1569 elcelos
2884 1517 3113 1569 vertitur
3155 1533 3168 1568 :
3207 1519 3349 1587 quod
3387 1535 3520 1574 sane

1932 1609 2018 1660 vir
2062 1606 2407 1661 Christianus
2448 1622 2555 1660 non
2616 1606 2824 1661 fecerit.
2863 1605 2940 1660 Ex
2999 1607 3104 1661 hoc
3157 1608 3283 1663 item
3342 1611 3523 1680 capite

1932 1697 2358 1766 deprehenditur
2395 1697 2541 1751 hunc
2585 1698 2933 1766 interpretem
2977 1699 3271 1754 admodum
3332 1719 3517 1774 παρα-

1934 1787 2250 1857 φραπικιῦς
2283 1790 2529 1853 vertisse,
2561 1801 2619 1844 ut
2646 1790 2896 1858 quisquis
2923 1790 3105 1843 videre
3141 1794 3332 1860 possit.

2006 1879 2100 1934 llis
2140 1881 2323 1949 itaque
2355 1881 2676 1949 perspectis,
2713 1883 2999 1936 dicendum
3027 1877 3215 1944 restai.
3262 1893 3370 1939 tres
3397 1886 3520 1942 illas

1933 1968 2311 2036 superadditas
2339 1969 2627 2033 editiones,
2659 1970 2817 2041 longe
2853 1971 3094 2026 liberiori
3123 1973 3518 2043 interpretandi

1933 2071 2127 2124 genere
2149 2056 2502 2112 concinnatus
2530 2057 2718 2124 fuisse,
2755 2076 2917 2129 quam
2944 2062 3234 2117 editionem
3268 2064 3519 2135 Symma-

1932 2146 2041 2210 chi,
2072 2146 2165 2214 qui
2197 2156 2376 2200 tamen
2410 2148 2583 2215 magis
2613 2165 2776 2218 quam
2801 2151 2997 2221 Aquila
3028 2161 3084 2207 et
3110 2151 3415 2209 Theodotio
3444 2157 3516 2210 ab

1933 2233 2195 2290 llebraica
2226 2237 2399 2291 littera
2433 2237 2689 2293 deﬂectit.

2001 2325 2117 2381 Erit
2150 2326 2288 2382 forte
2316 2327 2411 2396 qui
2452 2329 2711 2383 reclamet
2745 2330 2813 2385 iis
2864 2346 2987 2401 quae
3037 2347 3203 2403 supra
3240 2335 3509 2397 diximus.

1932 2432 2127 2488 nempe
2169 2429 2280 2473 tres
2317 2420 2439 2474 illas
2481 2423 2859 2491 superadditas
2908 2423 3199 2491 editiones,
3227 2425 3510 2493 Quintam,

1934 2506 2151 2562 Sextum
2196 2519 2249 2563 et
2280 2509 2602 2577 Septimam,
2636 2512 2705 2566 ab
2734 2510 2971 2583 Origene
3004 2515 3210 2584 positas
3248 2515 3421 2572 fuisse
3454 2520 3510 2572 iu

1930 2600 2235 2655 minoribus
2282 2602 2582 2670 prophetis,
2630 2612 2684 2657 et
2737 2603 2851 2658 lucc
2897 2606 3170 2674 objiciat:
3222 2605 3279 2660 in
3327 2608 3518 2663 codice

1930 2691 2227 2747 Barherino
2257 2694 2481 2749 aﬂ‘ertur
2522 2696 2675 2750 locus
2705 2697 2839 2751 Osee
2871 2713 2989 2767 cap.
3034 2714 3111 2762 xu,
3147 2716 3200 2754 v.
3238 2701 3289 2764 i,
3317 2703 3509 2757 eodem

1931 2786 2308 2841 columnarum
2333 2788 2521 2842 ordine
2543 2804 2652 2856 quo
2679 2789 2731 2842 iu
2756 2787 3012 2858 Hexaplis
3041 2800 3177 2855 erat,
3204 2793 3295 2848 ubi
3323 2804 3503 2848 tamen

1930 2893 2031 2932 nec
2079 2878 2301 2945 Quinta,
2352 2895 2455 2934 nec
2497 2880 2682 2941 Sexta,
2743 2897 2842 2936 nec
2878 2882 3116 2952 Septima
3165 2896 3507 2955 comparent,

1930 2971 2072 3025 unde
2103 2974 2256 3041 sequi
2289 2972 2501 3027 videtur
2530 2973 2652 3027 illas
2683 2974 2947 3030 editiones
2983 2978 3036 3029 in
3073 2978 3350 3047 prophetis
3393 2979 3497 3031 mi-

1929 3061 2156 3116 noribus
2196 3078 2301 3117 non
2337 3064 2597 3119 adfuisse.
2636 3062 2913 3133 Reponam
2953 3082 3054 3137 ego
3097 3084 3161 3122 ex
3196 3070 3386 3123 eodem
3417 3085 3517 3124 co-

1929 3154 2049 3208 dice
2096 3155 2412 3221 Barberino,
2448 3157 2624 3226 palam
2662 3174 2802 3221 esse,
2841 3159 2893 3211 in
2932 3161 3239 3216 minoribus
3271 3164 3506 3231 pr0phe-

1929 3246 1998 3299 tis
2025 3246 2142 3302 illas
2171 3248 2436 3302 editiones
2461 3265 2584 3303 cum
2620 3249 2743 3303 aliis
2768 3248 3030 3315 adfuisse,
3064 3254 3505 3321 quandoquidem

1927 3336 2001 3390 ibi
2030 3340 2199 3391 mu'ta
2234 3338 2437 3407 passim
2468 3338 2585 3393 loca
2611 3355 2675 3392 ex
2712 3339 2885 3393 tribus
2922 3340 3032 3395 illis
3066 3343 3356 3409 postremis
3387 3344 3504 3397 edi-

1926 3427 2169 3484 tionibus
2205 3430 2506 3486 afferuntur
2546 3449 2559 3485 :
2613 3447 2738 3487 cum
2783 3444 2962 3503 autem
3019 3434 3276 3492 librarius
3307 3435 3362 3489 in
3412 3436 3517 3492 illo

1926 3518 2293 3591 Hexaplorum
2340 3524 2636 3591 specimine
2690 3534 2927 3591 quatuor
2973 3525 3152 3579 solum
3208 3526 3501 3595 editiones,

1926 3629 2118 3681 nempe
2146 3613 2376 3683 Aquilze,
2403 3614 2737 3686 Symmachi,
2766 3615 2877 3669 τῶν
2901 3618 2978 3679 θ’,
3005 3625 3059 3671 et
3085 3615 3499 3685 Theodotionis,

1924 3706 2127 3774 posuit,
2163 3706 2215 3759 id
2263 3707 2530 3761 arbitratu
2570 3724 2671 3763 suo
2723 3708 2881 3775 fecit;
2914 3710 3028 3764 sive
3074 3710 3201 3778 quia
3252 3718 3362 3766 tres
3394 3712 3501 3766 illa:

1924 3805 2214 3865 postremae
2263 3798 2531 3854 editiones
2569 3815 2693 3853 cum
2749 3801 3023 3868 prioribus
3073 3800 3503 3870 concordabant,

1924 3888 2038 3944 sive
2063 3889 2167 3943 alia
2206 3888 2275 3944 de
2312 3905 2499 3945 causa.
2535 3888 2692 3945 Certe
2732 3891 2784 3944 in
2819 3892 3115 3961 specimine
3158 3894 3252 3947 illo
3290 3894 3504 3948 colum-

1923 3996 2046 4034 nam
2076 3979 2417 4046 Hebraicam,
2447 3979 2728 4036 Hebraicis
2761 3982 2955 4036 litteris
2979 3982 3339 4052 descriptam,
3364 3999 3503 4053 prai-

1924 4068 2158 4123 termisit
2187 4068 2296 4129 ille.
2346 4070 2447 4124 etsi
2493 4069 2786 4125 verisimile
2821 4071 2890 4126 sit
2929 4087 3050 4126 eam
3098 4072 3153 4127 in
3201 4074 3498 4143 exemplari

1923 4175 2024 4215 suo
2050 4161 2289 4217 adfuisse
2322 4177 2445 4216 cum
2487 4161 2630 4216 aliis.

2030 4250 2117 4305 Vl.
2152 4251 2226 4305 De
2260 4252 2498 4322 Vulgata:
2523 4252 2769 4307 editionis
2810 4251 3015 4308 Latince
3043 4259 3379 4324 prwstantia.

1989 4342 2107 4398 Jam
2139 4343 2231 4396 ubi
2263 4345 2330 4397 de
2359 4353 2598 4398 veterum
2635 4345 2969 4401 editionibus
3000 4347 3252 4419 singulis,
3283 4366 3405 4419 qua:
3435 4350 3491 4405 in

1921 4439 2174 4510 Hvxaplis
2199 4442 2376 4494 locum
2409 4442 2698 4502 habebant,
2730 4442 3114 4511 disseruimus,
3143 4454 3311 4501 restat
3338 4454 3399 4501 ut.
3425 4446 3494 4501 de

254 4537 531 4591 ambulans
571 4541 624 4591 in
668 4538 916 4605 iustitia:
971 4553 1094 4608 quae
1145 4552 1275 4591 sane
1313 4537 1666 4607 paraphrasin
1710 4551 1815 4590 non
1850 4545 1893 4600 ι)
1923 4532 2149 4603 Vulgata
2195 4533 2385 4587 Latina
2439 4542 2625 4588 nostra
2672 4549 2844 4602 pauca
2889 4534 3158 4600 dicamus,
3213 4554 3377 4606 quam
3425 4535 3490 4593 D.

254 4631 416 4685 modo
448 4630 683 4700 sapiunt,
714 4631 806 4686 sed
836 4631 998 4684 etiam
1030 4645 1288 4699 superare
1327 4629 1600 4683 videntur.

806 4719 872 4776 γ.
906 4724 978 4776 De
1012 4721 1266 4790 Septima.

323 4810 562 4882 Septima
595 4811 763 4867 editio
790 4811 1161 4867 Christianine
1207 4827 1274 4864 an
1307 4808 1477 4865 Judaei
1513 4811 1820 4881 interpretis

252 4902 326 4959 sit
365 4918 431 4958 ex
478 4917 587 4957 uno
631 4901 899 4957 llabacuci
934 4903 1146 4957 cantico
1191 4902 1478 4973 dijudicari
1527 4911 1734 4972 potest;
1773 4902 1818 4956 si

253 5003 435 5049 tamen
469 4994 722 5063 Septimac
752 4994 823 5049 sit
852 4994 1221 5063 interpretatio
1255 4995 1451 5049 cantici
1492 4995 1677 5060 totius,
1719 4994 1820 5047 ibi-

251 5086 377 5141 dem
422 5086 644 5140 editioni
692 5084 800 5137 τῶν
853 5087 906 5137 0'
954 5085 1264 5153 subjuncta,
1315 5083 1462 5155 quod
1509 5101 1638 5140 sane
1698 5086 1818 5155 plus

252 5191 417 5246 quam
459 5176 756 5230 verisimile
797 5176 1053 5231 arbitror.
1100 5173 1155 5228 In
1203 5185 1329 5230 nota
1372 5177 1571 5245 quippe
1614 5177 1819 5230 codicis

254 5267 555 5331 Barbarini,
609 5267 701 5321 ubi
745 5283 808 5322 ea
860 5268 1068 5337 integra
1121 5268 1471 5333 describitur,
1527 5268 1820 5322 adnotatur

249 5375 371 5415 eam
417 5358 722 5413 versionem
772 5373 871 5414 nec
913 5358 1137 5427 Aquilae,
1183 5375 1284 5415 nec
1331 5358 1665 5431 Symmachi,
1716 5372 1817 5412 nec

250 5450 644 5508 Tlteodotionis
668 5464 809 5515 esse,
835 5449 1357 5520 disquireudumque
1383 5466 1512 5504 num
1548 5451 1614 5504 ad
1647 5448 1818 5516 Quin-

249 5553 362 5599 tam
388 5543 472 5597 vel
512 5543 578 5596 ad
614 5542 831 5596 Sextum
876 5541 1167 5596 editionem
1203 5543 1484 5612 pertineat.
1524 5541 1658 5596 Cum
1691 5556 1820 5609 ergo

245 5635 469 5689 aliunde
500 5633 686 5698 etiam,
706 5648 897 5702 nempe
922 5648 985 5687 et
1015 5632 1328 5702 fragmentis
1354 5649 1476 5703 qua:
1503 5644 1817 5702 supersunt,

246 5735 460 5781 eertum
500 5725 943 5795 exploratumque
976 5726 1067 5788 sit,
1108 5726 1310 5782 nullius
1345 5741 1534 5781 eorum
1563 5739 1683 5780 esse
1724 5724 1816 5792 qui

248 5831 417 5886 supra
459 5827 849 5881 memorantur,
891 5817 1138 5887 sequitur
1182 5817 1326 5875 haud
1364 5817 1525 5875 dubie
1556 5833 1677 5873 esse
1721 5816 1817 5871 Se-

1925 4622 2282 4695 ilieronymus
2316 4625 2505 4677 harum
2535 4627 2779 4678 omnium
2806 4626 3106 4680 editionum
3136 4627 3491 4694 adminiculo,

1921 4732 2137 4771 summo
2184 4717 2367 4771 labore
2418 4725 2474 4770 et
2533 4710 2878 4772 accurationé
2933 4718 3303 4773 concinnavit.
3374 4718 3492 4775 Etsi

1918 4824 2082 4877 porro
2113 4824 2236 4862 eum
2270 4811 2736 4877 interpretaretur,
2778 4809 3017 4879 Hexapla
3063 4813 3179 4880 ipsa
3219 4827 3330 4881 prae
3376 4828 3492 4868 ma-

1918 4901 2081 4955 nibus
2109 4900 2378 4963 habuerit,
2412 4917 2519 4955 non
2562 4902 2650 4955 ille
2679 4902 2904 4956 fortuito
2938 4903 3198 4958 lectiones
3227 4905 3492 4974 interpre-

1919 4995 2261 5062 talionesque
2299 4996 2570 5062 quaslibet
2598 4995 3037 5065 amplexabatur;
3080 4996 3173 5049 sed
3221 5010 3345 5050 cum
3389 4995 3488 5049 de-

1917 5083 2055 5138 lectu
2084 5092 2139 5137 et
2159 5085 2388 5138 consilio
2417 5084 2854 5140 doctissimorum
2884 5101 2949 5139 ex
2986 5082 3225 5138 Hebraeis
3253 5099 3345 5138 eas
3366 5099 3492 5154 qua

1918 5174 2168 5229 meliores
2189 5185 2241 5229 et
2262 5175 2329 5230 ad
2358 5191 2539 5230 veram
2567 5174 2814 5229 Hebraiei
2846 5174 3172 5243 exemplaris
3195 5174 3483 5228 lectionem

1917 5267 2433 5322 accommodatiores
2453 5276 2629 5330 erant,
2648 5265 2838 5320 Latine
2859 5266 3162 5334 exprimere
3187 5264 3487 5333 satagebat.

1916 5360 2162 5429 Aquilam
2189 5368 2243 5414 et
2264 5360 2672 5431 Symmachum,
2704 5359 3058 5427 interpretum
3090 5357 3333 5411 omnium
3359 5371 3487 5425 prte-

1916 5450 2307 5516 stantissimos,
2337 5450 2546 5506 caeteris
2569 5447 2839 5504 anteferre
2871 5448 3114 5515 solebat;
3151 5447 3205 5500 in
3251 5446 3485 5503 Psalmis

1915 5550 2096 5596 autem
2139 5551 2193 5596 et
2238 5542 2513 5610 prophetis
2560 5540 2858 5611 majoribus
2903 5539 3242 5609 frequentius
3287 5539 3483 5609 Aquila

1915 5649 2077 5703 quam
2111 5632 2439 5704 Symmacho
2482 5648 2614 5687 usus
2632 5648 2753 5688 esse
2783 5632 3242 5702 deprehenditur;
3274 5631 3328 5684 in
3358 5645 3482 5699 pm-
3566 5684 3571 5695 I

1916 5726 2092 5794 phetis
2118 5740 2247 5779 vero
2280 5724 2583 5778 minoribus
2612 5740 2721 5779 non
2755 5739 2879 5779 raro
2925 5724 3183 5789 Quintam
3233 5720 3481 5776 adhibuit

1914 5816 2228 5872 editionem.
2263 5814 2569 5884 Aliquando
2605 5814 2791 5880 etiam,
2847 5813 3033 5870 missis
3072 5811 3283 5869 caeteris
3310 5810 3480 5865 inter-
