3832 6214
357 365 428 422 99
1685 364 2208 421 PRELIMINARM

3506 369 3620 426 {00

356 483 620 555 pretibus.
675 484 815 539 LXX
847 486 1165 552 editionem,
1206 492 1392 556 utpote
1440 482 1707 540 Hebraico
1756 484 1924 540 textui
1955 493 2000 548 Α
2027 494 2130 552 est,
2156 485 2538 549 occurrebant,
2573 484 2855 557 diligentia
2885 484 3218 558 solertiaque
3241 501 3375 543 usus
3398 499 3623 558 semper

356 575 824 646 propinquiorcm,
873 577 1239 648 sequebatur;
1286 592 1388 632 nec
1430 576 1800 647 infrequenter
1833 592 1932 632 no-
2031 585 2118 631 est
2174 576 2572 648 Hieronymus;
2617 578 2711 647 qui
2738 587 2823 633 out
2869 577 3130 647 optimam
3181 577 3459 647 deligeret,
3505 593 3622 632 non

354 682 479 721 vam
507 667 595 722 ille
619 678 671 723 et
694 684 725 723 a
754 668 966 723 caeteris
986 660 1255 724 diversam
1284 668 1783 738 interpretationem
1805 667 1933 723 effe-

356 758 532 822 rebat,
567 760 784 829 quando
823 760 1050 824 scilicet,
1095 760 1364 817 consultis
1411 758 1760 816 Hebraeorum
1810 774 1932 813 ma-

357 848 563 920 gistris,
595 851 801 905 nullam
829 866 894 906 ex
921 850 1081 906 editis
1116 851 1334 921 penitus
1371 852 1640 922 quadrare
1684 850 1933 905 animad-

356 942 620 997 vertebat.
660 942 779 997 Pari
822 943 877 997 in
926 944 1092 999 variis
1120 943 1409 1014 dubiisque
1448 942 1697 999 Hebraici
1744 956 1929 995 exem-

358 1033 529 1104 plaris
558 1034 904 1100 lectionibus,
932 1050 1054 1105 qua:
1077 1034 1410 1105 frequenter,
1437 1044 1499 1092 ut
1524 1046 1688 1107 supra
1722 1034 1930 1090 dictum

2031 670 2194 724 modo
2234 668 2529 739 Scriptura:
2564 686 2735 725 sacrae
2769 670 2990 736 seriem,
3022 670 3117 726 sed
3149 670 3314 726 etiam
3355 669 3621 725 Hebraeo-

1994 768 1999 773 '
2034 776 2154 813 rum
2180 761 2540 829 peritissimos
2565 760 2770 815 adibat.
2796 758 2979 826 Quare
3004 761 3138 816 nihil
3156 762 3354 815 mirum
3386 762 3433 816 si
3462 767 3623 816 tanto

2034 850 2236 917 studio,
2284 858 2507 922 tamque
2566 853 2754 908 solerti
2796 868 2964 923 opera
2996 853 3253 907 emissam
3296 852 3618 915 editionem,

2034 950 2219 1011 utpote
2249 944 2494 998 omnium
2525 944 3060 1014 praestantissimam,
3092 943 3335 1000 Ecclesia
3366 942 3623 999 Romana

2035 1032 2106 1086 ab
2135 1033 2393 1089 omnibus
2423 1034 2759 1105 sequendam
2784 1049 2909 1091 esse
2938 1034 3188 1089 edixerit.

1540 1300 1923 1391 CAPUT
1997 1296 2484 1390 NONUM.

601 1453 672 1514 in
713 1452 1005 1533 singulos
1050 1454 1395 1533 Scripturaa
1433 1454 1655 1530 libros,
1691 1460 1762 1517 ut
1808 1453 1877 1515 in
1931 1452 2239 1531 Hexaplis
2271 1457 2476 1528 erant,
2507 1450 2613 1512 hic
2642 1450 2930 1530 quaedam
2965 1450 3369 1515 adnotantur.

433 1676 624 1749 Operae
652 1683 883 1752 pretium
915 1685 1020 1739 erit
1048 1685 1138 1740 hic
1174 1686 1419 1757 singulos
1453 1688 1748 1760 Scriptum
1772 1708 1940 1749 sacra:

363 1768 531 1827 libros
565 1772 739 1827 obiter
768 1789 1111 1842 percurrere,
1146 1783 1199 1829 et
1247 1779 1493 1846 quaedam
1535 1781 1795 1837 adnotare
1819 1799 1941 1853 qua:

361 1869 479 1918 tum
512 1865 579 1919 de
610 1865 729 1934 ipso
775 1865 1143 1937 Hexaplorum
1192 1879 1335 1924 statu
1380 1882 1434 1925 et
1486 1873 1697 1938 ordine,
1730 1884 1843 1929 tum
1874 1878 1940 1931 de

363 1957 435 2011 iis
464 1972 586 2027 qua:
620 1973 719 2014 nos
744 1958 797 2012 iu
833 1976 1163 2031 unoquoque
1191 1961 1331 2016 libro
1359 1956 1733 2032 praestitimus,
1755 1968 1943 2024 obser-

363 2048 538 2103 vanda
563 2059 875 2118 supersunt.
1070 2110 1077 2117 ,

440 2138 495 2193 In
542 2138 739 2195 Genesi
786 2150 840 2194 et
886 2142 940 2195 in
986 2142 1246 2211 Levitico,
1291 2156 1473 2216 atque,
1507 2158 1568 2203 ut
1606 2149 1842 2217 videtur,
1886 2151 1942 2206 in

369 2229 493 2285 aliis
528 2229 880 2287 Pentateuchi
911 2234 1086 2302 libris,
1123 2245 1317 2305 praeter
1353 2254 1446 2295 sex
1482 2241 1603 2295 illas
1636 2244 1940 2308 columnas,

367 2322 568 2392 quibus
596 2322 834 2396 llexapla
876 2328 1364 2395 constituebantur,
1402 2330 1602 2398 Quinta
1637 2336 1799 2389 etiam
1830 2338 1946 2391 edi-

368 2416 465 2479 tio,
500 2416 547 2471 si
593 2415 725 2471 tidcs
756 2426 840 2472 est
881 2417 1203 2489 fragmentis
1245 2438 1368 2491 quae
1409 2435 1738 2492 supersunt,
1781 2444 1941 2482 suum

367 2508 585 2562 tenebat
632 2508 846 2577 locum;
903 2510 1124 2565 Sextam
1180 2512 1343 2567 etiam
1399 2515 1642 2571 adfuisse
1690 2520 1943 2590 superius

366 2600 654 2671 probatum
693 2611 797 2656 est.
832 2600 1101 2659 Praeterea
1140 2605 1413 2661 interdum
1449 2610 1675 2663 aderant
1714 2613 1767 2664 in
1798 2627 1945 2666 mar-

369 2692 610 2763 ginibus,
642 2701 704 2748 ut
733 2695 950 2764 quidem
978 2696 1292 2765 opinamur,
1324 2698 1584 2755 lectiones
1615 2700 1944 2758 Samaritani

371 2786 703 2856 interpretis,
738 2795 903 2856 atque
930 2789 1096 2843 etiam
1145 2787 1358 2845 Hebraei
1403 2792 1686 2861 cujusdam
1728 2803 1782 2849 et
1822 2794 1944 2867 Syri

371 2874 701 2945 interpretis,
728 2876 795 2931 de
824 2878 1025 2947 quibus
1062 2878 1184 2933 fuse
1225 2895 1348 2950 cap.
1384 2882 1434 2934 1.
1464 2880 1577 2936 Etsi
1612 2893 1792 2938 autem
1822 2893 1945 2939 tan-

370 2973 481 3020 tam
517 2981 585 3021 ex
620 2969 1005 3038 manuscriptis
1048 2978 1105 3024 et
1149 2985 1217 3025 ex
1253 2971 1413 3026 editis
1454 2972 1611 3028 libris
1651 2974 1944 3029 lectionum

370 3059 741 3115 accessionem
771 3059 1084 3128 fecerimus,
1131 3071 1191 3117 ut
1214 3062 1283 3119 iis
1312 3075 1641 3133 comparatae
1670 3066 1794 3134 illae,
1824 3083 1946 3138 quae

2046 1693 2182 1748 nihil
2214 1707 2278 1745 ex
2322 1689 2522 1757 Quinta
2559 1688 2798 1744 editione
2826 1695 3123 1757 comparet.
3147 1686 3366 1757 Aliquot
3402 1686 3456 1742 iu
3482 1687 3624 1745 locis

2045 1789 2245 1843 inserta
2274 1784 2706 1854 conspiciuntur,
2742 1788 2795 1835 et
2838 1780 3058 1850 quidem
3091 1778 3161 1832 ab
3193 1779 3332 1848 ipso,
3362 1788 3420 1833 ut
3452 1789 3619 1849 puta-

2045 1888 2154 1943 tur,
2180 1874 2431 1947 Origene,
2467 1874 2586 1927 loca
2610 1871 2722 1937 illa,
2757 1887 2879 1941 qua:
2909 1872 2963 1927 in
2990 1871 3337 1928 Samaritano
3366 1880 3513 1926 textu
3549 1888 3619 1927 ex

2042 1967 2467 2025 Deuteronomio
2500 1966 2554 2019 in
2583 1963 2850 2020 Numeros
2889 1966 3148 2021 translata
3191 1964 3424 2019 fuerant.
3458 1964 3625 2030 Qua:-

2043 2063 2167 2118 dam
2211 2060 2460 2118 similiter
2516 2074 2581 2113 ex
2626 2058 2864 2114 editione
2909 2058 3022 2111 τῶν
3063 2060 3139 2124 0',
3175 2057 3500 2128 Origeniana
3550 2057 3627 2111 ad

2045 2154 2204 2209 fidem
2238 2151 2444 2208 codicis
2492 2150 2790 2205 Colbertini
2837 2165 2960 2205 cum
3014 2150 3290 2206 asteriscis
3340 2158 3394 2204 et
3445 2150 3625 2205 obelis

2045 2243 2355 2300 referuntur
2392 2261 2406 2296 :
2440 2241 2807 2310 lectionesque
2854 2241 3209 2311 interpretum
3249 2240 3453 2304 multm,
3484 2256 3625 2310 qua-

2044 2351 2166 2391 rum
2195 2334 2541 2406 paucissimae
2580 2332 2880 2388 observatas
2914 2332 3132 2388 fuerant
3160 2348 3192 2388 a
3221 2332 3437 2388 Drusio.

2116 2428 2176 2482 In
2218 2426 2357 2481 libro
2408 2422 2831 2490 Deuteronomii,
2881 2424 3016 2477 nihil
3053 2438 3122 2478 ex
3166 2422 3493 2492 Origeniana
3525 2421 3622 2477 illa

2046 2520 2321 2591 hexaplari
2359 2519 2607 2573 habetur.
2633 2517 2837 2572 Caetera
2863 2532 2994 2571 vero
3018 2516 3206 2571 eadem
3242 2515 3377 2582 fere,
3411 2531 3535 2587 quae
3563 2516 3622 2570 in

2044 2612 2184 2667 libro
2227 2609 2625 2675 Numerorum,
2678 2605 3110 2674 conspiciuntur.
3154 2604 3409 2660 Veterum
3453 2606 3626 2660 inter-

2045 2704 2397 2775 pretationes,
2422 2717 2594 2756 novas
2616 2714 2752 2770 pene
2781 2714 2993 2763 omnes,
3016 2698 3316 2763 aﬂ‘crimus,
3348 2706 3405 2754 et
3434 2697 3624 2768 plures

2052 2813 2217 2868 quam
2248 2797 2304 2850 in
2337 2794 2461 2851 aliis
2491 2794 2666 2849 libris.

2117 2907 2176 2963 In
2209 2908 2350 2963 libro
2377 2906 2544 2963 Josue
2583 2904 2769 2959 eadem
2818 2900 3386 2973 praestitit.0rigeues,
3415 2916 3538 2970 quae
3564 2901 3623 2956 in

2046 3011 2162 3058 toto
2210 2998 2597 3055 Pentateucho.
2654 2994 2960 3051 Editionem
3017 3004 3197 3049 tamen
3245 2993 3499 3061 Quintam
3545 2995 3621 3051 ibi

2050 3110 2158 3149 non
2194 3093 2460 3163 adiecisse
2491 3090 2722 3145 videtur.
2750 3088 2894 3144 Loca
2933 3089 3168 3159 plurima
3200 3088 3389 3143 mutila
3420 3088 3477 3143 in
3507 3089 3623 3144 edi-

370 3164 403 3201 a
449 3146 647 3202 Drusio
695 3149 934 3204 collectae
995 3159 1160 3215 sunt,
1214 3154 1563 3222 paucissima:
1621 3155 1945 3227 videantur;

2058 3187 2200 3241 lioue
2226 3146 2333 3239 τίῦν
2367 3187 2446 3248 0',
2481 3200 2547 3239 ex
2572 3183 2694 3239 aliis
2734 3182 3123 3253 interpretibus
3153 3180 3419 3247 restituit,
3454 3195 3623 3251 appo-

370 3238 530 3308 longe
558 3237 815 3308 majorem
844 3240 985 3295 haud
1017 3241 1181 3297 dubie
1209 3241 1406 3298 facturi
1439 3260 1680 3309 eramus,
1714 3247 1820 3302 nisi
1853 3246 1951 3302 Ba-

372 3330 610 3386 siliensis
638 3331 809 3386 codex
846 3341 955 3388 tota
990 3349 1130 3404 pene
1172 3335 1368 3392 Genesi
1407 3345 1713 3410 temporum
1748 3338 1950 3409 injuria

373 3423 669 3480 mulctatus
719 3422 932 3480 fuisset.
986 3424 1146 3495 Hunc
1193 3436 1375 3483 tamen
1421 3427 1693 3486 defectum
1736 3431 1951 3487 abunde

372 3525 730 3585 compensant
767 3516 1071 3588 fragmenta
1116 3527 1362 3575 veterum
1406 3522 1768 3593 interpretum
1812 3524 1951 3580 bene

373 3607 544 3663 multa
592 3622 661 3663 ex
704 3607 1040 3664 Coisliniano
1098 3609 1191 3665 illo
1242 3612 1567 3683 perantiquo
1616 3614 1805 3670 codice
1855 3614 1951 3670 de-

372 3714 577 3775 cerpta.

444 3794 503 3850 ln
535 3793 721 3851 Exodo
748 3810 847 3866 par
880 3794 1162 3865 diligentia
1194 3795 1264 3850 ab
1296 3792 1530 3867 Origene
1556 3796 1797 3852 adhibita
1828 3796 1949 3853 fue-

372 3899 479 3947 rat.
514 3889 615 3945 Hic
642 3891 863 3960 perinde
903 3901 1066 3961 atque
1099 3890 1155 3944 in
1185 3889 1382 3945 Genesi
1427 3888 1794 3952 Samaritani,
1829 3888 1950 3961 Syri

372 3989 430 4034 et
456 3977 666 4034 Hebraei
696 3980 955 4035 lectiones
985 3979 1362 4035 observantur.
1387 3978 1468 4032 Ex
1492 3978 1692 4045 Quinta
1715 3979 1953 4036 editione

374 4073 532 4141 nihil,
562 4089 663 4129 nec
688 4073 814 4129 inde
846 4083 1027 4129 tamen
1063 4072 1264 4129 inferas
1307 4088 1415 4128 non
1461 4072 1701 4128 adfuisse
1727 4074 1781 4127 iu
1810 4072 1953 4128 Exo-

372 4164 444 4219 do
470 4180 485 4217 :
519 4180 647 4220 nam
670 4165 765 4236 qui
799 4175 910 4219 tam
936 4180 1141 4235 paucas
1169 4180 1235 4219 ex
1265 4165 1388 4220 aliis
1424 4163 1774 4219 Pentateuchi
1799 4165 1952 4221 libris

368 4256 633 4313 exhibent
674 4257 1030 4326 manuscripti
1063 4255 1304 4320 codices,
1349 4272 1458 4311 non
1503 4256 1704 4311 mirum
1739 4257 1784 4312 si
1832 4257 1954 4311 nul-

372 4348 483 4403 lam
519 4348 574 4403 in
608 4346 797 4404 Exodo
828 4349 1130 4404 attulerint.
1165 4348 1452 4404 Lectiones
1485 4364 1652 4419 porro
1686 4349 1954 4421 interpre-

374 4448 514 4505 :um,
539 4440 708 4495 vicies
730 4441 919 4496 saltem
950 4442 1225 4497 auctiores
1250 4441 1581 4512 proferimus
1616 4457 1781 4512 quam
1808 4443 1952 4514 apud

374 4528 633 4587 Drusium
663 4531 1015 4587 haberentur.
1046 4533 1102 4588 lu
1124 4535 1411 4604 postremis
1438 4534 1732 4605 capitibus,
1766 4535 1860 4590 ubi
1889 4551 1952 4591 ea

376 4639 501 4694 quae
532 4624 586 4679 in
617 4624 857 4681 editione
877 4624 987 4678 τῶν
1014 4629 1069 4680 0'
1095 4636 1421 4697 praepostere
1449 4628 1623 4697 posita
1650 4636 1827 4692 erant,
1852 4641 1953 4682 suo

378 4717 557 4775 ordini
601 4719 839 4774 restituit
886 4717 1170 4791 Origenes,
1218 4737 1327 4776 non
1373 4736 1548 4791 pauca
1599 4736 1665 4775 ex
1714 4721 1954 4775 editione

288 4829 299 4839 ι
375 4811 467 4867 illa
501 4810 783 4880 hexaplari
815 4810 896 4865 sic
922 4811 1204 4877 restituta,
1235 4826 1359 4866 eum
1388 4809 1667 4866 asteriscis
1699 4817 1754 4863 et
1781 4807 1953 4863 obelis

373 4902 702 4976 proferimus
724 4917 792 4958 ex
817 4903 1004 4958 codice
1030 4903 1344 4958 Colbertino
1366 4901 1772 4972 antiquissimo,
1796 4900 1955 4971 cujus

375 4997 654 5068 specimen
701 4996 953 5053 dedimus
998 4995 1421 5068 Palwographia:
1467 4995 1693 5065 Graece,
1720 4996 1816 5051 lib.
1869 5010 1953 5063 Ill,

319 5114 327 5122 -
373 5104 494 5160 cap.
531 5090 584 5143 l.

442 5177 504 5234 In
544 5177 787 5235 Levitico
830 5177 1018 5234 eadem
1062 5178 1424 5235 observantur
1466 5194 1589 5249 qua:
1631 5178 1685 5233 in
1740 5178 1952 5234 Exodo.

375 5270 561 5328 Lectio
591 5270 808 5339 Quintae
840 5270 1096 5327 editionis
1124 5271 1356 5327 habetur
1385 5270 1452 5326 ad
1489 5285 1609 5340 cap.
1636 5285 1676 5325 ιι
1703 5268 1953 5325 Levitici.

378 5362 478 5417 llic
522 5361 870 5419 Colbertinus
918 5364 1081 5434 longe
1128 5364 1286 5434 plura
1345 5362 1658 5434 suppeditat
1698 5377 1864 5433 quam
1899 5362 1957 5416 in

378 5454 602 5522 Exodo,
644 5469 713 5510 ex
751 5454 991 5511 editione
1019 5455 1128 5510 τῶν
1160 5458 1216 5510 0'
1249 5454 1578 5527 Origeniana
1629 5456 1745 5511 sive
1784 5456 1956 5510 hexa-

376 5545 535 5626 plari.
572 5544 860 5602 Lectiones
887 5555 1069 5602 autem
1109 5555 1352 5604 veterum
1398 5547 1786 5618 interpretum,
1819 5560 1959 5617 quas

377 5653 578 5711 magno
609 5654 836 5695 numero
859 5639 1212 5710 proferimus,
1240 5656 1433 5699 omnes
1457 5656 1595 5712 pene
1621 5655 1799 5708 novae,
1825 5653 1955 5695 nec-

376 5730 507 5785 dum
541 5727 844 5784 observata:
876 5737 1025 5785 sunt.

449 5821 525 5879 De
560 5819 924 5881 Numerorum
966 5822 1107 5880 libro
1130 5821 1285 5896 paria
1330 5822 1587 5881 dicimus.
1631 5820 1731 5879 Hic
1777 5831 1958 5880 tamen

2051 3276 2172 3331 sitis
2200 3275 2499 3341 asteriscis,
2529 3291 2651 3345 quae
2692 3290 2816 3341 nos,
2843 3284 2902 3328 ut
2936 3282 3091 3328 erant
3131 3273 3187 3327 in
3233 3272 3420 3329 codice
3464 3271 3622 3328 Basi-

2049 3367 2231 3434 liensi,
2268 3367 2388 3422 sine
2441 3365 2717 3421 asteriscis
2761 3365 3058 3431 nimirum,
3098 3364 3398 3430 edidimus,
3428 3373 3484 3419 et
3512 3377 3625 3420 non

2048 3475 2222 3530 pauca
2271 3474 2339 3515 ex
2398 3457 2733 3513 Coisliniano
2779 3456 2968 3512 codice
3017 3457 3337 3528 adiecimus.
3392 3455 3623 3512 Drusius

2049 3568 2180 3609 vero
2235 3550 2569 3623 paucissima
2621 3549 2895 3604 attulerat.
2944 3548 3085 3615 Quid
3138 3563 3268 3603 vero
3320 3562 3503 3603 causae
3554 3547 3626 3603 sit

2051 3659 2150 3699 cur
2182 3644 2442 3699 lectiones
2469 3657 2500 3696 a
2531 3641 2689 3697 nobis
2729 3641 2925 3705 allatae,
2961 3655 3086 3696 cum
3123 3640 3230 3694 illis
3260 3653 3399 3709 quas
3420 3636 3624 3693 Masius

2050 3751 2179 3792 cum
2229 3734 2509 3790 asteriscis
2564 3732 2764 3798 edidit,
2814 3747 3055 3803 persaepe
3104 3746 3213 3786 non
3260 3731 3621 3795 consentiant,

2050 3826 2195 3882 haud
2224 3826 2443 3881 difficile
2478 3833 2563 3882 est
2605 3825 2925 3896 intelligere.
2955 3823 3091 3878 Cum
3129 3822 3276 3878 enim
3303 3821 3531 3889 Masius,
3567 3831 3625 3876 ut

2052 3918 2169 3989 ipse
2199 3918 2545 3984 testificatur,
2579 3915 2649 3971 ad
2675 3917 2791 3973 haec
2822 3914 3154 3971 restituenda
3190 3914 3374 3970 codice
3404 3912 3627 3986 Syriaco

2052 4009 2126 4065 sit
2162 4023 2319 4075 usus,
2364 4017 2425 4064 ut
2461 4009 2749 4065 lectionem
2795 4007 3038 4064 Graecam
3072 4006 3307 4077 Syriacae
3338 4021 3441 4076 ope
3472 4020 3623 4062 asse—

2052 4110 2344 4172 queretur,
2381 4118 2524 4173 saepe
2568 4102 2825 4158 divinarit
2872 4108 3106 4173 oportet.
3147 4100 3512 4166 Quamobrem
3546 4100 3625 4154 le-

2053 4195 2264 4251 ctiones
2307 4204 2509 4251 nostra:
2560 4196 2719 4266 longe
2762 4193 3089 4251 sinceriores
3138 4200 3268 4248 sunt
3312 4205 3479 4261 quam
3509 4189 3623 4246 Ma-

2054 4303 2241 4343 stanae.

2122 4403 2184 4458 ln
2212 4404 2357 4459 libro
2381 4401 2636 4459 Iudicum
2676 4403 2836 4474 longe
2878 4401 3035 4473 plura
3079 4416 3243 4472 quam
3281 4400 3337 4455 in
3369 4399 3513 4455 libro
3535 4396 3627 4453 Jo-

1983 4525 2028 4581 D
2056 4510 2179 4559 sue,
2206 4496 2261 4549 in
2302 4494 2540 4550 editione
2574 4492 2853 4563 hexaplari
2887 4491 2956 4547 ab
2984 4489 3216 4562 Origene
3254 4490 3503 4545 restituta
3535 4488 3631 4541 de-

2055 4586 2491 4658 prehenduntur,
2525 4601 2646 4655 qua:
2689 4600 2753 4641 ex
2804 4582 3177 4639 Theodotione
3223 4592 3286 4638 ut
3331 4582 3629 4652 plurimum

2054 4684 2339 4731 mutuatus
2375 4685 2460 4730 est
2500 4673 2781 4746 Origenes.
2810 4671 2887 4729 Ea
2936 4688 3068 4729 vero
3114 4689 3261 4728 nunc
3303 4674 3538 4742 primum
3574 4672 3630 4725 in

2054 4766 2233 4822 lucem
2263 4767 2495 4834 edimus,
2522 4765 2754 4821 Drusius
2788 4766 2934 4822 enim
2965 4765 3078 4821 fere
3110 4764 3245 4819 nihil
3271 4765 3482 4819 habuit.
3518 4763 3619 4818 Ca-

2053 4859 2164 4930 pite
2213 4868 2395 4914 autem
2445 4873 2591 4913 nono
2640 4872 2705 4912 ac
2742 4857 2986 4924 decimo,
3020 4856 3267 4926 quaedam
3318 4854 3632 4925 hexaplaris

2055 4950 2165 5005 τῶν
2190 4951 2246 5004 0'
2272 4950 2526 5005 editionis
2566 4965 2633 5004 ex
2662 4947 3032 5004 vetustissimo
3058 4945 3190 5002 folio
3214 4954 3405 5002 nostro
3428 4960 3630 5000 manu-

2057 5042 2266 5112 scripto
2298 5040 2673 5112 proferuntur.

2128 5154 2188 5209 ιη
2236 5154 2381 5209 libro
2429 5153 2605 5220 Ruth,
2651 5153 2757 5209 etsi
2796 5150 2951 5223 paria
2990 5150 3302 5221 praestiterit
3345 5148 3634 5221 Origenes.

2056 5246 2193 5303 nihil
2218 5260 2357 5319 pene
2386 5260 2577 5300 eorum
2611 5254 2878 5314 superest.

2126 5359 2186 5415 In
2210 5359 2369 5415 libris
2400 5356 2671 5413 Samuelis
2693 5366 2748 5413 et
2768 5355 2978 5428 Regum
3004 5356 3165 5413 solita
3191 5356 3462 5413 industria
3491 5370 3638 5414 usus

2056 5450 2319 5523 Origenes
2365 5449 2807 5522 deprehenditur.
2853 5450 2931 5505 lbi
2974 5450 3137 5505 etiam
3191 5449 3313 5522 Syri
3367 5450 3639 5508 lectiones

2057 5559 2167 5599 non
2202 5558 2328 5599 raro
2359 5542 2679 5598 aduruntur.
2716 5540 2965 5597 Monetur
2997 5550 3178 5596 autem
3210 5541 3265 5594 in
3303 5540 3410 5595 ﬁne
3442 5542 3634 5610 primi,

2058 5650 2230 5691 unum
2261 5636 2390 5690 olim
2433 5634 2604 5690 fuisse
2641 5633 2842 5688 librum
2888 5631 3179 5698 Samuelis,
3228 5633 3323 5703 qui
3361 5632 3503 5687 duos
3532 5634 3636 5688 ho-

2059 5725 2281 5781 diernos
2304 5723 2787 5795 complectebatur,
2815 5738 2917 5778 nec
2961 5723 3213 5793 Aquilam
3236 5723 3489 5779 divisisse
3516 5725 3635 5792 pri-

2060 5833 2211 5876 mum
2243 5832 2276 5873 a
2305 5816 2565 5875 secundo.
2607 5814 2798 5888 Magna
2840 5829 3008 5887 porro
3037 5824 3278 5872 veterum
3312 5816 3638 5887 interpretato
