3832 6214
192 398 284 452 ως

1379 389 1451 446 lN
1490 384 1819 444 HEXAPLA
1860 384 2205 442 οΒιςΕΝιδ.

3342 396 3446 453 102

189 515 404 569 tionum
438 513 599 576 silva,
629 527 797 582 quam
845 510 1084 576 edimus,
1117 525 1267 567 nunc
1295 509 1474 581 primo
1512 507 1695 579 prodit
1718 506 1773 560 in
1803 508 1849 566 Δ

1882 503 2025 557 alba
2108 502 2223 573 τῆς
2321 505 2622 572 σωτηρίας
2705 521 2881 577 usque
2909 509 2975 563 ad
3012 509 3129 566 haec
3157 513 3345 579 verba,
3387 529 3445 568 ut

1869 612 1990 664 μου
2009 611 2029 660 ;
2057 593 2164 658 ἕως
2190 592 2310 658 τοῦ,
2344 594 2448 648 ἵνα
2478 597 2622 649 ἀνα-
2704 602 3031 671 requiescam
3079 606 3145 659 ab
3186 611 3443 664 a’rttmm's

261 695 321 750 ln
350 695 506 749 libris
546 692 1001 763 Paralipomenon
1042 704 1214 760 pauca
1263 688 1631 759 Hexaplornm
1660 688 1774 744 fra-

1882 689 2193 757 παύσωμαι
2223 687 2343 741 τῶν
2364 688 2615 757 μόχθων
2705 696 2857 757 meis,
2899 705 2949 748 et
2976 715 3007 750 a
3035 698 3302 754 doloribus
3326 717 3448 771 qua:

190 607 400 671 lucem;
433 604 661 660 Druslus
686 619 815 658 vero
841 603 977 657 nihil
1011 616 1149 672 pene
1177 601 1488 671 collegerat.

191 796 410 858 gmenta
437 785 777 847 exhibemus,
807 781 932 850 quia
961 780 1241 835 rarissima
1270 779 1325 833 in
1356 781 1456 834 hos
1485 780 1777 834 Commen-

192 878 337 935 taria
370 892 400 931 a
440 875 639 946 priscis
669 872 1027 942 scriptoribus
1068 871 1213 925 edita
1260 879 1431 926 sunt:
1464 880 1518 924 et
1556 872 1608 924 in
1652 887 1773 925 ma-

191 971 528 1040 nuscriptis,
584 976 826 1022 veterum
877 966 1236 1034 interpretum
1292 964 1553 1019 lectiones
1606 963 1773 1020 infre-

194 1072 427 1136 quenter
454 1061 829 1132 proferuntur.

262 1153 325 1208 In
366 1153 538 1207 libros
576 1148 799 1213 Esdrae,
824 1145 1121 1212 Nehemiaa,
1155 1144 1401 1201 Estheris
1431 1145 1565 1199 nihil
1596 1144 1776 1200 Hexa-

191 1247 410 1318 plorum
444 1251 713 1314 superest,
745 1241 872 1295 licet
909 1238 1203 1309 Origenes,
1233 1247 1293 1292 ut
1319 1239 1594 1302 existimo,
1627 1238 1679 1291 in
1709 1238 1775 1294 iis

193 1336 441 1391 eamdem
469 1348 632 1404 quam
664 1331 718 1385 in
750 1329 961 1385 caeteris
991 1343 1210 1397 operam
1245 1329 1544 1383 navaverit.
1575 1325 1777 1382 Verum

194 1430 250 1486 in
281 1429 561 1484 codicibus
594 1425 689 1496 qui
718 1425 770 1479 in
804 1436 999 1476 manus
1036 1421 1369 1485 inciderunt,
1408 1422 1544 1475 nihil
1573 1422 1776 1493 margi—

192 1520 401 1576 nalium
439 1525 715 1577 notarum,
747 1513 882 1567 nihil
908 1513 1426 1566 commentariorum
1455 1512 1626 1567 adest.

1871 797 1988 848 μου
2031 779 2130 834 καὶ
2188 779 2309 833 τῶν
2345 779 2603 844 ὀδυνῶν,

1875 871 1937 923 αἳ
1968 888 2045 938 με
2093 870 2211 925 νῦν
2246 870 2609 940 συνέχουσι.

1881 962 2060 1014 Μόνον
2086 963 2194 1033 γὰρ
2225 962 2293 1015 τὰ
2347 962 2486 1034 ῥητὰ
2512 963 2613 1033 τῆς

1876 1053 2135 1121 γυναικὸς
2176 1054 2610 1127 ἀναγέγραπται,

1878 1149 1963 1202 τόδ
1992 1145 2347 1203 Ἀλλ“εἷπόν
2372 1168 2426 1203 τι
2448 1150 2617 1219 ῥῆμα

1880 1240 2034 1307 πρὸς
2085 1241 2325 1308 Κύριον,
2381 1244 2481 1295 καὶ
2530 1259 2616 1295 τεο

1875 1338 2080 1391 λεύτα.

1950 1424 2118 1478 Πάλιν
2142 1443 2202 1478 τε
2256 1423 2323 1480 αὖ
2378 1426 2605 1481 πλεῖστά

1876 1534 1936 1569 τε
1982 1516 2080 1569 ὅσα
2134 1517 2221 1570 διὰ
2265 1518 2429 1588 μέσου
2492 1519 2614 1572 ὅλου

2701 791 2784 838 me
2828 802 2966 840 nunc
3007 789 3263 847 detinent.
3307 792 3442 850 Nam

2703 880 2799 951 (in
2834 881 3138 958 Hebraico)
3181 890 3293 943 haec
3326 898 3447 945 tan-

2704 983 2818 1029 tum
2882 979 3045 1033 verba
3090 984 3277 1039 uxoris
3322 986 3445 1055 ejus

2702 1069 2904 1138 scripta
2958 1082 3087 1127 sunt
3142 1093 3155 1128 :
3210 1074 3313 1130 Sed
3354 1079 3444 1133 die

2702 1160 2913 1213 verbum
2938 1175 3121 1218 contra
3136 1165 3439 1235 Dominum,

2704 1261 2753 1304 et
2780 1268 2999 1307 morere.

2782 1417 3020 1475 Rursum
3096 1422 3328 1492 plurima
3374 1423 3445 1479 in

2706 1511 2888 1567 medio
2960 1523 3074 1569 toto
3126 1517 3267 1572 libro
3330 1516 3439 1573 Job

262 1609 322 1664 In
351 1610 490 1663 libro
517 1615 697 1661 autem
725 1604 829 1659 Job
852 1603 980 1673 quid
1012 1603 1321 1672 prmstiterit
1342 1596 1624 1674 Origenes,
1660 1604 1776 1674 ipse

1882 1608 1973 1660 τοῦ
2019 1604 2138 1661 Ἰὼϐ
2173 1611 2304 1681 παρ’
2344 1609 2616 1682 Ἑϐραίοις

192 1703 436 1759 declarat
460 1701 516 1754 in
547 1697 788 1769 Epistola
815 1695 884 1750 ad
903 1692 1221 1749 Africanum
1256 1714 1268 1748 :
1303 1696 1466 1766 hujus
1497 1697 1585 1751 hic
1613 1700 1775 1754 verba

1887 1698 1988 1769 μὲν
2013 1702 2211 1766 κεῖται,
2233 1703 2364 1771 παρ’
2391 1703 2523 1771 ἡμῖν
2557 1702 2614 1755 δὲ

193 1794 538 1864 subjicimus.

260 1909 340 1963 Ex
386 1907 487 1962 Job
531 1906 695 1961 etiam
747 1904 816 1957 ab
862 1901 948 1957 his

189 2002 375 2058 verbis
409 2020 423 2057 :
459 1999 724 2069 Scriptum
746 2007 821 2052 est
852 2013 949 2050 au-

189 2110 296 2154 tem
315 2101 487 2170 ipsum
509 2105 943 2155 resurrecturum,

188 2208 311 2245 cum
349 2190 539 2262 quibus
568 2189 825 2242 Dominus
860 2202 944 2238 re-

187 2285 395 2354 surgit,
434 2297 606 2352 usque
651 2280 717 2335 ad
759 2279 944 2341 ﬁnem,

189 2377 341 2441 haec,
398 2376 653 2446 inquam.
708 2388 817 2427 non
846 2386 945 2427 ex-

187 2478 343 2527 stant
405 2469 548 2539 apud
612 2466 867 2522 Hebraeos
927 2480 940 2516 :

188 2577 365 2631 quare
397 2576 497 2616 nec
528 2561 668 2630 apud
693 2558 943 2628 Aquilam

189 2655 494 2718 habentur;
517 2652 609 2707 sed
640 2652 779 2720 apud
802 2648 938 2704 LXX

188 2756 243 2801 et
290 2746 434 2815 apud
486 2743 910 2799 Theodotionem
929 2784 943 2807 ,

186 2838 373 2910 quoad
455 2853 675 2894 sensum
756 2836 944 2891 eadem

189 2941 344 2987 sunt.
390 2931 675 2986 lnnumera
730 2944 947 2999 quoque

189 3024 303 3079 alia
350 3023 653 3078 invenimus
706 3021 761 3075 in
812 3019 941 3088 Job‘,

188 3128 310 3173 tum
341 3118 677 3184 deﬁcientia,
714 3126 827 3171 tum
864 3132 947 3171 re-

187 3210 492 3265 dundantia
591 3208 644 3262 in
746 3209 947 3263 nostris

186 3301 596 3371 exemplaribus
611 3342 628 3369 ,
671 3301 717 3355 si
762 3300 920 3355 confe

187 3403 388 3448 rantur
419 3409 542 3449 cum
572 3391 829 3448 Judaicis.
854 3392 950 3448 De-

188 3487 431 3541 ficientia
462 3487 701 3557 quidem,
733 3495 793 3541 ut
823 3503 946 3541 cum

186 3580 280 3634 his
300 3580 519 3636 verbis:
542 3579 770 3651 Surgeus
796 3597 948 3635 mane

186 3671 446 3740 οπενεῡαι
475 3689 570 3741 pro
597 3672 704 3726 illis
741 3674 949 3742 sacri/i-

184 3765 277 3816 cia
291 3804 307 3829 ,
340 3765 629 3818 secundum
676 3781 949 3819 numerum

182 3870 406 3920 eorum;
450 3857 685 3923 additur,
728 3858 948 3911 vitulum

184 3964 361 4002 unum
424 3966 521 4019 pro
578 3960 790 4020 peccato
851 3967 948 4020 pro

184 4042 472 4097 animabus
503 4060 702 4098 eorum.
730 4044 797 4097 Et
821 4060 944 4099 cum

187 4133 308 4189 bis:
343 4133 605 4190 Venerunt
629 4136 801 4205 angeli
826 4136 945 4204 Dei,

185 4237 250 4281 ut
282 4236 518 4282 astarent
544 4245 721 4283 coram
748 4229 875 4294 Deo,
898 4239 946 4284 et

185 4320 441 4374 diabolus
489 4323 625 4376 venit
689 4339 808 4375 cum
870 4324 946 4377 eis

190 4413 536 4469 subnectitur
572 4429 585 4464 :
621 4412 947 4471 Circumiens

190 4516 393 4561 terram
407 4546 423 4569 ,
469 4516 521 4560 et
575 4508 947 4577 perambulatis

187 4600 249 4652 in
275 4615 359 4653 ea.
381 4597 646 4655 Praeterea
676 4610 799 4670 post
833 4602 948 4658 hzec

186 4693 359 4749 verba
371 4736 389 4759 ,
444 4693 701 4748 Dominus
766 4696 945 4764 dedit,

186 4785 455 4841 Dominus
495 4787 724 4841 abstulit
740 4829 754 4855 ,
803 4790 947 4860 apud

189 4876 454 4934 Hebmos
482 4894 589 4935 non
624 4891 782 4936 erant
810 4883 945 4950 haec,

184 4972 334 5026 sicut
362 4971 586 5027 Domino
610 4974 844 5044 placuit,
869 4976 951 5031 ita

187 5064 397 5135 factum
419 5075 516 5119 est.

262 5179 429 5236 Plura
448 5191 627 5237 autem
647 5183 700 5237 in
726 5184 931 5240 nostris

186 5284 361 5338 quam
411 5270 465 5325 in
507 5269 748 5329 Hebraeis
804 5282 933 5329 sunt

186 5376 259 5417 ea
286 5378 413 5433 qua:
464 5361 603 5419 Jobo
631 5366 770 5420 dixit
793 5381 933 5421 uxor

187 5457 317 5527 ejus
394 5457 466 5512 ab
538 5459 625 5515 his
684 5460 926 5517 verbis:

189 5548 480 5620 Quousque
492 5553 839 5620 perseveraba
857 5553 934 5607 di-

190 5639 360 5693 cendo
395 5656 416 5693 :
481 5640 703 5698 Manebo
756 5646 927 5700 adhuc

1101 1899 1261 1953 Ἀλλὰ
1329 1903 1420 1955 καὶ
1493 1903 1601 1957 ἀπὸ
1678 1904 1770 1957 τοῦ
1804 1876 1852 1936 Β
1885 1882 1989 1953 ἔπη
2050 1884 2291 1955 τέσσαρα
2348 1886 2381 1955 ἢ
2456 1886 2615 1958 τρία,

1029 1990 1170 2059 Ἰὼϐ,
1197 1993 1268 2047 τὰ
1295 1995 1405 2048 ἀπὸ
1436 1996 1529 2049 τοῦ
1560 1997 1774 2065 Γέγρα-

1015 2100 1155 2140 πται
1208 2087 1276 2140 δὲ
1337 2091 1524 2144 αὐτὸν
1586 2090 1773 2145 πάλιν

1014 2181 1462 2251 ἀναστήσεσθαι
1472 2226 1484 2248 ,
1497 2187 1625 2256 μεθ’
1637 2182 1724 2240 ὧν
1738 2190 1771 2241 ό

1014 2276 1232 2343 Κύριος
1271 2278 1616 2346 ἀνίστησιν,
1642 2278 1769 2352 ἄχρι

1013 2368 1234 2433 τέλους,
1282 2371 1345 2423 οὐ
1399 2375 1576 2426 κεῖται
1620 2373 1771 2444 παρὰ

1015 2467 1128 2528 τοῖς
1208 2466 1477 2538 Ἑϐραίοις
1506 2487 1519 2497 ·
1583 2468 1771 2541 διόπερ

1015 2558 1134 2612 οὐδὲ
1190 2562 1339 2632 παρὰ
1398 2562 1476 2632 τῷ
1537 2562 1766 2634 Ἀκύλᾳ,

1016 2649 1164 2721 παρὰ
1194 2650 1249 2704 δὲ
1276 2655 1390 2716 τοῖς
1421 2657 1476 2706 O’
1511 2655 1602 2707 καὶ
1641 2655 1770 2708 Θεο-

1014 2743 1223 2797 δοτίωνι
1243 2743 1311 2797 τὰ
1346 2746 1769 2817 ἰσοδυναμοῦντα

1014 2836 1284 2906 ἀλλήλοις.
1343 2840 1454 2892 Kal
1516 2840 1649 2895 ἄλλα
1704 2830 1769 2895 δὲ

1019 2929 1186 3001 μυρία
1254 2929 1487 3003 εὕρομεν
1561 2935 1621 2986 ἐν
1693 2934 1770 3004 τῷ

1028 3021 1148 3074 Ἰὼϐ
1168 3062 1183 3086 ,
1238 3025 1331 3077 καὶ
1382 3027 1500 3078 κατ’
1561 3026 1766 3097 ὀλίγον,

1015 3118 1109 3169 καὶ
1165 3118 1258 3170 ἐπὶ
1321 3119 1482 3174 πλέον
1543 3124 1599 3175 ἐν
1657 3125 1769 3187 τοῖς

1015 3208 1304 3281 ἡμετέροις
1335 3213 1705 3283 ἀντιγράφοις,
1732 3215 1767 3285 ἢ
1798 3239 1843 3301 C

1016 3304 1074 3354 ὲν
1118 3305 1231 3366 τοῖς
1276 3304 1426 3375 παρὰ
1476 3306 1766 3370 Ἰουδαίοις

1017 3398 1137 3448 κατ’
1159 3396 1336 3466 ὀλίγον
1368 3398 1486 3469 μὲν,
1516 3400 1625 3464 ὅτε,
1652 3400 1773 3454 ἀνι-

1018 3487 1313 3558 στάμενος
1329 3491 1393 3543 τὸ
1410 3491 1561 3558 πρωῒ
1587 3506 1771 3559 προσ-

1018 3579 1192 3649 έφερε
1238 3584 1370 3650 περὶ
1422 3583 1620 3637 αὐτῶν
1670 3589 1772 3639 θυ-

1018 3675 1159 3741 σίας
1196 3677 1343 3731 κατὰ
1380 3677 1486 3731 τὸν
1523 3679 1773 3749 ἀριθμὸν

1018 3766 1233 3822 αὐτῶνθ
1268 3769 1355 3821 τόο
1388 3773 1629 3840 μόσχον
1664 3772 1774 3825 ἕνα

1018 3859 1149 3929 περὶ
1176 3860 1462 3930 ἁμαρτίας
1495 3863 1627 3932 περὶ
1655 3865 1774 3919 τῶν

1017 3951 1235 4021 ’ψυχῶν
1268 3953 1484 4008 αὐτῶν.
1521 3956 1628 4009 Καὶ
1660 3956 1768 4020 ὅτε,

1017 4038 1207 4113 ἦλθον
1263 4046 1317 4096 οἱ
1370 4042 1609 4113 ἄγγελοι
1663 4046 1770 4100 τοῦ

1021 4135 1168 4188 Θεοῦ
1215 4135 1593 4203 παραστῆναι
1629 4138 1771 4191 ἑνώ-

1018 4244 1157 4282 πιον
1198 4230 1303 4283 τοῦ
1356 4228 1533 4297 Θεοῦ,
1581 4233 1679 4285 καὶ
1739 4236 1773 4287 ὁ

1017 4322 1296 4391 διάϐολος
1327 4320 1476 4395 ἦλθε
1511 4325 1638 4394 μετ’
1664 4328 1770 4379 αὺ-

1017 4414 1154 4468 τῶνο
1191 4416 1268 4469 τό’
1300 4417 1627 4485 περιελθὼν
1658 4418 1773 4487 τὴν

1017 4506 1151 4577 γῆν,
1172 4509 1269 4562 καὶ
1286 4509 1772 4578 ἐμπεριπατήσας

1016 4601 1087 4654 ἐν
1116 4601 1289 4671 αὐτῇ.
1324 4603 1445 4655 Ἔτι
1485 4602 1542 4656 δὲ
1578 4604 1678 4656 οὐκ
1704 4599 1771 4675 ἦν
1804 4583 1847 4638 D

1018 4696 1149 4767 παρ’
1191 4694 1461 4766 Ἑϐραίοις
1501 4695 1639 4766 μετὰ
1680 4696 1767 4749 τό·

1030 4787 1085 4840 ’0
1143 4788 1359 4855 Κύριος
1420 4786 1670 4852 ἔδωκεν,
1740 4790 1774 4842 ό

1019 4879 1236 4947 Κύριος
1258 4879 1557 4947 asset/leta
1590 4880 1671 4946 ὡς
1692 4879 1773 4946 τῷ

1019 4973 1214 5041 Κυρίῳ
1276 4972 1488 5037 ἔδοξεν
1509 5011 1525 5038 ,
1588 4972 1773 5038 οὕτως

1022 5065 1123 5118 καὶ
1156 5063 1413 5134 ἐγένετο.

1094 5179 1202 5233 Πλε
1212 5180 1323 5233 ίονα
1338 5178 1395 5231 δὲ
1421 5179 1478 5231 ὲν
1493 5180 1606 5243 τοῖς
1624 5180 1751 5250 ἡμε-

1019 5268 1198 5340 τέροις
1239 5267 1390 5339 παρὰ
1430 5267 1499 5321 τὰ
1544 5267 1753 5339 Ἐϐραῖ-

1019 5357 1123 5424 aa,
1171 5358 1260 5411 ὅτε
1321 5352 1442 5409 εἷπε
1495 5355 1573 5426 τῷ
1629 5355 1750 5410 Ἰὼϐ

1021 5452 1055 5521 ἡ
1077 5449 1213 5521 γυνὴ
1256 5446 1446 5513 αὐτοῦ,
1493 5448 1602 5503 ἀπὸ
1630 5447 1747 5515 τοῦ,

1017 5542 1209 5611 Μέχρι
1256 5541 1421 5605 τινος
1476 5538 1752 5607 καρτερή-

1019 5655 1169 5703 σεις,
1182 5635 1393 5705 λέγων·
1427 5633 1602 5693 Ἰδοὺ.
1614 5636 1752 5691 ἀνα-

189 5745 357 5798 ρατυο
435 5741 661 5803 tempore
747 5750 923 5798 mpe-
1011 5730 1174 5801 μένω
1191 5732 1413 5800 χρόνον
1426 5729 1514 5784 ἐτι
1533 5731 1750 5800 μικρὸν

189 5830 348 5878 etans
368 5839 513 5895 spem
558 5824 750 5882 salutis
779 5842 925 5893 mea,

1018 5825 1500 5901 προσδεχόμενος
1522 5825 1638 5896 τὴν
1656 5829 1750 5883 ἐλ-

2700 1603 2841 1671 apud
2869 1602 3126 1661 Hebraeos
3161 1611 3446 1678 reperiun-

2701 1702 2937 1763 tur,qua3
2954 1696 3006 1749 in
3037 1699 3442 1767 exemplaribus

2703 1786 2904 1840 nostris
2917 1787 3312 1856 desiderantur;
3334 1808 3434 1848 sae-

2704 1877 2827 1944 pius
2871 1877 3091 1947 quidem
3134 1880 3440 1952 (versiculi)

2703 1976 2939 2036 quatuor
2965 1969 3048 2024 vel
3091 1980 3240 2036 tres;
3278 1973 3446 2027 inter-

2714 2058 2844 2112 dum
2867 2075 2997 2114 vero
3012 2064 3445 2131 qualuordecim,

2715 2157 3110 2223 novemdecim,
3149 2161 3231 2216 vel
3266 2163 3449 2217 sexde-

2718 2249 2846 2304 cim.
2879 2248 2946 2304 Et
2971 2250 3099 2320 quid
3128 2268 3214 2306 me
3234 2263 3447 2321 oportet

2714 2340 2805 2395 hic
2874 2357 3236 2407 enumerare,
3325 2339 3493 2415 qute'

1877 2435 2019 2514 ὑπὲρ
2047 2435 2140 2488 τοῦ
2187 2435 2260 2505 μὴ
2320 2435 2607 2489 λανθάνειν
2716 2436 3443 2506 multolaboreeollegimus,

1876 2531 2025 2600 ἡμᾶς
2057 2530 2155 2600 τὴν
2184 2530 2449 2601 διαφορὰν
2498 2530 2608 2584 τῶν
2715 2541 2781 2579 ne
2805 2541 2906 2581 nos
2931 2527 3121 2582 lateret
3150 2528 3445 2585 discrimen

1875 2622 2028 2693 παρὰ
2065 2621 2339 2685 Ἰουδαίοις
2363 2622 2457 2676 καὶ
2475 2623 2605 2693 ἡμῖν
2711 2622 2855 2690 quod
2871 2621 3096 2677 Judaica
3120 2623 3259 2679 inter
3278 2635 3331 2680 et
3346 2639 3419 2680 no
3433 2654 3447 2665 -

1874 2718 2223 2789 ἀντιγράφων
2239 2735 2253 2784 ;
2712 2722 2821 2766 slra
2845 2714 3178 2784 exemplaria
3215 2715 3447 2773 interce-

1880 1792 2022 1861 οὐχί.
2076 1792 2187 1845 Kal
2217 1793 2479 1857 πολλάκις
2513 1794 2616 1863 μὲν

1882 1977 1996 2031 ἔσθ’
2021 1978 2109 2031 ὅτε
2135 1978 2193 2031 δὲ
2237 1978 2330 2031 καὶ
2357 1978 2617 2032 δεκατέσ-

1882 2088 2024 2142 σαρα
2058 2072 2152 2125 καὶ
2186 2071 2475 2125 δεκαεννέα
2516 2075 2610 2127 καὶ

1876 2166 2090 2231 δεκαέξ.
2112 2168 2224 2220 Kal
2244 2168 2298 2220 τί
2331 2184 2397 2238 με
2424 2167 2612 2221 δεῖκα-

1874 2259 2144 2325 ταλέγειν,
2176 2258 2212 2312 ἃ
2250 2258 2384 2329 μετὰ
2414 2258 2608 2313 πολλοῦ

1877 2350 2127 2419 καμάτου
2211 2349 2604 2420 ἀνελεξάμεθα,

2711 2806 2825 2859 dit?

1945 2898 2001 2953 ln
2037 2899 2178 2953 libro
2221 2898 2387 2970 igitur
2413 2898 2536 2965 Job,
2566 2908 2761 2969 prater
2796 2896 3011 2952 solitam
3037 2911 3130 2952 sex
3166 2898 3448 2953 columna-

1876 3008 1996 3046 rnm
2027 3007 2270 3061 operam,
2301 2990 2561 3062 Origenes
2597 2991 2653 3045 in
2709 2989 2947 3044 editione
2979 2988 3088 3042 τῶν
3121 2990 3176 3042 0'
3211 2990 3446 3059 plurima

1875 3083 2066 3139 mutila
2084 3099 2153 3137 ex
2182 3083 2578 3146 Theodotione,
2599 3090 2654 3137 et
2687 3080 2979 3151 aliquando
3010 3094 3073 3133 ex
3100 3080 3222 3135 aliis
3250 3082 3447 3136 editio-

1875 3176 2059 3241 nibus,
2108 3175 2388 3231 astet-iscis
2440 3172 2748 3244 praepositis
2778 3170 3131 3237 restauravit,
3166 3181 3219 3225 et
3266 3171 3447 3227 hiatus

1874 3282 2107 3338 magnos
2135 3267 2441 3329 resarcivil,
2472 3273 2532 3319 ut
2560 3268 2676 3334 ipse
2697 3278 2860 3332 supra
2904 3271 3188 3317 memorat.
3231 3261 3448 3332 Septin-

1870 3367 2065 3427 gentos
2093 3358 2176 3412 vel
2206 3357 2549 3422 octingentos
2570 3355 2870 3410 versiculos
2896 3353 2964 3407 ab
2988 3351 3220 3423 Origene
3245 3353 3446 3424 praedi-

1870 3460 1960 3507 cto
1982 3451 2143 3506 modo
2166 3451 2222 3505 in
2251 3451 2386 3505 locis
2411 3450 2498 3504 ubi
2534 3449 2757 3503 deerant
2780 3446 3048 3516 repositos
3078 3445 3249 3502 fuisse
3281 3455 3448 3503 testa-

1871 3552 1962 3598 tur
1992 3543 2379 3616 Hieronymus,
2415 3544 2507 3613 qni
2536 3542 2736 3596 librum
2761 3538 2863 3592 Job
2888 3537 2969 3593 sic
2995 3538 3308 3593 restitutum
3338 3538 3445 3595 La-

1869 3635 1982 3689 tine
2033 3634 2329 3697 transtulit,
2383 3641 2444 3688 ut
2477 3633 2708 3688 habetur
2759 3632 2936 3702 primo
2998 3640 3145 3686 tomo
3190 3633 3450 3689 editionis

1869 3724 2097 3781 Joannis
2130 3724 2422 3780 Martianaei
2448 3726 2643 3780 nostri.
2673 3724 2798 3779 Haec
2829 3724 3200 3792 supplementa
3246 3739 3315 3779 ex
3357 3739 3449 3779 co-

1869 3815 1989 3871 dice
2012 3815 2248 3886 quodam
2281 3814 2620 3879 Colbertino,
2673 3823 2727 3869 et
2768 3829 2833 3869 ex
2862 3814 3099 3868 editione
3134 3812 3448 3887 Hieronymi

1871 3912 2208 3958 mutuamur.
2241 3902 2508 3959 Praeterea
2538 3904 2799 3960 lectiones
2821 3912 3064 3958 veterum
3091 3904 3448 3975 interpretum

1871 3994 2030 4065 longe
2062 3995 2335 4050 auctiores
2358 4002 2413 4049 et
2432 3995 2831 4051 ementlatiores
2863 3995 3080 4059 damus,
3118 4010 3284 4066 quam
3312 3996 3449 4051 Dru-

1872 4085 1988 4141 sius
2010 4084 2275 4140 ediderat.
2317 4084 2418 4141 Hic
2461 4084 2773 4157 frequentes
2815 4083 3114 4139 afferuntur
3160 4085 3444 4151 lectiones,

1871 4172 1976 4228 hac
2002 4173 2202 4243 praevia
2236 4184 2365 4228 nota
2405 4174 2465 4228 '0
2499 4174 2764 4246 Ἐϐραῖος,
2795 4188 2904 4244 qua
2932 4175 3001 4229 de
3046 4188 3107 4229 re
3156 4185 3337 4230 actum
3364 4186 3449 4233 est

1870 4265 2045 4335 capite
2064 4266 2261 4335 primo.

1940 4357 1998 4412 ln
2029 4357 2170 4413 libro
2198 4355 2568 4421 Psalmorum,
2591 4365 2787 4427 praeter
2812 4372 2907 4412 sex
2929 4356 3119 4413 solitas
3138 4356 3444 4423 columnas,

1873 4449 2151 4506 tresalias
2205 4449 2582 4519 superaddidit
2633 4447 2927 4520 Origenes,
2991 4462 3114 4519 quae
3159 4447 3443 4515 Quintam,

1877 4539 2095 4595 Sextam
2127 4550 2181 4597 et
2209 4540 2507 4613 Septimam
2553 4541 2845 4596 editionem
2889 4540 3252 4596 exhibebant:
3305 4557 3446 4611 qua-

1876 4646 1997 4685 rum
2029 4632 2274 4687 omnium
2337 4633 2598 4688 lectiones
2638 4632 2825 4687 multis
2882 4631 3128 4702 partibus
3173 4634 3447 4689 auctiores

1873 4720 2120 4777 dedimus
2143 4737 2308 4792 quam
2336 4721 2564 4777 Drusius
2592 4722 2855 4776 ediderat.

1946 4810 2003 4866 In
2030 4809 2343 4869 Proverbiis
2373 4812 2592 4867 solitum
2628 4826 2722 4867 sex
2763 4810 3149 4885 columnarum_
3165 4826 3302 4883 opus
3330 4812 3449 4867 edi-

1872 4903 1955 4958 dit
1986 4902 2269 4973 Origenes.
2305 4903 2503 4959 Multas
2541 4918 2670 4958 vero
2720 4917 2911 4957 earum
2947 4904 3208 4960 lectiones
3229 4920 3295 4959 ex
3324 4904 3444 4959 edi-

1873 4994 2020 5051 tione
2050 4996 2295 5050 Romana
2337 4993 2560 5064 protulit
2588 4992 2842 5058 Drusius,
2882 4993 3083 5063 quibus
3115 5008 3220 5049 nos
3239 4994 3446 5065 aliquot

1869 5088 2186 5159 adjecimus,
2212 5096 2266 5143 et
2299 5101 2406 5142 non
2434 5101 2634 5158 paucas
2665 5085 3091 5141 emendavimus.

1943 5179 2003 5235 In
2035 5179 2365 5236 Ecclesiaste
2387 5180 2540 5250 paria
2566 5179 2821 5249 praestitit
2842 5177 3207 5248 Hexaplorum
3233 5186 3444 5234 auctor.

1868 5272 1949 5330 lbi
2004 5289 2137 5330 vero
2206 5274 2466 5330 lectiones
2521 5274 2659 5331 bene
2710 5273 2912 5329 multas
2968 5271 3257 5328 Drasianis
3299 5272 3449 5343 adje-

1867 5366 2064 5423 cimus.

1937 5459 1995 5514 ln
2020 5457 2263 5514 Canticis
2292 5455 2439 5523 item,
2464 5461 2660 5525 praeter
2691 5453 2953 5525 Hexapla,
2980 5452 3105 5509 dure
3133 5446 3325 5509 saltem
3347 5468 3443 5507 co~

1866 5551 2069 5606 lumnae
2093 5548 2316 5617 adjectae
2338 5547 2574 5611 fuerant,
2607 5562 2801 5614 nempe
2843 5545 3056 5613 Quintae
3103 5555 3160 5599 et
3216 5543 3393 5600 Sexta;
3426 5564 3440 5600 :

1869 5660 1938 5699 an
1977 5641 2215 5713 Septima
2242 5641 2370 5695 item
2399 5639 2567 5700 editio
2616 5638 2873 5702 adfuerit,
2923 5639 3224 5704 incertum;
3279 5636 3446 5703 Quin-

1868 5745 1979 5791 tam
2004 5748 2134 5789 vero
2155 5740 2210 5787 et
2233 5731 2452 5789 Sextam
2476 5728 2718 5785 adfuisse
2739 5730 2973 5800 probant
2991 5730 3304 5783 earumdem
3326 5730 3443 5784 loca

1866 5844 1989 5900 qua
2017 5833 2334 5898 supersunt.
2398 5821 2763 5894 Hieronymus
2812 5831 2992 5877 tamen
3026 5819 3353 5877 Prafatione
3385 5821 3440 5874 in
