  <div class='ocr_page' id='page_1' title='image "/cluster/home/n/w/nwhite01/storage/ocr_20150623/15/nnc1.0046978852/060.png"; bbox 0 0 3832 6214; ppageno 0'>
   <div class='ocr_carea' id='block_1_1' title="bbox 182 286 286 339">
    <p class='ocr_par' dir='ltr' id='par_1_1' title="bbox 182 286 286 339">
     <span class='ocr_line' id='line_1_1' title="bbox 182 286 286 339; baseline 0 0"><span class='ocrx_word' id='word_1_1' title='bbox 182 286 286 339; x_wconf 69' lang='grc' dir='ltr'><strong>1οοῖ</strong></span> 
     </span>
    </p>
   </div>
   <div class='ocr_carea' id='block_1_2' title="bbox 178 396 918 479">
    <p class='ocr_par' dir='ltr' id='par_1_2' title="bbox 178 396 918 479">
     <span class='ocr_line' id='line_1_2' title="bbox 178 396 918 479; baseline -0.015 -19"><span class='ocrx_word' id='word_1_2' title='bbox 178 402 385 479; x_wconf 71' lang='grc' dir='ltr'>μένωνο</span> <span class='ocrx_word' id='word_1_3' title='bbox 420 401 544 456; x_wconf 63' lang='grc' dir='ltr'>οὐδὲ</span> <span class='ocrx_word' id='word_1_4' title='bbox 596 398 729 471; x_wconf 69' lang='grc' dir='ltr'>περὶ</span> <span class='ocrx_word' id='word_1_5' title='bbox 786 396 918 457; x_wconf 81' lang='grc' dir='ltr'>τῶν,</span> 
     </span>
    </p>
   </div>
   <div class='ocr_carea' id='block_1_3' title="bbox 182 489 925 567">
    <p class='ocr_par' dir='ltr' id='par_1_3' title="bbox 182 489 925 567">
     <span class='ocr_line' id='line_1_3' title="bbox 182 489 925 567; baseline -0.013 -14"><span class='ocrx_word' id='word_1_6' title='bbox 182 501 263 565; x_wconf 80' lang='grc' dir='ltr'>ὡς</span> <span class='ocrx_word' id='word_1_7' title='bbox 306 497 568 567; x_wconf 75' lang='grc' dir='ltr'><strong>ἔφασκες,</strong></span> <span class='ocrx_word' id='word_1_8' title='bbox 606 492 783 547; x_wconf 79' lang='grc' dir='ltr'>ἄλλων</span> <span class='ocrx_word' id='word_1_9' title='bbox 830 489 925 544; x_wconf 82' lang='grc' dir='ltr'>δύο</span> 
     </span>
    </p>
   </div>
   <div class='ocr_carea' id='block_1_4' title="bbox 182 582 923 660">
    <p class='ocr_par' dir='ltr' id='par_1_4' title="bbox 182 582 923 660">
     <span class='ocr_line' id='line_1_4' title="bbox 182 582 923 660; baseline -0.013 -16"><span class='ocrx_word' id='word_1_10' title='bbox 182 585 527 660; x_wconf 74' lang='grc' dir='ltr'>περικοπῶν,</span> <span class='ocrx_word' id='word_1_11' title='bbox 568 583 678 637; x_wconf 82' lang='grc' dir='ltr'>τῶν</span> <span class='ocrx_word' id='word_1_12' title='bbox 707 583 801 636; x_wconf 77' lang='grc' dir='ltr'><strong>ὲπὶ</strong></span> <span class='ocrx_word' id='word_1_13' title='bbox 833 582 923 636; x_wconf 81' lang='grc' dir='ltr'><strong>τέ-</strong></span> 
     </span>
    </p>
   </div>
   <div class='ocr_carea' id='block_1_5' title="bbox 184 674 923 748">
    <p class='ocr_par' dir='ltr' id='par_1_5' title="bbox 184 674 923 748">
     <span class='ocr_line' id='line_1_5' title="bbox 184 674 923 748; baseline -0.009 -14"><span class='ocrx_word' id='word_1_14' title='bbox 184 690 263 734; x_wconf 72' lang='grc' dir='ltr'><strong>λει</strong></span> <span class='ocrx_word' id='word_1_15' title='bbox 293 676 390 732; x_wconf 76' lang='grc' dir='ltr'><strong>τοῦ</strong></span> <span class='ocrx_word' id='word_1_16' title='bbox 428 676 633 748; x_wconf 78' lang='grc' dir='ltr'>βιῦλξου</span> <span class='ocrx_word' id='word_1_17' title='bbox 676 674 807 746; x_wconf 78' lang='grc' dir='ltr'>περι</span> <span class='ocrx_word' id='word_1_18' title='bbox 863 691 923 728; x_wconf 83' lang='grc' dir='ltr'>τε</span> 
     </span>
    </p>
   </div>
   <div class='ocr_carea' id='block_1_6' title="bbox 187 766 926 838">
    <p class='ocr_par' dir='ltr' id='par_1_6' title="bbox 187 766 926 838">
     <span class='ocr_line' id='line_1_6' title="bbox 187 766 926 838; baseline -0.008 -14"><span class='ocrx_word' id='word_1_19' title='bbox 187 772 295 824; x_wconf 79' lang='grc' dir='ltr'><strong>τῶν</strong></span> <span class='ocrx_word' id='word_1_20' title='bbox 354 768 500 824; x_wconf 67' lang='grc' dir='ltr'>κατὰ</span> <span class='ocrx_word' id='word_1_21' title='bbox 548 768 640 821; x_wconf 85' lang='grc' dir='ltr'><strong>τὸν</strong></span> <span class='ocrx_word' id='word_1_22' title='bbox 691 766 802 838; x_wconf 83' lang='grc' dir='ltr'><strong>Βὴλ</strong></span> <span class='ocrx_word' id='word_1_23' title='bbox 832 766 926 820; x_wconf 81' lang='grc' dir='ltr'>καὶ</span> 
     </span>
    </p>
   </div>
   <div class='ocr_carea' id='block_1_7' title="bbox 186 859 929 932">
    <p class='ocr_par' dir='ltr' id='par_1_7' title="bbox 186 859 929 932">
     <span class='ocr_line' id='line_1_7' title="bbox 186 859 929 932; baseline -0.009 -18"><span class='ocrx_word' id='word_1_24' title='bbox 186 860 276 914; x_wconf 77' lang='grc' dir='ltr'>τὸν</span> <span class='ocrx_word' id='word_1_25' title='bbox 295 859 566 932; x_wconf 76' lang='grc' dir='ltr'>δράκοντα</span> <span class='ocrx_word' id='word_1_26' title='bbox 583 859 863 928; x_wconf 76' lang='grc' dir='ltr'>ἀναγεγρα</span> <span class='ocrx_word' id='word_1_27' title='bbox 869 874 929 927; x_wconf 88' lang='grc' dir='ltr'>μ-</span> 
     </span>
    </p>
   </div>
   <div class='ocr_carea' id='block_1_8' title="bbox 187 949 927 1024">
    <p class='ocr_par' dir='ltr' id='par_1_8' title="bbox 187 949 927 1024">
     <span class='ocr_line' id='line_1_8' title="bbox 187 949 927 1024; baseline -0.008 -17"><span class='ocrx_word' id='word_1_28' title='bbox 187 952 393 1024; x_wconf 76' lang='grc' dir='ltr'>μένων,</span> <span class='ocrx_word' id='word_1_29' title='bbox 422 951 531 1005; x_wconf 81' lang='grc' dir='ltr'>οὐδ’</span> <span class='ocrx_word' id='word_1_30' title='bbox 569 949 749 1005; x_wconf 82' lang='grc' dir='ltr'>αὐτῶν</span> <span class='ocrx_word' id='word_1_31' title='bbox 776 950 833 1003; x_wconf 84' lang='grc' dir='ltr'>ὲν</span> <span class='ocrx_word' id='word_1_32' title='bbox 849 965 927 1018; x_wconf 81' lang='grc' dir='ltr'><strong>τῳ</strong></span> 
     </span>
    </p>
   </div>
   <div class='ocr_carea' id='block_1_9' title="bbox 186 1041 928 1117">
    <p class='ocr_par' dir='ltr' id='par_1_9' title="bbox 186 1041 928 1117">
     <span class='ocr_line' id='line_1_9' title="bbox 186 1041 928 1117; baseline -0.009 -17"><span class='ocrx_word' id='word_1_33' title='bbox 186 1044 393 1117; x_wconf 81' lang='grc' dir='ltr'><strong>Δανιὴλ</strong></span> <span class='ocrx_word' id='word_1_34' title='bbox 464 1043 575 1097; x_wconf 84' lang='grc' dir='ltr'><strong>τῶν</strong></span> <span class='ocrx_word' id='word_1_35' title='bbox 657 1041 928 1114; x_wconf 77' lang='grc' dir='ltr'>Ἑϐραίων</span> 
     </span>
    </p>
   </div>
   <div class='ocr_carea' id='block_1_10' title="bbox 196 1132 929 1208">
    <p class='ocr_par' dir='ltr' id='par_1_10' title="bbox 196 1132 929 1208">
     <span class='ocr_line' id='line_1_10' title="bbox 196 1132 929 1208; baseline -0.005 -18"><span class='ocrx_word' id='word_1_36' title='bbox 196 1135 611 1208; x_wconf 70' lang='grc' dir='ltr'>γεγραμμένων·</span> <span class='ocrx_word' id='word_1_37' title='bbox 654 1132 790 1189; x_wconf 81' lang='grc' dir='ltr'>ἀλλὰ</span> <span class='ocrx_word' id='word_1_38' title='bbox 834 1133 929 1187; x_wconf 72' lang='grc' dir='ltr'>καὶ</span> 
     </span>
    </p>
   </div>
   <div class='ocr_carea' id='block_1_11' title="bbox 189 1231 930 1307">
    <p class='ocr_par' dir='ltr' id='par_1_11' title="bbox 189 1231 930 1307">
     <span class='ocr_line' id='line_1_11' title="bbox 189 1231 930 1307; baseline -0.007 -18"><span class='ocrx_word' id='word_1_39' title='bbox 189 1236 326 1307; x_wconf 76' lang='grc' dir='ltr'>περὶ</span> <span class='ocrx_word' id='word_1_40' title='bbox 389 1233 566 1287; x_wconf 73' lang='grc' dir='ltr'>ἄλλων</span> <span class='ocrx_word' id='word_1_41' title='bbox 606 1232 839 1304; x_wconf 84' lang='grc' dir='ltr'><strong>μυρίων,</strong></span> <span class='ocrx_word' id='word_1_42' title='bbox 893 1231 930 1285; x_wconf 78' lang='grc' dir='ltr'><strong>ἆ</strong></span> 
     </span>
    </p>
   </div>
   <div class='ocr_carea' id='block_1_12' title="bbox 193 1321 934 1395">
    <p class='ocr_par' dir='ltr' id='par_1_12' title="bbox 193 1321 934 1395">
     <span class='ocr_line' id='line_1_12' title="bbox 193 1321 934 1395; baseline -0.009 -16"><span class='ocrx_word' id='word_1_43' title='bbox 193 1325 344 1379; x_wconf 79' lang='grc' dir='ltr'>κατὰ</span> <span class='ocrx_word' id='word_1_44' title='bbox 414 1323 513 1395; x_wconf 82' lang='grc' dir='ltr'>τὴν</span> <span class='ocrx_word' id='word_1_45' title='bbox 604 1321 934 1393; x_wconf 82' lang='grc' dir='ltr'>μετριότητα</span> 
     </span>
    </p>
   </div>
   <div class='ocr_carea' id='block_1_13' title="bbox 193 1411 934 1489">
    <p class='ocr_par' dir='ltr' id='par_1_13' title="bbox 193 1411 934 1489">
     <span class='ocr_line' id='line_1_13' title="bbox 193 1411 934 1489; baseline -0.011 -18"><span class='ocrx_word' id='word_1_46' title='bbox 193 1415 353 1489; x_wconf 68' lang='grc' dir='ltr'>ἡμῶν</span> <span class='ocrx_word' id='word_1_47' title='bbox 436 1416 551 1478; x_wconf 82' lang='grc' dir='ltr'>τοῖς</span> <span class='ocrx_word' id='word_1_48' title='bbox 625 1411 934 1484; x_wconf 76' lang='grc' dir='ltr'>Ἑϐραϊκοῖς</span> 
     </span>
    </p>
   </div>
   <div class='ocr_carea' id='block_1_14' title="bbox 194 1507 937 1582">
    <p class='ocr_par' dir='ltr' id='par_1_14' title="bbox 194 1507 937 1582">
     <span class='ocr_line' id='line_1_14' title="bbox 194 1507 937 1582; baseline -0.005 -16"><span class='ocrx_word' id='word_1_49' title='bbox 194 1512 596 1582; x_wconf 82' lang='grc' dir='ltr'>συγκρίναντες</span> <span class='ocrx_word' id='word_1_50' title='bbox 674 1507 937 1579; x_wconf 81' lang='grc' dir='ltr'>ἀντιγρά-</span> 
     </span>
    </p>
   </div>
   <div class='ocr_carea' id='block_1_15' title="bbox 194 1601 936 1677">
    <p class='ocr_par' dir='ltr' id='par_1_15' title="bbox 194 1601 936 1677">
     <span class='ocr_line' id='line_1_15' title="bbox 194 1601 936 1677; baseline -0.005 -19"><span class='ocrx_word' id='word_1_51' title='bbox 194 1623 322 1677; x_wconf 80' lang='grc' dir='ltr'>φοις</span> <span class='ocrx_word' id='word_1_52' title='bbox 374 1603 445 1657; x_wconf 78' lang='grc' dir='ltr'>τὰ</span> <span class='ocrx_word' id='word_1_53' title='bbox 477 1602 747 1674; x_wconf 79' lang='grc' dir='ltr'>ἡμέτερα,</span> <span class='ocrx_word' id='word_1_54' title='bbox 806 1601 936 1655; x_wconf 86' lang='grc' dir='ltr'>πολ-</span> 
     </span>
    </p>
   </div>
   <div class='ocr_carea' id='block_1_16' title="bbox 196 1692 937 1769">
    <p class='ocr_par' dir='ltr' id='par_1_16' title="bbox 196 1692 937 1769">
     <span class='ocr_line' id='line_1_16' title="bbox 196 1692 937 1769; baseline -0.009 -17"><span class='ocrx_word' id='word_1_55' title='bbox 196 1695 365 1769; x_wconf 66' lang='grc' dir='ltr'>λαχοῦ</span> <span class='ocrx_word' id='word_1_56' title='bbox 410 1694 670 1766; x_wconf 79' lang='grc' dir='ltr'>εὕρομεν.</span> <span class='ocrx_word' id='word_1_57' title='bbox 715 1693 803 1747; x_wconf 88' lang='grc' dir='ltr'>Ἐν</span> <span class='ocrx_word' id='word_1_58' title='bbox 835 1692 937 1763; x_wconf 82' lang='grc' dir='ltr'>μὲν</span> 
     </span>
    </p>
   </div>
   <div class='ocr_carea' id='block_1_17' title="bbox 202 1788 939 1867">
    <p class='ocr_par' dir='ltr' id='par_1_17' title="bbox 202 1788 939 1867">
     <span class='ocr_line' id='line_1_17' title="bbox 202 1788 939 1867; baseline -0.011 -18"><span class='ocrx_word' id='word_1_59' title='bbox 202 1795 306 1867; x_wconf 75' lang='grc' dir='ltr'>γὰρ</span> <span class='ocrx_word' id='word_1_60' title='bbox 340 1791 489 1862; x_wconf 82' lang='grc' dir='ltr'>αὐτῷ</span> <span class='ocrx_word' id='word_1_61' title='bbox 501 1790 581 1864; x_wconf 76' lang='grc' dir='ltr'><strong>τῷ</strong></span> <span class='ocrx_word' id='word_1_62' title='bbox 596 1788 794 1861; x_wconf 80' lang='grc' dir='ltr'><strong>Δανιὴλ</strong></span> <span class='ocrx_word' id='word_1_63' title='bbox 810 1788 939 1861; x_wconf 75' lang='grc' dir='ltr'>περὶ</span> 
     </span>
    </p>
   </div>
   <div class='ocr_carea' id='block_1_18' title="bbox 199 1881 939 1958">
    <p class='ocr_par' dir='ltr' id='par_1_18' title="bbox 199 1881 939 1958">
     <span class='ocr_line' id='line_1_18' title="bbox 199 1881 939 1958; baseline -0.014 -16"><span class='ocrx_word' id='word_1_64' title='bbox 199 1886 300 1958; x_wconf 67' lang='grc' dir='ltr'><strong>τῆς</strong></span> <span class='ocrx_word' id='word_1_65' title='bbox 333 1884 565 1956; x_wconf 80' lang='grc' dir='ltr'>καμίνου</span> <span class='ocrx_word' id='word_1_66' title='bbox 591 1883 691 1953; x_wconf 74' lang='grc' dir='ltr'>τῆς</span> <span class='ocrx_word' id='word_1_67' title='bbox 710 1881 939 1952; x_wconf 79' lang='grc' dir='ltr'>καιομέ-</span> 
     </span>
    </p>
   </div>
   <div class='ocr_carea' id='block_1_19' title="bbox 204 1971 940 2050">
    <p class='ocr_par' dir='ltr' id='par_1_19' title="bbox 204 1971 940 2050">
     <span class='ocr_line' id='line_1_19' title="bbox 204 1971 940 2050; baseline -0.007 -19"><span class='ocrx_word' id='word_1_68' title='bbox 204 1995 298 2050; x_wconf 66' lang='grc' dir='ltr'><strong>δης</strong></span> <span class='ocrx_word' id='word_1_69' title='bbox 326 1977 388 2030; x_wconf 73' lang='grc' dir='ltr'><strong>τὸ</strong></span> <span class='ocrx_word' id='word_1_70' title='bbox 416 1973 819 2045; x_wconf 71' lang='grc' dir='ltr'><strong>πεπεδημένοι</strong></span> <span class='ocrx_word' id='word_1_71' title='bbox 851 1971 940 2027; x_wconf 81' lang='grc' dir='ltr'><strong>εὖ·</strong></span> 
     </span>
    </p>
   </div>
   <div class='ocr_carea' id='block_1_20' title="bbox 199 2072 941 2149">
    <p class='ocr_par' dir='ltr' id='par_1_20' title="bbox 199 2072 941 2149">
     <span class='ocr_line' id='line_1_20' title="bbox 199 2072 941 2149; baseline -0.007 -18"><span class='ocrx_word' id='word_1_72' title='bbox 199 2092 389 2149; x_wconf 75' lang='grc' dir='ltr'>ρομεν·</span> <span class='ocrx_word' id='word_1_73' title='bbox 430 2076 490 2131; x_wconf 82' lang='grc' dir='ltr'>ὲν</span> <span class='ocrx_word' id='word_1_74' title='bbox 514 2074 571 2129; x_wconf 77' lang='grc' dir='ltr'>δὲ</span> <span class='ocrx_word' id='word_1_75' title='bbox 604 2076 718 2138; x_wconf 84' lang='grc' dir='ltr'>τοῖς</span> <span class='ocrx_word' id='word_1_76' title='bbox 745 2072 941 2146; x_wconf 79' lang='grc' dir='ltr'>ἡμετὲ-</span> 
     </span>
    </p>
   </div>
   <div class='ocr_carea' id='block_1_21' title="bbox 204 2167 940 2239">
    <p class='ocr_par' dir='ltr' id='par_1_21' title="bbox 204 2167 940 2239">
     <span class='ocr_line' id='line_1_21' title="bbox 204 2167 940 2239; baseline -0.007 -16"><span class='ocrx_word' id='word_1_77' title='bbox 204 2184 324 2239; x_wconf 85' lang='grc' dir='ltr'>ροις</span> <span class='ocrx_word' id='word_1_78' title='bbox 358 2167 717 2239; x_wconf 71' lang='grc' dir='ltr'><strong>ἀντιγράφοις</strong></span> <span class='ocrx_word' id='word_1_79' title='bbox 747 2182 940 2235; x_wconf 81' lang='grc' dir='ltr'>περισ-</span> 
     </span>
    </p>
   </div>
   <div class='ocr_carea' id='block_1_22' title="bbox 201 2264 938 2337">
    <p class='ocr_par' dir='ltr' id='par_1_22' title="bbox 201 2264 938 2337">
     <span class='ocr_line' id='line_1_22' title="bbox 201 2264 938 2337; baseline -0.005 -17"><span class='ocrx_word' id='word_1_80' title='bbox 201 2265 431 2320; x_wconf 76' lang='grc' dir='ltr'>σεύοντα</span> <span class='ocrx_word' id='word_1_81' title='bbox 456 2264 609 2337; x_wconf 77' lang='grc' dir='ltr'>παρὰ</span> <span class='ocrx_word' id='word_1_82' title='bbox 638 2264 708 2318; x_wconf 85' lang='grc' dir='ltr'>τὰ</span> <span class='ocrx_word' id='word_1_83' title='bbox 738 2265 798 2317; x_wconf 83' lang='grc' dir='ltr'>ὲν</span> <span class='ocrx_word' id='word_1_84' title='bbox 822 2266 938 2327; x_wconf 81' lang='grc' dir='ltr'>τοῖς</span> 
     </span>
    </p>
   </div>
   <div class='ocr_carea' id='block_1_23' title="bbox 208 2358 937 2433">
    <p class='ocr_par' dir='ltr' id='par_1_23' title="bbox 208 2358 937 2433">
     <span class='ocr_line' id='line_1_23' title="bbox 208 2358 937 2433; baseline -0.004 -18"><span class='ocrx_word' id='word_1_85' title='bbox 208 2360 524 2433; x_wconf 74' lang='grc' dir='ltr'>Ἑϐραϊκοῖς</span> <span class='ocrx_word' id='word_1_86' title='bbox 535 2360 640 2431; x_wconf 76' lang='grc' dir='ltr'><strong>ἔπη</strong></span> <span class='ocrx_word' id='word_1_87' title='bbox 649 2359 749 2413; x_wconf 81' lang='grc' dir='ltr'>οὐκ</span> <span class='ocrx_word' id='word_1_88' title='bbox 764 2358 937 2428; x_wconf 86' lang='grc' dir='ltr'>ὀλίγα·</span> 
     </span>
    </p>
   </div>
   <div class='ocr_carea' id='block_1_24' title="bbox 200 2448 945 2527">
    <p class='ocr_par' dir='ltr' id='par_1_24' title="bbox 200 2448 945 2527">
     <span class='ocr_line' id='line_1_24' title="bbox 200 2448 945 2527; baseline -0.005 -17"><span class='ocrx_word' id='word_1_89' title='bbox 200 2448 280 2510; x_wconf 79' lang='grc' dir='ltr'>ὧν</span> <span class='ocrx_word' id='word_1_90' title='bbox 321 2456 468 2527; x_wconf 83' lang='grc' dir='ltr'><strong>ἀρχὴ</strong></span> <span class='ocrx_word' id='word_1_91' title='bbox 508 2453 651 2508; x_wconf 84' lang='grc' dir='ltr'>κατὰ</span> <span class='ocrx_word' id='word_1_92' title='bbox 694 2452 794 2525; x_wconf 82' lang='grc' dir='ltr'>μέν</span> <span class='ocrx_word' id='word_1_93' title='bbox 821 2467 945 2506; x_wconf 87' lang='grc' dir='ltr'>τινα</span> 
     </span>
    </p>
   </div>
   <div class='ocr_carea' id='block_1_25' title="bbox 201 2544 943 2616">
    <p class='ocr_par' dir='ltr' id='par_1_25' title="bbox 201 2544 943 2616">
     <span class='ocr_line' id='line_1_25' title="bbox 201 2544 943 2616; baseline -0.008 -16"><span class='ocrx_word' id='word_1_94' title='bbox 201 2546 315 2600; x_wconf 81' lang='grc' dir='ltr'>τῶν</span> <span class='ocrx_word' id='word_1_95' title='bbox 380 2544 696 2616; x_wconf 80' lang='grc' dir='ltr'>φερομένων</span> <span class='ocrx_word' id='word_1_96' title='bbox 734 2545 792 2597; x_wconf 74' lang='grc' dir='ltr'>ἐν</span> <span class='ocrx_word' id='word_1_97' title='bbox 826 2544 943 2605; x_wconf 78' lang='grc' dir='ltr'>ταῖς</span> 
     </span>
    </p>
   </div>
   <div class='ocr_carea' id='block_1_26' title="bbox 217 2634 938 2712">
    <p class='ocr_par' dir='ltr' id='par_1_26' title="bbox 217 2634 938 2712">
     <span class='ocr_line' id='line_1_26' title="bbox 217 2634 938 2712; baseline -0.01 -15"><span class='ocrx_word' id='word_1_98' title='bbox 217 2641 572 2712; x_wconf 80' lang='grc' dir='ltr'>Ἐκκλησίαις</span> <span class='ocrx_word' id='word_1_99' title='bbox 625 2634 696 2711; x_wconf 75' lang='grc' dir='ltr'>ἦν</span> <span class='ocrx_word' id='word_1_100' title='bbox 744 2637 938 2701; x_wconf 78' lang='grc' dir='ltr'>οὕτως·</span> 
     </span>
    </p>
   </div>
   <div class='ocr_carea' id='block_1_27' title="bbox 206 2731 943 2806">
    <p class='ocr_par' dir='ltr' id='par_1_27' title="bbox 206 2731 943 2806">
     <span class='ocr_line' id='line_1_27' title="bbox 206 2731 943 2806; baseline -0.012 -14"><span class='ocrx_word' id='word_1_101' title='bbox 206 2734 499 2806; x_wconf 78' lang='grc' dir='ltr'>Προσηύξ</span> <span class='ocrx_word' id='word_1_102' title='bbox 502 2749 610 2788; x_wconf 89' lang='grc' dir='ltr'><strong>ατο</strong></span> <span class='ocrx_word' id='word_1_103' title='bbox 651 2731 943 2797; x_wconf 74' lang='grc' dir='ltr'>Ἀνανίας,</span> 
     </span>
    </p>
   </div>
   <div class='ocr_carea' id='block_1_28' title="bbox 204 2821 948 2896">
    <p class='ocr_par' dir='ltr' id='par_1_28' title="bbox 204 2821 948 2896">
     <span class='ocr_line' id='line_1_28' title="bbox 204 2821 948 2896; baseline -0.016 -10"><span class='ocrx_word' id='word_1_104' title='bbox 204 2830 311 2886; x_wconf 73' lang='grc' dir='ltr'><strong>καὶ</strong></span> <span class='ocrx_word' id='word_1_105' title='bbox 350 2825 642 2896; x_wconf 80' lang='grc' dir='ltr'><strong>Ἀζαρίας,</strong></span> <span class='ocrx_word' id='word_1_106' title='bbox 698 2821 803 2878; x_wconf 77' lang='grc' dir='ltr'>καὶ</span> <span class='ocrx_word' id='word_1_107' title='bbox 847 2825 948 2876; x_wconf 82' lang='grc' dir='ltr'><strong>Μι-</strong></span> 
     </span>
    </p>
   </div>
   <div class='ocr_carea' id='block_1_29' title="bbox 206 2915 945 2991">
    <p class='ocr_par' dir='ltr' id='par_1_29' title="bbox 206 2915 945 2991">
     <span class='ocr_line' id='line_1_29' title="bbox 206 2915 945 2991; baseline -0.012 -14"><span class='ocrx_word' id='word_1_108' title='bbox 206 2922 399 2991; x_wconf 60' lang='lat' dir='ltr'><strong>trahi,</strong></span> <span class='ocrx_word' id='word_1_109' title='bbox 417 2918 517 2974; x_wconf 74' lang='grc' dir='ltr'><strong>καὶ</strong></span> <span class='ocrx_word' id='word_1_110' title='bbox 538 2919 822 2988; x_wconf 75' lang='grc' dir='ltr'>ὕμνησαν</span> <span class='ocrx_word' id='word_1_111' title='bbox 837 2915 945 2969; x_wconf 84' lang='grc' dir='ltr'>τὸν</span> 
     </span>
    </p>
   </div>
   <div class='ocr_carea' id='block_1_30' title="bbox 207 3008 949 3082">
    <p class='ocr_par' dir='ltr' id='par_1_30' title="bbox 207 3008 949 3082">
     <span class='ocr_line' id='line_1_30' title="bbox 207 3008 949 3082; baseline -0.015 -11"><span class='ocrx_word' id='word_1_112' title='bbox 207 3014 453 3082; x_wconf 77' lang='grc' dir='ltr'>Κύριον,</span> <span class='ocrx_word' id='word_1_113' title='bbox 509 3010 614 3075; x_wconf 71' lang='grc' dir='ltr'><strong>ἕως</strong></span> <span class='ocrx_word' id='word_1_114' title='bbox 670 3008 790 3062; x_wconf 72' lang='grc' dir='ltr'><strong>τοῦο</strong></span> <span class='ocrx_word' id='word_1_115' title='bbox 840 3008 949 3061; x_wconf 86' lang='grc' dir='ltr'><strong>Εὐ-</strong></span> 
     </span>
    </p>
   </div>
   <div class='ocr_carea' id='block_1_31' title="bbox 207 3102 950 3178">
    <p class='ocr_par' dir='ltr' id='par_1_31' title="bbox 207 3102 950 3178">
     <span class='ocr_line' id='line_1_31' title="bbox 207 3102 950 3178; baseline -0.012 -14"><span class='ocrx_word' id='word_1_116' title='bbox 207 3109 443 3178; x_wconf 71' lang='grc' dir='ltr'>λογεῗτε</span> <span class='ocrx_word' id='word_1_117' title='bbox 458 3104 683 3171; x_wconf 75' lang='grc' dir='ltr'>πάντες</span> <span class='ocrx_word' id='word_1_118' title='bbox 701 3106 757 3157; x_wconf 85' lang='grc' dir='ltr'>οἱ</span> <span class='ocrx_word' id='word_1_119' title='bbox 779 3102 950 3157; x_wconf 76' lang='grc' dir='ltr'>σεϐό-</span> 
     </span>
    </p>
   </div>
   <div class='ocr_carea' id='block_1_32' title="bbox 203 3192 951 3270">
    <p class='ocr_par' dir='ltr' id='par_1_32' title="bbox 203 3192 951 3270">
     <span class='ocr_line' id='line_1_32' title="bbox 203 3192 951 3270; baseline -0.012 -16"><span class='ocrx_word' id='word_1_120' title='bbox 203 3215 382 3270; x_wconf 85' lang='grc' dir='ltr'>μενοι</span> <span class='ocrx_word' id='word_1_121' title='bbox 413 3197 634 3265; x_wconf 82' lang='grc' dir='ltr'>Κύριον</span> <span class='ocrx_word' id='word_1_122' title='bbox 661 3193 771 3248; x_wconf 80' lang='grc' dir='ltr'>τὸν</span> <span class='ocrx_word' id='word_1_123' title='bbox 800 3192 951 3247; x_wconf 83' lang='grc' dir='ltr'>Θεὸν</span> 
     </span>
    </p>
   </div>
   <div class='ocr_carea' id='block_1_33' title="bbox 208 3283 948 3356">
    <p class='ocr_par' dir='ltr' id='par_1_33' title="bbox 208 3283 948 3356">
     <span class='ocr_line' id='line_1_33' title="bbox 208 3283 948 3356; baseline -0.011 -12"><span class='ocrx_word' id='word_1_124' title='bbox 208 3290 331 3344; x_wconf 85' lang='grc' dir='ltr'>τῶν</span> <span class='ocrx_word' id='word_1_125' title='bbox 362 3287 533 3344; x_wconf 82' lang='grc' dir='ltr'>θεῶν·</span> <span class='ocrx_word' id='word_1_126' title='bbox 562 3284 803 3356; x_wconf 85' lang='grc' dir='ltr'>ὑμνεῖτε</span> <span class='ocrx_word' id='word_1_127' title='bbox 847 3283 948 3338; x_wconf 77' lang='grc' dir='ltr'><strong>καὶ</strong></span> 
     </span>
    </p>
   </div>
   <div class='ocr_carea' id='block_1_34' title="bbox 208 3377 951 3451">
    <p class='ocr_par' dir='ltr' id='par_1_34' title="bbox 208 3377 951 3451">
     <span class='ocr_line' id='line_1_34' title="bbox 208 3377 951 3451; baseline -0.011 -15"><span class='ocrx_word' id='word_1_128' title='bbox 208 3379 694 3451; x_wconf 78' lang='grc' dir='ltr'>ἐξομολογεῖσθε,</span> <span class='ocrx_word' id='word_1_129' title='bbox 743 3377 833 3430; x_wconf 83' lang='grc' dir='ltr'>ὅτι</span> <span class='ocrx_word' id='word_1_130' title='bbox 863 3377 951 3442; x_wconf 80' lang='grc' dir='ltr'>εἰς</span> 
     </span>
    </p>
   </div>
   <div class='ocr_carea' id='block_1_35' title="bbox 208 3469 954 3534">
    <p class='ocr_par' dir='ltr' id='par_1_35' title="bbox 208 3469 954 3534">
     <span class='ocr_line' id='line_1_35' title="bbox 208 3469 954 3534; baseline -0.009 -6"><span class='ocrx_word' id='word_1_131' title='bbox 208 3473 321 3528; x_wconf 81' lang='grc' dir='ltr'>τὸν</span> <span class='ocrx_word' id='word_1_132' title='bbox 340 3470 529 3527; x_wconf 59' lang='lat' dir='ltr'><strong>ultima</strong></span> <span class='ocrx_word' id='word_1_133' title='bbox 557 3470 626 3525; x_wconf 85' lang='grc' dir='ltr'>τὸ</span> <span class='ocrx_word' id='word_1_134' title='bbox 654 3470 828 3534; x_wconf 75' lang='grc' dir='ltr'>ἕλεος</span> <span class='ocrx_word' id='word_1_135' title='bbox 855 3469 954 3521; x_wconf 85' lang='grc' dir='ltr'><strong>αὺ-</strong></span> 
     </span>
    </p>
   </div>
   <div class='ocr_carea' id='block_1_36' title="bbox 207 3563 951 3636">
    <p class='ocr_par' dir='ltr' id='par_1_36' title="bbox 207 3563 951 3636">
     <span class='ocr_line' id='line_1_36' title="bbox 207 3563 951 3636; baseline -0.012 -11"><span class='ocrx_word' id='word_1_136' title='bbox 207 3570 345 3636; x_wconf 79' lang='grc' dir='ltr'>τοῦ,</span> <span class='ocrx_word' id='word_1_137' title='bbox 372 3568 473 3623; x_wconf 78' lang='grc' dir='ltr'><strong>καὶ</strong></span> <span class='ocrx_word' id='word_1_138' title='bbox 508 3570 595 3634; x_wconf 75' lang='grc' dir='ltr'><strong>εις</strong></span> <span class='ocrx_word' id='word_1_139' title='bbox 625 3567 733 3621; x_wconf 86' lang='grc' dir='ltr'>τὸν</span> <span class='ocrx_word' id='word_1_140' title='bbox 766 3563 951 3620; x_wconf 71' lang='grc' dir='ltr'>αἰῶνα</span> 
     </span>
    </p>
   </div>
   <div class='ocr_carea' id='block_1_37' title="bbox 208 3655 953 3727">
    <p class='ocr_par' dir='ltr' id='par_1_37' title="bbox 208 3655 953 3727">
     <span class='ocr_line' id='line_1_37' title="bbox 208 3655 953 3727; baseline -0.012 -8"><span class='ocrx_word' id='word_1_141' title='bbox 208 3661 334 3719; x_wconf 75' lang='grc' dir='ltr'>τῶν</span> <span class='ocrx_word' id='word_1_142' title='bbox 375 3659 623 3716; x_wconf 69' lang='grc' dir='ltr'><strong>αἰώνων.</strong></span> <span class='ocrx_word' id='word_1_143' title='bbox 678 3658 789 3713; x_wconf 76' lang='grc' dir='ltr'><strong>Καὶ</strong></span> <span class='ocrx_word' id='word_1_144' title='bbox 831 3655 953 3727; x_wconf 77' lang='grc' dir='ltr'><strong>ἐτέο</strong></span> 
     </span>
    </p>
   </div>
   <div class='ocr_carea' id='block_1_38' title="bbox 209 3754 953 3822">
    <p class='ocr_par' dir='ltr' id='par_1_38' title="bbox 209 3754 953 3822">
     <span class='ocr_line' id='line_1_38' title="bbox 209 3754 953 3822; baseline -0.012 -7"><span class='ocrx_word' id='word_1_145' title='bbox 209 3775 353 3815; x_wconf 76' lang='lat' dir='ltr'><strong>mo</strong></span> <span class='ocrx_word' id='word_1_146' title='bbox 414 3759 485 3812; x_wconf 82' lang='grc' dir='ltr'>ἐν</span> <span class='ocrx_word' id='word_1_147' title='bbox 560 3755 642 3822; x_wconf 86' lang='grc' dir='ltr'>τῷ</span> <span class='ocrx_word' id='word_1_148' title='bbox 694 3754 953 3809; x_wconf 78' lang='grc' dir='ltr'>ἀκοῦσαι</span> 
     </span>
    </p>
   </div>
   <div class='ocr_carea' id='block_1_39' title="bbox 216 3845 956 3914">
    <p class='ocr_par' dir='ltr' id='par_1_39' title="bbox 216 3845 956 3914">
     <span class='ocr_line' id='line_1_39' title="bbox 216 3845 956 3914; baseline -0.012 -9"><span class='ocrx_word' id='word_1_149' title='bbox 216 3849 329 3906; x_wconf 80' lang='grc' dir='ltr'>τὸν</span> <span class='ocrx_word' id='word_1_150' title='bbox 383 3846 651 3914; x_wconf 75' lang='grc' dir='ltr'><strong>βασιλέα</strong></span> <span class='ocrx_word' id='word_1_151' title='bbox 702 3845 956 3914; x_wconf 80' lang='grc' dir='ltr'>ὑμνούν-</span> 
     </span>
    </p>
   </div>
   <div class='ocr_carea' id='block_1_40' title="bbox 212 3940 953 4010">
    <p class='ocr_par' dir='ltr' id='par_1_40' title="bbox 212 3940 953 4010">
     <span class='ocr_line' id='line_1_40' title="bbox 212 3940 953 4010; baseline -0.011 -8"><span class='ocrx_word' id='word_1_152' title='bbox 212 3964 335 4002; x_wconf 82' lang='grc' dir='ltr'>των</span> <span class='ocrx_word' id='word_1_153' title='bbox 362 3944 583 4010; x_wconf 82' lang='grc' dir='ltr'>αὐτῶν,</span> <span class='ocrx_word' id='word_1_154' title='bbox 624 3943 725 3998; x_wconf 73' lang='grc' dir='ltr'><strong>καὶ</strong></span> <span class='ocrx_word' id='word_1_155' title='bbox 778 3940 953 3997; x_wconf 83' lang='grc' dir='ltr'><strong>ἐθεώ-</strong></span> 
     </span>
    </p>
   </div>
   <div class='ocr_carea' id='block_1_41' title="bbox 211 4038 957 4114">
    <p class='ocr_par' dir='ltr' id='par_1_41' title="bbox 211 4038 957 4114">
     <span class='ocr_line' id='line_1_41' title="bbox 211 4038 957 4114; baseline -0.011 -16"><span class='ocrx_word' id='word_1_156' title='bbox 211 4058 306 4114; x_wconf 79' lang='grc' dir='ltr'><strong>ρει</strong></span> <span class='ocrx_word' id='word_1_157' title='bbox 329 4041 550 4107; x_wconf 83' lang='grc' dir='ltr'>αὐτοὺς</span> <span class='ocrx_word' id='word_1_158' title='bbox 568 4038 810 4105; x_wconf 81' lang='grc' dir='ltr'>ζῶντας.</span> <span class='ocrx_word' id='word_1_159' title='bbox 841 4038 957 4091; x_wconf 84' lang='grc' dir='ltr'><strong>Κα-</strong></span> 
     </span>
    </p>
   </div>
   <div class='ocr_carea' id='block_1_42' title="bbox 215 4131 956 4205">
    <p class='ocr_par' dir='ltr' id='par_1_42' title="bbox 215 4131 956 4205">
     <span class='ocr_line' id='line_1_42' title="bbox 215 4131 956 4205; baseline -0.008 -14"><span class='ocrx_word' id='word_1_160' title='bbox 215 4136 288 4192; x_wconf 68' lang='grc' dir='ltr'><strong>τὰ</strong></span> <span class='ocrx_word' id='word_1_161' title='bbox 325 4135 385 4189; x_wconf 79' lang='grc' dir='ltr'>δὲ</span> <span class='ocrx_word' id='word_1_162' title='bbox 429 4134 610 4205; x_wconf 69' lang='grc' dir='ltr'>ἓτερασ</span> <span class='ocrx_word' id='word_1_163' title='bbox 645 4131 757 4187; x_wconf 76' lang='grc' dir='ltr'><strong>Καὶ</strong></span> <span class='ocrx_word' id='word_1_164' title='bbox 794 4146 956 4201; x_wconf 82' lang='grc' dir='ltr'>περι-</span> 
     </span>
    </p>
   </div>
   <div class='ocr_carea' id='block_1_43' title="bbox 214 4224 955 4296">
    <p class='ocr_par' dir='ltr' id='par_1_43' title="bbox 214 4224 955 4296">
     <span class='ocr_line' id='line_1_43' title="bbox 214 4224 955 4296; baseline -0.008 -14"><span class='ocrx_word' id='word_1_165' title='bbox 214 4226 485 4283; x_wconf 77' lang='grc' dir='ltr'>επάτουν</span> <span class='ocrx_word' id='word_1_166' title='bbox 524 4226 595 4280; x_wconf 84' lang='grc' dir='ltr'>ἐν</span> <span class='ocrx_word' id='word_1_167' title='bbox 631 4225 801 4296; x_wconf 81' lang='grc' dir='ltr'>μέσῳ</span> <span class='ocrx_word' id='word_1_168' title='bbox 840 4224 955 4293; x_wconf 83' lang='grc' dir='ltr'>τῆς</span> 
     </span>
    </p>
   </div>
   <div class='ocr_carea' id='block_1_44' title="bbox 218 4315 957 4392">
    <p class='ocr_par' dir='ltr' id='par_1_44' title="bbox 218 4315 957 4392">
     <span class='ocr_line' id='line_1_44' title="bbox 218 4315 957 4392; baseline -0.009 -16"><span class='ocrx_word' id='word_1_169' title='bbox 218 4317 449 4392; x_wconf 68' lang='grc' dir='ltr'>φλογὸς</span> <span class='ocrx_word' id='word_1_170' title='bbox 475 4317 808 4388; x_wconf 78' lang='grc' dir='ltr'><strong>ὑμνοῦντες</strong></span> <span class='ocrx_word' id='word_1_171' title='bbox 847 4315 957 4369; x_wconf 84' lang='grc' dir='ltr'>τὸν</span> 
     </span>
    </p>
   </div>
   <div class='ocr_carea' id='block_1_45' title="bbox 219 4407 956 4477">
    <p class='ocr_par' dir='ltr' id='par_1_45' title="bbox 219 4407 956 4477">
     <span class='ocr_line' id='line_1_45' title="bbox 219 4407 956 4477; baseline -0.014 -6"><span class='ocrx_word' id='word_1_172' title='bbox 219 4412 389 4477; x_wconf 75' lang='grc' dir='ltr'>θεὸν,</span> <span class='ocrx_word' id='word_1_173' title='bbox 421 4410 522 4467; x_wconf 80' lang='grc' dir='ltr'><strong>καὶ</strong></span> <span class='ocrx_word' id='word_1_174' title='bbox 560 4407 956 4477; x_wconf 69' lang='grc' dir='ltr'><strong>εὐλογοῦντες</strong></span> 
     </span>
    </p>
   </div>
   <div class='ocr_carea' id='block_1_46' title="bbox 216 4496 950 4572">
    <p class='ocr_par' dir='ltr' id='par_1_46' title="bbox 216 4496 950 4572">
     <span class='ocr_line' id='line_1_46' title="bbox 216 4496 950 4572; baseline -0.016 -11"><span class='ocrx_word' id='word_1_175' title='bbox 216 4507 327 4561; x_wconf 73' lang='grc' dir='ltr'>τὸν</span> <span class='ocrx_word' id='word_1_176' title='bbox 352 4503 611 4572; x_wconf 85' lang='grc' dir='ltr'>Κύριον,</span> <span class='ocrx_word' id='word_1_177' title='bbox 665 4498 772 4562; x_wconf 75' lang='grc' dir='ltr'><strong>ἓως</strong></span> <span class='ocrx_word' id='word_1_178' title='bbox 834 4496 950 4550; x_wconf 79' lang='grc' dir='ltr'><strong>τοῦ·</strong></span> 
     </span>
    </p>
   </div>
   <div class='ocr_carea' id='block_1_47' title="bbox 214 4594 952 4672">
    <p class='ocr_par' dir='ltr' id='par_1_47' title="bbox 214 4594 952 4672">
     <span class='ocr_line' id='line_1_47' title="bbox 214 4594 952 4672; baseline -0.018 -13"><span class='ocrx_word' id='word_1_179' title='bbox 214 4599 534 4672; x_wconf 68' lang='grc' dir='ltr'>Εὐλοτεῒτε</span> <span class='ocrx_word' id='word_1_180' title='bbox 604 4594 826 4663; x_wconf 82' lang='grc' dir='ltr'>πάντες</span> <span class='ocrx_word' id='word_1_181' title='bbox 849 4633 853 4637; x_wconf 59' lang='grc' dir='ltr'><em>η</em></span> <span class='ocrx_word' id='word_1_182' title='bbox 897 4595 952 4647; x_wconf 84' lang='grc' dir='ltr'>οὶ</span> 
     </span>
    </p>
   </div>
   <div class='ocr_carea' id='block_1_48' title="bbox 710 5404 1331 5478">
    <p class='ocr_par' dir='ltr' id='par_1_48' title="bbox 710 5404 1331 5478">
     <span class='ocr_line' id='line_1_48' title="bbox 710 5404 1331 5478; baseline -0.027 -6"><span class='ocrx_word' id='word_1_183' title='bbox 710 5417 756 5472; x_wconf 86' lang='grc' dir='ltr'>ι.</span> <span class='ocrx_word' id='word_1_184' title='bbox 788 5414 869 5470; x_wconf 81' lang='lat' dir='ltr'><strong>De</strong></span> <span class='ocrx_word' id='word_1_185' title='bbox 901 5411 1041 5468; x_wconf 89' lang='lat' dir='ltr'><strong>notis</strong></span> <span class='ocrx_word' id='word_1_186' title='bbox 1085 5404 1331 5478; x_wconf 76' lang='lat' dir='ltr'><strong>cognitis.</strong></span> 
     </span>
    </p>
   </div>
   <div class='ocr_carea' id='block_1_49' title="bbox 298 5483 1816 5581">
    <p class='ocr_par' dir='ltr' id='par_1_49' title="bbox 298 5483 1816 5581">
     <span class='ocr_line' id='line_1_49' title="bbox 298 5483 1816 5581; baseline -0.026 -7"><span class='ocrx_word' id='word_1_187' title='bbox 298 5518 365 5575; x_wconf 86' lang='lat' dir='ltr'><strong>In</strong></span> <span class='ocrx_word' id='word_1_188' title='bbox 399 5509 789 5581; x_wconf 88' lang='lat' dir='ltr'><strong>manuscriptis</strong></span> <span class='ocrx_word' id='word_1_189' title='bbox 827 5502 1111 5561; x_wconf 81' lang='lat' dir='ltr'><strong>codicibus</strong></span> <span class='ocrx_word' id='word_1_190' title='bbox 1144 5489 1477 5568; x_wconf 74' lang='lat' dir='ltr'><strong>pervetustis</strong></span> <span class='ocrx_word' id='word_1_191' title='bbox 1509 5486 1604 5558; x_wconf 89' lang='lat' dir='ltr'><strong>qui</strong></span> <span class='ocrx_word' id='word_1_192' title='bbox 1636 5483 1816 5539; x_wconf 81' lang='lat' dir='ltr'><strong>Hexa-</strong></span> 
     </span>
    </p>
   </div>
   <div class='ocr_carea' id='block_1_50' title="bbox 230 5582 1816 5684">
    <p class='ocr_par' dir='ltr' id='par_1_50' title="bbox 230 5582 1816 5684">
     <span class='ocr_line' id='line_1_50' title="bbox 230 5582 1816 5684; baseline -0.025 -17"><span class='ocrx_word' id='word_1_193' title='bbox 230 5610 449 5684; x_wconf 89' lang='lat' dir='ltr'><strong>plorum</strong></span> <span class='ocrx_word' id='word_1_194' title='bbox 478 5605 743 5661; x_wconf 75' lang='lat' dir='ltr'><strong>lectiones</strong></span> <span class='ocrx_word' id='word_1_195' title='bbox 766 5596 1088 5671; x_wconf 79' lang='lat' dir='ltr'><strong>praeierunt,</strong></span> <span class='ocrx_word' id='word_1_196' title='bbox 1130 5597 1277 5646; x_wconf 66' lang='lat' dir='ltr'><strong>notm</strong></span> <span class='ocrx_word' id='word_1_197' title='bbox 1332 5582 1581 5684; x_wconf 74' lang='lat' dir='ltr'><strong>quaedam</strong></span> <span class='ocrx_word' id='word_1_198' title='bbox 1617 5590 1816 5684; x_wconf 75' lang='lat' dir='ltr'><strong>occur-</strong></span> 
     </span>
    </p>
   </div>
   <div class='ocr_carea' id='block_1_51' title="bbox 233 5666 1797 5766">
    <p class='ocr_par' dir='ltr' id='par_1_51' title="bbox 233 5666 1797 5766">
     <span class='ocr_line' id='line_1_51' title="bbox 233 5666 1797 5766; baseline -0.026 -7"><span class='ocrx_word' id='word_1_199' title='bbox 233 5666 387 5766; x_wconf 65' lang='lat' dir='ltr'><strong>rmt,</strong></span> <span class='ocrx_word' id='word_1_200' title='bbox 420 5700 489 5754; x_wconf 88' lang='lat' dir='ltr'><strong>ab</strong></span> <span class='ocrx_word' id='word_1_201' title='bbox 519 5698 611 5760; x_wconf 92' lang='lat' dir='ltr'><strong>iis,</strong></span> <span class='ocrx_word' id='word_1_202' title='bbox 649 5703 711 5749; x_wconf 89' lang='lat' dir='ltr'><strong>ut</strong></span> <span class='ocrx_word' id='word_1_203' title='bbox 738 5666 969 5756; x_wconf 82' lang='lat' dir='ltr'><strong>videtur,</strong></span> <span class='ocrx_word' id='word_1_204' title='bbox 997 5682 1338 5754; x_wconf 69' lang='lat' dir='ltr'><strong>excogitatae,</strong></span> <span class='ocrx_word' id='word_1_205' title='bbox 1362 5675 1458 5746; x_wconf 85' lang='lat' dir='ltr'><strong>qui</strong></span> <span class='ocrx_word' id='word_1_206' title='bbox 1482 5666 1797 5766; x_wconf 57' lang='lat' dir='ltr'><strong>illas_lect_io</strong></span> 
     </span>
    </p>
   </div>
   <div class='ocr_carea' id='block_1_52' title="bbox 234 5757 1818 5861">
    <p class='ocr_par' dir='ltr' id='par_1_52' title="bbox 234 5757 1818 5861">
     <span class='ocr_line' id='line_1_52' title="bbox 234 5757 1818 5861; baseline -0.025 -9"><span class='ocrx_word' id='word_1_207' title='bbox 234 5811 338 5851; x_wconf 81' lang='lat' dir='ltr'><strong>nes</strong></span> <span class='ocrx_word' id='word_1_208' title='bbox 372 5785 965 5861; x_wconf 87' lang='lat' dir='ltr'><strong>interpretationesque</strong></span> <span class='ocrx_word' id='word_1_209' title='bbox 993 5786 1241 5833; x_wconf 76' lang='lat' dir='ltr'><strong>veterum</strong></span> <span class='ocrx_word' id='word_1_210' title='bbox 1275 5772 1331 5827; x_wconf 89' lang='lat' dir='ltr'><strong>in</strong></span> <span class='ocrx_word' id='word_1_211' title='bbox 1367 5762 1708 5837; x_wconf 79' lang='lat' dir='ltr'><strong>marginibus</strong></span> <span class='ocrx_word' id='word_1_212' title='bbox 1728 5757 1818 5812; x_wconf 86' lang='lat' dir='ltr'><strong>Bi-</strong></span> 
     </span>
    </p>
   </div>
   <div class='ocr_carea' id='block_1_53' title="bbox 1395 266 2212 329">
    <p class='ocr_par' dir='ltr' id='par_1_53' title="bbox 1395 266 2212 329">
     <span class='ocr_line' id='line_1_53' title="bbox 1395 266 2212 329; baseline -0.005 0"><span class='ocrx_word' id='word_1_213' title='bbox 1395 274 1464 329; x_wconf 90' lang='lat' dir='ltr'><strong>lN</strong></span> <span class='ocrx_word' id='word_1_214' title='bbox 1504 270 1833 328; x_wconf 75' lang='lat' dir='ltr'><strong>HEXAPLA</strong></span> <span class='ocrx_word' id='word_1_215' title='bbox 1867 266 2212 328; x_wconf 71' lang='lat' dir='ltr'><strong>ORIGENIS.</strong></span> 
     </span>
    </p>
   </div>
   <div class='ocr_carea' id='block_1_54' title="bbox 1026 386 2604 458">
    <p class='ocr_par' dir='ltr' id='par_1_54' title="bbox 1026 386 2604 458">
     <span class='ocr_line' id='line_1_54' title="bbox 1026 386 2604 458; baseline -0.004 -11"><span class='ocrx_word' id='word_1_216' title='bbox 1026 401 1284 449; x_wconf 83' lang='lat' dir='ltr'><strong>exstant:</strong></span> <span class='ocrx_word' id='word_1_217' title='bbox 1333 409 1432 449; x_wconf 85' lang='lat' dir='ltr'><strong>nec</strong></span> <span class='ocrx_word' id='word_1_218' title='bbox 1486 394 1661 449; x_wconf 91' lang='lat' dir='ltr'><strong>solum</strong></span> <span class='ocrx_word' id='word_1_219' title='bbox 1700 392 1767 446; x_wconf 89' lang='lat' dir='ltr'><strong>de</strong></span> <span class='ocrx_word' id='word_1_220' title='bbox 1796 391 1841 446; x_wconf 84' lang='lat' dir='ltr'><strong>A</strong></span> <span class='ocrx_word' id='word_1_221' title='bbox 1867 389 2181 458; x_wconf 79' lang='grc' dir='ltr'>σεϐόμενοι</span> <span class='ocrx_word' id='word_1_222' title='bbox 2228 386 2336 441; x_wconf 81' lang='grc' dir='ltr'>τὸν</span> <span class='ocrx_word' id='word_1_223' title='bbox 2383 389 2604 456; x_wconf 79' lang='grc' dir='ltr'>Κύριον</span> 
     </span>
    </p>
   </div>
   <div class='ocr_carea' id='block_1_55' title="bbox 1026 485 1762 549">
    <p class='ocr_par' dir='ltr' id='par_1_55' title="bbox 1026 485 1762 549">
     <span class='ocr_line' id='line_1_55' title="bbox 1026 485 1762 549; baseline -0.003 -9"><span class='ocrx_word' id='word_1_224' title='bbox 1026 486 1150 541; x_wconf 89' lang='lat' dir='ltr'><strong>aliis</strong></span> <span class='ocrx_word' id='word_1_225' title='bbox 1170 486 1385 542; x_wconf 85' lang='lat' dir='ltr'><strong>duabus</strong></span> <span class='ocrx_word' id='word_1_226' title='bbox 1405 485 1762 549; x_wconf 85' lang='lat' dir='ltr'><strong>sectionibus,</strong></span> 
     </span>
    </p>
   </div>
   <div class='ocr_carea' id='block_1_56' title="bbox 1025 575 1767 649">
    <p class='ocr_par' dir='ltr' id='par_1_56' title="bbox 1025 575 1767 649">
     <span class='ocr_line' id='line_1_56' title="bbox 1025 575 1767 649; baseline -0.004 -16"><span class='ocrx_word' id='word_1_227' title='bbox 1025 589 1087 633; x_wconf 90' lang='lat' dir='ltr'><strong>ut</strong></span> <span class='ocrx_word' id='word_1_228' title='bbox 1138 577 1299 642; x_wconf 88' lang='lat' dir='ltr'><strong>dicis,</strong></span> <span class='ocrx_word' id='word_1_229' title='bbox 1354 593 1477 649; x_wconf 60' lang='lat' dir='ltr'><strong>qua;</strong></span> <span class='ocrx_word' id='word_1_230' title='bbox 1552 577 1606 632; x_wconf 92' lang='lat' dir='ltr'><strong>in</strong></span> <span class='ocrx_word' id='word_1_231' title='bbox 1660 575 1767 632; x_wconf 82' lang='lat' dir='ltr'><strong>ﬁne</strong></span> 
     </span>
    </p>
   </div>
   <div class='ocr_carea' id='block_1_57' title="bbox 1028 668 1765 741">
    <p class='ocr_par' dir='ltr' id='par_1_57' title="bbox 1028 668 1765 741">
     <span class='ocr_line' id='line_1_57' title="bbox 1028 668 1765 741; baseline 0.005 -20"><span class='ocrx_word' id='word_1_232' title='bbox 1028 668 1150 724; x_wconf 83' lang='lat' dir='ltr'><strong>libri</strong></span> <span class='ocrx_word' id='word_1_233' title='bbox 1222 678 1352 724; x_wconf 87' lang='lat' dir='ltr'><strong>sunt</strong></span> <span class='ocrx_word' id='word_1_234' title='bbox 1445 670 1729 741; x_wconf 65' lang='lat' dir='ltr'><strong>descriptae</strong></span> <span class='ocrx_word' id='word_1_235' title='bbox 1748 709 1765 734; x_wconf 89' lang='lat'><strong>,</strong></span> 
     </span>
    </p>
   </div>
   <div class='ocr_carea' id='block_1_58' title="bbox 1028 761 1769 832">
    <p class='ocr_par' dir='ltr' id='par_1_58' title="bbox 1028 761 1769 832">
     <span class='ocr_line' id='line_1_58' title="bbox 1028 761 1769 832; baseline 0.004 -18"><span class='ocrx_word' id='word_1_236' title='bbox 1028 775 1224 832; x_wconf 88' lang='lat' dir='ltr'><strong>nempe</strong></span> <span class='ocrx_word' id='word_1_237' title='bbox 1246 761 1313 816; x_wconf 91' lang='lat' dir='ltr'><strong>de</strong></span> <span class='ocrx_word' id='word_1_238' title='bbox 1330 761 1461 817; x_wconf 87' lang='lat' dir='ltr'><strong>Belo</strong></span> <span class='ocrx_word' id='word_1_239' title='bbox 1483 770 1535 817; x_wconf 89' lang='lat' dir='ltr'><strong>et</strong></span> <span class='ocrx_word' id='word_1_240' title='bbox 1557 762 1623 817; x_wconf 88' lang='lat' dir='ltr'><strong>de</strong></span> <span class='ocrx_word' id='word_1_241' title='bbox 1649 761 1769 818; x_wconf 88' lang='lat' dir='ltr'><strong>dra-</strong></span> 
     </span>
    </p>
   </div>
   <div class='ocr_carea' id='block_1_59' title="bbox 1028 858 1769 931">
    <p class='ocr_par' dir='ltr' id='par_1_59' title="bbox 1028 858 1769 931">
     <span class='ocr_line' id='line_1_59' title="bbox 1028 858 1769 931; baseline -0.004 -15"><span class='ocrx_word' id='word_1_242' title='bbox 1028 876 1211 916; x_wconf 89' lang='lat' dir='ltr'><strong>cone:</strong></span> <span class='ocrx_word' id='word_1_243' title='bbox 1263 876 1386 931; x_wconf 61' lang='lat' dir='ltr'><strong>quae</strong></span> <span class='ocrx_word' id='word_1_244' title='bbox 1434 860 1640 931; x_wconf 79' lang='lat' dir='ltr'><strong>pariter</strong></span> <span class='ocrx_word' id='word_1_245' title='bbox 1712 858 1769 913; x_wconf 88' lang='lat' dir='ltr'><strong>in</strong></span> 
     </span>
    </p>
   </div>
   <div class='ocr_carea' id='block_1_60' title="bbox 1030 952 1765 1009">
    <p class='ocr_par' dir='ltr' id='par_1_60' title="bbox 1030 952 1765 1009">
     <span class='ocr_line' id='line_1_60' title="bbox 1030 952 1765 1009; baseline 0 -2"><span class='ocrx_word' id='word_1_246' title='bbox 1030 952 1299 1009; x_wconf 76' lang='lat' dir='ltr'><strong>llebraico</strong></span> <span class='ocrx_word' id='word_1_247' title='bbox 1328 952 1569 1009; x_wconf 88' lang='lat' dir='ltr'><strong>Danielis</strong></span> <span class='ocrx_word' id='word_1_248' title='bbox 1613 959 1765 1008; x_wconf 79' lang='lat' dir='ltr'><strong>textu</strong></span> 
     </span>
    </p>
   </div>
   <div class='ocr_carea' id='block_1_61' title="bbox 1030 1042 1769 1113">
    <p class='ocr_par' dir='ltr' id='par_1_61' title="bbox 1030 1042 1769 1113">
     <span class='ocr_line' id='line_1_61' title="bbox 1030 1042 1769 1113; baseline -0.004 -14"><span class='ocrx_word' id='word_1_249' title='bbox 1030 1060 1141 1099; x_wconf 88' lang='lat' dir='ltr'><strong>non</strong></span> <span class='ocrx_word' id='word_1_250' title='bbox 1203 1043 1421 1113; x_wconf 68' lang='lat' dir='ltr'><strong>scripta:</strong></span> <span class='ocrx_word' id='word_1_251' title='bbox 1464 1051 1627 1109; x_wconf 86' lang='lat' dir='ltr'><strong>sunt;</strong></span> <span class='ocrx_word' id='word_1_252' title='bbox 1673 1042 1769 1099; x_wconf 85' lang='lat' dir='ltr'><strong>sed</strong></span> 
     </span>
    </p>
   </div>
   <div class='ocr_carea' id='block_1_62' title="bbox 1028 1135 1771 1194">
    <p class='ocr_par' dir='ltr' id='par_1_62' title="bbox 1028 1135 1771 1194">
     <span class='ocr_line' id='line_1_62' title="bbox 1028 1135 1771 1194; baseline -0.005 0"><span class='ocrx_word' id='word_1_253' title='bbox 1028 1149 1086 1194; x_wconf 87' lang='lat' dir='ltr'><strong>et</strong></span> <span class='ocrx_word' id='word_1_254' title='bbox 1148 1136 1216 1193; x_wconf 88' lang='lat' dir='ltr'><strong>de</strong></span> <span class='ocrx_word' id='word_1_255' title='bbox 1286 1137 1408 1191; x_wconf 84' lang='lat' dir='ltr'><strong>aliis</strong></span> <span class='ocrx_word' id='word_1_256' title='bbox 1466 1135 1771 1190; x_wconf 83' lang='lat' dir='ltr'><strong>innumeris</strong></span> 
     </span>
    </p>
   </div>
   <div class='ocr_carea' id='block_1_63' title="bbox 1032 1230 1768 1303">
    <p class='ocr_par' dir='ltr' id='par_1_63' title="bbox 1032 1230 1768 1303">
     <span class='ocr_line' id='line_1_63' title="bbox 1032 1230 1768 1303; baseline -0.005 -16"><span class='ocrx_word' id='word_1_257' title='bbox 1032 1249 1156 1303; x_wconf 68' lang='lat' dir='ltr'><strong>quae</strong></span> <span class='ocrx_word' id='word_1_258' title='bbox 1215 1247 1316 1302; x_wconf 88' lang='lat' dir='ltr'><strong>pro</strong></span> <span class='ocrx_word' id='word_1_259' title='bbox 1385 1230 1609 1286; x_wconf 90' lang='lat' dir='ltr'><strong>modqu</strong></span> <span class='ocrx_word' id='word_1_260' title='bbox 1663 1244 1768 1285; x_wconf 89' lang='lat' dir='ltr'><strong>no-</strong></span> 
     </span>
    </p>
   </div>
   <div class='ocr_carea' id='block_1_64' title="bbox 1033 1324 1773 1396">
    <p class='ocr_par' dir='ltr' id='par_1_64' title="bbox 1033 1324 1773 1396">
     <span class='ocr_line' id='line_1_64' title="bbox 1033 1324 1773 1396; baseline -0.007 -11"><span class='ocrx_word' id='word_1_261' title='bbox 1033 1337 1152 1385; x_wconf 90' lang='lat' dir='ltr'><strong>stro</strong></span> <span class='ocrx_word' id='word_1_262' title='bbox 1170 1370 1186 1396; x_wconf 95' lang='lat'><strong>,</strong></span> <span class='ocrx_word' id='word_1_263' title='bbox 1210 1329 1338 1383; x_wconf 88' lang='lat' dir='ltr'><strong>dum</strong></span> <span class='ocrx_word' id='word_1_264' title='bbox 1362 1324 1773 1395; x_wconf 80' lang='lat' dir='ltr'><strong>exemplaribus</strong></span> 
     </span>
    </p>
   </div>
   <div class='ocr_carea' id='block_1_65' title="bbox 1037 1416 1773 1485">
    <p class='ocr_par' dir='ltr' id='par_1_65' title="bbox 1037 1416 1773 1485">
     <span class='ocr_line' id='line_1_65' title="bbox 1037 1416 1773 1485; baseline -0.003 -13"><span class='ocrx_word' id='word_1_265' title='bbox 1037 1416 1281 1473; x_wconf 74' lang='lat' dir='ltr'><strong>Hebraeis</strong></span> <span class='ocrx_word' id='word_1_266' title='bbox 1324 1428 1773 1485; x_wconf 87' lang='lat' dir='ltr'><strong>compararemus</strong></span> 
     </span>
    </p>
   </div>
   <div class='ocr_carea' id='block_1_66' title="bbox 1035 1510 1773 1582">
    <p class='ocr_par' dir='ltr' id='par_1_66' title="bbox 1035 1510 1773 1582">
     <span class='ocr_line' id='line_1_66' title="bbox 1035 1510 1773 1582; baseline -0.007 -14"><span class='ocrx_word' id='word_1_267' title='bbox 1035 1526 1245 1577; x_wconf 75' lang='lat' dir='ltr'><strong>noetra,</strong></span> <span class='ocrx_word' id='word_1_268' title='bbox 1300 1512 1550 1582; x_wconf 80' lang='lat' dir='ltr'><strong>pluribus</strong></span> <span class='ocrx_word' id='word_1_269' title='bbox 1605 1510 1773 1565; x_wconf 91' lang='lat' dir='ltr'><strong>inlo-</strong></span> 
     </span>
    </p>
   </div>
   <div class='ocr_carea' id='block_1_67' title="bbox 1035 1609 1771 1671">
    <p class='ocr_par' dir='ltr' id='par_1_67' title="bbox 1035 1609 1771 1671">
     <span class='ocr_line' id='line_1_67' title="bbox 1035 1609 1771 1671; baseline -0.01 0"><span class='ocrx_word' id='word_1_270' title='bbox 1035 1615 1116 1671; x_wconf 91' lang='lat' dir='ltr'><strong>cis</strong></span> <span class='ocrx_word' id='word_1_271' title='bbox 1158 1614 1486 1669; x_wconf 86' lang='lat' dir='ltr'><strong>invenimus.</strong></span> <span class='ocrx_word' id='word_1_272' title='bbox 1530 1609 1669 1666; x_wconf 85' lang='lat' dir='ltr'><strong>Nam</strong></span> <span class='ocrx_word' id='word_1_273' title='bbox 1718 1609 1771 1664; x_wconf 94' lang='lat' dir='ltr'><strong>in</strong></span> 
     </span>
    </p>
   </div>
   <div class='ocr_carea' id='block_1_68' title="bbox 1039 1703 1772 1775">
    <p class='ocr_par' dir='ltr' id='par_1_68' title="bbox 1039 1703 1772 1775">
     <span class='ocr_line' id='line_1_68' title="bbox 1039 1703 1772 1775; baseline -0.007 -14"><span class='ocrx_word' id='word_1_274' title='bbox 1039 1707 1163 1775; x_wconf 90' lang='lat' dir='ltr'><strong>ipso</strong></span> <span class='ocrx_word' id='word_1_275' title='bbox 1193 1706 1434 1767; x_wconf 88' lang='lat' dir='ltr'><strong>Daniele,</strong></span> <span class='ocrx_word' id='word_1_276' title='bbox 1468 1703 1561 1759; x_wconf 92' lang='lat' dir='ltr'><strong>ubi</strong></span> <span class='ocrx_word' id='word_1_277' title='bbox 1588 1703 1655 1758; x_wconf 85' lang='lat' dir='ltr'><strong>de</strong></span> <span class='ocrx_word' id='word_1_278' title='bbox 1678 1717 1772 1757; x_wconf 88' lang='lat' dir='ltr'><strong>ca-</strong></span> 
     </span>
    </p>
   </div>
   <div class='ocr_carea' id='block_1_69' title="bbox 1039 1793 1778 1860">
    <p class='ocr_par' dir='ltr' id='par_1_69' title="bbox 1039 1793 1778 1860">
     <span class='ocr_line' id='line_1_69' title="bbox 1039 1793 1778 1860; baseline -0.005 -9"><span class='ocrx_word' id='word_1_279' title='bbox 1039 1799 1191 1852; x_wconf 90' lang='lat' dir='ltr'><strong>mino</strong></span> <span class='ocrx_word' id='word_1_280' title='bbox 1209 1797 1451 1860; x_wconf 80' lang='lat' dir='ltr'><strong>ardente,</strong></span> <span class='ocrx_word' id='word_1_281' title='bbox 1466 1793 1620 1859; x_wconf 88' lang='lat' dir='ltr'><strong>illud,</strong></span> <span class='ocrx_word' id='word_1_282' title='bbox 1639 1809 1778 1849; x_wconf 87' lang='lat' dir='ltr'><strong>com—</strong></span> 
     </span>
    </p>
   </div>
   <div class='ocr_carea' id='block_1_70' title="bbox 1038 1890 1779 1967">
    <p class='ocr_par' dir='ltr' id='par_1_70' title="bbox 1038 1890 1779 1967">
     <span class='ocr_line' id='line_1_70' title="bbox 1038 1890 1779 1967; baseline -0.008 -17"><span class='ocrx_word' id='word_1_283' title='bbox 1038 1895 1255 1967; x_wconf 79' lang='lat' dir='ltr'><strong>pedibus</strong></span> <span class='ocrx_word' id='word_1_284' title='bbox 1300 1892 1496 1957; x_wconf 82' lang='lat' dir='ltr'><strong>vincti,</strong></span> <span class='ocrx_word' id='word_1_285' title='bbox 1569 1890 1779 1945; x_wconf 84' lang='lat' dir='ltr'><strong>inveni-</strong></span> 
     </span>
    </p>
   </div>
   <div class='ocr_carea' id='block_1_71' title="bbox 1040 1981 1780 2052">
    <p class='ocr_par' dir='ltr' id='par_1_71' title="bbox 1040 1981 1780 2052">
     <span class='ocr_line' id='line_1_71' title="bbox 1040 1981 1780 2052; baseline -0.007 -10"><span class='ocrx_word' id='word_1_286' title='bbox 1040 2001 1214 2052; x_wconf 91' lang='lat' dir='ltr'><strong>mus;</strong></span> <span class='ocrx_word' id='word_1_287' title='bbox 1284 1988 1379 2042; x_wconf 82' lang='lat' dir='ltr'><strong>sed</strong></span> <span class='ocrx_word' id='word_1_288' title='bbox 1446 1984 1503 2038; x_wconf 89' lang='lat' dir='ltr'><strong>in</strong></span> <span class='ocrx_word' id='word_1_289' title='bbox 1574 1981 1780 2038; x_wconf 84' lang='lat' dir='ltr'><strong>nostris</strong></span> 
     </span>
    </p>
   </div>
   <div class='ocr_carea' id='block_1_72' title="bbox 1040 2075 1781 2146">
    <p class='ocr_par' dir='ltr' id='par_1_72' title="bbox 1040 2075 1781 2146">
     <span class='ocr_line' id='line_1_72' title="bbox 1040 2075 1781 2146; baseline -0.008 -14"><span class='ocrx_word' id='word_1_290' title='bbox 1040 2075 1446 2146; x_wconf 77' lang='lat' dir='ltr'><strong>exemplaribus</strong></span> <span class='ocrx_word' id='word_1_291' title='bbox 1484 2113 1503 2139; x_wconf 86' lang='lat'><strong>,</strong></span> <span class='ocrx_word' id='word_1_292' title='bbox 1584 2081 1781 2144; x_wconf 82' lang='lat' dir='ltr'><strong>praeter</strong></span> 
     </span>
    </p>
   </div>
   <div class='ocr_carea' id='block_1_73' title="bbox 1040 2161 1778 2239">
    <p class='ocr_par' dir='ltr' id='par_1_73' title="bbox 1040 2161 1778 2239">
     <span class='ocr_line' id='line_1_73' title="bbox 1040 2161 1778 2239; baseline -0.011 -15"><span class='ocrx_word' id='word_1_293' title='bbox 1040 2185 1105 2224; x_wconf 84' lang='lat' dir='ltr'><strong>ea</strong></span> <span class='ocrx_word' id='word_1_294' title='bbox 1122 2183 1245 2239; x_wconf 67' lang='lat' dir='ltr'><strong>quae</strong></span> <span class='ocrx_word' id='word_1_295' title='bbox 1262 2167 1314 2221; x_wconf 92' lang='lat' dir='ltr'><strong>in</strong></span> <span class='ocrx_word' id='word_1_296' title='bbox 1330 2161 1613 2221; x_wconf 84' lang='lat' dir='ltr'><strong>Hebraicis</strong></span> <span class='ocrx_word' id='word_1_297' title='bbox 1630 2170 1778 2229; x_wconf 87' lang='lat' dir='ltr'><strong>sunt,</strong></span> 
     </span>
    </p>
   </div>
   <div class='ocr_carea' id='block_1_74' title="bbox 1044 2262 1781 2317">
    <p class='ocr_par' dir='ltr' id='par_1_74' title="bbox 1044 2262 1781 2317">
     <span class='ocr_line' id='line_1_74' title="bbox 1044 2262 1781 2317; baseline -0.009 0"><span class='ocrx_word' id='word_1_298' title='bbox 1044 2262 1326 2317; x_wconf 79' lang='lat' dir='ltr'><strong>abundant</strong></span> <span class='ocrx_word' id='word_1_299' title='bbox 1400 2273 1591 2314; x_wconf 84' lang='lat' dir='ltr'><strong>versus</strong></span> <span class='ocrx_word' id='word_1_300' title='bbox 1668 2271 1781 2312; x_wconf 93' lang='lat' dir='ltr'><strong>non</strong></span> 
     </span>
    </p>
   </div>
   <div class='ocr_carea' id='block_1_75' title="bbox 1044 2349 1780 2426">
    <p class='ocr_par' dir='ltr' id='par_1_75' title="bbox 1044 2349 1780 2426">
     <span class='ocr_line' id='line_1_75' title="bbox 1044 2349 1780 2426; baseline -0.011 -16"><span class='ocrx_word' id='word_1_301' title='bbox 1044 2355 1226 2426; x_wconf 83' lang='lat' dir='ltr'><strong>pauci,</strong></span> <span class='ocrx_word' id='word_1_302' title='bbox 1257 2366 1492 2423; x_wconf 91' lang='lat' dir='ltr'><strong>quorum</strong></span> <span class='ocrx_word' id='word_1_303' title='bbox 1524 2349 1741 2405; x_wconf 90' lang='lat' dir='ltr'><strong>initium</strong></span> <span class='ocrx_word' id='word_1_304' title='bbox 1763 2387 1780 2413; x_wconf 93' lang='lat'><strong>,</strong></span> 
     </span>
    </p>
   </div>
   <div class='ocr_carea' id='block_1_76' title="bbox 1046 2442 1784 2514">
    <p class='ocr_par' dir='ltr' id='par_1_76' title="bbox 1046 2442 1784 2514">
     <span class='ocr_line' id='line_1_76' title="bbox 1046 2442 1784 2514; baseline -0.008 -12"><span class='ocrx_word' id='word_1_305' title='bbox 1046 2446 1347 2503; x_wconf 85' lang='lat' dir='ltr'><strong>secundum</strong></span> <span class='ocrx_word' id='word_1_306' title='bbox 1370 2442 1643 2514; x_wconf 76' lang='lat' dir='ltr'><strong>quaedam,</strong></span> <span class='ocrx_word' id='word_1_307' title='bbox 1661 2455 1784 2511; x_wconf 73' lang='lat' dir='ltr'><strong>quae</strong></span> 
     </span>
    </p>
   </div>
   <div class='ocr_carea' id='block_1_77' title="bbox 1047 2534 1785 2599">
    <p class='ocr_par' dir='ltr' id='par_1_77' title="bbox 1047 2534 1785 2599">
     <span class='ocr_line' id='line_1_77' title="bbox 1047 2534 1785 2599; baseline -0.009 -6"><span class='ocrx_word' id='word_1_308' title='bbox 1047 2539 1101 2593; x_wconf 89' lang='lat' dir='ltr'><strong>in</strong></span> <span class='ocrx_word' id='word_1_309' title='bbox 1139 2534 1402 2592; x_wconf 86' lang='lat' dir='ltr'><strong>Ecclesiis</strong></span> <span class='ocrx_word' id='word_1_310' title='bbox 1424 2542 1574 2599; x_wconf 88' lang='lat' dir='ltr'><strong>sunt,</strong></span> <span class='ocrx_word' id='word_1_311' title='bbox 1596 2546 1785 2588; x_wconf 79' lang='lat' dir='ltr'><strong>exem-</strong></span> 
     </span>
    </p>
   </div>
   <div class='ocr_carea' id='block_1_78' title="bbox 1047 2621 1788 2701">
    <p class='ocr_par' dir='ltr' id='par_1_78' title="bbox 1047 2621 1788 2701">
     <span class='ocr_line' id='line_1_78' title="bbox 1047 2621 1788 2701; baseline -0.011 -16"><span class='ocrx_word' id='word_1_312' title='bbox 1047 2629 1242 2701; x_wconf 88' lang='lat' dir='ltr'><strong>plaria,</strong></span> <span class='ocrx_word' id='word_1_313' title='bbox 1261 2628 1340 2684; x_wconf 90' lang='lat' dir='ltr'><strong>sic</strong></span> <span class='ocrx_word' id='word_1_314' title='bbox 1364 2625 1598 2682; x_wconf 82' lang='lat' dir='ltr'><strong>habebat</strong></span> <span class='ocrx_word' id='word_1_315' title='bbox 1626 2621 1788 2679; x_wconf 86' lang='lat' dir='ltr'><strong>:Pre-</strong></span> 
     </span>
    </p>
   </div>
   <div class='ocr_carea' id='block_1_79' title="bbox 1046 2720 1789 2785">
    <p class='ocr_par' dir='ltr' id='par_1_79' title="bbox 1046 2720 1789 2785">
     <span class='ocr_line' id='line_1_79' title="bbox 1046 2720 1789 2785; baseline -0.008 -7"><span class='ocrx_word' id='word_1_316' title='bbox 1046 2736 1197 2779; x_wconf 84' lang='lat' dir='ltr'><strong>catus</strong></span> <span class='ocrx_word' id='word_1_317' title='bbox 1251 2730 1329 2777; x_wconf 79' lang='lat' dir='ltr'><strong>est</strong></span> <span class='ocrx_word' id='word_1_318' title='bbox 1398 2720 1677 2785; x_wconf 80' lang='lat' dir='ltr'><strong>Ananias,</strong></span> <span class='ocrx_word' id='word_1_319' title='bbox 1735 2726 1789 2774; x_wconf 87' lang='lat' dir='ltr'><strong>et</strong></span> 
     </span>
    </p>
   </div>
   <div class='ocr_carea' id='block_1_80' title="bbox 1048 2811 1788 2881">
    <p class='ocr_par' dir='ltr' id='par_1_80' title="bbox 1048 2811 1788 2881">
     <span class='ocr_line' id='line_1_80' title="bbox 1048 2811 1788 2881; baseline -0.009 -10"><span class='ocrx_word' id='word_1_320' title='bbox 1048 2817 1299 2881; x_wconf 78' lang='lat' dir='ltr'><strong>Azarias,</strong></span> <span class='ocrx_word' id='word_1_321' title='bbox 1356 2825 1406 2869; x_wconf 87' lang='lat' dir='ltr'><strong>et</strong></span> <span class='ocrx_word' id='word_1_322' title='bbox 1462 2811 1680 2877; x_wconf 79' lang='lat' dir='ltr'><strong>Misael,</strong></span> <span class='ocrx_word' id='word_1_323' title='bbox 1736 2819 1788 2865; x_wconf 89' lang='lat' dir='ltr'><strong>et</strong></span> 
     </span>
    </p>
   </div>
   <div class='ocr_carea' id='block_1_81' title="bbox 1048 2903 1786 2969">
    <p class='ocr_par' dir='ltr' id='par_1_81' title="bbox 1048 2903 1786 2969">
     <span class='ocr_line' id='line_1_81' title="bbox 1048 2903 1786 2969; baseline -0.008 -6"><span class='ocrx_word' id='word_1_324' title='bbox 1048 2908 1399 2963; x_wconf 78' lang='lat' dir='ltr'><strong>laudauerunt</strong></span> <span class='ocrx_word' id='word_1_325' title='bbox 1461 2903 1750 2959; x_wconf 88' lang='lat' dir='ltr'><strong>Dominum</strong></span> <span class='ocrx_word' id='word_1_326' title='bbox 1770 2944 1786 2969; x_wconf 93' lang='lat'><strong>,</strong></span> 
     </span>
    </p>
   </div>
   <div class='ocr_carea' id='block_1_82' title="bbox 1048 2997 1791 3075">
    <p class='ocr_par' dir='ltr' id='par_1_82' title="bbox 1048 2997 1791 3075">
     <span class='ocr_line' id='line_1_82' title="bbox 1048 2997 1791 3075; baseline -0.012 -15"><span class='ocrx_word' id='word_1_327' title='bbox 1048 3019 1225 3075; x_wconf 86' lang='lat' dir='ltr'><strong>usque</strong></span> <span class='ocrx_word' id='word_1_328' title='bbox 1253 3002 1318 3057; x_wconf 88' lang='lat' dir='ltr'><strong>ad</strong></span> <span class='ocrx_word' id='word_1_329' title='bbox 1350 3000 1480 3056; x_wconf 88' lang='lat' dir='ltr'><strong>illud</strong></span> <span class='ocrx_word' id='word_1_330' title='bbox 1507 3018 1520 3055; x_wconf 94' lang='lat'>:</span> <span class='ocrx_word' id='word_1_331' title='bbox 1565 2997 1791 3053; x_wconf 83' lang='lat' dir='ltr'><strong>Benedi-</strong></span> 
     </span>
    </p>
   </div>
   <div class='ocr_carea' id='block_1_83' title="bbox 1866 477 2600 534">
    <p class='ocr_par' dir='ltr' id='par_1_83' title="bbox 1866 477 2600 534">
     <span class='ocr_line' id='line_1_83' title="bbox 1866 477 2600 534; baseline 0.003 -3"><span class='ocrx_word' id='word_1_332' title='bbox 1866 481 1975 533; x_wconf 81' lang='grc' dir='ltr'>τὸν</span> <span class='ocrx_word' id='word_1_333' title='bbox 2032 479 2183 534; x_wconf 84' lang='grc' dir='ltr'>Θεὸν</span> <span class='ocrx_word' id='word_1_334' title='bbox 2238 477 2358 533; x_wconf 83' lang='grc' dir='ltr'><strong>τῶν</strong></span> <span class='ocrx_word' id='word_1_335' title='bbox 2430 478 2600 533; x_wconf 86' lang='grc' dir='ltr'>θεῶν.</span> 
     </span>
    </p>
   </div>
   <div class='ocr_carea' id='block_1_84' title="bbox 1879 574 2606 646">
    <p class='ocr_par' dir='ltr' id='par_1_84' title="bbox 1879 574 2606 646">
     <span class='ocr_line' id='line_1_84' title="bbox 1879 574 2606 646; baseline 0.001 -19"><span class='ocrx_word' id='word_1_336' title='bbox 1879 575 2136 645; x_wconf 80' lang='grc' dir='ltr'>Ὺμνεῖτε</span> <span class='ocrx_word' id='word_1_337' title='bbox 2176 576 2277 629; x_wconf 81' lang='grc' dir='ltr'><strong>καὶ</strong></span> <span class='ocrx_word' id='word_1_338' title='bbox 2325 574 2606 646; x_wconf 79' lang='grc' dir='ltr'>ἐξομολο-</span> 
     </span>
    </p>
   </div>
   <div class='ocr_carea' id='block_1_85' title="bbox 1869 665 2607 737">
    <p class='ocr_par' dir='ltr' id='par_1_85' title="bbox 1869 665 2607 737">
     <span class='ocr_line' id='line_1_85' title="bbox 1869 665 2607 737; baseline -0.004 -16"><span class='ocrx_word' id='word_1_339' title='bbox 1869 665 2091 737; x_wconf 72' lang='grc' dir='ltr'>γεῖσθε,</span> <span class='ocrx_word' id='word_1_340' title='bbox 2136 666 2227 721; x_wconf 81' lang='grc' dir='ltr'>ὅτι</span> <span class='ocrx_word' id='word_1_341' title='bbox 2258 669 2346 733; x_wconf 82' lang='grc' dir='ltr'>εὶς</span> <span class='ocrx_word' id='word_1_342' title='bbox 2374 665 2607 733; x_wconf 81' lang='grc' dir='ltr'><em>πάντας</em></span> 
     </span>
    </p>
   </div>
   <div class='ocr_carea' id='block_1_86' title="bbox 1869 758 2606 826">
    <p class='ocr_par' dir='ltr' id='par_1_86' title="bbox 1869 758 2606 826">
     <span class='ocr_line' id='line_1_86' title="bbox 1869 758 2606 826; baseline -0.003 -12"><span class='ocrx_word' id='word_1_343' title='bbox 1869 760 2009 826; x_wconf 87' lang='grc' dir='ltr'>τοὺς</span> <span class='ocrx_word' id='word_1_344' title='bbox 2034 758 2257 826; x_wconf 76' lang='grc' dir='ltr'>αἰῶνας</span> <span class='ocrx_word' id='word_1_345' title='bbox 2314 759 2383 813; x_wconf 85' lang='grc' dir='ltr'>τὸ</span> <span class='ocrx_word' id='word_1_346' title='bbox 2432 759 2606 825; x_wconf 72' lang='grc' dir='ltr'>ἕλεος</span> 
     </span>
    </p>
   </div>
   <div class='ocr_carea' id='block_1_87' title="bbox 1870 849 2607 920">
    <p class='ocr_par' dir='ltr' id='par_1_87' title="bbox 1870 849 2607 920">
     <span class='ocr_line' id='line_1_87' title="bbox 1870 849 2607 920; baseline -0.007 -13"><span class='ocrx_word' id='word_1_347' title='bbox 1870 851 2080 907; x_wconf 86' lang='grc' dir='ltr'>αὐτοῦ.</span> <span class='ocrx_word' id='word_1_348' title='bbox 2146 850 2395 920; x_wconf 83' lang='grc' dir='ltr'>Συνῆπτο</span> <span class='ocrx_word' id='word_1_349' title='bbox 2443 849 2500 903; x_wconf 84' lang='grc' dir='ltr'>δὲ</span> <span class='ocrx_word' id='word_1_350' title='bbox 2550 852 2607 902; x_wconf 81' lang='grc' dir='ltr'>ἐν</span> 
     </span>
    </p>
   </div>
   <div class='ocr_carea' id='block_1_88' title="bbox 1872 946 2609 1019">
    <p class='ocr_par' dir='ltr' id='par_1_88' title="bbox 1872 946 2609 1019">
     <span class='ocr_line' id='line_1_88' title="bbox 1872 946 2609 1019; baseline -0.001 -18"><span class='ocrx_word' id='word_1_351' title='bbox 1872 950 1986 1011; x_wconf 83' lang='grc' dir='ltr'>τοῖς</span> <span class='ocrx_word' id='word_1_352' title='bbox 2028 948 2337 1019; x_wconf 80' lang='grc' dir='ltr'>Ἑϐραϊκοῖς</span> <span class='ocrx_word' id='word_1_353' title='bbox 2383 946 2465 1000; x_wconf 84' lang='grc' dir='ltr'><strong>τό·</strong></span> <span class='ocrx_word' id='word_1_354' title='bbox 2496 946 2609 1003; x_wconf 77' lang='grc' dir='ltr'><strong>Καὶ</strong></span> 
     </span>
    </p>
   </div>
   <div class='ocr_carea' id='block_1_89' title="bbox 1874 1035 2610 1105">
    <p class='ocr_par' dir='ltr' id='par_1_89' title="bbox 1874 1035 2610 1105">
     <span class='ocr_line' id='line_1_89' title="bbox 1874 1035 2610 1105; baseline 0 -15"><span class='ocrx_word' id='word_1_355' title='bbox 1874 1039 1931 1091; x_wconf 78' lang='grc' dir='ltr'>οἱ</span> <span class='ocrx_word' id='word_1_356' title='bbox 1980 1036 2198 1105; x_wconf 67' lang='grc' dir='ltr'>ἄνδρες</span> <span class='ocrx_word' id='word_1_357' title='bbox 2269 1035 2488 1090; x_wconf 79' lang='grc' dir='ltr'>ἐκεῖνοι</span> <span class='ocrx_word' id='word_1_358' title='bbox 2554 1039 2610 1090; x_wconf 81' lang='grc' dir='ltr'>οὶ</span> 
     </span>
    </p>
   </div>
   <div class='ocr_carea' id='block_1_90' title="bbox 1876 1127 2608 1199">
    <p class='ocr_par' dir='ltr' id='par_1_90' title="bbox 1876 1127 2608 1199">
     <span class='ocr_line' id='line_1_90' title="bbox 1876 1127 2608 1199; baseline 0.018 -21"><span class='ocrx_word' id='word_1_359' title='bbox 1876 1127 2036 1197; x_wconf 82' lang='grc' dir='ltr'><strong>τρεῖς</strong></span> <span class='ocrx_word' id='word_1_360' title='bbox 2077 1128 2329 1199; x_wconf 80' lang='grc' dir='ltr'>Σεδρὰχ,</span> <span class='ocrx_word' id='word_1_361' title='bbox 2383 1127 2608 1197; x_wconf 76' lang='grc' dir='ltr'><strong>Μισὰχ,</strong></span> 
     </span>
    </p>
   </div>
   <div class='ocr_carea' id='block_1_91' title="bbox 1887 1219 2613 1290">
    <p class='ocr_par' dir='ltr' id='par_1_91' title="bbox 1887 1219 2613 1290">
     <span class='ocr_line' id='line_1_91' title="bbox 1887 1219 2613 1290; baseline -0.001 -15"><span class='ocrx_word' id='word_1_362' title='bbox 1887 1219 2221 1290; x_wconf 78' lang='grc' dir='ltr'>Ἀϐδενεγὼ,</span> <span class='ocrx_word' id='word_1_363' title='bbox 2252 1220 2481 1275; x_wconf 75' lang='grc' dir='ltr'>ἔπεσον</span> <span class='ocrx_word' id='word_1_364' title='bbox 2523 1221 2613 1287; x_wconf 77' lang='grc' dir='ltr'>εἰς</span> 
     </span>
    </p>
   </div>
   <div class='ocr_carea' id='block_1_92' title="bbox 1872 1310 2613 1382">
    <p class='ocr_par' dir='ltr' id='par_1_92' title="bbox 1872 1310 2613 1382">
     <span class='ocr_line' id='line_1_92' title="bbox 1872 1310 2613 1382; baseline -0.001 -15"><span class='ocrx_word' id='word_1_365' title='bbox 1872 1311 2067 1382; x_wconf 80' lang='grc' dir='ltr'>μέσον</span> <span class='ocrx_word' id='word_1_366' title='bbox 2124 1311 2232 1366; x_wconf 86' lang='grc' dir='ltr'>τοῦ</span> <span class='ocrx_word' id='word_1_367' title='bbox 2283 1310 2474 1381; x_wconf 80' lang='grc' dir='ltr'>πυρὸς</span> <span class='ocrx_word' id='word_1_368' title='bbox 2517 1323 2613 1366; x_wconf 81' lang='grc' dir='ltr'><strong>πε-</strong></span> 
     </span>
    </p>
   </div>
   <div class='ocr_carea' id='block_1_93' title="bbox 1873 1407 2613 1478">
    <p class='ocr_par' dir='ltr' id='par_1_93' title="bbox 1873 1407 2613 1478">
     <span class='ocr_line' id='line_1_93' title="bbox 1873 1407 2613 1478; baseline -0.003 -16"><span class='ocrx_word' id='word_1_369' title='bbox 1873 1408 2218 1478; x_wconf 66' lang='grc' dir='ltr'>πεδημένον</span> <span class='ocrx_word' id='word_1_370' title='bbox 2281 1408 2341 1462; x_wconf 85' lang='grc' dir='ltr'><strong>τό</strong></span> <span class='ocrx_word' id='word_1_371' title='bbox 2388 1424 2482 1461; x_wconf 85' lang='grc' dir='ltr'><strong>τε·</strong></span> <span class='ocrx_word' id='word_1_372' title='bbox 2549 1407 2613 1461; x_wconf 83' lang='lat'><strong>&#39;0</strong></span> 
     </span>
    </p>
   </div>
   <div class='ocr_carea' id='block_1_94' title="bbox 1869 1500 2615 1573">
    <p class='ocr_par' dir='ltr' id='par_1_94' title="bbox 1869 1500 2615 1573">
     <span class='ocr_line' id='line_1_94' title="bbox 1869 1500 2615 1573; baseline 0.001 -18"><span class='ocrx_word' id='word_1_373' title='bbox 1869 1501 2171 1568; x_wconf 78' lang='grc' dir='ltr'>βασιλεὺς</span> <span class='ocrx_word' id='word_1_374' title='bbox 2209 1504 2242 1556; x_wconf 86' lang='grc' dir='ltr'>ό</span> <span class='ocrx_word' id='word_1_375' title='bbox 2270 1500 2615 1573; x_wconf 79' lang='grc' dir='ltr'>Ναϐυχοδο-</span> 
     </span>
    </p>
   </div>
   <div class='ocr_carea' id='block_1_95' title="bbox 1875 1596 2613 1665">
    <p class='ocr_par' dir='ltr' id='par_1_95' title="bbox 1875 1596 2613 1665">
     <span class='ocr_line' id='line_1_95' title="bbox 1875 1596 2613 1665; baseline 0.003 -16"><span class='ocrx_word' id='word_1_376' title='bbox 1875 1596 2063 1665; x_wconf 85' lang='grc' dir='ltr'>νόσορ</span> <span class='ocrx_word' id='word_1_377' title='bbox 2124 1596 2451 1665; x_wconf 85' lang='grc' dir='ltr'>ἐθαύμασε,</span> <span class='ocrx_word' id='word_1_378' title='bbox 2512 1596 2613 1651; x_wconf 80' lang='grc' dir='ltr'><strong>καὶ</strong></span> 
     </span>
    </p>
   </div>
   <div class='ocr_carea' id='block_1_96' title="bbox 1875 1686 2617 1756">
    <p class='ocr_par' dir='ltr' id='par_1_96' title="bbox 1875 1686 2617 1756">
     <span class='ocr_line' id='line_1_96' title="bbox 1875 1686 2617 1756; baseline -0.003 -14"><span class='ocrx_word' id='word_1_379' title='bbox 1875 1687 2103 1755; x_wconf 81' lang='grc' dir='ltr'>ἀνέστη</span> <span class='ocrx_word' id='word_1_380' title='bbox 2129 1688 2199 1742; x_wconf 80' lang='grc' dir='ltr'>ἐν</span> <span class='ocrx_word' id='word_1_381' title='bbox 2231 1686 2493 1756; x_wconf 76' lang='grc' dir='ltr'>σπουδῇ,</span> <span class='ocrx_word' id='word_1_382' title='bbox 2516 1686 2617 1742; x_wconf 76' lang='grc' dir='ltr'><strong>καὶ</strong></span> 
     </span>
    </p>
   </div>
   <div class='ocr_carea' id='block_1_97' title="bbox 1880 1773 2618 1848">
    <p class='ocr_par' dir='ltr' id='par_1_97' title="bbox 1880 1773 2618 1848">
     <span class='ocr_line' id='line_1_97' title="bbox 1880 1773 2618 1848; baseline -0.005 -14"><span class='ocrx_word' id='word_1_383' title='bbox 1880 1779 2172 1848; x_wconf 74' lang='grc' dir='ltr'><strong>ἀπεκρίθη</strong></span> <span class='ocrx_word' id='word_1_384' title='bbox 2202 1777 2305 1832; x_wconf 77' lang='grc' dir='ltr'><strong>καὶ</strong></span> <span class='ocrx_word' id='word_1_385' title='bbox 2325 1773 2457 1831; x_wconf 79' lang='grc' dir='ltr'>εἷπε</span> <span class='ocrx_word' id='word_1_386' title='bbox 2488 1777 2618 1846; x_wconf 85' lang='grc' dir='ltr'>τοῖς</span> 
     </span>
    </p>
   </div>
   <div class='ocr_carea' id='block_1_98' title="bbox 1874 1871 2620 1945">
    <p class='ocr_par' dir='ltr' id='par_1_98' title="bbox 1874 1871 2620 1945">
     <span class='ocr_line' id='line_1_98' title="bbox 1874 1871 2620 1945; baseline -0.001 -18"><span class='ocrx_word' id='word_1_387' title='bbox 1874 1871 2240 1945; x_wconf 77' lang='grc' dir='ltr'>μεγιστᾶσιν</span> <span class='ocrx_word' id='word_1_388' title='bbox 2262 1872 2479 1927; x_wconf 85' lang='grc' dir='ltr'>αὐτοῦ.</span> <span class='ocrx_word' id='word_1_389' title='bbox 2515 1871 2620 1927; x_wconf 78' lang='grc' dir='ltr'><strong>Οὖ-</strong></span> 
     </span>
    </p>
   </div>
   <div class='ocr_carea' id='block_1_99' title="bbox 1880 1964 2618 2039">
    <p class='ocr_par' dir='ltr' id='par_1_99' title="bbox 1880 1964 2618 2039">
     <span class='ocr_line' id='line_1_99' title="bbox 1880 1964 2618 2039; baseline -0.004 -18"><span class='ocrx_word' id='word_1_390' title='bbox 1880 1985 1959 2021; x_wconf 81' lang='grc' dir='ltr'><strong>τω</strong></span> <span class='ocrx_word' id='word_1_391' title='bbox 2021 1966 2132 2039; x_wconf 86' lang='grc' dir='ltr'><strong>γὰρ</strong></span> <span class='ocrx_word' id='word_1_392' title='bbox 2199 1964 2435 2030; x_wconf 81' lang='grc' dir='ltr'><strong>Ἀκύλας</strong></span> <span class='ocrx_word' id='word_1_393' title='bbox 2494 1965 2618 2019; x_wconf 89' lang='grc' dir='ltr'>δου-</span> 
     </span>
    </p>
   </div>
   <div class='ocr_carea' id='block_1_100' title="bbox 1880 2054 2623 2129">
    <p class='ocr_par' dir='ltr' id='par_1_100' title="bbox 1880 2054 2623 2129">
     <span class='ocr_line' id='line_1_100' title="bbox 1880 2054 2623 2129; baseline 0 -20"><span class='ocrx_word' id='word_1_394' title='bbox 1880 2057 2054 2112; x_wconf 86' lang='grc' dir='ltr'>λεύων</span> <span class='ocrx_word' id='word_1_395' title='bbox 2091 2060 2157 2129; x_wconf 85' lang='grc' dir='ltr'><strong>τῇ</strong></span> <span class='ocrx_word' id='word_1_396' title='bbox 2211 2056 2475 2129; x_wconf 78' lang='grc' dir='ltr'>Ἐὁραῖκῇ</span> <span class='ocrx_word' id='word_1_397' title='bbox 2533 2054 2623 2109; x_wconf 80' lang='grc' dir='ltr'><strong>λέ-</strong></span> 
     </span>
    </p>
   </div>
   <div class='ocr_carea' id='block_1_101' title="bbox 1882 2146 2618 2218">
    <p class='ocr_par' dir='ltr' id='par_1_101' title="bbox 1882 2146 2618 2218">
     <span class='ocr_line' id='line_1_101' title="bbox 1882 2146 2618 2218; baseline -0.003 -14"><span class='ocrx_word' id='word_1_398' title='bbox 1882 2149 1965 2218; x_wconf 84' lang='grc' dir='ltr'>ξει</span> <span class='ocrx_word' id='word_1_399' title='bbox 2033 2149 2333 2205; x_wconf 74' lang='grc' dir='ltr'><strong>ἐκδέδωκεν</strong></span> <span class='ocrx_word' id='word_1_400' title='bbox 2397 2146 2571 2202; x_wconf 76' lang='grc' dir='ltr'>εἰπὼν</span> <span class='ocrx_word' id='word_1_401' title='bbox 2603 2187 2618 2212; x_wconf 92' lang='grc'><strong>,</strong></span> 
     </span>
    </p>
   </div>
   <div class='ocr_carea' id='block_1_102' title="bbox 1884 2241 2624 2314">
    <p class='ocr_par' dir='ltr' id='par_1_102' title="bbox 1884 2241 2624 2314">
     <span class='ocr_line' id='line_1_102' title="bbox 1884 2241 2624 2314; baseline -0.003 -19"><span class='ocrx_word' id='word_1_402' title='bbox 1884 2241 2294 2314; x_wconf 81' lang='grc' dir='ltr'>φιλοτιμότερον</span> <span class='ocrx_word' id='word_1_403' title='bbox 2325 2257 2624 2294; x_wconf 81' lang='grc' dir='ltr'>πεπιστευ-</span> 
     </span>
    </p>
   </div>
   <div class='ocr_carea' id='block_1_103' title="bbox 1888 2335 2623 2410">
    <p class='ocr_par' dir='ltr' id='par_1_103' title="bbox 1888 2335 2623 2410">
     <span class='ocr_line' id='line_1_103' title="bbox 1888 2335 2623 2410; baseline -0.001 -20"><span class='ocrx_word' id='word_1_404' title='bbox 1888 2337 2048 2410; x_wconf 77' lang='grc' dir='ltr'>μένος</span> <span class='ocrx_word' id='word_1_405' title='bbox 2102 2336 2255 2409; x_wconf 79' lang='grc' dir='ltr'>παρὰ</span> <span class='ocrx_word' id='word_1_406' title='bbox 2336 2335 2623 2400; x_wconf 81' lang='grc' dir='ltr'>Ἰουδαίους</span> 
     </span>
    </p>
   </div>
   <div class='ocr_carea' id='block_1_104' title="bbox 1884 2426 2622 2502">
    <p class='ocr_par' dir='ltr' id='par_1_104' title="bbox 1884 2426 2622 2502">
     <span class='ocr_line' id='line_1_104' title="bbox 1884 2426 2622 2502; baseline -0.004 -18"><span class='ocrx_word' id='word_1_407' title='bbox 1884 2428 2290 2502; x_wconf 81' lang='grc' dir='ltr'>ήρμηνευκέναι</span> <span class='ocrx_word' id='word_1_408' title='bbox 2328 2426 2425 2499; x_wconf 84' lang='grc' dir='ltr'><strong>τὴν</strong></span> <span class='ocrx_word' id='word_1_409' title='bbox 2474 2428 2622 2501; x_wconf 88' lang='grc' dir='ltr'>Γρα-</span> 
     </span>
    </p>
   </div>
   <div class='ocr_carea' id='block_1_105' title="bbox 1887 2512 2625 2592">
    <p class='ocr_par' dir='ltr' id='par_1_105' title="bbox 1887 2512 2625 2592">
     <span class='ocr_line' id='line_1_105' title="bbox 1887 2512 2625 2592; baseline -0.004 -17"><span class='ocrx_word' id='word_1_410' title='bbox 1887 2519 2015 2592; x_wconf 77' lang='grc' dir='ltr'>φήν,</span> <span class='ocrx_word' id='word_1_411' title='bbox 2037 2512 2083 2588; x_wconf 81' lang='grc' dir='ltr'><strong>ᾧ</strong></span> <span class='ocrx_word' id='word_1_412' title='bbox 2113 2518 2346 2590; x_wconf 84' lang='grc' dir='ltr'>μάλιστα</span> <span class='ocrx_word' id='word_1_413' title='bbox 2371 2516 2625 2573; x_wconf 75' lang='grc' dir='ltr'>εἰώθασιν</span> 
     </span>
    </p>
   </div>
   <div class='ocr_carea' id='block_1_106' title="bbox 1885 2609 2624 2683">
    <p class='ocr_par' dir='ltr' id='par_1_106' title="bbox 1885 2609 2624 2683">
     <span class='ocr_line' id='line_1_106' title="bbox 1885 2609 2624 2683; baseline -0.003 -17"><span class='ocrx_word' id='word_1_414' title='bbox 1885 2613 1937 2666; x_wconf 80' lang='grc' dir='ltr'>οἱ</span> <span class='ocrx_word' id='word_1_415' title='bbox 1995 2609 2317 2681; x_wconf 78' lang='grc' dir='ltr'>ἀγνοοῦντες</span> <span class='ocrx_word' id='word_1_416' title='bbox 2371 2610 2475 2683; x_wconf 83' lang='grc' dir='ltr'>τὴν</span> <span class='ocrx_word' id='word_1_417' title='bbox 2535 2610 2624 2664; x_wconf 88' lang='lat' dir='ltr'><strong>&#39;E-</strong></span> 
     </span>
    </p>
   </div>
   <div class='ocr_carea' id='block_1_107' title="bbox 1888 2707 2626 2782">
    <p class='ocr_par' dir='ltr' id='par_1_107' title="bbox 1888 2707 2626 2782">
     <span class='ocr_line' id='line_1_107' title="bbox 1888 2707 2626 2782; baseline -0.004 -19"><span class='ocrx_word' id='word_1_418' title='bbox 1888 2709 2098 2782; x_wconf 80' lang='grc' dir='ltr'><strong>6ραὶων</strong></span> <span class='ocrx_word' id='word_1_419' title='bbox 2155 2707 2434 2763; x_wconf 82' lang='grc' dir='ltr'>διάλεκτον</span> <span class='ocrx_word' id='word_1_420' title='bbox 2488 2707 2626 2780; x_wconf 82' lang='grc' dir='ltr'><strong>χρῆ-</strong></span> 
     </span>
    </p>
   </div>
   <div class='ocr_carea' id='block_1_108' title="bbox 1893 2803 2628 2875">
    <p class='ocr_par' dir='ltr' id='par_1_108' title="bbox 1893 2803 2628 2875">
     <span class='ocr_line' id='line_1_108' title="bbox 1893 2803 2628 2875; baseline -0.001 -16"><span class='ocrx_word' id='word_1_421' title='bbox 1893 2806 2042 2872; x_wconf 83' lang='grc' dir='ltr'>σθαι,</span> <span class='ocrx_word' id='word_1_422' title='bbox 2070 2805 2148 2870; x_wconf 85' lang='grc' dir='ltr'>ὡς</span> <span class='ocrx_word' id='word_1_423' title='bbox 2176 2804 2397 2859; x_wconf 79' lang='grc' dir='ltr'><strong>πάντων</strong></span> <span class='ocrx_word' id='word_1_424' title='bbox 2425 2803 2628 2875; x_wconf 81' lang='grc' dir='ltr'>μᾶλλον</span> 
     </span>
    </p>
   </div>
   <div class='ocr_carea' id='block_1_109' title="bbox 1891 2900 2630 2974">
    <p class='ocr_par' dir='ltr' id='par_1_109' title="bbox 1891 2900 2630 2974">
     <span class='ocr_line' id='line_1_109' title="bbox 1891 2900 2630 2974; baseline 0 -18"><span class='ocrx_word' id='word_1_425' title='bbox 1891 2901 2352 2974; x_wconf 72' lang='grc' dir='ltr'>ἐπιτετευγμὲνῳ.</span> <span class='ocrx_word' id='word_1_426' title='bbox 2411 2900 2494 2955; x_wconf 83' lang='grc' dir='ltr'>Τὰ</span> <span class='ocrx_word' id='word_1_427' title='bbox 2570 2900 2630 2957; x_wconf 77' lang='grc' dir='ltr'>δὲ</span> 
     </span>
    </p>
   </div>
   <div class='ocr_carea' id='block_1_110' title="bbox 1893 2994 2625 3068">
    <p class='ocr_par' dir='ltr' id='par_1_110' title="bbox 1893 2994 2625 3068">
     <span class='ocr_line' id='line_1_110' title="bbox 1893 2994 2625 3068; baseline -0.003 -19"><span class='ocrx_word' id='word_1_428' title='bbox 1893 2996 2022 3068; x_wconf 83' lang='grc' dir='ltr'>παρ’</span> <span class='ocrx_word' id='word_1_429' title='bbox 2083 2996 2217 3066; x_wconf 85' lang='grc' dir='ltr'>ἡμῖν</span> <span class='ocrx_word' id='word_1_430' title='bbox 2293 2994 2625 3065; x_wconf 81' lang='grc' dir='ltr'>ἀντίγραφα,</span> 
     </span>
    </p>
   </div>
   <div class='ocr_carea' id='block_1_111' title="bbox 1049 3079 2628 3155">
    <p class='ocr_par' dir='ltr' id='par_1_111' title="bbox 1049 3079 2628 3155">
     <span class='ocr_line' id='line_1_111' title="bbox 1049 3079 2628 3155; baseline -0.009 -4"><span class='ocrx_word' id='word_1_431' title='bbox 1049 3097 1151 3151; x_wconf 85' lang='lat' dir='ltr'><strong>cite</strong></span> <span class='ocrx_word' id='word_1_432' title='bbox 1201 3110 1379 3149; x_wconf 86' lang='lat' dir='ltr'><strong>omnes</strong></span> <span class='ocrx_word' id='word_1_433' title='bbox 1433 3092 1656 3147; x_wconf 85' lang='lat' dir='ltr'><strong>colentes</strong></span> <span class='ocrx_word' id='word_1_434' title='bbox 1678 3089 1789 3144; x_wconf 88' lang='lat' dir='ltr'><strong>Do-</strong></span> <span class='ocrx_word' id='word_1_435' title='bbox 1814 3096 1859 3155; x_wconf 74' lang='grc' dir='ltr'>ο</span> <span class='ocrx_word' id='word_1_436' title='bbox 1892 3079 1969 3141; x_wconf 83' lang='grc' dir='ltr'>ὧν</span> <span class='ocrx_word' id='word_1_437' title='bbox 1998 3087 2214 3151; x_wconf 74' lang='grc' dir='ltr'>καὶτὰς</span> <span class='ocrx_word' id='word_1_438' title='bbox 2239 3085 2415 3151; x_wconf 80' lang='grc' dir='ltr'>λέξεις</span> <span class='ocrx_word' id='word_1_439' title='bbox 2448 3083 2628 3148; x_wconf 75' lang='grc' dir='ltr'><strong>ἐξεϐέ-</strong></span> 
     </span>
    </p>
   </div>
   <div class='ocr_carea' id='block_1_112' title="bbox 1049 3185 1783 3244">
    <p class='ocr_par' dir='ltr' id='par_1_112' title="bbox 1049 3185 1783 3244">
     <span class='ocr_line' id='line_1_112' title="bbox 1049 3185 1783 3244; baseline -0.01 0"><span class='ocrx_word' id='word_1_440' title='bbox 1049 3192 1253 3244; x_wconf 83' lang='lat' dir='ltr'><strong>minum</strong></span> <span class='ocrx_word' id='word_1_441' title='bbox 1312 3187 1478 3242; x_wconf 82' lang='lat' dir='ltr'><strong>Deum</strong></span> <span class='ocrx_word' id='word_1_442' title='bbox 1526 3185 1742 3239; x_wconf 85' lang='lat' dir='ltr'><strong>deorum</strong></span> <span class='ocrx_word' id='word_1_443' title='bbox 1765 3198 1783 3237; x_wconf 91' lang='lat'><strong><em>:</em></strong></span> 
     </span>
    </p>
   </div>
   <div class='ocr_carea' id='block_1_113' title="bbox 1050 3273 1787 3344">
    <p class='ocr_par' dir='ltr' id='par_1_113' title="bbox 1050 3273 1787 3344">
     <span class='ocr_line' id='line_1_113' title="bbox 1050 3273 1787 3344; baseline -0.016 -7"><span class='ocrx_word' id='word_1_444' title='bbox 1050 3282 1268 3339; x_wconf 84' lang='lat' dir='ltr'><strong>laudate</strong></span> <span class='ocrx_word' id='word_1_445' title='bbox 1318 3289 1368 3335; x_wconf 85' lang='lat' dir='ltr'><strong>et</strong></span> <span class='ocrx_word' id='word_1_446' title='bbox 1443 3273 1787 3344; x_wconf 74' lang='lat' dir='ltr'><strong>conﬁtemini,</strong></span> 
     </span>
    </p>
   </div>
   <div class='ocr_carea' id='block_1_114' title="bbox 1050 3364 1790 3446">
    <p class='ocr_par' dir='ltr' id='par_1_114' title="bbox 1050 3364 1790 3446">
     <span class='ocr_line' id='line_1_114' title="bbox 1050 3364 1790 3446; baseline -0.019 -15"><span class='ocrx_word' id='word_1_447' title='bbox 1050 3376 1299 3446; x_wconf 88' lang='lat' dir='ltr'><strong>quoniam</strong></span> <span class='ocrx_word' id='word_1_448' title='bbox 1320 3373 1377 3425; x_wconf 87' lang='lat' dir='ltr'><strong>in</strong></span> <span class='ocrx_word' id='word_1_449' title='bbox 1398 3368 1655 3425; x_wconf 67' lang='lat' dir='ltr'><strong>sacculum</strong></span> <span class='ocrx_word' id='word_1_450' title='bbox 1685 3364 1790 3419; x_wconf 85' lang='lat' dir='ltr'><strong>mi-</strong></span> 
     </span>
    </p>
   </div>
   <div class='ocr_carea' id='block_1_115' title="bbox 1050 3456 1789 3530">
    <p class='ocr_par' dir='ltr' id='par_1_115' title="bbox 1050 3456 1789 3530">
     <span class='ocr_line' id='line_1_115' title="bbox 1050 3456 1789 3530; baseline -0.018 -11"><span class='ocrx_word' id='word_1_451' title='bbox 1050 3463 1340 3519; x_wconf 84' lang='lat' dir='ltr'><strong>sericordia</strong></span> <span class='ocrx_word' id='word_1_452' title='bbox 1361 3459 1496 3530; x_wconf 87' lang='lat' dir='ltr'><strong>ejus,</strong></span> <span class='ocrx_word' id='word_1_453' title='bbox 1521 3470 1569 3512; x_wconf 83' lang='lat' dir='ltr'><strong>et</strong></span> <span class='ocrx_word' id='word_1_454' title='bbox 1596 3456 1653 3510; x_wconf 88' lang='lat' dir='ltr'><strong>in</strong></span> <span class='ocrx_word' id='word_1_455' title='bbox 1687 3468 1789 3507; x_wconf 76' lang='lat' dir='ltr'><strong>sa:-</strong></span> 
     </span>
    </p>
   </div>
   <div class='ocr_carea' id='block_1_116' title="bbox 1054 3548 1793 3619">
    <p class='ocr_par' dir='ltr' id='par_1_116' title="bbox 1054 3548 1793 3619">
     <span class='ocr_line' id='line_1_116' title="bbox 1054 3548 1793 3619; baseline -0.022 -2"><span class='ocrx_word' id='word_1_456' title='bbox 1054 3561 1229 3617; x_wconf 86' lang='lat' dir='ltr'><strong>culum</strong></span> <span class='ocrx_word' id='word_1_457' title='bbox 1256 3555 1594 3613; x_wconf 74' lang='lat' dir='ltr'><strong>saeculorum.</strong></span> <span class='ocrx_word' id='word_1_458' title='bbox 1628 3548 1697 3603; x_wconf 87' lang='lat' dir='ltr'><strong>Et</strong></span> <span class='ocrx_word' id='word_1_459' title='bbox 1715 3548 1793 3619; x_wconf 81' lang='lat' dir='ltr'><strong>fa-</strong></span> 
     </span>
    </p>
   </div>
   <div class='ocr_carea' id='block_1_117' title="bbox 1055 3643 1792 3709">
    <p class='ocr_par' dir='ltr' id='par_1_117' title="bbox 1055 3643 1792 3709">
     <span class='ocr_line' id='line_1_117' title="bbox 1055 3643 1792 3709; baseline -0.022 -1"><span class='ocrx_word' id='word_1_460' title='bbox 1055 3663 1197 3709; x_wconf 84' lang='lat' dir='ltr'><strong>ctum</strong></span> <span class='ocrx_word' id='word_1_461' title='bbox 1229 3658 1306 3705; x_wconf 86' lang='lat' dir='ltr'><strong>est</strong></span> <span class='ocrx_word' id='word_1_462' title='bbox 1331 3662 1450 3702; x_wconf 88' lang='lat' dir='ltr'><strong>cum</strong></span> <span class='ocrx_word' id='word_1_463' title='bbox 1467 3643 1675 3699; x_wconf 85' lang='lat' dir='ltr'><strong>audiret</strong></span> <span class='ocrx_word' id='word_1_464' title='bbox 1697 3655 1792 3694; x_wconf 77' lang='lat' dir='ltr'><strong>rea:</strong></span> 
     </span>
    </p>
   </div>
   <div class='ocr_carea' id='block_1_118' title="bbox 1054 3733 1790 3801">
    <p class='ocr_par' dir='ltr' id='par_1_118' title="bbox 1054 3733 1790 3801">
     <span class='ocr_line' id='line_1_118' title="bbox 1054 3733 1790 3801; baseline -0.02 -1"><span class='ocrx_word' id='word_1_465' title='bbox 1054 3745 1177 3800; x_wconf 83' lang='lat' dir='ltr'><strong>illos</strong></span> <span class='ocrx_word' id='word_1_466' title='bbox 1243 3739 1558 3801; x_wconf 82' lang='lat' dir='ltr'><strong>laudantes,</strong></span> <span class='ocrx_word' id='word_1_467' title='bbox 1616 3742 1669 3788; x_wconf 88' lang='lat' dir='ltr'><strong>et</strong></span> <span class='ocrx_word' id='word_1_468' title='bbox 1717 3733 1790 3787; x_wconf 79' lang='lat' dir='ltr'><strong>vi-</strong></span> 
     </span>
    </p>
   </div>
   <div class='ocr_carea' id='block_1_119' title="bbox 1054 3825 1794 3891">
    <p class='ocr_par' dir='ltr' id='par_1_119' title="bbox 1054 3825 1794 3891">
     <span class='ocr_line' id='line_1_119' title="bbox 1054 3825 1794 3891; baseline -0.019 1"><span class='ocrx_word' id='word_1_469' title='bbox 1054 3837 1197 3891; x_wconf 80' lang='lat' dir='ltr'><strong>deret</strong></span> <span class='ocrx_word' id='word_1_470' title='bbox 1227 3849 1315 3887; x_wconf 88' lang='lat' dir='ltr'><strong>eos</strong></span> <span class='ocrx_word' id='word_1_471' title='bbox 1342 3831 1589 3887; x_wconf 79' lang='lat' dir='ltr'><strong>viventes.</strong></span> <span class='ocrx_word' id='word_1_472' title='bbox 1618 3825 1690 3880; x_wconf 82' lang='lat' dir='ltr'><strong>At</strong></span> <span class='ocrx_word' id='word_1_473' title='bbox 1713 3838 1794 3880; x_wconf 58' lang='lat' dir='ltr'><strong>set-</strong></span> 
     </span>
    </p>
   </div>
   <div class='ocr_carea' id='block_1_120' title="bbox 1053 3919 1794 3990">
    <p class='ocr_par' dir='ltr' id='par_1_120' title="bbox 1053 3919 1794 3990">
     <span class='ocr_line' id='line_1_120' title="bbox 1053 3919 1794 3990; baseline -0.02 -3"><span class='ocrx_word' id='word_1_474' title='bbox 1053 3929 1296 3988; x_wconf 88' lang='lat' dir='ltr'><strong>cundum</strong></span> <span class='ocrx_word' id='word_1_475' title='bbox 1353 3925 1459 3981; x_wconf 84' lang='lat' dir='ltr'><strong>alia</strong></span> <span class='ocrx_word' id='word_1_476' title='bbox 1517 3919 1794 3990; x_wconf 80' lang='lat' dir='ltr'><strong>exempla-</strong></span> 
     </span>
    </p>
   </div>
   <div class='ocr_carea' id='block_1_121' title="bbox 1056 4010 1793 4079">
    <p class='ocr_par' dir='ltr' id='par_1_121' title="bbox 1056 4010 1793 4079">
     <span class='ocr_line' id='line_1_121' title="bbox 1056 4010 1793 4079; baseline -0.022 0"><span class='ocrx_word' id='word_1_477' title='bbox 1056 4024 1137 4079; x_wconf 84' lang='lat' dir='ltr'><strong>ria</strong></span> <span class='ocrx_word' id='word_1_478' title='bbox 1166 4010 1287 4076; x_wconf 15' lang='lat' dir='ltr'><strong>:‘Et</strong></span> <span class='ocrx_word' id='word_1_479' title='bbox 1340 4014 1692 4071; x_wconf 80' lang='lat' dir='ltr'><strong>ambulabant</strong></span> <span class='ocrx_word' id='word_1_480' title='bbox 1732 4012 1793 4064; x_wconf 86' lang='lat' dir='ltr'><strong>in</strong></span> 
     </span>
    </p>
   </div>
   <div class='ocr_carea' id='block_1_122' title="bbox 1057 4106 1791 4182">
    <p class='ocr_par' dir='ltr' id='par_1_122' title="bbox 1057 4106 1791 4182">
     <span class='ocr_line' id='line_1_122' title="bbox 1057 4106 1791 4182; baseline -0.02 -11"><span class='ocrx_word' id='word_1_481' title='bbox 1057 4115 1228 4171; x_wconf 81' lang='lat' dir='ltr'><strong>medio</strong></span> <span class='ocrx_word' id='word_1_482' title='bbox 1245 4114 1497 4182; x_wconf 66' lang='lat' dir='ltr'><strong>ﬂammat,</strong></span> <span class='ocrx_word' id='word_1_483' title='bbox 1511 4106 1791 4161; x_wconf 84' lang='lat' dir='ltr'><strong>laudantes</strong></span> 
     </span>
    </p>
   </div>
   <div class='ocr_carea' id='block_1_123' title="bbox 1059 4194 1795 4272">
    <p class='ocr_par' dir='ltr' id='par_1_123' title="bbox 1059 4194 1795 4272">
     <span class='ocr_line' id='line_1_123' title="bbox 1059 4194 1795 4272; baseline -0.023 -7"><span class='ocrx_word' id='word_1_484' title='bbox 1059 4207 1305 4272; x_wconf 83' lang='lat' dir='ltr'><strong>Deum,et</strong></span> <span class='ocrx_word' id='word_1_485' title='bbox 1323 4200 1676 4257; x_wconf 84' lang='lat' dir='ltr'><strong>benedicentes</strong></span> <span class='ocrx_word' id='word_1_486' title='bbox 1692 4194 1795 4250; x_wconf 87' lang='lat' dir='ltr'><strong>Do-</strong></span> 
     </span>
    </p>
   </div>
   <div class='ocr_carea' id='block_1_124' title="bbox 1055 4282 1791 4369">
    <p class='ocr_par' dir='ltr' id='par_1_124' title="bbox 1055 4282 1791 4369">
     <span class='ocr_line' id='line_1_124' title="bbox 1055 4282 1791 4369; baseline -0.02 -9"><span class='ocrx_word' id='word_1_487' title='bbox 1055 4307 1282 4368; x_wconf 89' lang='lat' dir='ltr'><strong>minum,</strong></span> <span class='ocrx_word' id='word_1_488' title='bbox 1315 4313 1492 4369; x_wconf 84' lang='lat' dir='ltr'><strong>usque</strong></span> <span class='ocrx_word' id='word_1_489' title='bbox 1514 4282 1596 4351; x_wconf 83' lang='lat' dir='ltr'><strong>ad</strong></span> <span class='ocrx_word' id='word_1_490' title='bbox 1621 4291 1752 4349; x_wconf 90' lang='lat' dir='ltr'><strong>illud</strong></span> <span class='ocrx_word' id='word_1_491' title='bbox 1776 4307 1791 4345; x_wconf 90' lang='lat'><strong>:</strong></span> 
     </span>
    </p>
   </div>
   <div class='ocr_carea' id='block_1_125' title="bbox 1052 4384 1794 4453">
    <p class='ocr_par' dir='ltr' id='par_1_125' title="bbox 1052 4384 1794 4453">
     <span class='ocr_line' id='line_1_125' title="bbox 1052 4384 1794 4453; baseline -0.024 0"><span class='ocrx_word' id='word_1_492' title='bbox 1052 4395 1355 4453; x_wconf 86' lang='lat' dir='ltr'><strong>Benedicite</strong></span> <span class='ocrx_word' id='word_1_493' title='bbox 1400 4404 1577 4444; x_wconf 88' lang='lat' dir='ltr'><strong>omnes</strong></span> <span class='ocrx_word' id='word_1_494' title='bbox 1627 4384 1794 4439; x_wconf 85' lang='lat' dir='ltr'><strong>colen-</strong></span> 
     </span>
    </p>
   </div>
   <div class='ocr_carea' id='block_1_126' title="bbox 1896 3174 2630 3253">
    <p class='ocr_par' dir='ltr' id='par_1_126' title="bbox 1896 3174 2630 3253">
     <span class='ocr_line' id='line_1_126' title="bbox 1896 3174 2630 3253; baseline -0.007 -18"><span class='ocrx_word' id='word_1_495' title='bbox 1896 3199 2027 3253; x_wconf 70' lang='grc' dir='ltr'><strong>μην⁹</strong></span> <span class='ocrx_word' id='word_1_496' title='bbox 2090 3181 2151 3233; x_wconf 81' lang='grc' dir='ltr'>τὸ</span> <span class='ocrx_word' id='word_1_497' title='bbox 2210 3179 2309 3250; x_wconf 78' lang='grc' dir='ltr'>μὲν</span> <span class='ocrx_word' id='word_1_498' title='bbox 2362 3174 2430 3249; x_wconf 72' lang='grc' dir='ltr'>ἦν</span> <span class='ocrx_word' id='word_1_499' title='bbox 2487 3176 2630 3231; x_wconf 82' lang='grc' dir='ltr'>κατὰ</span> 
     </span>
    </p>
   </div>
   <div class='ocr_carea' id='block_1_127' title="bbox 1890 3269 2632 3341">
    <p class='ocr_par' dir='ltr' id='par_1_127' title="bbox 1890 3269 2632 3341">
     <span class='ocr_line' id='line_1_127' title="bbox 1890 3269 2632 3341; baseline -0.009 -11"><span class='ocrx_word' id='word_1_500' title='bbox 1890 3293 2016 3340; x_wconf 85' lang='grc' dir='ltr'>τους</span> <span class='ocrx_word' id='word_1_501' title='bbox 2039 3271 2181 3328; x_wconf 82' lang='grc' dir='ltr'><strong>Ο’·τὸ</strong></span> <span class='ocrx_word' id='word_1_502' title='bbox 2201 3271 2260 3325; x_wconf 82' lang='grc' dir='ltr'>δὲ</span> <span class='ocrx_word' id='word_1_503' title='bbox 2284 3270 2469 3341; x_wconf 77' lang='grc' dir='ltr'>ἕτερον</span> <span class='ocrx_word' id='word_1_504' title='bbox 2490 3269 2632 3323; x_wconf 79' lang='grc' dir='ltr'>κατὰ</span> 
     </span>
    </p>
   </div>
   <div class='ocr_carea' id='block_1_128' title="bbox 1890 3358 2629 3431">
    <p class='ocr_par' dir='ltr' id='par_1_128' title="bbox 1890 3358 2629 3431">
     <span class='ocr_line' id='line_1_128' title="bbox 1890 3358 2629 3431; baseline -0.009 -12"><span class='ocrx_word' id='word_1_505' title='bbox 1890 3364 2203 3418; x_wconf 81' lang='grc' dir='ltr'>Θεοδοτιονα</span> <span class='ocrx_word' id='word_1_506' title='bbox 2222 3379 2235 3392; x_wconf 75' lang='grc' dir='ltr'><strong>ο</strong></span> <span class='ocrx_word' id='word_1_507' title='bbox 2293 3361 2388 3414; x_wconf 69' lang='grc' dir='ltr'>καὶ</span> <span class='ocrx_word' id='word_1_508' title='bbox 2438 3358 2629 3431; x_wconf 84' lang='grc' dir='ltr'>ὥσπερ</span> 
     </span>
    </p>
   </div>
   <div class='ocr_carea' id='block_1_129' title="bbox 1892 3449 2630 3527">
    <p class='ocr_par' dir='ltr' id='par_1_129' title="bbox 1892 3449 2630 3527">
     <span class='ocr_line' id='line_1_129' title="bbox 1892 3449 2630 3527; baseline -0.009 -18"><span class='ocrx_word' id='word_1_509' title='bbox 1892 3457 2025 3527; x_wconf 88' lang='grc' dir='ltr'>παρ’</span> <span class='ocrx_word' id='word_1_510' title='bbox 2059 3452 2394 3525; x_wconf 79' lang='grc' dir='ltr'>ἀμφοτέροις</span> <span class='ocrx_word' id='word_1_511' title='bbox 2451 3449 2630 3503; x_wconf 73' lang='grc' dir='ltr'>ἔκειτο</span> 
     </span>
    </p>
   </div>
   <div class='ocr_carea' id='block_1_130' title="bbox 1890 3541 2625 3618">
    <p class='ocr_par' dir='ltr' id='par_1_130' title="bbox 1890 3541 2625 3618">
     <span class='ocr_line' id='line_1_130' title="bbox 1890 3541 2625 3618; baseline -0.011 -17"><span class='ocrx_word' id='word_1_512' title='bbox 1890 3547 1954 3601; x_wconf 81' lang='grc' dir='ltr'>τὸ</span> <span class='ocrx_word' id='word_1_513' title='bbox 2005 3546 2136 3618; x_wconf 67' lang='grc' dir='ltr'>περὶ</span> <span class='ocrx_word' id='word_1_514' title='bbox 2163 3544 2261 3616; x_wconf 82' lang='grc' dir='ltr'>τὴν</span> <span class='ocrx_word' id='word_1_515' title='bbox 2310 3541 2625 3605; x_wconf 83' lang='grc' dir='ltr'>Σωσάνναν,</span> 
     </span>
    </p>
   </div>
   <div class='ocr_carea' id='block_1_131' title="bbox 1893 3638 2630 3715">
    <p class='ocr_par' dir='ltr' id='par_1_131' title="bbox 1893 3638 2630 3715">
     <span class='ocr_line' id='line_1_131' title="bbox 1893 3638 2630 3715; baseline -0.008 -17"><span class='ocrx_word' id='word_1_516' title='bbox 1893 3644 1970 3708; x_wconf 85' lang='grc' dir='ltr'><strong>ὡς</strong></span> <span class='ocrx_word' id='word_1_517' title='bbox 1999 3645 2064 3698; x_wconf 82' lang='grc' dir='ltr'>σὺ</span> <span class='ocrx_word' id='word_1_518' title='bbox 2089 3643 2218 3715; x_wconf 73' lang='grc' dir='ltr'>φῂς,</span> <span class='ocrx_word' id='word_1_519' title='bbox 2264 3640 2512 3711; x_wconf 82' lang='grc' dir='ltr'>πλάσμα,</span> <span class='ocrx_word' id='word_1_520' title='bbox 2536 3638 2630 3693; x_wconf 74' lang='grc' dir='ltr'>καὶ</span> 
     </span>
    </p>
   </div>
   <div class='ocr_carea' id='block_1_132' title="bbox 3347 265 3449 321">
    <p class='ocr_par' dir='ltr' id='par_1_132' title="bbox 3347 265 3449 321">
     <span class='ocr_line' id='line_1_132' title="bbox 3347 265 3449 321; baseline 0.01 -1"><span class='ocrx_word' id='word_1_521' title='bbox 3347 265 3449 321; x_wconf 75' lang='grc'><strong>108</strong></span> 
     </span>
    </p>
   </div>
   <div class='ocr_carea' id='block_1_133' title="bbox 2714 382 3450 455">
    <p class='ocr_par' dir='ltr' id='par_1_133' title="bbox 2714 382 3450 455">
     <span class='ocr_line' id='line_1_133' title="bbox 2714 382 3450 455; baseline -0.005 -18"><span class='ocrx_word' id='word_1_522' title='bbox 2714 384 2868 449; x_wconf 90' lang='lat' dir='ltr'><strong>mini,</strong></span> <span class='ocrx_word' id='word_1_523' title='bbox 2902 383 3153 455; x_wconf 86' lang='lat' dir='ltr'><strong>quoniam</strong></span> <span class='ocrx_word' id='word_1_524' title='bbox 3188 382 3245 436; x_wconf 87' lang='lat' dir='ltr'><strong>in</strong></span> <span class='ocrx_word' id='word_1_525' title='bbox 3270 382 3450 437; x_wconf 87' lang='lat' dir='ltr'><strong>omnia</strong></span> 
     </span>
    </p>
   </div>
   <div class='ocr_carea' id='block_1_134' title="bbox 2711 475 3447 551">
    <p class='ocr_par' dir='ltr' id='par_1_134' title="bbox 2711 475 3447 551">
     <span class='ocr_line' id='line_1_134' title="bbox 2711 475 3447 551; baseline -0.004 -19"><span class='ocrx_word' id='word_1_526' title='bbox 2711 477 2909 533; x_wconf 67' lang='lat' dir='ltr'><strong>saecula</strong></span> <span class='ocrx_word' id='word_1_527' title='bbox 2922 475 3287 551; x_wconf 87' lang='lat' dir='ltr'><strong>misericordia</strong></span> <span class='ocrx_word' id='word_1_528' title='bbox 3312 475 3447 546; x_wconf 81' lang='lat' dir='ltr'><strong>ejus.</strong></span> 
     </span>
    </p>
   </div>
   <div class='ocr_carea' id='block_1_135' title="bbox 2712 567 3448 627">
    <p class='ocr_par' dir='ltr' id='par_1_135' title="bbox 2712 567 3448 627">
     <span class='ocr_line' id='line_1_135' title="bbox 2712 567 3448 627; baseline -0.005 -1"><span class='ocrx_word' id='word_1_529' title='bbox 2712 570 3151 627; x_wconf 84' lang='lat' dir='ltr'><strong>Connectebatur</strong></span> <span class='ocrx_word' id='word_1_530' title='bbox 3173 580 3356 624; x_wconf 82' lang='lat' dir='ltr'><strong>autem</strong></span> <span class='ocrx_word' id='word_1_531' title='bbox 3392 567 3448 622; x_wconf 89' lang='lat' dir='ltr'><strong>in</strong></span> 
     </span>
    </p>
   </div>
   <div class='ocr_carea' id='block_1_136' title="bbox 2714 660 3450 717">
    <p class='ocr_par' dir='ltr' id='par_1_136' title="bbox 2714 660 3450 717">
     <span class='ocr_line' id='line_1_136' title="bbox 2714 660 3450 717; baseline -0.001 -2"><span class='ocrx_word' id='word_1_532' title='bbox 2714 660 2958 717; x_wconf 74' lang='lat' dir='ltr'><strong>Hebraeis</strong></span> <span class='ocrx_word' id='word_1_533' title='bbox 3020 661 3162 717; x_wconf 82' lang='lat' dir='ltr'><strong>hoc:</strong></span> <span class='ocrx_word' id='word_1_534' title='bbox 3223 660 3294 715; x_wconf 83' lang='lat' dir='ltr'><strong>Et</strong></span> <span class='ocrx_word' id='word_1_535' title='bbox 3344 668 3450 714; x_wconf 80' lang='lat' dir='ltr'><strong>tres</strong></span> 
     </span>
    </p>
   </div>
   <div class='ocr_carea' id='block_1_137' title="bbox 2714 746 3454 820">
    <p class='ocr_par' dir='ltr' id='par_1_137' title="bbox 2714 746 3454 820">
     <span class='ocr_line' id='line_1_137' title="bbox 2714 746 3454 820; baseline 0 -14"><span class='ocrx_word' id='word_1_536' title='bbox 2714 746 2797 806; x_wconf 72' lang='lat' dir='ltr'><strong>illi</strong></span> <span class='ocrx_word' id='word_1_537' title='bbox 2847 754 2967 818; x_wconf 79' lang='lat' dir='ltr'><strong>viri,</strong></span> <span class='ocrx_word' id='word_1_538' title='bbox 3030 751 3283 820; x_wconf 82' lang='lat' dir='ltr'><strong>Sedrach,</strong></span> <span class='ocrx_word' id='word_1_539' title='bbox 3347 750 3454 807; x_wconf 82' lang='lat' dir='ltr'><strong>Mi-</strong></span> 
     </span>
    </p>
   </div>
   <div class='ocr_carea' id='block_1_138' title="bbox 2715 848 3454 919">
    <p class='ocr_par' dir='ltr' id='par_1_138' title="bbox 2715 848 3454 919">
     <span class='ocr_line' id='line_1_138' title="bbox 2715 848 3454 919; baseline 0 -15"><span class='ocrx_word' id='word_1_540' title='bbox 2715 849 2862 916; x_wconf 81' lang='lat' dir='ltr'><strong>sach,</strong></span> <span class='ocrx_word' id='word_1_541' title='bbox 2912 848 3190 919; x_wconf 83' lang='lat' dir='ltr'><strong>Abdenego</strong></span> <span class='ocrx_word' id='word_1_542' title='bbox 3210 890 3226 916; x_wconf 96' lang='lat'><strong>,</strong></span> <span class='ocrx_word' id='word_1_543' title='bbox 3254 848 3454 904; x_wconf 86' lang='lat' dir='ltr'><strong>cecide-</strong></span> 
     </span>
    </p>
   </div>
   <div class='ocr_carea' id='block_1_139' title="bbox 2717 944 3452 1014">
    <p class='ocr_par' dir='ltr' id='par_1_139' title="bbox 2717 944 3452 1014">
     <span class='ocr_line' id='line_1_139' title="bbox 2717 944 3452 1014; baseline 0 -18"><span class='ocrx_word' id='word_1_544' title='bbox 2717 953 2839 997; x_wconf 88' lang='lat' dir='ltr'><strong>runt</strong></span> <span class='ocrx_word' id='word_1_545' title='bbox 2897 944 2952 999; x_wconf 83' lang='lat' dir='ltr'><strong>in</strong></span> <span class='ocrx_word' id='word_1_546' title='bbox 3018 944 3253 998; x_wconf 87' lang='lat' dir='ltr'><strong>medium</strong></span> <span class='ocrx_word' id='word_1_547' title='bbox 3314 944 3452 1014; x_wconf 80' lang='lat' dir='ltr'><strong>ignis</strong></span> 
     </span>
    </p>
   </div>
   <div class='ocr_carea' id='block_1_140' title="bbox 2716 1039 3450 1106">
    <p class='ocr_par' dir='ltr' id='par_1_140' title="bbox 2716 1039 3450 1106">
     <span class='ocr_line' id='line_1_140' title="bbox 2716 1039 3450 1106; baseline 0.005 -14"><span class='ocrx_word' id='word_1_548' title='bbox 2716 1039 2876 1094; x_wconf 72' lang='lat' dir='ltr'><strong>cincti</strong></span> <span class='ocrx_word' id='word_1_549' title='bbox 2893 1055 2913 1104; x_wconf 88' lang='lat'><strong><em>;</em></strong></span> <span class='ocrx_word' id='word_1_550' title='bbox 2963 1049 3019 1095; x_wconf 89' lang='lat' dir='ltr'><strong>et</strong></span> <span class='ocrx_word' id='word_1_551' title='bbox 3043 1039 3173 1106; x_wconf 88' lang='lat' dir='ltr'><strong>_hoc</strong></span> <span class='ocrx_word' id='word_1_552' title='bbox 3240 1039 3404 1095; x_wconf 89' lang='lat' dir='ltr'><strong>etiam</strong></span> <span class='ocrx_word' id='word_1_553' title='bbox 3431 1056 3450 1097; x_wconf 88' lang='lat'><strong>:</strong></span> 
     </span>
    </p>
   </div>
   <div class='ocr_carea' id='block_1_141' title="bbox 2717 1133 3455 1191">
    <p class='ocr_par' dir='ltr' id='par_1_141' title="bbox 2717 1133 3455 1191">
     <span class='ocr_line' id='line_1_141' title="bbox 2717 1133 3455 1191; baseline 0.001 -1"><span class='ocrx_word' id='word_1_554' title='bbox 2717 1151 2810 1191; x_wconf 82' lang='lat' dir='ltr'><strong>rea:</strong></span> <span class='ocrx_word' id='word_1_555' title='bbox 2839 1133 3330 1191; x_wconf 86' lang='lat' dir='ltr'><strong>Nabuchodonosor</strong></span> <span class='ocrx_word' id='word_1_556' title='bbox 3351 1137 3455 1191; x_wconf 82' lang='lat' dir='ltr'><strong>mi-</strong></span> 
     </span>
    </p>
   </div>
   <div class='ocr_carea' id='block_1_142' title="bbox 2718 1239 3453 1296">
    <p class='ocr_par' dir='ltr' id='par_1_142' title="bbox 2718 1239 3453 1296">
     <span class='ocr_line' id='line_1_142' title="bbox 2718 1239 3453 1296; baseline 0 -11"><span class='ocrx_word' id='word_1_557' title='bbox 2718 1239 2869 1288; x_wconf 86' lang='lat' dir='ltr'><strong>ratus</strong></span> <span class='ocrx_word' id='word_1_558' title='bbox 2974 1241 3091 1296; x_wconf 84' lang='lat' dir='ltr'><strong>est,</strong></span> <span class='ocrx_word' id='word_1_559' title='bbox 3158 1242 3211 1286; x_wconf 92' lang='lat' dir='ltr'><strong>et</strong></span> <span class='ocrx_word' id='word_1_560' title='bbox 3283 1248 3453 1289; x_wconf 85' lang='lat' dir='ltr'><strong>surre-</strong></span> 
     </span>
    </p>
   </div>
   <div class='ocr_carea' id='block_1_143' title="bbox 2717 1326 3457 1396">
    <p class='ocr_par' dir='ltr' id='par_1_143' title="bbox 2717 1326 3457 1396">
     <span class='ocr_line' id='line_1_143' title="bbox 2717 1326 3457 1396; baseline 0.004 -18"><span class='ocrx_word' id='word_1_561' title='bbox 2717 1326 2798 1380; x_wconf 67' lang='lat' dir='ltr'><strong>xit</strong></span> <span class='ocrx_word' id='word_1_562' title='bbox 2857 1326 3210 1396; x_wconf 82' lang='lat' dir='ltr'><strong>festinanter,</strong></span> <span class='ocrx_word' id='word_1_563' title='bbox 3253 1335 3303 1382; x_wconf 84' lang='lat' dir='ltr'><strong>et</strong></span> <span class='ocrx_word' id='word_1_564' title='bbox 3373 1342 3457 1381; x_wconf 67' lang='grc' dir='ltr'>νει·</span> 
     </span>
    </p>
   </div>
   <div class='ocr_carea' id='block_1_144' title="bbox 2717 1418 3458 1488">
    <p class='ocr_par' dir='ltr' id='par_1_144' title="bbox 2717 1418 3458 1488">
     <span class='ocr_line' id='line_1_144' title="bbox 2717 1418 3458 1488; baseline 0.001 -17"><span class='ocrx_word' id='word_1_565' title='bbox 2717 1419 2932 1488; x_wconf 85' lang='lat' dir='ltr'><strong>spondit</strong></span> <span class='ocrx_word' id='word_1_566' title='bbox 2952 1458 2969 1483; x_wconf 91' lang='lat'><strong>,</strong></span> <span class='ocrx_word' id='word_1_567' title='bbox 3031 1418 3273 1488; x_wconf 73' lang='lat' dir='ltr'><strong>dixitque</strong></span> <span class='ocrx_word' id='word_1_568' title='bbox 3341 1434 3431 1473; x_wconf 88' lang='lat' dir='ltr'><strong>ma</strong></span> <span class='ocrx_word' id='word_1_569' title='bbox 3450 1448 3458 1453; x_wconf 89' lang='lat'><strong><em>-</em></strong></span> 
     </span>
    </p>
   </div>
   <div class='ocr_carea' id='block_1_145' title="bbox 2718 1507 3456 1578">
    <p class='ocr_par' dir='ltr' id='par_1_145' title="bbox 2718 1507 3456 1578">
     <span class='ocr_line' id='line_1_145' title="bbox 2718 1507 3456 1578; baseline 0.001 -17"><span class='ocrx_word' id='word_1_570' title='bbox 2718 1507 2964 1578; x_wconf 86' lang='lat' dir='ltr'><strong>gnatibus</strong></span> <span class='ocrx_word' id='word_1_571' title='bbox 3008 1508 3141 1564; x_wconf 86' lang='lat' dir='ltr'><strong>suis.</strong></span> <span class='ocrx_word' id='word_1_572' title='bbox 3190 1508 3282 1563; x_wconf 88' lang='lat' dir='ltr'><strong>Sic</strong></span> <span class='ocrx_word' id='word_1_573' title='bbox 3308 1508 3456 1565; x_wconf 86' lang='lat' dir='ltr'><strong>enim</strong></span> 
     </span>
    </p>
   </div>
   <div class='ocr_carea' id='block_1_146' title="bbox 2719 1580 3456 1669">
    <p class='ocr_par' dir='ltr' id='par_1_146' title="bbox 2719 1580 3456 1669">
     <span class='ocr_line' id='line_1_146' title="bbox 2719 1580 3456 1669; baseline 0.005 -16"><span class='ocrx_word' id='word_1_574' title='bbox 2719 1599 2933 1669; x_wconf 85' lang='lat' dir='ltr'><strong>Aquila,</strong></span> <span class='ocrx_word' id='word_1_575' title='bbox 2946 1598 3225 1656; x_wconf 74' lang='lat' dir='ltr'><strong>ilebraica:</strong></span> <span class='ocrx_word' id='word_1_576' title='bbox 3236 1580 3456 1657; x_wconf 83' lang='lat' dir='ltr'><strong>lectioni</strong></span> 
     </span>
    </p>
   </div>
   <div class='ocr_carea' id='block_1_147' title="bbox 2722 1691 3457 1764">
    <p class='ocr_par' dir='ltr' id='par_1_147' title="bbox 2722 1691 3457 1764">
     <span class='ocr_line' id='line_1_147' title="bbox 2722 1691 3457 1764; baseline 0.004 -16"><span class='ocrx_word' id='word_1_577' title='bbox 2722 1691 2987 1756; x_wconf 82' lang='lat' dir='ltr'><strong>serviens,</strong></span> <span class='ocrx_word' id='word_1_578' title='bbox 3027 1691 3231 1761; x_wconf 87' lang='lat' dir='ltr'><strong>edidit;</strong></span> <span class='ocrx_word' id='word_1_579' title='bbox 3290 1708 3457 1764; x_wconf 86' lang='lat' dir='ltr'><strong>quem</strong></span> 
     </span>
    </p>
   </div>
   <div class='ocr_carea' id='block_1_148' title="bbox 2719 1784 3454 1856">
    <p class='ocr_par' dir='ltr' id='par_1_148' title="bbox 2719 1784 3454 1856">
     <span class='ocr_line' id='line_1_148' title="bbox 2719 1784 3454 1856; baseline 0.003 -15"><span class='ocrx_word' id='word_1_580' title='bbox 2719 1785 2893 1841; x_wconf 71' lang='lat' dir='ltr'><strong>Judaei</strong></span> <span class='ocrx_word' id='word_1_581' title='bbox 2943 1784 3287 1856; x_wconf 87' lang='lat' dir='ltr'><strong>Scripturam</strong></span> <span class='ocrx_word' id='word_1_582' title='bbox 3334 1795 3454 1843; x_wconf 87' lang='lat' dir='ltr'><strong>stu-</strong></span> 
     </span>
    </p>
   </div>
   <div class='ocr_carea' id='block_1_149' title="bbox 2719 1881 3456 1954">
    <p class='ocr_par' dir='ltr' id='par_1_149' title="bbox 2719 1881 3456 1954">
     <span class='ocr_line' id='line_1_149' title="bbox 2719 1881 3456 1954; baseline 0.001 -17"><span class='ocrx_word' id='word_1_583' title='bbox 2719 1881 2932 1939; x_wconf 87' lang='lat' dir='ltr'><strong>diosius</strong></span> <span class='ocrx_word' id='word_1_584' title='bbox 3036 1882 3456 1954; x_wconf 80' lang='lat' dir='ltr'><strong>interpretatum</strong></span> 
     </span>
    </p>
   </div>
   <div class='ocr_carea' id='block_1_150' title="bbox 2718 1979 3465 2050">
    <p class='ocr_par' dir='ltr' id='par_1_150' title="bbox 2718 1979 3465 2050">
     <span class='ocr_line' id='line_1_150' title="bbox 2718 1979 3465 2050; baseline 0.001 -16"><span class='ocrx_word' id='word_1_585' title='bbox 2718 1994 2840 2036; x_wconf 86' lang='lat' dir='ltr'><strong>esse</strong></span> <span class='ocrx_word' id='word_1_586' title='bbox 2860 1979 3125 2036; x_wconf 87' lang='lat' dir='ltr'><strong>credunt:</strong></span> <span class='ocrx_word' id='word_1_587' title='bbox 3179 1994 3291 2050; x_wconf 87' lang='lat' dir='ltr'><strong>quo</strong></span> <span class='ocrx_word' id='word_1_588' title='bbox 3350 1995 3465 2036; x_wconf 76' lang='lat' dir='ltr'><strong>ma«</strong></span> 
     </span>
    </p>
   </div>
   <div class='ocr_carea' id='block_1_151' title="bbox 2722 2052 3460 2141">
    <p class='ocr_par' dir='ltr' id='par_1_151' title="bbox 2722 2052 3460 2141">
     <span class='ocr_line' id='line_1_151' title="bbox 2722 2052 3460 2141; baseline 0 -17"><span class='ocrx_word' id='word_1_589' title='bbox 2722 2070 2869 2125; x_wconf 80' lang='lat' dir='ltr'><strong>xime</strong></span> <span class='ocrx_word' id='word_1_590' title='bbox 2919 2070 2998 2126; x_wconf 89' lang='lat' dir='ltr'><strong>uti</strong></span> <span class='ocrx_word' id='word_1_591' title='bbox 3040 2068 3220 2127; x_wconf 89' lang='lat' dir='ltr'><strong>solent</strong></span> <span class='ocrx_word' id='word_1_592' title='bbox 3268 2069 3308 2125; x_wconf 89' lang='lat' dir='ltr'><strong>ii</strong></span> <span class='ocrx_word' id='word_1_593' title='bbox 3363 2052 3460 2141; x_wconf 88' lang='lat' dir='ltr'><strong>qui</strong></span> 
     </span>
    </p>
   </div>
   <div class='ocr_carea' id='block_1_152' title="bbox 2724 2159 3457 2219">
    <p class='ocr_par' dir='ltr' id='par_1_152' title="bbox 2724 2159 3457 2219">
     <span class='ocr_line' id='line_1_152' title="bbox 2724 2159 3457 2219; baseline 0.003 -4"><span class='ocrx_word' id='word_1_594' title='bbox 2724 2159 3050 2218; x_wconf 87' lang='lat' dir='ltr'><strong>llebraicam</strong></span> <span class='ocrx_word' id='word_1_595' title='bbox 3163 2160 3457 2219; x_wconf 75' lang='lat' dir='ltr'><strong>disiectum</strong></span> 
     </span>
    </p>
   </div>
   <div class='ocr_carea' id='block_1_153' title="bbox 2724 2252 3464 2326">
    <p class='ocr_par' dir='ltr' id='par_1_153' title="bbox 2724 2252 3464 2326">
     <span class='ocr_line' id='line_1_153' title="bbox 2724 2252 3464 2326; baseline 0.003 -18"><span class='ocrx_word' id='word_1_596' title='bbox 2724 2252 3002 2324; x_wconf 84' lang='lat' dir='ltr'><strong>ignorant,</strong></span> <span class='ocrx_word' id='word_1_597' title='bbox 3023 2262 3210 2326; x_wconf 86' lang='lat' dir='ltr'><strong>utpote</strong></span> <span class='ocrx_word' id='word_1_598' title='bbox 3231 2253 3326 2326; x_wconf 90' lang='lat' dir='ltr'><strong>qui</strong></span> <span class='ocrx_word' id='word_1_599' title='bbox 3351 2269 3464 2310; x_wconf 77' lang='lat' dir='ltr'><strong>mn-</strong></span> 
     </span>
    </p>
   </div>
   <div class='ocr_carea' id='block_1_154' title="bbox 2726 2344 3457 2403">
    <p class='ocr_par' dir='ltr' id='par_1_154' title="bbox 2726 2344 3457 2403">
     <span class='ocr_line' id='line_1_154' title="bbox 2726 2344 3457 2403; baseline -0.003 -2"><span class='ocrx_word' id='word_1_600' title='bbox 2726 2344 2873 2402; x_wconf 78' lang='lat' dir='ltr'><strong>xime</strong></span> <span class='ocrx_word' id='word_1_601' title='bbox 2928 2346 3174 2401; x_wconf 90' lang='lat' dir='ltr'><strong>omnium</strong></span> <span class='ocrx_word' id='word_1_602' title='bbox 3232 2360 3457 2403; x_wconf 88' lang='lat' dir='ltr'><strong>sensum</strong></span> 
     </span>
    </p>
   </div>
   <div class='ocr_carea' id='block_1_155' title="bbox 2725 2435 3469 2495">
    <p class='ocr_par' dir='ltr' id='par_1_155' title="bbox 2725 2435 3469 2495">
     <span class='ocr_line' id='line_1_155' title="bbox 2725 2435 3469 2495; baseline -0.003 -2"><span class='ocrx_word' id='word_1_603' title='bbox 2725 2446 3012 2494; x_wconf 79' lang='lat' dir='ltr'><strong>assecutus</strong></span> <span class='ocrx_word' id='word_1_604' title='bbox 3029 2438 3122 2495; x_wconf 87' lang='lat' dir='ltr'><strong>sit.</strong></span> <span class='ocrx_word' id='word_1_605' title='bbox 3151 2435 3348 2494; x_wconf 86' lang='lat' dir='ltr'><strong>Nostra</strong></span> <span class='ocrx_word' id='word_1_606' title='bbox 3373 2452 3469 2493; x_wconf 77' lang='lat' dir='ltr'><strong>au-</strong></span> 
     </span>
    </p>
   </div>
   <div class='ocr_carea' id='block_1_156' title="bbox 2726 2529 3465 2600">
    <p class='ocr_par' dir='ltr' id='par_1_156' title="bbox 2726 2529 3465 2600">
     <span class='ocr_line' id='line_1_156' title="bbox 2726 2529 3465 2600; baseline 0.003 -16"><span class='ocrx_word' id='word_1_607' title='bbox 2726 2538 2836 2585; x_wconf 87' lang='lat' dir='ltr'><strong>tem</strong></span> <span class='ocrx_word' id='word_1_608' title='bbox 2907 2529 3259 2600; x_wconf 81' lang='lat' dir='ltr'><strong>exemplaria,</strong></span> <span class='ocrx_word' id='word_1_609' title='bbox 3326 2544 3465 2600; x_wconf 81' lang='lat' dir='ltr'><strong>quo-</strong></span> 
     </span>
    </p>
   </div>
   <div class='ocr_carea' id='block_1_157' title="bbox 2727 2616 3458 2685">
    <p class='ocr_par' dir='ltr' id='par_1_157' title="bbox 2727 2616 3458 2685">
     <span class='ocr_line' id='line_1_157' title="bbox 2727 2616 3458 2685; baseline 0.001 -15"><span class='ocrx_word' id='word_1_610' title='bbox 2727 2631 2853 2671; x_wconf 89' lang='lat' dir='ltr'><strong>rum</strong></span> <span class='ocrx_word' id='word_1_611' title='bbox 2902 2616 3064 2671; x_wconf 84' lang='lat' dir='ltr'><strong>etiam</strong></span> <span class='ocrx_word' id='word_1_612' title='bbox 3094 2629 3257 2671; x_wconf 87' lang='lat' dir='ltr'><strong>voces</strong></span> <span class='ocrx_word' id='word_1_613' title='bbox 3293 2629 3458 2685; x_wconf 81' lang='lat' dir='ltr'><strong>expo-</strong></span> 
     </span>
    </p>
   </div>
   <div class='ocr_carea' id='block_1_158' title="bbox 2729 2706 3465 2777">
    <p class='ocr_par' dir='ltr' id='par_1_158' title="bbox 2729 2706 3465 2777">
     <span class='ocr_line' id='line_1_158' title="bbox 2729 2706 3465 2777; baseline -0.005 -11"><span class='ocrx_word' id='word_1_614' title='bbox 2729 2708 2815 2766; x_wconf 90' lang='lat' dir='ltr'><strong>sui</strong></span> <span class='ocrx_word' id='word_1_615' title='bbox 2839 2749 2858 2777; x_wconf 90' lang='lat'><strong>,</strong></span> <span class='ocrx_word' id='word_1_616' title='bbox 2939 2707 3089 2765; x_wconf 89' lang='lat' dir='ltr'><strong>aliud</strong></span> <span class='ocrx_word' id='word_1_617' title='bbox 3159 2706 3465 2764; x_wconf 85' lang='lat' dir='ltr'><strong>secundum</strong></span> 
     </span>
    </p>
   </div>
   <div class='ocr_carea' id='block_1_159' title="bbox 2731 2799 3468 2872">
    <p class='ocr_par' dir='ltr' id='par_1_159' title="bbox 2731 2799 3468 2872">
     <span class='ocr_line' id='line_1_159' title="bbox 2731 2799 3468 2872; baseline -0.004 -14"><span class='ocrx_word' id='word_1_618' title='bbox 2731 2801 3090 2872; x_wconf 78' lang='lat' dir='ltr'><strong>Septuaginta</strong></span> <span class='ocrx_word' id='word_1_619' title='bbox 3136 2799 3468 2869; x_wconf 86' lang='lat' dir='ltr'><strong>Interpretes</strong></span> 
     </span>
    </p>
   </div>
   <div class='ocr_carea' id='block_1_160' title="bbox 2730 2894 3463 2962">
    <p class='ocr_par' dir='ltr' id='par_1_160' title="bbox 2730 2894 3463 2962">
     <span class='ocr_line' id='line_1_160' title="bbox 2730 2894 3463 2962; baseline -0.005 -12"><span class='ocrx_word' id='word_1_620' title='bbox 2730 2903 2885 2962; x_wconf 89' lang='lat' dir='ltr'><strong>erat,</strong></span> <span class='ocrx_word' id='word_1_621' title='bbox 2935 2894 3100 2951; x_wconf 81' lang='lat' dir='ltr'><strong>.aliud</strong></span> <span class='ocrx_word' id='word_1_622' title='bbox 3161 2895 3463 2950; x_wconf 84' lang='lat' dir='ltr'><strong>secundum</strong></span> 
     </span>
    </p>
   </div>
   <div class='ocr_carea' id='block_1_161' title="bbox 2736 2977 3471 3047">
    <p class='ocr_par' dir='ltr' id='par_1_161' title="bbox 2736 2977 3471 3047">
     <span class='ocr_line' id='line_1_161' title="bbox 2736 2977 3471 3047; baseline -0.005 -4"><span class='ocrx_word' id='word_1_623' title='bbox 2736 2987 3166 3047; x_wconf 87' lang='lat' dir='ltr'><strong>Theodotionem</strong></span> <span class='ocrx_word' id='word_1_624' title='bbox 3196 3003 3212 3042; x_wconf 91' lang='lat'><strong>:</strong></span> <span class='ocrx_word' id='word_1_625' title='bbox 3233 2993 3289 3041; x_wconf 85' lang='lat' dir='ltr'><strong>et</strong></span> <span class='ocrx_word' id='word_1_626' title='bbox 3327 2977 3471 3042; x_wconf 69' lang='lat' dir='ltr'><strong>sicut</strong></span> 
     </span>
    </p>
   </div>
   <div class='ocr_carea' id='block_1_162' title="bbox 2735 3077 3468 3152">
    <p class='ocr_par' dir='ltr' id='par_1_162' title="bbox 2735 3077 3468 3152">
     <span class='ocr_line' id='line_1_162' title="bbox 2735 3077 3468 3152; baseline -0.008 -15"><span class='ocrx_word' id='word_1_627' title='bbox 2735 3080 2879 3152; x_wconf 89' lang='lat' dir='ltr'><strong>apud</strong></span> <span class='ocrx_word' id='word_1_628' title='bbox 2912 3088 3206 3150; x_wconf 90' lang='lat' dir='ltr'><strong>utrumque</strong></span> <span class='ocrx_word' id='word_1_629' title='bbox 3228 3077 3468 3148; x_wconf 85' lang='lat' dir='ltr'><strong>positum</strong></span> 
     </span>
    </p>
   </div>
   <div class='ocr_carea' id='block_1_163' title="bbox 2736 3167 3471 3245">
    <p class='ocr_par' dir='ltr' id='par_1_163' title="bbox 2736 3167 3471 3245">
     <span class='ocr_line' id='line_1_163' title="bbox 2736 3167 3471 3245; baseline -0.008 -15"><span class='ocrx_word' id='word_1_630' title='bbox 2736 3173 3111 3245; x_wconf 80' lang='lat' dir='ltr'><strong>reperiebatur</strong></span> <span class='ocrx_word' id='word_1_631' title='bbox 3175 3170 3309 3226; x_wconf 86' lang='lat' dir='ltr'><strong>illud</strong></span> <span class='ocrx_word' id='word_1_632' title='bbox 3360 3167 3471 3225; x_wconf 86' lang='lat' dir='ltr'><strong>Su-</strong></span> 
     </span>
    </p>
   </div>
   <div class='ocr_carea' id='block_1_164' title="bbox 2739 3258 3475 3334">
    <p class='ocr_par' dir='ltr' id='par_1_164' title="bbox 2739 3258 3475 3334">
     <span class='ocr_line' id='line_1_164' title="bbox 2739 3258 3475 3334; baseline -0.014 -12"><span class='ocrx_word' id='word_1_633' title='bbox 2739 3279 2945 3330; x_wconf 72' lang='lat' dir='ltr'><strong>sannae,</strong></span> <span class='ocrx_word' id='word_1_634' title='bbox 3001 3260 3150 3334; x_wconf 90' lang='lat' dir='ltr'><strong>quod</strong></span> <span class='ocrx_word' id='word_1_635' title='bbox 3220 3259 3359 3316; x_wconf 87' lang='lat' dir='ltr'><strong>dicis</strong></span> <span class='ocrx_word' id='word_1_636' title='bbox 3408 3258 3475 3313; x_wconf 84' lang='lat' dir='ltr'><strong>ﬁ-</strong></span> 
     </span>
    </p>
   </div>
   <div class='ocr_carea' id='block_1_165' title="bbox 2740 3353 3474 3429">
    <p class='ocr_par' dir='ltr' id='par_1_165' title="bbox 2740 3353 3474 3429">
     <span class='ocr_line' id='line_1_165' title="bbox 2740 3353 3474 3429; baseline -0.011 -17"><span class='ocrx_word' id='word_1_637' title='bbox 2740 3364 3018 3429; x_wconf 76' lang='lat' dir='ltr'><strong>gmentum</strong></span> <span class='ocrx_word' id='word_1_638' title='bbox 3036 3394 3053 3419; x_wconf 90' lang='lat'><strong>,</strong></span> <span class='ocrx_word' id='word_1_639' title='bbox 3106 3353 3183 3408; x_wconf 87' lang='lat' dir='ltr'><strong>ita</strong></span> <span class='ocrx_word' id='word_1_640' title='bbox 3254 3363 3474 3421; x_wconf 88' lang='lat' dir='ltr'><strong>quoque</strong></span> 
     </span>
    </p>
   </div>
   <div class='ocr_carea' id='block_1_166' title="bbox 2735 3446 3473 3516">
    <p class='ocr_par' dir='ltr' id='par_1_166' title="bbox 2735 3446 3473 3516">
     <span class='ocr_line' id='line_1_166' title="bbox 2735 3446 3473 3516; baseline -0.009 -11"><span class='ocrx_word' id='word_1_641' title='bbox 2735 3451 2863 3516; x_wconf 89' lang='lat' dir='ltr'><strong>ista,</strong></span> <span class='ocrx_word' id='word_1_642' title='bbox 2888 3446 3162 3511; x_wconf 69' lang='lat' dir='ltr'><strong>versibus,</strong></span> <span class='ocrx_word' id='word_1_643' title='bbox 3225 3451 3288 3500; x_wconf 85' lang='lat' dir='ltr'><strong>ut</strong></span> <span class='ocrx_word' id='word_1_644' title='bbox 3337 3458 3473 3499; x_wconf 89' lang='lat' dir='ltr'><strong>con-</strong></span> 
     </span>
    </p>
   </div>
   <div class='ocr_carea' id='block_1_167' title="bbox 2730 3534 3473 3611">
    <p class='ocr_par' dir='ltr' id='par_1_167' title="bbox 2730 3534 3473 3611">
     <span class='ocr_line' id='line_1_167' title="bbox 2730 3534 3473 3611; baseline -0.013 -15"><span class='ocrx_word' id='word_1_645' title='bbox 2730 3541 2946 3611; x_wconf 85' lang='lat' dir='ltr'><strong>jectura</strong></span> <span class='ocrx_word' id='word_1_646' title='bbox 2996 3536 3105 3592; x_wconf 90' lang='lat' dir='ltr'><strong>dici</strong></span> <span class='ocrx_word' id='word_1_647' title='bbox 3132 3542 3331 3605; x_wconf 86' lang='lat' dir='ltr'><strong>potest,</strong></span> <span class='ocrx_word' id='word_1_648' title='bbox 3366 3534 3473 3588; x_wconf 85' lang='lat' dir='ltr'><strong>du-</strong></span> 
     </span>
    </p>
   </div>
   <div class='ocr_carea' id='block_1_168' title="bbox 2736 3629 3261 3700">
    <p class='ocr_par' dir='ltr' id='par_1_168' title="bbox 2736 3629 3261 3700">
     <span class='ocr_line' id='line_1_168' title="bbox 2736 3629 3261 3700; baseline -0.013 -10"><span class='ocrx_word' id='word_1_649' title='bbox 2736 3633 2907 3690; x_wconf 90' lang='lat' dir='ltr'><strong>centis</strong></span> <span class='ocrx_word' id='word_1_650' title='bbox 2929 3639 2984 3687; x_wconf 89' lang='lat' dir='ltr'><strong>et</strong></span> <span class='ocrx_word' id='word_1_651' title='bbox 3005 3629 3261 3700; x_wconf 84' lang='lat' dir='ltr'><strong>amplius.</strong></span> 
     </span>
    </p>
   </div>
   <div class='ocr_carea' id='block_1_169' title="bbox 1894 3716 3479 3802">
    <p class='ocr_par' dir='ltr' id='par_1_169' title="bbox 1894 3716 3479 3802">
     <span class='ocr_line' id='line_1_169' title="bbox 1894 3716 3479 3802; baseline -0.011 -13"><span class='ocrx_word' id='word_1_652' title='bbox 1894 3737 1951 3790; x_wconf 84' lang='grc' dir='ltr'><strong>αἱ</strong></span> <span class='ocrx_word' id='word_1_653' title='bbox 1981 3735 2287 3789; x_wconf 80' lang='grc' dir='ltr'>τελευταῖαι</span> <span class='ocrx_word' id='word_1_654' title='bbox 2334 3735 2393 3786; x_wconf 79' lang='grc' dir='ltr'>ὲν</span> <span class='ocrx_word' id='word_1_655' title='bbox 2453 3730 2532 3802; x_wconf 80' lang='grc' dir='ltr'><strong>τῷ</strong></span> <span class='ocrx_word' id='word_1_656' title='bbox 2558 3726 2756 3800; x_wconf 78' lang='grc' dir='ltr'>Δανιὴλ</span> <span class='ocrx_word' id='word_1_657' title='bbox 2824 3723 3122 3798; x_wconf 76' lang='grc' dir='ltr'>περικοπαὶ</span> <span class='ocrx_word' id='word_1_658' title='bbox 3142 3761 3159 3788; x_wconf 92' lang='grc'><strong>,</strong></span> <span class='ocrx_word' id='word_1_659' title='bbox 3211 3718 3355 3773; x_wconf 77' lang='grc' dir='ltr'><strong>οὕτω</strong></span> <span class='ocrx_word' id='word_1_660' title='bbox 3381 3716 3479 3772; x_wconf 73' lang='grc' dir='ltr'>καὶ</span> 
     </span>
    </p>
   </div>
   <div class='ocr_carea' id='block_1_170' title="bbox 1894 3812 3480 3894">
    <p class='ocr_par' dir='ltr' id='par_1_170' title="bbox 1894 3812 3480 3894">
     <span class='ocr_line' id='line_1_170' title="bbox 1894 3812 3480 3894; baseline -0.013 -10"><span class='ocrx_word' id='word_1_661' title='bbox 1894 3830 2069 3884; x_wconf 67' lang='grc' dir='ltr'>ταῦτα</span> <span class='ocrx_word' id='word_1_662' title='bbox 2098 3829 2158 3882; x_wconf 82' lang='grc' dir='ltr'>ὲν</span> <span class='ocrx_word' id='word_1_663' title='bbox 2192 3827 2400 3890; x_wconf 75' lang='grc' dir='ltr'>ἔπεσιν,</span> <span class='ocrx_word' id='word_1_664' title='bbox 2435 3824 2512 3889; x_wconf 83' lang='grc' dir='ltr'>ὡς</span> <span class='ocrx_word' id='word_1_665' title='bbox 2539 3836 2829 3894; x_wconf 78' lang='grc' dir='ltr'>στοχασμῳ</span> <span class='ocrx_word' id='word_1_666' title='bbox 2878 3817 3084 3883; x_wconf 74' lang='grc' dir='ltr'>εἰπεῖν,</span> <span class='ocrx_word' id='word_1_667' title='bbox 3143 3812 3480 3883; x_wconf 73' lang='grc' dir='ltr'>τυγχάνοντα</span> 
     </span>
    </p>
   </div>
   <div class='ocr_carea' id='block_1_171' title="bbox 1895 3914 2556 3988">
    <p class='ocr_par' dir='ltr' id='par_1_171' title="bbox 1895 3914 2556 3988">
     <span class='ocr_line' id='line_1_171' title="bbox 1895 3914 2556 3988; baseline -0.014 -12"><span class='ocrx_word' id='word_1_668' title='bbox 1895 3919 2191 3984; x_wconf 79' lang='grc' dir='ltr'>διακοσίοις</span> <span class='ocrx_word' id='word_1_669' title='bbox 2260 3916 2355 3972; x_wconf 76' lang='grc' dir='ltr'>καὶ</span> <span class='ocrx_word' id='word_1_670' title='bbox 2398 3914 2556 3988; x_wconf 81' lang='grc' dir='ltr'>πρὸς.</span> 
     </span>
    </p>
   </div>
   <div class='ocr_carea' id='block_1_172' title="bbox 1968 4082 3480 4168">
    <p class='ocr_par' dir='ltr' id='par_1_172' title="bbox 1968 4082 3480 4168">
     <span class='ocr_line' id='line_1_172' title="bbox 1968 4082 3480 4168; baseline -0.016 -11"><span class='ocrx_word' id='word_1_671' title='bbox 1968 4102 2027 4158; x_wconf 86' lang='lat' dir='ltr'><strong>In</strong></span> <span class='ocrx_word' id='word_1_672' title='bbox 2050 4098 2339 4158; x_wconf 88' lang='lat' dir='ltr'><strong>duodecim</strong></span> <span class='ocrx_word' id='word_1_673' title='bbox 2371 4093 2677 4168; x_wconf 88' lang='lat' dir='ltr'><strong>prophetis,</strong></span> <span class='ocrx_word' id='word_1_674' title='bbox 2710 4104 2823 4146; x_wconf 90' lang='lat' dir='ltr'><strong>non</strong></span> <span class='ocrx_word' id='word_1_675' title='bbox 2856 4085 3023 4144; x_wconf 90' lang='lat' dir='ltr'><strong>modo</strong></span> <span class='ocrx_word' id='word_1_676' title='bbox 3056 4098 3154 4140; x_wconf 80' lang='lat' dir='ltr'><strong>sex</strong></span> <span class='ocrx_word' id='word_1_677' title='bbox 3192 4082 3480 4139; x_wconf 85' lang='lat' dir='ltr'><strong>columna-</strong></span> 
     </span>
    </p>
   </div>
   <div class='ocr_carea' id='block_1_173' title="bbox 1895 4170 3484 4263">
    <p class='ocr_par' dir='ltr' id='par_1_173' title="bbox 1895 4170 3484 4263">
     <span class='ocr_line' id='line_1_173' title="bbox 1895 4170 3484 4263; baseline -0.014 -14"><span class='ocrx_word' id='word_1_678' title='bbox 1895 4208 2020 4249; x_wconf 89' lang='lat' dir='ltr'><strong>rum</strong></span> <span class='ocrx_word' id='word_1_679' title='bbox 2058 4206 2196 4263; x_wconf 89' lang='lat' dir='ltr'><strong>opus</strong></span> <span class='ocrx_word' id='word_1_680' title='bbox 2220 4186 2514 4245; x_wconf 84' lang='lat' dir='ltr'><strong>adornavit</strong></span> <span class='ocrx_word' id='word_1_681' title='bbox 2542 4180 2829 4254; x_wconf 81' lang='lat' dir='ltr'><strong>Origenes,</strong></span> <span class='ocrx_word' id='word_1_682' title='bbox 2864 4178 2960 4234; x_wconf 90' lang='lat' dir='ltr'><strong>sed</strong></span> <span class='ocrx_word' id='word_1_683' title='bbox 3004 4176 3168 4232; x_wconf 90' lang='lat' dir='ltr'><strong>etiam</strong></span> <span class='ocrx_word' id='word_1_684' title='bbox 3198 4182 3312 4229; x_wconf 85' lang='lat' dir='ltr'><strong>tres</strong></span> <span class='ocrx_word' id='word_1_685' title='bbox 3344 4170 3484 4227; x_wconf 81' lang='lat' dir='ltr'><strong>alias</strong></span> 
     </span>
    </p>
   </div>
   <div class='ocr_carea' id='block_1_174' title="bbox 1896 4263 3485 4347">
    <p class='ocr_par' dir='ltr' id='par_1_174' title="bbox 1896 4263 3485 4347">
     <span class='ocr_line' id='line_1_174' title="bbox 1896 4263 3485 4347; baseline -0.014 -7"><span class='ocrx_word' id='word_1_686' title='bbox 1896 4284 2190 4345; x_wconf 89' lang='lat' dir='ltr'><strong>editiones,</strong></span> <span class='ocrx_word' id='word_1_687' title='bbox 2220 4279 2505 4347; x_wconf 86' lang='lat' dir='ltr'><strong>Quintam,</strong></span> <span class='ocrx_word' id='word_1_688' title='bbox 2537 4274 2784 4339; x_wconf 76' lang='lat' dir='ltr'><strong>Senam,</strong></span> <span class='ocrx_word' id='word_1_689' title='bbox 2815 4269 3116 4341; x_wconf 87' lang='lat' dir='ltr'><strong>Septimam</strong></span> <span class='ocrx_word' id='word_1_690' title='bbox 3171 4263 3392 4337; x_wconf 83' lang='lat' dir='ltr'><strong>adjecit,</strong></span> <span class='ocrx_word' id='word_1_691' title='bbox 3423 4272 3485 4318; x_wconf 87' lang='lat' dir='ltr'><strong>ut</strong></span> 
     </span>
    </p>
   </div>
   <div class='ocr_carea' id='block_1_175' title="bbox 1896 4358 3483 4442">
    <p class='ocr_par' dir='ltr' id='par_1_175' title="bbox 1896 4358 3483 4442">
     <span class='ocr_line' id='line_1_175' title="bbox 1896 4358 3483 4442; baseline -0.014 -10"><span class='ocrx_word' id='word_1_692' title='bbox 1896 4391 1966 4432; x_wconf 78' lang='lat' dir='ltr'><strong>ex</strong></span> <span class='ocrx_word' id='word_1_693' title='bbox 1997 4389 2190 4431; x_wconf 89' lang='lat' dir='ltr'><strong>eorum</strong></span> <span class='ocrx_word' id='word_1_694' title='bbox 2227 4368 2549 4442; x_wconf 77' lang='lat' dir='ltr'><strong>fragmentis</strong></span> <span class='ocrx_word' id='word_1_695' title='bbox 2574 4365 2810 4438; x_wconf 87' lang='lat' dir='ltr'><strong>sparsim</strong></span> <span class='ocrx_word' id='word_1_696' title='bbox 2857 4362 3051 4434; x_wconf 86' lang='lat' dir='ltr'><strong>positis</strong></span> <span class='ocrx_word' id='word_1_697' title='bbox 3080 4358 3350 4430; x_wconf 86' lang='lat' dir='ltr'><strong>liquidum</strong></span> <span class='ocrx_word' id='word_1_698' title='bbox 3376 4362 3483 4410; x_wconf 89' lang='lat' dir='ltr'><strong>est.</strong></span> 
     </span>
    </p>
   </div>
   <div class='ocr_carea' id='block_1_176' title="bbox 1054 4450 3489 4549">
    <p class='ocr_par' dir='ltr' id='par_1_176' title="bbox 1054 4450 3489 4549">
     <span class='ocr_line' id='line_1_176' title="bbox 1054 4450 3489 4549; baseline -0.018 0"><span class='ocrx_word' id='word_1_699' title='bbox 1054 4450 1127 4549; x_wconf 57' lang='grc' dir='ltr'><strong>ἷεὲ</strong></span> <span class='ocrx_word' id='word_1_700' title='bbox 1152 4450 1448 4545; x_wconf 56' lang='lat' dir='ltr'><strong>hominum</strong></span> <span class='ocrx_word' id='word_1_701' title='bbox 1481 4482 1651 4537; x_wconf 86' lang='lat' dir='ltr'><strong>Deum</strong></span> <span class='ocrx_word' id='word_1_702' title='bbox 1671 4476 1795 4530; x_wconf 84' lang='lat' dir='ltr'><strong>deo-</strong></span> <span class='ocrx_word' id='word_1_703' title='bbox 1826 4476 1872 4532; x_wconf 89' lang='lat' dir='ltr'><strong>D</strong></span> <span class='ocrx_word' id='word_1_704' title='bbox 1898 4466 1981 4522; x_wconf 79' lang='lat' dir='ltr'><strong>Ex</strong></span> <span class='ocrx_word' id='word_1_705' title='bbox 2015 4466 2103 4521; x_wconf 85' lang='lat' dir='ltr'><strong>his</strong></span> <span class='ocrx_word' id='word_1_706' title='bbox 2160 4477 2330 4535; x_wconf 90' lang='lat' dir='ltr'><strong>porro</strong></span> <span class='ocrx_word' id='word_1_707' title='bbox 2395 4460 2655 4517; x_wconf 89' lang='lat' dir='ltr'><strong>omnibus</strong></span> <span class='ocrx_word' id='word_1_708' title='bbox 2708 4455 3064 4524; x_wconf 84' lang='lat' dir='ltr'><strong>editionibus,</strong></span> <span class='ocrx_word' id='word_1_709' title='bbox 3116 4450 3304 4510; x_wconf 89' lang='lat' dir='ltr'><strong>omnia</strong></span> <span class='ocrx_word' id='word_1_710' title='bbox 3346 4464 3489 4522; x_wconf 83' lang='lat' dir='ltr'><strong>pene</strong></span> 
     </span>
    </p>
   </div>
   <div class='ocr_carea' id='block_1_177' title="bbox 1052 4554 2432 4649">
    <p class='ocr_par' dir='ltr' id='par_1_177' title="bbox 1052 4554 2432 4649">
     <span class='ocr_line' id='line_1_177' title="bbox 1052 4554 2432 4649; baseline -0.023 -8"><span class='ocrx_word' id='word_1_711' title='bbox 1052 4601 1193 4649; x_wconf 85' lang='lat' dir='ltr'><strong>rum,</strong></span> <span class='ocrx_word' id='word_1_712' title='bbox 1216 4578 1434 4635; x_wconf 76' lang='lat' dir='ltr'><strong>laudate</strong></span> <span class='ocrx_word' id='word_1_713' title='bbox 1482 4582 1532 4628; x_wconf 86' lang='lat' dir='ltr'><strong>et</strong></span> <span class='ocrx_word' id='word_1_714' title='bbox 1569 4568 1787 4639; x_wconf 82' lang='lat' dir='ltr'><strong>conﬁte-</strong></span> <span class='ocrx_word' id='word_1_715' title='bbox 1899 4575 2041 4617; x_wconf 81' lang='lat' dir='ltr'><strong>nova</strong></span> <span class='ocrx_word' id='word_1_716' title='bbox 2074 4554 2432 4632; x_wconf 79' lang='lat' dir='ltr'><strong>proferimus,</strong></span> 
     </span>
    </p>
   </div>
   <div class='ocr_carea' id='block_1_178' title="bbox 1345 4800 2400 4917">
    <p class='ocr_par' dir='ltr' id='par_1_178' title="bbox 1345 4800 2400 4917">
     <span class='ocr_line' id='line_1_178' title="bbox 1345 4800 2400 4917; baseline -0.026 -1"><span class='ocrx_word' id='word_1_717' title='bbox 1345 4820 1725 4917; x_wconf 83' lang='lat' dir='ltr'><strong>CAPUT</strong></span> <span class='ocrx_word' id='word_1_718' title='bbox 1799 4800 2400 4904; x_wconf 84' lang='lat' dir='ltr'><strong>DECIMUM.</strong></span> 
     </span>
    </p>
   </div>
   <div class='ocr_carea' id='block_1_179' title="bbox 1143 5267 2576 5359">
    <p class='ocr_par' dir='ltr' id='par_1_179' title="bbox 1143 5267 2576 5359">
     <span class='ocr_line' id='line_1_179' title="bbox 1143 5267 2576 5359; baseline -0.026 -12"><span class='ocrx_word' id='word_1_719' title='bbox 1443 5267 2067 5349; x_wconf 52' lang='grc' dir='ltr'><strong>Ᾰξυῖιοίιῖξεῖὲηωοεὶιυω</strong></span> <span class='ocrx_word' id='word_1_720' title='bbox 2088 5278 2144 5323; x_wconf 83' lang='lat' dir='ltr'><strong>et</strong></span> <span class='ocrx_word' id='word_1_721' title='bbox 2161 5267 2576 5321; x_wconf 83' lang='lat' dir='ltr'><strong>Theodotionem.</strong></span> 
     </span>
    </p>
   </div>
   <div class='ocr_carea' id='block_1_180' title="bbox 555 5874 1183 5946">
    <p class='ocr_par' dir='ltr' id='par_1_180' title="bbox 555 5874 1183 5946">
     <span class='ocr_line' id='line_1_180' title="bbox 555 5874 1183 5946; baseline -0.013 0"><span class='ocrx_word' id='word_1_722' title='bbox 555 5886 830 5946; x_wconf 69' lang='grc' dir='ltr'>Ριτιιοι.</span> <span class='ocrx_word' id='word_1_723' title='bbox 874 5879 994 5943; x_wconf 79' lang='lat' dir='ltr'><strong>Gn.</strong></span> <span class='ocrx_word' id='word_1_724' title='bbox 1039 5874 1183 5938; x_wconf 84' lang='lat' dir='ltr'><strong>XV.</strong></span> 
     </span>
    </p>
   </div>
   <div class='ocr_carea' id='block_1_181' title="bbox 979 4950 2741 5060">
    <p class='ocr_par' dir='ltr' id='par_1_181' title="bbox 979 4950 2741 5060">
     <span class='ocr_line' id='line_1_181' title="bbox 979 4950 2741 5060; baseline -0.028 1"><span class='ocrx_word' id='word_1_725' title='bbox 979 4999 1073 5060; x_wconf 86' lang='lat' dir='ltr'><strong>De</strong></span> <span class='ocrx_word' id='word_1_726' title='bbox 1125 4989 1299 5057; x_wconf 87' lang='lat' dir='ltr'><strong>notis</strong></span> <span class='ocrx_word' id='word_1_727' title='bbox 1345 4986 1423 5049; x_wconf 83' lang='lat' dir='ltr'><strong>ad</strong></span> <span class='ocrx_word' id='word_1_728' title='bbox 1475 4975 1762 5056; x_wconf 81' lang='lat' dir='ltr'><strong>Hexepla</strong></span> <span class='ocrx_word' id='word_1_729' title='bbox 1807 4989 1907 5036; x_wconf 76' lang='lat' dir='ltr'><strong>vei</strong></span> <span class='ocrx_word' id='word_1_730' title='bbox 1948 4960 2247 5043; x_wconf 84' lang='lat' dir='ltr'><strong>Tetrapla</strong></span> <span class='ocrx_word' id='word_1_731' title='bbox 2275 4950 2741 5038; x_wconf 85' lang='lat' dir='ltr'><strong>spectantibus.</strong></span> 
     </span>
    </p>
   </div>
   <div class='ocr_carea' id='block_1_182' title="bbox 220 5184 3500 5313">
    <p class='ocr_par' dir='ltr' id='par_1_182' title="bbox 220 5184 3500 5313">
     <span class='ocr_line' id='line_1_182' title="bbox 220 5184 3500 5313; baseline -0.013 22"><span class='ocrx_word' id='word_1_732' title='bbox 220 5251 266 5307; x_wconf 75' lang='grc' dir='ltr'>ι.</span> <span class='ocrx_word' id='word_1_733' title='bbox 298 5247 527 5306; x_wconf 63' lang='lat' dir='ltr'><strong>nam</strong></span> <span class='ocrx_word' id='word_1_734' title='bbox 544 5245 773 5313; x_wconf 72' lang='grc' dir='ltr'><strong>οοκοιιίε-</strong></span> <span class='ocrx_word' id='word_1_735' title='bbox 884 5241 965 5293; x_wconf 70' lang='grc' dir='ltr'><strong>νε</strong></span> <span class='ocrx_word' id='word_1_736' title='bbox 983 5238 1117 5287; x_wconf 55' lang='grc' dir='ltr'><strong>ηοω</strong></span> <span class='ocrx_word' id='word_1_737' title='bbox 1132 5231 1414 5313; x_wconf 55' lang='lat' dir='ltr'><strong>emiss</strong></span> <span class='ocrx_word' id='word_1_738' title='bbox 1440 5203 2578 5313; x_wconf 53' lang='lat' dir='ltr'><strong>Ili-.352.“trasrttmt&#39;llizolﬁliﬂzli“</strong></span> <span class='ocrx_word' id='word_1_739' title='bbox 2603 5200 2771 5248; x_wconf 69' lang='grc' dir='ltr'>ποιεω</span> <span class='ocrx_word' id='word_1_740' title='bbox 2814 5204 2853 5247; x_wconf 69' lang='grc' dir='ltr'><strong>ει</strong></span> <span class='ocrx_word' id='word_1_741' title='bbox 2913 5202 2954 5245; x_wconf 67' lang='grc' dir='ltr'><strong><em>ν</em></strong></span> <span class='ocrx_word' id='word_1_742' title='bbox 2976 5188 3257 5254; x_wconf 51' lang='lat' dir='ltr'><strong>&quot;rem</strong></span> <span class='ocrx_word' id='word_1_743' title='bbox 3290 5188 3396 5235; x_wconf 71' lang='grc' dir='ltr'><strong>ιη·</strong></span> <span class='ocrx_word' id='word_1_744' title='bbox 3419 5184 3500 5235; x_wconf 65' lang='grc' dir='ltr'>ιον</span> 
     </span>
    </p>
   </div>
   <div class='ocr_carea' id='block_1_183' title="bbox 1918 5358 3495 5442">
    <p class='ocr_par' dir='ltr' id='par_1_183' title="bbox 1918 5358 3495 5442">
     <span class='ocr_line' id='line_1_183' title="bbox 1918 5358 3495 5442; baseline -0.022 -1"><span class='ocrx_word' id='word_1_745' title='bbox 1918 5386 2156 5442; x_wconf 89' lang='lat' dir='ltr'><strong>bliorum</strong></span> <span class='ocrx_word' id='word_1_746' title='bbox 2180 5374 2603 5437; x_wconf 81' lang='lat' dir='ltr'><strong>exscribebant;</strong></span> <span class='ocrx_word' id='word_1_747' title='bbox 2661 5367 2828 5438; x_wconf 80' lang='lat' dir='ltr'><strong>idque</strong></span> <span class='ocrx_word' id='word_1_748' title='bbox 2854 5358 3160 5433; x_wconf 87' lang='lat' dir='ltr'><strong>compendii</strong></span> <span class='ocrx_word' id='word_1_749' title='bbox 3207 5368 3397 5422; x_wconf 86' lang='lat' dir='ltr'><strong>causa,</strong></span> <span class='ocrx_word' id='word_1_750' title='bbox 3427 5365 3495 5410; x_wconf 72' lang='lat' dir='ltr'><strong>ne</strong></span> 
     </span>
    </p>
   </div>
   <div class='ocr_carea' id='block_1_184' title="bbox 1917 5453 3497 5535">
    <p class='ocr_par' dir='ltr' id='par_1_184' title="bbox 1917 5453 3497 5535">
     <span class='ocr_line' id='line_1_184' title="bbox 1917 5453 3497 5535; baseline -0.023 -1"><span class='ocrx_word' id='word_1_751' title='bbox 1917 5477 2137 5533; x_wconf 90' lang='lat' dir='ltr'><strong>easdem</strong></span> <span class='ocrx_word' id='word_1_752' title='bbox 2175 5485 2340 5527; x_wconf 83' lang='lat' dir='ltr'><strong>voces</strong></span> <span class='ocrx_word' id='word_1_753' title='bbox 2368 5468 2612 5535; x_wconf 76' lang='lat' dir='ltr'><strong>integras</strong></span> <span class='ocrx_word' id='word_1_754' title='bbox 2641 5460 2842 5531; x_wconf 69' lang='lat' dir='ltr'><strong>saepius</strong></span> <span class='ocrx_word' id='word_1_755' title='bbox 2867 5465 3112 5526; x_wconf 87' lang='lat' dir='ltr'><strong>repetere</strong></span> <span class='ocrx_word' id='word_1_756' title='bbox 3144 5453 3497 5521; x_wconf 74' lang='lat' dir='ltr'><strong>cogerentur.</strong></span> 
     </span>
    </p>
   </div>
   <div class='ocr_carea' id='block_1_185' title="bbox 1918 5547 3499 5635">
    <p class='ocr_par' dir='ltr' id='par_1_185' title="bbox 1918 5547 3499 5635">
     <span class='ocr_line' id='line_1_185' title="bbox 1918 5547 3499 5635; baseline -0.023 -9"><span class='ocrx_word' id='word_1_757' title='bbox 1918 5571 2121 5626; x_wconf 87' lang='lat' dir='ltr'><strong>Earum</strong></span> <span class='ocrx_word' id='word_1_758' title='bbox 2146 5578 2311 5635; x_wconf 91' lang='lat' dir='ltr'><strong>porro</strong></span> <span class='ocrx_word' id='word_1_759' title='bbox 2355 5567 2610 5616; x_wconf 89' lang='lat' dir='ltr'><strong>notarum</strong></span> <span class='ocrx_word' id='word_1_760' title='bbox 2667 5547 3172 5622; x_wconf 84' lang='lat' dir='ltr'><strong>interpretationem</strong></span> <span class='ocrx_word' id='word_1_761' title='bbox 3223 5551 3499 5609; x_wconf 85' lang='lat' dir='ltr'><strong>nusquam</strong></span> 
     </span>
    </p>
   </div>
   <div class='ocr_carea' id='block_1_186' title="bbox 1920 5630 3501 5732">
    <p class='ocr_par' dir='ltr' id='par_1_186' title="bbox 1920 5630 3501 5732">
     <span class='ocr_line' id='line_1_186' title="bbox 1920 5630 3501 5732; baseline -0.022 -15"><span class='ocrx_word' id='word_1_762' title='bbox 1920 5630 2227 5732; x_wconf 77' lang='lat' dir='ltr'><strong>reperimus</strong></span> <span class='ocrx_word' id='word_1_763' title='bbox 2294 5652 2652 5721; x_wconf 86' lang='lat' dir='ltr'><strong>descriptam,</strong></span> <span class='ocrx_word' id='word_1_764' title='bbox 2710 5648 2806 5701; x_wconf 88' lang='lat' dir='ltr'><strong>sed</strong></span> <span class='ocrx_word' id='word_1_765' title='bbox 2855 5641 3114 5698; x_wconf 88' lang='lat' dir='ltr'><strong>diuturna</strong></span> <span class='ocrx_word' id='word_1_766' title='bbox 3178 5630 3501 5690; x_wconf 80' lang='lat' dir='ltr'><strong>tractatione</strong></span> 
     </span>
    </p>
   </div>
   <div class='ocr_carea' id='block_1_187' title="bbox 1922 5727 3501 5817">
    <p class='ocr_par' dir='ltr' id='par_1_187' title="bbox 1922 5727 3501 5817">
     <span class='ocr_line' id='line_1_187' title="bbox 1922 5727 3501 5817; baseline -0.023 -7"><span class='ocrx_word' id='word_1_767' title='bbox 1922 5727 2422 5817; x_wconf 78' lang='lat' dir='ltr'><strong>exercitationeque</strong></span> <span class='ocrx_word' id='word_1_768' title='bbox 2444 5755 2582 5815; x_wconf 87' lang='lat' dir='ltr'><strong>pene</strong></span> <span class='ocrx_word' id='word_1_769' title='bbox 2605 5736 2851 5797; x_wconf 87' lang='lat' dir='ltr'><strong>omnium</strong></span> <span class='ocrx_word' id='word_1_770' title='bbox 2895 5727 3313 5803; x_wconf 83' lang='lat' dir='ltr'><strong>explicationem</strong></span> <span class='ocrx_word' id='word_1_771' title='bbox 3345 5734 3501 5777; x_wconf 62' lang='grc' dir='ltr'>δεθε-</span> 
     </span>
    </p>
   </div>
   <div class='ocr_carea' id='block_1_188' title="bbox 3225 5824 3264 5879">
    <p class='ocr_par' dir='ltr' id='par_1_188' title="bbox 3225 5824 3264 5879">
     <span class='ocr_line' id='line_1_188' title="bbox 3225 5824 3264 5879; baseline 0 -8"><span class='ocrx_word' id='word_1_772' title='bbox 3225 5824 3264 5879; x_wconf 61' lang='lat' dir='ltr'><strong>In.</strong></span> 
     </span>
    </p>
   </div>
  </div>
