3832 6214
365 299 467 355 10⁸1

1721 290 2240 349 PRAELIMINARIA

3537 295 3642 351 ωε

362 420 476 478 cuti
516 433 740 475 sumus:
783 416 990 488 aliquot
1022 426 1202 472 tamen
1259 423 1553 487 supersunt
1588 432 1725 487 quas
1767 417 1941 471 inter-
1969 423 2011 478 Α
2044 427 2103 470 ut
2145 415 2347 471 dictum
2390 425 2473 470 est
2508 414 2683 485 capite
2724 413 2777 480 3,
2814 413 2980 469 editio
3024 412 3339 484 hexaplaris
3390 413 3499 467 τῶν
3555 415 3642 481 0',

365 510 571 582 pretari
606 509 809 565 frustra
841 511 1190 564 tentavimus.
1234 506 1276 561 E
1329 523 1388 563 re
1432 517 1614 562 autem
1642 506 1759 563 fore
1785 517 1945 577 puta-

368 603 545 658 vimus
614 618 710 657 eas
763 615 955 657 omnes
990 601 1077 655 hic
1125 599 1406 670 proferre:
1441 600 1619 670 primo
1657 597 1855 670 positis
1877 600 1946 655 iis

363 707 600 761 quorum
660 706 855 746 sensus
882 690 935 743 in
969 689 1219 743 notitiam
1281 688 1450 751 venit,
1503 697 1781 758 postremo
1820 687 1943 741 aliis

359 778 487 857 quae
517 786 781 839 hactenus
809 784 1007 853 ignotae
1037 782 1196 837 nobis
1227 789 1375 837 sunt.

438 874 707 942 Ἕξαπλᾶ,
739 872 1004 943 Hexapla.
1046 871 1172 928 Haec
1204 887 1308 926 vox
1343 873 1425 927 sic
1454 872 1575 927 sine
1622 872 1945 941 compendio

362 981 578 1037 semper
625 965 928 1021 scribitur:
987 965 1283 1034 aliquando
1337 974 1518 1019 tamen
1582 963 1807 1029 Ἐξαπλ.
1850 978 1947 1033 per

360 1070 555 1113 omnes
598 1068 783 1121 casus,
819 1054 966 1124 qui,
1021 1063 1082 1108 ut
1135 1055 1475 1124 plurimum,
1549 1070 1642 1124 per
1697 1054 1945 1124 praemis-

362 1162 487 1205 sum
597 1147 887 1202 articulum
966 1145 1324 1215 indicantur,
1380 1148 1445 1200 τὰ
1536 1147 1754 1212 Ἑξαπλ.
1833 1150 1944 1213 τοῖς

375 1241 599 1307 Ἐξαπλ.

437 1332 878 1404 Δπ.’Τετραπλᾶ,
926 1332 1197 1403 Tetrapla,
1243 1333 1346 1389 hac
1402 1347 1641 1403 persaepe
1686 1342 1816 1388 nota
1850 1347 1947 1401 per

362 1437 556 1478 omnes
584 1437 745 1478 casus
771 1421 1173 1493 signiﬁcantur.
1194 1420 1456 1492 Exempla
1483 1439 1592 1478 non
1626 1438 1799 1493 pauca
1821 1422 1946 1477 vide

361 1514 419 1568 in
453 1514 597 1570 libro
623 1512 752 1569 'Job.
781 1514 1091 1584 Aliquando
1117 1514 1283 1569 etiam
1311 1515 1488 1570 solam
1515 1515 1751 1570 litteram
1777 1516 1817 1567 Δ
1865 1515 1943 1571 si-

362 1608 623 1678 gniﬁcare
646 1616 777 1677 puto
807 1606 1129 1680 Τετραπλᾶ·
1183 1608 1278 1663 sed
1326 1623 1413 1663 res
1446 1622 1555 1661 non
1601 1622 1780 1677 usque
1809 1608 1945 1663 adeo

361 1701 639 1771 explorata
673 1708 774 1756 est.
806 1698 940 1755 Vide
976 1714 1100 1770 quae
1133 1714 1196 1755 ea
1246 1699 1316 1754 de
1369 1715 1429 1754 re
1467 1699 1711 1754 diximus
1741 1696 1940 1751 Ezech.

365 1809 476 1858 xvr,
507 1809 562 1848 v.
586 1791 620 1847 4
648 1799 702 1847 ει
724 1791 814 1853 50.
849 1792 902 1846 in
933 1791 1099 1847 notis.

433 1889 496 1939 Ο.
524 1886 589 1939 0t
628 1882 1055 1956 Ἐὀδομήκοντα,
1081 1880 1813 1954 δεριυςιείηίενιηιετρτειεε.

433 1980 499 2034 Α.
544 1975 794 2041 Ἀκύλας,
840 1975 1059 2045 Aquila.

429 2066 494 2121 C.
532 2063 1265 2136 mppaxoc,‘Symmachus.

431 2160 494 2213 Θ.
528 2158 838 2222 Θεοδοτίων,
870 2155 1230 2212 Theodotion.

431 2251 495 2305 E.
527 2249 760 2320 Πέμπτη
793 2248 1024 2311 ἔκδυσις,
1052 2248 1252 2314 Quinta
1282 2247 1470 2303 editio.

434 2345 525 2410 (τ’.
554 2342 727 2413 Ἕκτη
761 2339 993 2405 ἕκδοσις,
1020 2338 1185 2395 Sexta
1220 2340 1408 2396 editio.

431 2437 492 2489 Ζ.
536 2434 771 2505 Ἑϐδόμη
804 2432 1036 2498 ἔκδυσις,
1070 2433 1314 2504 Septima
1345 2432 1533 2489 editio.

429 2524 476 2597 ὲ
511 2537 567 2583 ει
586 2529 679 2583 Δο.
721 2527 933 2595 Λοιποί,
968 2526 1181 2597 Reliqui
1231 2528 1575 2597 interpretes.
1612 2524 1714 2581 Ubi
1748 2527 1942 2582 adver-

361 2619 585 2674 tendum
614 2628 696 2673 est
732 2619 875 2672 hanc
904 2627 1087 2672 notam
1113 2618 1314 2689 apponi
1346 2617 1641 2687 aliquando
1668 2632 1794 2672 cum
1824 2632 1943 2671 om-

367 2708 467 2766 nes
495 2710 588 2763 alii
629 2709 952 2778 interpretes
978 2709 1031 2763 in
1057 2710 1311 2764 versione
1343 2724 1441 2765 sua
1478 2709 1835 2775 conveniunt,
1888 2714 1943 2763 et

363 2818 395 2856 a
420 2800 561 2855 LXX
592 2800 889 2855 diﬂ'erunt:
921 2800 1281 2871 similiterque
1309 2809 1432 2871 post
1456 2801 1674 2855 allatam
1708 2800 1938 2864 Aquilae,

365 2893 680 2966 Symmachi
710 2892 794 2947 vel
829 2891 1225 2948 Tbeodotionis
1286 2892 1618 2958 lectionem;
1666 2892 1713 2946 si
1745 2892 1940 2961 reliqui

364 2988 693 3056 interpretes
740 2985 860 3054 pari
912 2986 1077 3041 modo
1130 2999 1256 3039 cum
1314 2982 1457 3037 LXX
1494 2984 1938 3053 interpretentur,

358 3078 494 3134 ‘unc
520 3079 811 3148 apponitur
832 3085 958 3131 nota
982 3075 1035 3145 Α
1064 3093 1078 3144 ;
1119 3092 1217 3132 nec
1251 3091 1378 3132 raro
1401 3076 1584 3141 etiam,
1636 3092 1759 3133 cum
1790 3092 1943 3132 unus

362 3172 589 3227 omnino
617 3169 795 3227 diﬁ‘ert
822 3171 893 3225 ab
921 3170 1063 3234 aliis,
1099 3171 1279 3225 caeteri
1310 3179 1491 3225 autem
1531 3164 1753 3241 parva’m
1783 3171 1941 3225 exhi-

362 3265 493 3320 bent
519 3279 713 3319 vocum
737 3263 1182 3333 discrepantiam,
1216 3271 1346 3317 tunc
1391 3263 1536 3317 enim
1579 3262 1819 3334 neglecta
1851 3262 1941 3317 illa

362 3357 510 3413 tenui
542 3357 836 3412 lectionum
885 3354 1178 3421 varietate,
1241 3355 1407 3410 unius
1456 3355 1619 3409 lectio
1675 3354 1938 3418 aﬁ‘ertur,

359 3450 698 3519 praecedente
733 3458 862 3503 nota
911 3455 961 3519 έ,
996 3447 1080 3501 vel
1109 3446 1189 3511 λο,
1226 3447 1369 3516 quod
1402 3461 1511 3501 non
1544 3446 1709 3501 semel
1733 3445 1941 3516 experti

361 3556 597 3597 sumus:
634 3554 1031 3608 nonnunquam
1096 3538 1260 3592 etiam
1326 3536 1548 3607 quando
1594 3537 1705 3591 duo
1757 3537 1938 3591 solum

358 3630 849 3699 consentiunt;vel
879 3632 1042 3686 etiam
1069 3646 1193 3685 cum
1219 3641 1381 3685 tenue
1404 3630 1544 3684 inter
1571 3629 1723 3700 ipsos
1753 3630 1941 3686 discri-

360 3743 485 3782 men
525 3724 837 3791 intervenit,
900 3739 1009 3779 una
1059 3739 1160 3793 pro
1215 3723 1429 3779 duobus
1482 3723 1644 3777 lectio
1694 3724 1937 3793 ponitur,

360 3834 484 3875 eum
514 3827 641 3873 nota
668 3817 732 3871 Οἱ
753 3816 953 3870 λοιποί.
1002 3814 1272 3871 interdum
1304 3816 1431 3870 item
1452 3817 1500 3868 οἱ
1531 3815 1707 3869 λοιποί
1743 3815 1941 3871 dicitur

361 3908 585 3981 quando
616 3924 761 3965 unus
798 3917 1008 3963 tantum
1050 3908 1320 3978 interpres
1352 3907 1575 3962 allatam
1630 3909 1937 3963 versionem

363 4002 547 4067 habet,
569 4011 629 4056 ut
649 4000 911 4056 exemplis
937 4015 1078 4071 saepe
1111 4001 1464 4072 probavimus
1488 4001 1540 4055 in
1572 4000 1737 4072 hujus
1758 4001 1940 4072 operis

360 4096 616 4151 decursu.
1576 4092 1581 4096 '

432 4189 495 4242 Οἱ
522 4187 597 4252 1'",
623 4185 758 4242 Tres
781 4185 1124 4257 interpretes,
1162 4186 1369 4241 scilicet
1412 4187 1633 4257 Aquila,
1690 4186 1941 4259 Symmao

362 4277 500 4333 rhus
520 4287 574 4333 et
599 4276 922 4333 Theodotio.
960 4277 1263 4333 Rarissime
1284 4279 1470 4346 etiam,
1512 4279 1604 4334 ubi
1639 4280 1723 4335 vel
1744 4280 1941 4350 Aquila

364 4374 449 4429 vel
478 4366 622 4429 unus
655 4388 719 4428 ex
752 4373 948 4440 tribus,
973 4371 1479 4441 interpretationem
1525 4372 1685 4427 habet
1717 4387 1747 4427 a
1797 4371 1937 4425 LXX

2049 508 2207 578 longe
2232 507 2444 563 diversa
2472 508 2680 563 eratab
2712 506 2802 561 illa
2836 508 3027 578 Κοινῇ,
3062 506 3136 561 ita
3164 514 3222 561 ut
3250 506 3416 561 etiam
3442 507 3494 560 in
3522 522 3642 561 ma-

2045 598 2345 668 nuscriptis
2386 598 2495 654 τῶν
2527 600 2605 663 0',
2638 597 2935 652 editionem
2971 597 3357 662 referentibus,
3392 598 3447 651 in
3491 613 3640 652 mar-

2046 691 2171 760 gine
2201 693 2249 744 οἱ
2272 691 2350 757 0',
2378 691 2535 759 quasi
2571 689 2846 745 diversam
2874 690 3100 743 omnino
3130 689 3639 759 interpretationem

2046 782 2313 837 habentes
2343 797 2373 835 a
2409 780 2587 836 fronte
2618 781 2781 835 variae
2814 782 3066 837 lectionis
3097 796 3238 851 saepe
3267 792 3638 850 apponantur,

2046 888 2441 944 nonnunquam
2474 873 2598 938 soli,
2638 874 2729 928 sed
2763 873 3105 943 frequentius
3136 888 3263 927 cum
3312 872 3432 926 aliis
3464 872 3638 927 inter-

2044 964 2289 1035 pretibus
2350 964 2428 1019 sic
2461 981 2473 1017 :
2509 969 2584 1031 0’,
2624 966 2688 1029 Θ,
2726 967 2809 1019 vel
2846 967 2904 1032 Σ,
2948 966 3024 1032 O’,
3091 964 3150 1028 Θ,
3212 964 3296 1018 vel
3350 965 3415 1031 Α,
3458 964 3521 1031 Σ,
3554 948 3661 1029 Ο’,’

2045 1058 2107 1123 Θ,
2140 1058 2232 1111 ubi
2266 1057 2448 1112 littera
2505 1058 2561 1110 0'
2591 1058 2885 1113 editionem
2919 1057 3265 1126 hcxaplarem
3300 1056 3407 1110 τῶν
3437 1059 3492 1110 0'
3552 1056 3639 1112 si-

2043 1149 2283 1221 gniﬁcat.
2329 1150 2392 1203 Οἱ
2438 1151 2491 1201 Δ¹
2528 1159 2706 1204 autem
2753 1164 2861 1205 non
2908 1148 3218 1219 signiﬁcare
3268 1147 3540 1219 Tetrapla,
3574 1159 3640 1203 ut

2046 1242 2356 1311 suspicatur
2382 1240 2615 1297 Brianus
2646 1241 2934 1296 Waltonus
2962 1241 3016 1294 in
3047 1239 3382 1311 Appendice,
3416 1256 3470 1311 p.
3503 1241 3633 1301 ηδ.

2045 1333 2163 1403 ipse
2198 1333 2463 1387 articulus
2486 1333 2697 1402 probat.
2732 1330 3022 1401 Nunquam
3054 1332 3198 1387 enim
3228 1330 3432 1386 dicitur
3459 1333 3522 1385 Οἱ
3544 1348 3638 1385 τεο

2045 1422 2293 1495 τραπλοῖ,
2322 1425 2384 1476 Οἱ
2415 1422 2658 1490 ὲξαπλοῖ,
2690 1423 2783 1478 sed
2812 1424 2879 1477 τὰ
2908 1423 3218 1494 Τετραπλᾶ,
3262 1423 3331 1476 τὰ
3363 1420 3633 1489 Ἑξαπλᾶ.

2046 1515 2216 1586 Igitur
2251 1513 2775 1584 quemadmodumot
2803 1515 2877 1577 Γν,
2896 1516 2943 1567 oi
2970 1516 3148 1586 Τρεῖς,
3178 1516 3230 1568 id
3253 1527 3359 1580 εει,
3389 1513 3515 1569 Tres
3544 1516 3637 1569 in-

2049 1617 2316 1677 terpretes,
2336 1607 2416 1661 sic
2439 1615 2587 1671 nota,
2616 1610 2664 1661 ot
2695 1610 2770 1669 A',
2796 1610 2842 1661 oi
2866 1608 3156 1678 Τέτταρες,
3183 1606 3426 1673 Quatuor
3461 1611 3636 1663 inter-

2047 1710 2216 1771 pretes
2260 1700 2554 1771 signiﬁcat,
2601 1709 2657 1755 et
2684 1701 2926 1771 quidem,
2966 1709 3027 1755 ut
3048 1707 3258 1756 certum
3297 1699 3638 1769 κήδειοι-,ευ

1974 1773 2022 1833 Β
2050 1808 2160 1863 quo
2187 1807 2354 1862 supra
2376 1792 2617 1846 diximus
2647 1791 2828 1846 modo.

2074 1912 2079 1915 -
2118 1886 2184 1940 Π.
2222 1884 2347 1939 llaec
2370 1884 2545 1938 littera
2574 1883 2842 1955 signiﬁcat
2869 1882 3167 1947 πάντες,ὶά
3196 1891 3299 1949 est,
3334 1898 3523 1939 omnes
3548 1883 3640 1938 io-

2047 1986 2310 2047 terpretes
2344 1991 2489 2045 :qua
2531 1976 2600 2030 de
2626 1990 2687 2029 re
2722 1975 2868 2029 nulla
2919 1976 3031 2045 jam
3074 1984 3279 2045 potest
3324 1990 3444 2031 esse
3488 1975 3635 2031 dini-

2047 2071 2257 2136 cultas;
2316 2067 2585 2139 siquidem
2647 2067 2740 2122 ubi
2783 2068 2953 2122 codex
2996 2066 3311 2122 Basiliensis
3342 2067 3388 2120 Π
3443 2067 3633 2132 habet,

2046 2162 2419 2219 Goislinianus
2446 2161 2651 2230 passim
2683 2161 2885 2223 πάντες
2907 2174 3165 2229 expresse
3189 2160 3368 2214 refert.
3393 2158 3638 2215 Joannes

2047 2254 2336 2309 Curterius
2369 2252 2695 2308 Praefatione
2719 2253 2771 2306 in
2797 2250 3122 2321 Procopium
3154 2260 3309 2321 putat
3336 2251 3631 2322 legendum

2046 2347 2351 2419 Πάμφιλος,
2393 2346 2728 2416 Pamphilus,
2781 2359 2974 2415 nempe
3004 2356 3210 2416 martyr
3244 2345 3332 2401 ille
3376 2342 3631 2415 qui’cum

2045 2440 2283 2496 Eusebio
2335 2438 2591 2509 Hexaplis
2620 2437 2976 2493 emendandis
3008 2448 3063 2492 et
3093 2438 3432 2493 illustrandis
3462 2453 3636 2494 vaca-

2045 2534 2142 2587 vit.
2193 2531 2260 2586 Et
2306 2531 2527 2602 quidem
2581 2545 2778 2600 negare
2827 2544 2936 2584 non
2990 2530 3169 2584 ausim
3218 2529 3360 2584 hanc
3378 2529 3632 2586 litteram

2044 2625 2328 2696 Pamphilo
2361 2622 2650 2678 indicando
2678 2637 3064 2691 nonnunquam
3104 2621 3373 2690 deputari,
3402 2630 3462 2677 ut
3511 2622 3627 2695 Ὦρ.

2048 2719 2324 2787 Origenem
2371 2715 2672 2787 signiﬁcat;
2710 2713 2807 2769 sed
2859 2713 3068 2768 nullum
3117 2713 3298 2768 adhuc
3333 2728 3398 2769 ea
3439 2713 3508 2767 de
3569 2728 3632 2768 re

2044 2812 2395 2883 perspicuum
2442 2789 2749 2877 eieinplum
2789 2805 3028 2861 occurrit
3069 2805 3227 2870 mihi,
3268 2806 3628 2875 quamobrem

2045 2920 2134 2959 res
2168 2903 2222 2956 in
2245 2900 2416 3001 dubio
2437 2908 2709 3001 versatur.

2112 3002 2159 3054 Π
2180 3018 2257 3072 χω
2278 2980 2420 3071 vel;
2457 2967 2554 3054 Bia.)
2602 3015 2685 3062 ου,
2716 2998 2915 3068 saepius
2971 3012 3098 3053 vero
3125 2997 3335 3068 legitur
3366 2967 3477 3052 πῖιν
3525 3014 3629 3069 pro

2043 3094 2113 3148 II.
2146 3092 2240 3147 ila;
2270 3101 2413 3147 noue
2465 3105 2704 3161 persaepe
2756 3098 3056 3144 occurrunt
3105 3090 3161 3145 in
3213 3090 3307 3144 lib.
3331 3088 3512 3145 Judic.
3558 3091 3629 3146 ad

2050 3198 2223 3253 marg.
2274 3182 2395 3236 cod.
2435 3179 2630 3247 Basil.,
2663 3190 2718 3234 et
2757 3180 3049 3251 aliquando
3103 3179 3185 3234 sic
3222 3178 3406 3252 διωρθ.
3437 3197 3519 3233 ου.
3554 3182 3623 3235 Π.

2046 3291 2144 3343 χω,
2179 3287 2302 3342 qua:
2340 3272 2612 3326 interdum
2645 3271 2980 3340 conjunctim
3007 3269 3197 3339 positae
3224 3278 3371 3333 sunt,
3402 3285 3512 3324 non
3542 3270 3629 3324 in-

2044 3364 2358 3433 frequenter
2382 3365 2545 3418 etiam
2571 3372 2914 3433 separantur.
2948 3361 3337 3432 Earumporro
3359 3362 3628 3433 interpre-

2045 3458 2304 3511 tationem
2336 3457 2693 3527 conjectando
2725 3456 2976 3511 dedimus
3004 3456 3058 3510 in
3084 3465 3209 3510 nota
3231 3456 3296 3510 ad
3318 3454 3444 3510 Jud.
3466 3472 3506 3521 i,
3534 3456 3624 3518 ιι,

2046 3551 2121 3606 ita
2149 3560 2208 3605 ut
2233 3531 2367 3621 διῶρ
2394 3549 2660 3620 signiﬁcet
2688 3547 2994 3620 διώρϐωσα,
3025 3549 3316 3611 emendavi,
3366 3564 3478 3619 quo
3525 3564 3626 3619 pa-

2044 3657 2134 3699 cto
2163 3643 2360 3713 legitur
2405 3642 2459 3696 in
2492 3641 2736 3713 margine
2775 3641 2979 3696 codicis
3007 3639 3122 3694 RR.
3152 3639 3260 3695 PP.
3286 3639 3626 3696 Jesuitarum

2042 3728 2239 3786 Ezccli.
2286 3746 2403 3800 cap.
2435 3747 2557 3798 ην,
2611 3748 2662 3795 v,
2709 3730 2798 3797 12,
2857 3731 2930 3784 ita
2961 3737 3019 3784 ut
3055 3731 3203 3785 nulla
3235 3730 3381 3785 circa
3436 3741 3623 3786 notam

2043 3822 2186 3878 hanc
2222 3822 2510 3877 diﬁicultas
2543 3837 2830 3892 superesse
2853 3821 3119 3884 videatur,
3142 3836 3203 3873 ου
3237 3820 3505 3889 signiﬁcet
3532 3818 3626 3873 οὗ·

2042 3930 2170 3977 τως,
2207 3914 2305 3967 sic.
2350 3911 2448 3967 Ubi
2481 3919 2638 3968 notes
2670 3910 2867 3983 διωρθ.
2904 3925 3298 3980 nonnunquam
3332 3911 3459 3981 poni
3505 3910 3625 3968 sine

2042 4006 2336 4077 subjuncto
2370 4023 2430 4059 ου
2452 4022 2467 4036 ο
2503 4020 2846 4076 perspectum
2873 4020 3005 4060 vero
3039 4003 3172 4058 mihi
3197 4002 3408 4058 videtur
3430 4002 3619 4075 διωρθ.

2042 4119 2125 4155 ου.
2178 4099 2495 4171 signiﬁcare
2546 4098 2835 4170 διώρθωσα
2879 4097 3074 4163 οὕτως,
3120 4097 3388 4151 emendavi
3425 4097 3526 4164 sic,
3570 4107 3624 4152 et

2044 4209 2164 4264 cap.
2199 4208 2276 4259 ιι,
2304 4195 2359 4263 ᾗ.
2407 4193 2495 4258 54,
2526 4191 2713 4263 διωρθ,
2734 4192 3013 4263 ἀγαπητὴ,
3039 4190 3327 4256 emendavi,
3345 4190 3622 4261 ἀγαπητὴ,

2043 4285 2257 4351 dilecta,
2302 4285 2428 4355 quia
2463 4284 2615 4354 prius
2650 4283 2929 4354 legebatur
2961 4281 3275 4353 μονογενής,
3326 4282 3619 4352 unigenita.

2044 4373 2181 4431 Nota
2215 4390 2344 4429 vero
2379 4375 2426 4427 II
2449 4374 2718 4445 signiﬁcat
2747 4372 2891 4427 haud
2914 4371 3076 4426 dubie
3105 4372 3321 4437 πάντες,
3339 4386 3516 4426 omnes
3541 4372 3623 4426 iu-

363 4467 662 4530 diversam,
695 4475 747 4521 et
789 4463 936 4519 LXX
967 4479 1091 4519 cum
1143 4464 1264 4519 aliis
1311 4464 1527 4520 duobus
1580 4465 1935 4531 conveniunt,

2047 4477 2317 4538 terpretes,
2358 4476 2419 4520 ut
2459 4481 2526 4520 ex
2559 4465 2887 4535 supradictis
2941 4463 3208 4534 liquidum
3256 4473 3339 4518 eat
3376 4480 3390 4515 :
3423 4478 3526 4533 χω,
3569 4462 3623 4517 id

363 4568 499 4615 tunc
551 4562 600 4613 οἱ
655 4559 707 4611 I"
769 4557 1077 4628 signiﬁcare
1120 4563 1351 4625 possunt
1380 4555 1521 4609 LXX
1557 4568 1611 4611 et
1639 4557 1778 4611 duos
1802 4557 1939 4612 alios

364 4651 610 4707 eamdem
629 4651 916 4705 lectionem
936 4649 1227 4713 habentes;
1247 4648 1391 4719 quod
1410 4660 1743 4719 postremum
1758 4657 1941 4705 tamen

364 4744 707 4814 exploratum
729 4743 909 4797 adhuc
934 4755 1047 4817 non
1080 4749 1184 4797 est.
1211 4739 1444 4795 Brianus
1470 4740 1762 4797 Waltonus
1786 4749 1942 4811 putat

366 4846 551 4891 notam
609 4835 659 4888 οἱ
701 4835 754 4887 Γ¹
786 4834 924 4889 alios
978 4843 1092 4888 tres
1148 4834 1472 4903 interpretes
1522 4835 1785 4897 indicare,
1829 4849 1939 4888 non

367 4923 643 4993 Aquilam,
684 4920 916 4993 Symm.,
966 4930 1020 4977 et
1075 4919 1369 4987 TheodoL,
1408 4926 1503 4980 sed
1553 4940 1620 4979 ne
1669 4925 1941 4995 probabili

368 5018 583 5090 quidem
620 5016 834 5072 ratione
860 5016 1078 5085 ductus,
1104 5026 1164 5072 ut
1196 5018 1334 5074 infra
1363 5020 1701 5090 probabitur.

436 5108 499 5161 Οἱ
529 5108 603 5171 Δ’,
638 5106 884 5174 Quatuor
920 5107 1264 5179 interpretes.
1313 5109 1438 5166 Haec
1489 5120 1615 5165 nota
1657 5110 1943 5181 aliquoties

368 5200 604 5256 occurrit
643 5200 696 5254 in
738 5198 957 5263 Hesaia,
997 5208 1056 5255 ut
1092 5215 1212 5271 cap.
1263 5218 1339 5266 ix,
1381 5203 1435 5273 Ῡ.
1474 5203 1561 5268 14,
1606 5203 1698 5257 ubi
1732 5204 1799 5258 ad
1829 5204 1946 5259 haec

367 5291 631 5349 Hebraica
657 5293 841 5358 verba,
861 5302 1036 5352 imi-in
1060 5303 1177 5360 im,
1210 5294 1405 5362 legitur
1437 5294 1579 5365 apud
1613 5295 1943 5361 Curterium,

332 5416 337 5423 τ
368 5382 430 5437 οε
460 5384 532 5449 Δ’,
564 5381 722 5447 αὐτός
747 5385 980 5457 κεφαλή,
1005 5385 1097 5440 ubi
1129 5386 1182 5439 in
1208 5383 1348 5437 LXX
1377 5384 1633 5440 editionis
1663 5383 1945 5452 Romanae,

366 5474 503 5545 αὕτη
530 5475 564 5545 ἡ
594 5475 754 5546 ἀρχή.
802 5474 903 5530 Hic
940 5485 1121 5531 autem
1165 5476 1229 5529 Οἱ
1262 5478 1315 5528 Δ’
1348 5490 1455 5531 non
1485 5475 1676 5531 dubito
1708 5477 1840 5545 quin
1872 5478 1948 5531 si-

363 5569 623 5640 gniﬁcent
652 5579 884 5636 quatuor
900 5569 1119 5625 Graecos
1142 5570 1465 5640 interpretes
1482 5572 1577 5642 qui
1597 5572 1651 5625 in
1688 5570 1948 5641 Hexaplis

362 5667 521 5713 erant
536 5674 730 5728 nempe
753 5660 840 5725 A.,
860 5660 942 5727 Σ.,
966 5662 1042 5725 0',
1072 5661 1133 5714 Θ.
1162 5660 1342 5715 Altera
1373 5677 1502 5716 vero
1527 5664 1707 5726 lectio,
1742 5662 1879 5735 αὕτη
1911 5665 1944 5735 ἡ

364 5750 529 5820 ἁρχὴ.
565 5755 682 5803 erat
706 5747 804 5818 τῆς
842 5749 1061 5820 Κοινῆς,
1089 5764 1185 5805 seu
1209 5748 1450 5821 Vulgata:
1482 5751 1756 5807 editionis.
1786 5752 1944 5823 Nam,

2040 4571 2142 4629 est,
2172 4569 2233 4616 ut
2262 4575 2495 4631 ‘prorsus
2536 4559 2809 4625 existimo,
2858 4558 3047 4631 χωρίς,
3089 4557 3393 4626 separatim.
3453 4555 3530 4611 Ita
3564 4565 3626 4612 ut

2041 4654 2125 4708 hae
2168 4664 2309 4708 nota:
2336 4637 2468 4721 διῶρ
2496 4668 2581 4719 ου,
2607 4651 2675 4703 Π.
2701 4669 2802 4722 χω,
2826 4652 2941 4706 sive
2960 4650 3313 4719 conjunctim,
3338 4650 3454 4704 sive
3474 4663 3628 4719 sepao

2042 4744 2203 4799 ratim
2236 4744 2448 4813 positae,
2483 4741 2791 4813 signiﬁcent
2836 4741 3105 4796 emendavi
3139 4740 3234 4807 sic,
3268 4754 3444 4794 omnes
3467 4754 3626 4810 sepa-

2043 4838 2224 4902 ratim,
2254 4836 2306 4892 id
2335 4845 2440 4901 est,
2470 4851 2661 4891 omnes
2693 4837 3016 4905 interpretes
3057 4832 3349 4905 separatim
3392 4833 3626 4903 spectati

2045 4930 2125 4986 sic
2146 4929 2366 4984 habent.
2393 4927 2514 4982 Dixi
2548 4928 2601 4981 in
2628 4936 2756 4981 nota
2779 4925 2904 4982 Jud.
2940 4943 3061 4998 cap.
3088 4943 3126 4994 ι,
3159 4928 3212 4998 ᾖ.
3238 4926 3324 4993 14,
3356 4924 3625 4981 editiones

2048 5022 2338 5093 separatim
2373 5022 2458 5077 vel
2506 5022 2737 5078 seorsim
2773 5021 3001 5090 positas,
3042 5036 3148 5074 non
3178 5035 3273 5075 eas
3317 5019 3628 5089 signiﬁcare

2045 5129 2167 5185 quae
2200 5114 2251 5168 in
2285 5113 2541 5184 Hexaplis
2585 5114 2774 5183 positae
2797 5121 2973 5178 erant,
3013 5112 3106 5166 ubi
3140 5111 3351 5181 aliquot
3384 5109 3627 5167 fortasse

2048 5206 2383 5261 mutationes
2421 5206 2647 5260 invectae
2681 5204 2917 5270 fuerant,
2955 5204 3050 5259 sed
3078 5218 3173 5259 eas
3204 5218 3324 5273 quae
3358 5205 3627 5273 separatis

2047 5297 2101 5351 in
2136 5297 2291 5352 libris
2319 5296 2605 5366 descriptae
2628 5306 2815 5360 erant;
2844 5310 3034 5348 verum
3066 5309 3125 5349 re
3155 5294 3467 5365 diligentius
3493 5309 3629 5350 exa-

2048 5391 2274 5453 minata,
2306 5388 2657 5444 verisimilius
2695 5402 2816 5443 esse
2842 5396 2976 5458 puto
3005 5402 3098 5442 cas
3124 5386 3271 5456 ipsas
3290 5401 3411 5456 qua:
3432 5385 3487 5439 in
3521 5383 3629 5440 He-

2050 5482 2227 5553 xaplis
2260 5481 2546 5552 descripta:
2569 5490 2727 5535 erant
2759 5480 2847 5536 hic
2874 5480 3123 5536 indicari.
3152 5478 3251 5534 Vix
3276 5482 3419 5533 enim
3440 5480 3630 5534 crede-

2048 5588 2161 5628 rem
2192 5572 2447 5628 librarjos
2476 5578 2530 5625 et
2550 5569 2874 5625 scholiastas
2899 5571 2992 5641 qui
3027 5570 3327 5636 notas.illas
3355 5570 3627 5640 margina-

2048 5664 2127 5719 les
2165 5663 2503 5725 invexerunt,
2552 5669 2748 5732 prarter
2796 5661 3060 5735 Herapla,
3112 5664 3179 5718 ad
3215 5678 3436 5718 manum
3462 5662 3625 5717 etiam

2052 5756 2309 5812 habuisse
2344 5756 2608 5813 editiones
2646 5764 2928 5826 separatas
2962 5755 3357 5826 distinctasque
3394 5755 3625 5825 Aquilae,
