3832 6214
265 311 374 366 109

1502 308 1566 362 IN
1606 304 1933 362 HEXAPLA
1969 301 2312 359 ORIGENIS.

3414 304 3520 361 110

224 482 237 491 ,
267 432 583 504 Symmachi
644 442 698 487 et
747 431 1153 487 Theodotionis.
1209 430 1410 487 Vocem
1480 439 1660 486 autem
1735 448 1842 503 χωιτ
1870 434 1917 486 Α
1945 424 2139 494 Aquila
2196 423 2279 477 vel
2332 421 2716 494 Symmachus,
2769 423 2850 479 vel
2880 421 3181 481 Theodotio
3224 438 3348 480 cum
3375 424 3518 481 LXI

266 526 375 599 ρις,
405 527 713 594 separatim,
739 525 864 581 ideo
885 526 1205 596 apposuisse
1226 526 1477 580 videntur
1501 535 1558 580 ut
1578 525 1845 580 editiones

265 620 391 675 illas
420 621 775 688 interpretum
807 621 1204 691 distinguerent
1235 637 1266 676 a
1296 621 1624 676 lectionibus
1652 635 1843 675 eorum

263 726 392 781 qua:
422 711 476 765 in
499 711 740 767 editione
786 712 896 765 τῶν
922 717 978 766 0'
1010 713 1287 783 hexaplari
1315 729 1439 769 cum
1469 713 1747 768 asteriscis
1769 713 1845 767 in-

266 809 427 857 serta:
450 799 686 865 fuerant,
710 817 831 871 quae
859 803 1116 857 lectiones
1137 818 1244 865 non
1271 804 1381 872 iam
1416 804 1730 872 separatim,
1750 804 1845 859 sed

263 891 603 961 coniunctim
666 908 791 947 cum
844 893 935 947 illa
1002 893 1141 947 LXX
1199 894 1558 964 lnterpretum
1610 896 1849 951 editione

264 985 656 1053 spectabantur
681 1002 696 1038 :
722 984 852 1038 illud
877 1000 1004 1039 vero
1032 985 1144 1054 iam
1180 987 1335 1055 quasi
1360 1001 1459 1055 pro
1486 998 1635 1041 certo
1667 995 1721 1041 et
1750 1002 1847 1041 ex-

266 1075 484 1147 plorato
528 1076 720 1130 habeo.
779 1074 849 1130 Ut
900 1079 966 1131 ad
1020 1078 1363 1146 supradictas
1421 1088 1580 1132 notas
1629 1080 1847 1133 redeam

265 1166 395 1222 Iud.
425 1183 463 1231 ι,
493 1183 548 1221 v.
571 1168 661 1231 2t,
694 1168 784 1222 ubi
809 1168 867 1221 in
903 1177 1052 1223 textu
1079 1169 1275 1235 legitur
1297 1170 1760 1241 ἐκληρονόμησαν,
1793 1171 1847 1224 in

268 1261 518 1329 margine
563 1262 769 1315 codicis
802 1260 1120 1317 Basiliensis
1150 1262 1345 1331 legitur
1376 1261 1598 1333 ὲξῇραν,
1636 1272 1689 1318 et
1722 1278 1848 1317 mox

271 1353 530 1423 adjicitur
551 1338 682 1420 πᾶν,
707 1354 762 1407 id
786 1361 890 1417 est,
916 1370 1088 1408 omnes
1111 1356 1187 1408 sic
1208 1354 1418 1419 habent,
1444 1354 1642 1427 ὲξῇραν
1661 1356 1851 1411 videli-

270 1457 378 1509 cet,
401 1455 454 1500 et
482 1446 563 1501 sic
596 1462 739 1516 saepe
776 1446 884 1501 πᾶν
918 1448 1095 1502 solum
1116 1450 1356 1517 ponitur.
1389 1448 1455 1501 Et
1474 1464 1529 1503 v.
1551 1448 1643 1511 27,
1676 1450 1767 1504 ubi
1793 1450 1848 1504 in

268 1543 423 1590 textu
453 1534 768 1591 Basiliensis
810 1538 1007 1607 legitur
1034 1536 1217 1609 ἐξῇρε,
1275 1539 1328 1592 in
1367 1554 1542 1609 marg.
1594 1539 1846 1604 habelur,

268 1627 692 1699 ικληρονόμησε,
711 1644 835 1683 cum
856 1630 1143 1699 subiuncta
1165 1640 1314 1697 nota,
1334 1647 1493 1686 παντ.
1513 1649 1609 1702 χω.
1627 1631 1850 1697 πάντες

269 1721 472 1789 χωρίς,
494 1736 602 1791 qua
631 1721 967 1791 signiﬁcatur
990 1738 1182 1779 omnes
1212 1723 1533 1793 interpretes
1558 1726 1847 1794 separatim

269 1812 329 1867 in
356 1813 624 1867 coiumnis
660 1814 779 1869 suis
826 1823 1114 1884 spectatos,
1158 1815 1592 1887 ἐκληρονόμησεν
1629 1818 1850 1883 habere,

265 1914 330 1962 et
367 1905 445 1961 sic
486 1906 781 1962 identidem
811 1908 1000 1962 eadem
1033 1918 1159 1962 nota
1189 1926 1347 1963 παντ.
1383 1928 1483 1980 χω.
1518 1910 1756 1979 ponitur.
1788 1912 1856 1969 Et

268 2012 396 2068 cap.
440 2014 505 2061 tt,
543 2014 597 2051 v.
623 2000 678 2065 9,
732 1998 789 2053 in
827 2007 976 2053 textu
1007 1999 1250 2069 ejusdem
1297 2000 1504 2057 codicis
1545 2001 1760 2073 legitur,
1799 2005 1855 2056 ὲν

267 2089 648 2163 Θαμναθαρές,
673 2092 764 2145 ubi
790 2092 855 2146 ad
886 2092 1184 2161 marginem
1209 2091 1438 2146 habetur
1482 2092 1642 2148 πάντ.
1674 2111 1757 2147 ου.
1786 2094 1857 2147 ἐν

271 2182 666 2251 θαμναθαρές,
712 2198 836 2254 quae
864 2192 1009 2238 certe
1032 2184 1166 2238 nihil
1202 2184 1349 2239 aliud
1387 2184 1696 2253 signiﬁcare
1728 2201 1857 2255 pos-

271 2283 595 2344 suntquam
627 2290 819 2330 omnes
856 2276 936 2331 sic
966 2276 1166 2331 habere
1207 2279 1264 2329 ὲν
1294 2276 1672 2349 Θαμναθαρές.
1711 2278 1857 2333 Lon-

270 2382 341 2433 ge
360 2366 690 2421 difﬁciliores
726 2367 995 2436 explicata
1029 2375 1158 2423 sunt
1183 2369 1301 2423 alia:
1324 2379 1464 2423 notas
1496 2369 1619 2423 eod.
1647 2384 1765 2439 cap.
1800 2386 1853 2435 v,

274 2458 366 2523 13,
390 2458 482 2513 ubi
508 2460 572 2514 ad
603 2458 758 2522 illud,
786 2458 865 2530 τῷ
888 2459 1057 2523 Βαάλ,
1079 2461 1275 2530 legitur
1300 2461 1402 2515 hac
1426 2459 1619 2515 l‘orma.

873 2552 935 2606 θ’.
970 2552 1068 2623 τῷ.
1096 2553 1142 2606 ὀ.
1174 2555 1264 2624 τῇ.

875 2646 925 2699 ό.
961 2665 1062 2717 χω.
1092 2645 1145 2700 θ.
1172 2664 1255 2700 ου.

349 2737 456 2793 Ubi
488 2739 637 2809 prior
671 2748 799 2795 nota
846 2741 989 2795 haud
1021 2741 1182 2796 dubie
1218 2741 1487 2812 signiﬁcat
1528 2741 1858 2799 Theodolio-

276 2845 404 2886 nem
425 2831 621 2903 legere,
645 2833 723 2904 τῷ
748 2834 916 2901 Βαάλ,
942 2833 1083 2888 LXX
1117 2850 1244 2889 vero
1271 2838 1337 2907 τῇ
1371 2836 1536 2889 Βαάλ.
1561 2835 1698 2891 Nota
1728 2851 1858 2891 vero
1920 2834 1947 2867 '-

277 2936 517 2992 sequens
547 2940 669 2994 qua:
691 2926 770 2980 sic
796 2927 1090 2996 exponitur
1119 2931 1182 2979 0.
1213 2928 1400 2999 χωρίς.
1432 2928 1476 2981 θ’
1506 2927 1698 2992 οὕτως,
1726 2928 1858 2997 quid

277 3015 386 3069 sibi
415 3016 543 3070 velit
568 3030 674 3070 non
697 3018 833 3073 satis
861 3018 1124 3090 intelligo.
1158 3016 1283 3073 Haec
1314 3032 1444 3073 vero
1487 3029 1615 3073 nota
1653 3019 1857 3090 passim

1950 525 2259 572 consonant
2285 527 2339 570 et
2381 517 2667 572 lectionem
2694 517 2895 572 habent
2919 517 3163 572 eamdem
3196 532 3319 587 qua
3349 518 3404 571 in
3438 526 3522 573 te-

1950 616 2046 662 xtu
2077 606 2186 661 τῶν
2218 610 2275 661 0'
2306 608 2521 678 legitur,
2555 608 2610 661 in
2638 608 2885 676 margine
2913 606 3170 662 scribitur
3201 608 3265 660 Α.
3300 607 3361 660 τὸ
3386 606 3519 671 ἔσω.

1951 701 2010 753 Σ.
2048 700 2108 753 τὸ
2156 699 2284 764 ἔσω,
2320 699 2375 754 id
2404 708 2510 765 est,
2539 699 2735 768 Aquila
2764 698 2849 752 vel
2889 698 3249 769 Symmachus
3288 699 3524 769 idipsum

1952 791 2176 857 habent,
2227 791 2374 861 quod
2421 791 2567 846 intus
2596 791 2709 845 sive
2738 790 2792 843 in
2822 798 2967 844 textu
3007 790 3220 859 legitur.
3259 787 3529 846 Peculiari

1952 893 2133 936 autem
2160 882 2322 939 modo
2347 890 2567 936 notatur
2603 881 2779 950 lReg.
2814 897 2940 946 xxv,
2966 882 3056 948 51,
3085 882 3177 936 ubi
3210 880 3437 939 Coislin.
3472 880 3527 935 in

1953 982 2103 1026 textu
2136 973 2245 1027 τῶν
2272 974 2349 1040 θ’,
2377 958 2678 1047 βδέλυγμός
2708 974 2780 1028 ita
2812 974 3028 1043 punctis
3057 981 3305 1027 notatum
3333 972 3527 1037 habet;

1951 1062 2006 1117 in
2027 1065 2272 1135 margine
2292 1081 2416 1121 vero
2436 1067 2502 1120 A.
2532 1066 2596 1121 Θ.
2619 1065 2682 1118 τὸ
2703 1065 2832 1129 ἔσω,
2865 1065 2917 1119 id
2941 1072 3049 1134 est,
3074 1064 3269 1133 Aquila
3289 1073 3343 1117 et
3362 1062 3532 1116 Theo-

1950 1155 2101 1210 dotio
2134 1158 2334 1213 habent
2365 1173 2428 1214 ea
2474 1173 2598 1228 quae
2620 1158 2785 1221 intus,
2822 1157 2936 1212 sive
2974 1156 3029 1210 in
3065 1166 3211 1209 textu
3236 1163 3385 1218 sunt,
3418 1169 3528 1209 non

1951 1256 2135 1302 notata
2158 1251 2396 1319 punctis,
2423 1266 2619 1321 nempe
2645 1250 2871 1321 λυγμὸς.
2907 1247 2974 1303 Et
3002 1263 3128 1304 vere
3159 1247 3251 1302 alii
3271 1263 3403 1303 mss.
3434 1247 3531 1302 ha-

1952 1339 2080 1394 bent
2115 1344 2180 1395 A.
2212 1341 2276 1395 Θ.
2311 1343 2537 1414 λυγμός,
2573 1343 2859 1413 singultus.

2029 1414 2139 1557 (ιβ.
2170 1457 2381 1515 Hesaiae
2409 1475 2519 1525 xiv,
2543 1475 2595 1511 v.
2618 1457 2671 1521 6,
2703 1464 2759 1511 et
2790 1454 2919 1510 alibi
2939 1470 3081 1525 saepe
3115 1454 3384 1525 signiﬁcat
3406 1450 3530 1510 Ori-

1952 1550 2136 1625 genes,
2184 1562 2244 1608 ut
2304 1553 2543 1608 diximus
2611 1550 3030 1622 Palwographiw
3083 1550 3283 1605 (ἐνωοω
3308 1564 3361 1619 p.
3401 1550 3532 1606 225.

1952 1646 2192 1704 Joannes
2218 1646 2504 1703 Curterius
2529 1645 2677 1700 illam
2704 1645 2896 1715 siglam
2922 1644 3192 1714 expressit
3242 1659 3339 1713 per
3385 1643 3530 1700 litte-

1953 1756 2071 1795 ram
2112 1742 2175 1805 Φ,
2207 1740 2352 1810 quod
2386 1748 2569 1793 notam
2598 1738 2802 1793 codicis
2830 1736 3203 1796 Marchaliani,
3240 1751 3385 1789 nunc
3413 1734 3531 1791 RR.

1959 1831 2064 1886 PP.
2089 1832 2441 1897 Jesuitarum,
2472 1846 2579 1885 non
2607 1830 2948 1901 intelligeret.
2970 1827 3106 1883 Nam
3136 1828 3210 1884 ibi
3237 1828 3317 1884 sic
3345 1838 3533 1884 notata

1958 1922 2269 1995 depingitur
2298 1931 2494 1977 uteam
2532 1921 2621 1976 hic
2646 1921 3039 1990 expressimus.

2026 1999 2091 2070 (fit
2116 2016 2505 2087 ἀνεπίγραφος.
2543 2013 2694 2069 Hanc
2726 2023 2912 2069 notam
2964 2013 3341 2084 apponendam
3373 2013 3537 2070 duxi-

1958 2124 2103 2174 mus,
2130 2109 2259 2180 quia
2284 2109 2552 2176 Nobilius,
2580 2124 2644 2163 ac
2676 2116 2799 2178 post
2819 2123 2944 2163 eum
2988 2108 3217 2164 Drusius
3249 2109 3535 2165 existima-

1957 2209 2106 2267 runt,
2152 2201 2240 2256 hic
2268 2202 2566 2274 ἀνέσπερον
2594 2200 2906 2271 signiﬁcari,
2943 2215 3171 2271 esseque
3207 2216 3406 2257 nomen
3439 2218 3539 2257 cu-

1955 2291 2173 2362 iusdam
2197 2294 2508 2363 interpretis
2537 2293 2622 2347 vel
2644 2293 2973 2359 scholiastze,
2998 2308 3160 2363 quem
3195 2294 3535 2364 Anesperum

1957 2396 2177 2444 vocant.
2209 2386 2490 2457 Signiﬁcat
2518 2395 2696 2440 autem
2730 2385 3056 2453 Anongmus,
3087 2385 3172 2439 vel
3210 2384 3277 2439 ad
3303 2385 3536 2440 litteram

1957 2478 2382 2549 Anepigraphus,
2442 2476 2554 2531 sive
2599 2477 2712 2529 sine
2757 2476 2987 2528 auctoris
3047 2457 3343 2546 epigtaphc.
3399 2475 3537 2531 Vide

1957 2568 2120 2624 Num.
2147 2584 2266 2638 cap.
2306 2582 2455 2632 xxxx,
2484 2566 2538 2635 ᾖ.
2566 2564 2653 2619 16.
2686 2564 2755 2619 Ut
2782 2575 2961 2618 autem
2992 2564 3135 2618 scias
3165 2573 3425 2633 quantam
3445 2580 3538 2618 er—

1959 2678 2145 2717 rorum
2183 2661 2375 2716 silvam
2424 2664 2539 2713 haec
2570 2667 2698 2712 uota
2731 2656 2811 2711 sic
2841 2656 3015 2725 posita
3046 2657 3333 2725 pepererit,
3365 2672 3538 2726 pauca

1960 2754 2265 2809 exscribam
2297 2768 2362 2807 ex
2398 2750 2751 2805 adnotatione
2772 2747 3005 2818 quadam
3035 2756 3225 2802 nostra
3263 2748 3316 2801 in
3348 2750 3538 2804 codice

1959 2845 2560 2909 Coisliniano,numero
2588 2841 2636 2895 5.
2670 2839 2870 2894 Eodem
2889 2839 2943 2893 in
2969 2839 3175 2906 codice,
3204 2839 3298 2910 qui
3326 2848 3411 2895 est
3434 2838 3542 2895 Ca-

1961 2947 2084 2992 tena
2135 2939 2188 2990 in
2221 2936 2541 2998 Leviticum,
2586 2930 2875 2996 Numeros,
2916 2940 3045 2996 etc.,
3070 2930 3351 3001 imperitus
3374 2930 3544 2985 libra-

1965 3031 2081 3084 rius
2102 3029 2196 3099 qui
2222 3028 2470 3083 codicem
2501 3025 2741 3095 scripsit,
2775 3025 2921 3078 illam
2968 3031 3152 3077 notam
3208 3024 3262 3076 in
3296 3023 3539 3090 antigra-

275 3109 542 3178 repetitur
568 3127 581 3161 :
612 3108 753 3164 forte
778 3110 1049 3179 signiﬁcat
1082 3108 1430 3181 Septuaginta
1468 3111 1775 3179 separatim,
1809 3120 1856 3163 et

1966 3122 2072 3191 pho
2099 3136 2200 3175 suo
2223 3120 2432 3185 videns,
2464 3117 2763 3187 saepissime
2794 3117 2921 3187 legit
2954 3113 3216 3178 Ἀνεσίου,
3248 3113 3543 3182 aliquando

279 3198 689 3255 Theodotionem
741 3202 1005 3257 similiter.
1059 3203 1241 3257 Altera
1266 3213 1391 3258 nota
1430 3203 1727 3271 saepissime
1761 3218 1857 3258 oc-

272 3292 474 3356 currit,
513 3307 706 3363 nempe
746 3296 809 3349 0.
845 3293 896 3346 0.
929 3312 1028 3363 χω,
1063 3293 1116 3347 id
1151 3302 1233 3348 est
1276 3292 1417 3346 LXX
1459 3302 1513 3347 et
1558 3293 1859 3349 TheodOtio

277 3384 572 3453 separatim
597 3385 677 3439 sic
696 3385 916 3440 habent.
941 3383 1008 3438 Et
1025 3399 1143 3454 cap.
1181 3400 1255 3447 iv,
1279 3400 1330 3437 v.
1359 3383 1412 3446 5,
1439 3384 1529 3437 ubi
1549 3385 1743 3455 legitur
1761 3386 1859 3455 τῆς

276 3474 505 3547 Βαιθήλ,
525 3477 579 3529 in
612 3477 855 3546 margine
880 3476 1142 3545 scriptum
1174 3485 1293 3530 est:

918 3568 1230 3639 τῆςόόου

948 3661 977 3714 ό
1006 3660 1051 3713 θ’
1083 3678 1163 3730 χω

351 3751 593 3808 Primam
624 3768 756 3809 vero
800 3761 985 3807 notam
1016 3753 1096 3808 sic
1124 3752 1242 3822 lego
1275 3754 1337 3805 0.
1371 3753 1433 3804 0.
1468 3752 1662 3815 οὕτως,
1696 3751 1747 3805 id
1778 3760 1862 3805 est

281 3853 516 3913 utraque
572 3843 739 3898 editio
780 3843 892 3896 τῶν
922 3843 998 3907 0',
1035 3857 1227 3912 nempe
1252 3844 1419 3913 Κοινή
1469 3852 1524 3896 et
1555 3841 1862 3910 hexapla’ris

283 3932 365 3990 sic
388 3934 606 3998 habent,
631 3934 751 4005 τῆς.
772 3934 954 3989 Altera
977 3948 1105 3988 vero
1124 3943 1248 3987 nota
1275 3934 1337 3985 Ο.
1371 3932 1421 3985 0.
1456 3932 1619 4003 χωρίς
1652 3930 1862 4001 signiﬁ-

282 4035 393 4091 cat,
448 4028 505 4080 ni
555 4024 736 4091 fallor,
789 4024 931 4079 LXX
975 4026 1291 4094 separatim,
1338 4024 1389 4078 id
1423 4033 1506 4079 est
1540 4023 1761 4094 Κοινήν,
1808 4032 1863 4078 et

282 4120 714 4176 Theodotionem
741 4121 798 4173 in
821 4135 920 4175 sua
956 4119 1233 4181 columna,
1271 4117 1565 4187 separatim
1596 4118 1747 4181 item,
1782 4117 1862 4172 sic

281 4212 503 4267 habere.
536 4212 846 4282 Aliquando
885 4212 965 4267 sic
991 4212 1315 4267 ordinantur
1347 4210 1661 4280 huiusmodi
1695 4218 1858 4275 noue,

280 4311 343 4359 ut
361 4302 572 4375 (Edipo
604 4318 831 4374 prorsus
851 4312 1062 4373 egeant,
1092 4313 1150 4358 ut
1172 4317 1292 4372 cap.
1323 4318 1399 4366 tv,
1426 4317 1478 4354 v.
1512 4300 1674 4364 12,in
1711 4309 1859 4356 textu

281 4395 599 4454 Bssiliensis
630 4395 826 4466 legitur
845 4398 943 4460 εἰς,
976 4395 1031 4450 in
1070 4396 1316 4467 margine
1342 4409 1469 4450 vero
1506 4394 1597 4449 ὲπί
1638 4401 1692 4447 et
1712 4403 1860 4464 post-

278 4504 343 4545 ea
376 4489 782 4558 subiunguntur
815 4498 954 4545 nota!
980 4488 1084 4544 hoc
1107 4489 1250 4544 situ:

885 4580 951 4636 θ’.
982 4598 1079 4652 χω.
1114 4583 1176 4636 0.
1209 4598 1270 4635 ου

881 4674 928 4726 ό.
958 4673 1024 4727 θ’.
1051 4673 1160 4727 ἀπὸ

967 4766 1012 4819 θ’
1038 4782 1121 4819 ου.

357 4860 425 4916 Ut
442 4871 622 4916 autem
649 4860 1029 4927 concludatur,
1054 4860 1170 4916 haec
1189 4876 1300 4917 uno
1324 4862 1493 4918 verbo
1508 4862 1706 4925 dicam,
1734 4864 1864 4912 nota

278 4941 382 5014 δῗῶ
401 4954 547 5011 haud
576 4954 741 5009 dubie
772 4952 1082 5023 signiﬁcare
1100 4952 1330 5020 videtur,
1357 4952 1662 5026 διώρθωσα,
1690 4963 1865 5003 corre-

279 5054 366 5119 xi,
392 5048 684 5113 emendavi,
707 5056 768 5101 ut
793 5047 1044 5116 exemplo
1067 5047 1476 5117 comprobatur,
1503 5064 1569 5100 ου
1589 5045 1776 5109 οὕτως
1798 5039 1867 5095 εἰς

280 5145 340 5199 bi
370 5143 509 5197 velle
533 5142 626 5195 vix
653 5149 737 5197 est
754 5140 901 5211 quod
930 5139 1209 5195 dubitetur
1235 5154 1300 5194 ex
1332 5137 1686 5208 supradictis;
1719 5125 1827 5192 πᾶν
1847 5177 1862 5202 ,

282 5236 341 5291 id
366 5245 472 5306 est,
499 5234 822 5300 certissime,
851 5230 1094 5299 πάντες,
1118 5238 1180 5287 ut
1208 5230 1472 5299 exemplis
1494 5227 1866 5299 frequentibus

282 5330 572 5400 arguitur;
601 5344 684 5399 χω
706 5341 815 5382 non
848 5325 1064 5381 videtur
1088 5324 1237 5409 aliud
1261 5338 1424 5395 quam
1450 5339 1630 5391 χωρις
1655 5320 1867 5391 signib-

282 5437 415 5479 care
442 5434 622 5490 posse.
647 5417 853 5473 Harum
887 5429 1017 5472 vero
1041 5424 1297 5470 notarum
1321 5428 1459 5469 usus
1490 5427 1681 5467 omnes
1701 5411 1867 5481 expli-

283 5527 436 5579 care,
470 5511 644 5566 donec
663 5509 792 5580 quid
822 5509 1023 5564 clarius
1054 5514 1315 5577 emergat,
1353 5506 1605 5560 humanae
1640 5518 1747 5557 non
1780 5504 1866 5557 vi-

285 5605 448 5659 detur
473 5617 594 5657 esse
626 5600 925 5655 facultatis.

359 5693 438 5747 Τδ
460 5693 589 5746 ἔσω.
621 5691 796 5758 Huius
824 5699 967 5747 notae
996 5705 1131 5747 usus
1164 5688 1493 5759 conspicuus
1520 5694 1605 5743 est
1633 5686 1686 5740 in
1717 5684 1866 5739 codi-

290 5801 352 5842 ce
380 5783 716 5841 Coisliniano
742 5784 969 5855 egregiae
1005 5794 1149 5839 notae
1184 5797 1219 5838 x
1254 5780 1460 5847 saeculi,
1518 5778 1609 5835 ubi
1651 5777 1869 5849 quando

1977 3215 2265 3283 Ἀνέμπου,
2327 3211 2456 3265 item
2512 3209 2860 3280 Ἀναπέμπη,
2907 3205 3035 3261 alibi
3078 3203 3337 3268 Ἀνοσίου,
3369 3203 3538 3259 semel

1974 3305 2313 3367 .‘A0avaaiou,
2342 3302 2636 3373 aliquando
2657 3303 2818 3358 etiam
2845 3309 2986 3355 recte
3019 3299 3414 3369 ἁνεπιγράφου,
3451 3312 3538 3352 se-

1962 3395 2068 3449 mel
2090 3395 2219 3449 item
2253 3392 2527 3447 Συνεσίου.
2564 3391 2688 3447 Haec
2709 3406 2872 3461 porro
2905 3399 3029 3444 nota
3061 3398 3245 3444 nostra
3276 3387 3544 3445 asseritut-

1962 3503 2025 3543 ex
2056 3488 2343 3543 collatione
2378 3488 2604 3541 alterius
2632 3486 2853 3541 Catenae
2881 3484 3125 3554 ejusdem
3174 3482 3537 3550 bibliothecae,

1963 3583 2055 3638 ubi
2078 3583 2144 3637 ad
2165 3582 2377 3652 singula
2407 3596 2570 3650 supra
2593 3589 2889 3636 memorata
2907 3579 3127 3633 nomina
3155 3577 3347 3647 legitur
3370 3577 3539 3631 ἀνεπ-

1965 3679 2015 3734 id
2041 3688 2142 3741 cst,
2168 3678 2563 3749 ἁνεπιγράφου.

2033 3771 2171 3824 ΔΥΝ
2206 3770 2490 3837 διάλειῲις,
2541 3770 2678 3823 ΔΥΝ
2710 3770 3031 3832 ἀνάπαυσις.
3082 3765 3174 3824 Sic
3226 3767 3425 3838 legitur
3478 3766 3535 3819 in

1963 3862 2207 3932 margine
2234 3862 2435 3918 codicrs
2487 3859 2805 3915 Coisliniani
2861 3860 3031 3914 chit.
3089 3874 3230 3923 xxv.
3299 3856 3371 3923 6,
3416 3871 3543 3926 qua:

1963 3957 2263 4026 respiciunt
2290 3969 2474 4008 vocem
2492 3965 2626 4013 mw
2642 3995 2656 4016 ,
2682 3953 2734 4006 in
2754 3950 2896 4004 LXX
2923 3964 3240 4021 expressam
3259 3947 3538 4012 Σάϐϐατα,

1966 4045 2223 4102 Sabbata.
2289 4044 2390 4100 Vix
2437 4055 2612 4116 potest
2648 4044 2975 4115 deprehendi
3018 4056 3087 4097 an
3146 4039 3434 4110 legendum
3466 4045 3540 4092 διε

1964 4140 2124 4203 ΔΥΗ,
2164 4139 2250 4193 vel
2274 4139 2431 4201 ΔΥΝ,
2463 4138 2557 4192 sed
2602 4153 2709 4191 non
2738 4136 2922 4191 dubito
2954 4136 3085 4204 quin
3133 4132 3418 4203 legendum
3467 4132 3542 4185 sit

1964 4230 2122 4295 ΔΥΝ,
2162 4239 2215 4284 et
2245 4228 2576 4300 signiﬁcetur
2601 4227 2842 4282 δύναται.
2884 4224 2960 4279 lta
2996 4232 3055 4278 ut
3077 4224 3194 4277 haec
3231 4232 3375 4286 nota,
3416 4234 3542 4291 qua

1963 4324 2184 4392 respicit
2220 4337 2405 4378 vocem
2431 4330 2583 4386 mw,
2610 4321 2691 4377 sic
2724 4321 2962 4390 legatur,
2987 4318 3230 4381 δύναται,
3251 4314 3538 4384 διάλειψις,

1963 4416 2204 4477 δύναται,
2242 4417 2566 4479 ἀνάπαυσις,
2596 4416 2645 4469 id
2676 4422 2777 4477 est,
2803 4430 2903 4467 vox
2933 4411 3207 4466 Σάϐϐατον
3244 4409 3381 4465 valet
3424 4408 3544 4463 sive

1890 4492 1936 4547 Ῐ)
1963 4510 2251 4582 signiﬁcat,
2292 4509 2547 4572 cessatio,
2570 4518 2618 4561 et
2650 4507 2917 4578 signiﬁcat
2963 4504 3197 4575 requies.

2423 4599 2484 4653 ll.
2514 4600 2589 4654 De
2621 4600 2755 4654 notis
2785 4599 3089 4668 incognitis.

2035 4696 2075 4774 β.
2129 4673 2229 4774 [ﬁ
2290 4693 2344 4753 ii.
2385 4693 2511 4750 Haec
2562 4701 2688 4747 nota
2748 4691 3016 4760 reperitur
3065 4687 3168 4742 Joh
3213 4700 3333 4753 cap.
3401 4696 3537 4744 xvn,

1969 4799 2021 4868 Ῡ.
2053 4798 2107 4859 3,
2146 4796 2201 4851 in
2242 4792 2429 4850 codice
2465 4784 2801 4851 Colbertino,
2842 4797 2995 4837 num.
3024 4779 3184 4845 1952,
3220 4778 3309 4832 ubi
3346 4776 3410 4831 ad
3435 4775 3541 4830 hos

1968 4899 2204 4964 quatuor
2236 4882 2555 4947 versiculos,

2106 4983 2203 5059 ῑιῖις
2232 4974 2655 5059 ἐστιν.ρῖ›τος.τῆ
2679 4974 2820 5059 κξιρί
2853 4990 2952 5059 ιξου
2978 4953 3303 5059 adsim

2109 5038 2229 5106 Ὅαὶι
2257 5050 2485 5125 κᾳρδίαγ
2517 5038 2961 5125 ἆρτᾧρῖέδὶρυῷᾳν
3003 5040 3112 5125 ᾲπὸ
3133 5038 3465 5109 φρονήσεως.

2106 5125 2210 5178 Διὰ
2234 5115 2391 5177 coitio
2415 5122 2478 5175 οὐ
2510 5119 2585 5190 μὴ
2866 5115 3086 5190 ᾳύτούς.

2110 5196 2190 5267 Τῇ
2219 5193 2396 5267 μερίδι
2426 5184 2744 5258 ἀνάγῨέλλει
2774 5184 2969 5247 itania;
2996 5198 3008 5211 ·

1966 5310 2085 5365 haec
2112 5307 2441 5363 adnotantur
2472 5306 2541 5372 Χ
2572 5303 2638 5355 ἐκ
2681 5299 2734 5355 0.
2769 5300 2817 5352 οἱ
2848 5298 2890 5351 δ’
2909 5337 2925 5360 ,
2971 5294 3025 5349 id
3057 5301 3177 5360 est,
3226 5290 3282 5345 Ιιὶ
3318 5298 3550 5360 quatuor

1968 5401 2172 5471 στίχοι
2208 5414 2299 5471 seu
2332 5392 2578 5450 versiculi
2607 5407 2672 5447 ex
2700 5387 3055 5445 Thsodotionc
3072 5399 3094 5451 ;
3127 5382 3325 5438 deinde
3357 5376 3550 5451 adiici-

1966 5503 2058 5551 tur
2090 5490 2130 5566 β.
2163 5470 2247 5562 Γῇ
2285 5488 2400 5561 ΰΧ
2434 5503 2484 5543 c.
2507 5489 2573 5554 Χ
2600 5487 2667 5553 Χ
2691 5481 2816 5537 llaec
2846 5489 3025 5534 autem
3051 5475 3375 5566 signiﬁcare,
3393 5485 3551 5542 pror-

1969 5602 2065 5644 sus
2096 5565 2356 5641 rvidentur
2381 5581 2540 5654 μόνος
2567 5577 2702 5650 πρὸς
2725 5573 2939 5643 πρῶτον
2959 5610 2972 5635 ,
3001 5569 3143 5624 solus
3180 5566 3248 5622 ad
3295 5565 3549 5654 primunt,

1971 5681 2024 5735 id
2058 5688 2162 5743 est,
2201 5653 2436 5748 primum
2492 5670 2822 5727 versiculum
2869 5680 2934 5720 ex
2998 5659 3373 5716 TheodOtione
3425 5653 3545 5710 solo

1971 5772 2321 5840 desumptum
2377 5779 2533 5831 esse;
2585 5759 2783 5818 deinde
2840 5753 3142 5815 secundum
3218 5749 3440 5807 tertium
3492 5754 3546 5802 et
