3832 6214
311 296 409 352 ill

1646 291 2170 348 PRELIMINARIA

3471 294 3575 347 “3

307 427 566 489 quartum
603 415 916 490 Symmachi
953 415 1156 487 pariter
1190 427 1245 472 ot
1277 414 1671 473 Theodotionis
1707 431 1828 472 esse
1859 433 1874 470 :
1908 422 1951 477 Α
1980 415 2033 466 I"
2055 430 2221 485 quam
2252 429 2280 468 a
2313 429 2372 470 se
2396 413 2626 470 invicem
2653 413 2874 470 diversi.
2919 413 3054 470 Dein
3095 429 3216 485 cap.
3251 430 3363 469 xui
3389 455 3404 479 ,
3441 416 3474 484 Ῡ
3512 416 3570 481 9,

308 510 560 581 idemque
589 525 724 566 usus
743 509 1055 580 huiusmodi
1091 518 1344 565 notarum
1375 509 1503 564 alibi
1536 510 1700 564 etiam
1731 523 1887 578 repe-

305 603 466 658 ritur.
497 598 625 656 Haec
663 615 827 672 porro
859 600 948 656 vix
979 599 1260 671 quidpiam
1305 600 1636 656 difﬁcultatis
1684 601 1886 655 habere

307 695 641 761 viderentur,
683 695 730 750 si
751 701 1031 748 constaret
1061 707 1386 764 semperque
1422 694 1564 748 idem
1606 702 1748 749 esset
1781 693 1884 747 ha-

304 801 494 843 rumce
523 796 779 843 notarum
804 801 940 842 usus
971 806 983 842 :
1015 800 1205 840 verum
1239 800 1347 840 non
1375 785 1449 839 ita
1477 799 1564 840 res
1596 794 1714 851 est;
1757 801 1883 840 nam

303 875 404 934 Job
438 894 532 944 xx,
565 878 658 945 25,
695 878 750 932 in
775 878 891 933 hac
915 877 1098 945 verba,
1125 876 1293 940 εῐπως
1310 877 1596 949 πληρῶσαι
1617 878 1882 948 γαστέρα,

302 988 524 1037 notatur
553 979 607 1034 in
634 980 820 1034 eodem
846 979 1032 1035 codice
1048 979 1112 1032 θ’.
1134 981 1201 1047 Ἀ(
1225 974 1265 1051 εἳ
1303 948 1399 1050 [ᾖ
1452 980 1572 1033 ἀντὶ
1600 979 1694 1033 τοῦ
1711 981 1880 1044 ὅπως,

302 1084 413 1139 quo
452 1067 746 1141 significari
770 1069 989 1138 quidem
1009 1068 1222 1122 videtur
1247 1068 1423 1124 solum
1452 1066 1882 1123 Theodotionem

305 1165 504 1220 habere
527 1161 716 1228 εἷπως,
735 1171 788 1217 et
817 1161 1010 1216 indein
1047 1159 1189 1215 LXX
1213 1162 1488 1216 lnvectum
1511 1159 1717 1228 fuisse;
1748 1161 1884 1217 alios

302 1256 482 1320 autem
501 1264 653 1327 ὅπως
679 1262 897 1334 legere;
925 1261 1020 1316 sed
1051 1272 1181 1317 uota
1212 1255 1252 1334 β.
1290 1232 1380 1333 [ᾖ
1422 1262 1552 1333 quid
1603 1262 1705 1318 sibi
1755 1263 1886 1318 velit

303 1373 412 1413 non
451 1359 526 1413 ita
556 1355 717 1413 facile
743 1356 1110 1412 estdivinare.
1167 1353 1295 1409 Plus
1342 1355 1507 1408 etiam
1555 1355 1759 1426 negotii
1803 1354 1884 1409 fa-

301 1451 468 1508 cessit
501 1451 610 1506 alia
635 1458 760 1505 uota
785 1447 888 1504 Job
915 1464 1034 1520 cap.
1074 1444 1270 1517 xx“).
1309 1446 1402 1514 2|,
1437 1447 1490 1500 in
1532 1447 1696 1503 hosce
1740 1448 1880 1503 duos

302 1543 596 1600 versiculos
630 1558 645 1596 :

374 1636 496 1688 Ὀτι
532 1632 594 1687 τὸ
615 1633 791 1705 βέλημ

792 1649 829 1686 α
861 1630 1026 1685 αὐτοῦ
1045 1632 1118 1683 ’ὲν
1139 1629 1273 1700 οἴκῳ
1301 1626 1466 1700 αὑτοῦ
1499 1627 1616 1699 μετ’
1643 1625 1810 1683 αὑτοῦ

371 1706 482 1759 Καὶ
509 1699 947 1777 ἀριθμοὶ”μηνῶν
981 1700 1146 1755 αὑτοῦ
1174 1699 1522 1773 διῃρέθησαν.

1990 509 2056 564 ad
2086 524 2271 564 vocem
2296 508 2592 571 ἀνατεῖλαι,
2619 522 2743 562 cum
2778 537 2841 564 -ι-
2870 508 2949 564 sic
2977 523 3036 564 se
3063 509 3226 564 habet
3267 523 3456 578 margo
3482 527 3495 563 :
3520 513 3572 563 ot

1987 600 2041 653 1"
2066 599 2403 668 ἀναγγεῖλαι,
2437 599 2500 654 Θ.
2541 599 2858 669 βλαστῆσαι,
2905 600 2970 654 Α.
3015 599 3354 670 ἀναφυῆναν
3389 614 3574 656 nonne

1985 693 2104 749 haec
2145 702 2292 750 tanta
2324 704 2543 765 tamque
2565 695 2824 750 distincta
2856 695 3363 764 interpretationem
3395 695 3575 751 varie-

1988 793 2091 851 tas,
2117 785 2434 840 varietatem
2456 785 2636 855 arguit
2651 785 2984 840 auctorum?
3011 783 3256 855 Denique
3274 800 3394 854 cap.
3416 800 3570 850 vat,

1986 878 2019 945 ᾖ
2051 876 2105 941 8,
2135 877 2202 931 ad
2242 891 2405 931 voces
2435 878 2483 929 et
2517 875 2609 930 καὶ
2634 876 2738 932 sub
2769 889 2834 930 -ι-
2863 891 3054 946 margo
3081 876 3162 931 sic
3196 876 3390 931 habet:
3419 877 3572 947 ὅμως

1985 967 2032 1019 οἱ
2066 968 2141 1032 I",
2168 969 2215 1020 οἱ
2243 971 2296 1020 0'
2318 966 2374 1037 ἢ,
2405 968 2554 1038 ὅμως
2585 984 2647 1020 τε
2674 968 2737 1020 Α.
2776 967 2863 1031 8.,
2899 967 3042 1022 unde
3072 974 3288 1022 constat
3311 968 3570 1038 Aquilam

1987 1057 2181 1111 saltem
2200 1066 2253 1112 et
2283 1055 2714 1113 Theodotionem
2744 1073 2853 1112 nou
2889 1057 3069 1112 minus
3107 1057 3356 1114 diversos
3387 1073 3510 1114 esse
3533 1073 3571 1112 a

1983 1152 2097 1213 τοῖς
2121 1150 2174 1202 I"
2206 1165 2371 1220 quam
2399 1151 2449 1203 οἱ
2483 1155 2539 1203 0'
2569 1161 2716 1206 sunt.
2752 1149 2940 1220 (Forte
2959 1167 3050 1219 per
3071 1153 3120 1205 οἱ
3150 1151 3200 1203 I"
3227 1161 3331 1205 tres
3375 1153 3571 1206 editio-

1986 1257 2096 1305 nes,
2127 1241 2370 1313 Origenis
2403 1243 2480 1297 vel
2512 1242 2725 1298 Eusebii
2757 1242 3001 1311 Luciani,
3049 1253 3099 1298 et
3125 1243 3374 1314 Hesychii
3401 1245 3569 1299 deuo-

1983 1335 2210 1404 tantur.)

2054 1431 2333 1489 Hactenus
2368 1433 2602 1490 Brianus
2629 1433 2918 1490 Waltonus
2960 1433 3068 1490 Sed
3100 1449 3224 1489 cum
3254 1433 3565 1504 perspicuis

1983 1539 2049 1579 ac
2079 1525 2216 1579 bene
2245 1525 2434 1580 multis
2465 1526 2728 1595 exemplis
2763 1526 3180 1596 probaverimus
3222 1525 3272 1577 ot
3325 1525 3377 1578 l"
3417 1525 3558 1579 nihil

1983 1613 2133 1668 aliud
2169 1613 2481 1684 significare
2523 1631 2689 1686 quam
2739 1616 3028 1686 Aquilam,
3080 1615 3472 1687 Symmachum
3510 1625 3572 1672 et

1979 1703 2436 1769 Theodotionem.
2485 1707 2630 1764 dicet
2681 1709 2824 1764 haud
2879 1709 3044 1764 dubie
3095 1709 3343 1764 eruditus
3395 1709 3571 1763 lector

370 1815 475 1872 Ubi
502 1816 701 1888 legitur
734 1815 787 1870 in
814 1815 1024 1888 eodem
1057 1813 1246 1870 codice
1276 1816 1343 1882 >κ
1379 1813 1444 1866 ὲκ
1471 1813 1535 1867 θ’.
1577 1814 1626 1866 οἱ
1661 1814 1705 1884 β’
1738 1811 1881 1867 οὕτω
1909 1797 1954 1851 Β
1983 1797 2146 1853 aliam
2164 1798 2420 1855 Waltono
2443 1802 2796 1872 quaerendam
2824 1801 2996 1858 fuisse
3025 1800 3410 1858 difficultatum
3437 1817 3570 1857 sua-

297 1917 393 1972 τοῦ
439 1887 574 1972 Θεοῦ
923 1917 986 1969 ὲκ
1007 1913 1102 1969 τοῦ
1143 1912 1666 1986 Ἐϐραῖκοῠ.Τιγὰρ
1699 1912 1874 1984 χρῄζει

1985 1905 2110 1944 rum
2136 1891 2488 1957 solutionem,
2513 1902 2567 1948 et
2587 1891 2791 1949 frustra
2809 1909 3081 1965 pugnasse
3105 1894 3325 1949 doctum
3357 1893 3567 1961 virum,

298 2009 397 2080 τῆς
421 2007 599 2071 οἰκίας
631 2006 795 2060 αὐτοῦ
832 2005 950 2077 μεθ’
977 2005 1193 2060 ἑαυτοῦ.
1223 2004 1355 2072 Quae
1385 2005 1568 2060 omnia
1597 2005 1756 2075 quasi
1788 2006 1886 2059 ha-

300 2100 551 2156 riolando
595 2099 669 2154 ibi
719 2099 993 2168 explicare
1033 2098 1218 2154 conati
1258 2111 1493 2164 sumus;
1543 2097 1635 2153 sed
1668 2098 1784 2152 hazc
1815 2097 1884 2154 ad

299 2193 573 2262 specimen
613 2189 911 2247 sufficiant.

372 2285 433 2336 Οἱ
461 2284 522 2336 ι’.
554 2286 667 2354 χδς.
702 2280 827 2337 Haec
856 2295 981 2337 nota
1017 2282 1248 2336 habetur
1289 2282 1342 2336 in
1389 2281 1578 2338 codice
1621 2282 1738 2337 RR.
1773 2282 1879 2339 PP.

297 2373 631 2431 Jesuitarum
663 2375 854 2446 colleg.
884 2373 1154 2430 Ludovici
1185 2375 1386 2445 Magni,
1415 2375 1510 2444 qui
1542 2376 1716 2430 codex
1750 2391 1880 2446 pro-

299 2469 492 2538 phetas
517 2469 758 2525 minores
780 2477 836 2523 et
878 2475 1068 2538 postea
1116 2468 1356 2538 majores
1387 2468 1787 2538 complectitur.
1820 2465 1879 2521 In

298 2561 439 2616 hanc
459 2560 622 2631 igitttr
657 2574 867 2623 vocem,
894 2543 1070 2624 πιώ,
1102 2558 1304 2612 Thren.
1337 2575 1375 2623 ι,
1417 2559 1472 2622 8,
1521 2574 1686 2628 quam
1727 2557 1877 2611 LXX

298 2655 376 2716 εἰς
398 2653 556 2707 σάλον
582 2659 818 2718 vertunt,
850 2651 930 2706 sic
950 2660 1168 2706 notatur
1188 2649 1255 2705 C.
1278 2651 1328 2702 οἱ
1349 2651 1408 2705 Γ.
1441 2655 1533 2722 χός
1555 2651 1874 2709 ἀνάστατον.

303 2745 358 2798 Si
393 2753 497 2800 stet
536 2743 626 2798 illa
648 2743 807 2799 lectio
840 2746 968 2813 χός,
1013 2743 1092 2806 εἰς
1130 2741 1441 2812 ἀμηχανίαν
1485 2757 1647 2811 agor;
1688 2757 1874 2796 verum

300 2845 435 2906 puto
467 2835 557 2892 hic
579 2839 673 2906 χδς
706 2849 804 2906 pro
847 2834 956 2904 χῶς
988 2833 1122 2902 legi,
1166 2841 1221 2887 et
1264 2833 1366 2888 hac
1405 2848 1540 2888 voce
1581 2833 1876 2904 signiﬁcari

296 2927 496 2996 χωρίς,
529 2934 692 2996 atque
722 2927 794 2980 ita
845 2940 1040 2980 sensus
1078 2925 1185 2979 crit
1215 2921 1626 2996 Symmachum,
1665 2926 1759 2996 qui
1785 2941 1875 2980 so-

296 3021 383 3076 lus
405 3022 460 3075 in
499 3017 733 3075 Threnis
769 3033 896 3074 cum
931 3016 1074 3072 LXX
1133 3018 1188 3072 in
1240 3016 1498 3087 Hexaplis
1533 3016 1601 3071 ab
1635 3015 1874 3086 Origene

296 3111 506 3166 locatus
532 3107 729 3176 fuerat,
762 3116 821 3162 ut
855 3123 1015 3179 supra
1041 3107 1302 3175 diximus,
1330 3108 1531 3164 habere
1547 3107 1868 3175 ἀνάστατον,
1897 3142 1941 3179 ,η

296 3213 352 3260 et
403 3214 515 3259 tres
554 3202 879 3272 interpretes
929 3202 1237 3271 separatim,
1289 3210 1346 3257 et
1393 3209 1547 3257 extra
1597 3199 1866 3272 Hexapla,

298 3311 493 3364 nempe
518 3296 771 3368 Aquilam
813 3305 867 3352 et
898 3294 1288 3368 Symmachum
1329 3307 1383 3351 et
1417 3293 1872 3360 Theodotionem,

296 3392 541 3447 eamdem
571 3390 829 3460 praeferre
851 3389 1164 3446 lectionem.

369 3477 519 3542 οιιῶο
564 3478 596 3540 ti
634 3487 696 3542 Ο.
744 3483 868 3540 Haec
914 3483 999 3539 vel
1043 3482 1238 3538 similis
1287 3480 1390 3552 ipsi
1427 3487 1554 3534 nota
1606 3478 1876 3549 significat

293 3581 495 3651 ὁμοίως
539 3582 650 3644 τοῖς
677 3580 755 3646 0',
787 3592 953 3649 quam
1001 3591 1125 3631 cum
1175 3589 1286 3630 non
1340 3573 1663 3645 intelligeret
1710 3571 1870 3627 Joan.

294 3674 599 3741 Curterius,
625 3673 771 3744 ὅμως
800 3687 858 3725 τε
889 3672 943 3723 0’
964 3667 1076 3724 fere
1102 3682 1315 3738 semper
1337 3667 1484 3738 legit.

300 3784 393 3842 Ill.
432 3785 696 3842 Probatur
735 3791 920 3839 contra
961 3781 1216 3836 Brianum
1253 3779 1564 3834 Waltonum
1616 3789 1795 3834 notam
1823 3783 1872 3834 οἱ

375 3857 428 3911 I"
458 3857 760 3926 signiﬁcare
792 3865 898 3926 tres
949 3854 1254 3922 interpretes
1301 3852 1571 3922 Aquilam,
1627 3850 1874 3923 Symma-

364 3925 526 3984 chum
543 3925 607 3983 et
625 3925 1052 3980 Theodotionem.

363 4021 595 4077 Brianus
626 4018 912 4074 Waltonus
939 4017 992 4072 in
1023 4017 1318 4088 Appendiee
1369 4015 1635 4086 Pulyglot.
1684 4014 1872 4086 Angli-

296 4131 442 4182 can.,
470 4129 524 4184 p.
559 4113 682 4179 125,
738 4109 1000 4182 exemplis
1033 4111 1261 4180 probare
1311 4108 1504 4163 nititur
1534 4109 1582 4161 οἱ
1619 4108 1696 4171 I",
1749 4123 1872 4178 qua

297 4202 736 4276 frequentissime
769 4202 825 4258 in
867 4201 1054 4258 codice
1100 4199 1510 4266 Marchaliano,
1559 4215 1706 4254 nunc
1748 4197 1866 4252 RR.

293 4293 401 4352 PP.
423 4295 775 4360 Jesuitarum,
803 4291 1065 4359 occurrit,
1100 4307 1212 4347 non
1242 4291 1557 4362 significare
1589 4291 1867 4362 Aquilam,

295 4384 683 4459 Symmachum
713 4392 767 4438 et
798 4381 1266 4446 Theodotionem;
1313 4380 1434 4450 ejus
1469 4379 1634 4434 verba
1667 4377 1871 4435 referre

293 4494 362 4535 ne
387 4492 676 4550 gravemur
706 4493 723 4533 :

369 4589 390 4624 ‹
423 4571 487 4625 Οἱ
513 4571 588 4636 1",
620 4569 712 4639 qui
746 4569 908 4624 toties
933 4575 1228 4623 occurrunt
1280 4566 1333 4620 in
1380 4565 1624 4636 margine
1663 4565 1869 4621 codicis

293 4663 667 4729 Marchaliaui,
695 4675 804 4716 non
831 4660 1086 4716 videntur
1115 4659 1283 4714 fuisse
1333 4659 1526 4729 Aquila
1550 4700 1566 4725 ,
1617 4658 1870 4729 Symma-

294 4756 432 4810 chus
469 4762 524 4808 et
558 4750 882 4815 Theodotio,
915 4751 1058 4820 quod
1090 4749 1368 4804 nonnullis
1427 4749 1641 4802 visum:
1703 4749 1870 4820 idque

295 4847 473 4918 primo
502 4845 628 4915 quia
673 4842 884 4899 Hesaiaz
929 4858 984 4909 x,
1035 4841 1125 4908 Q9,
1168 4840 1235 4896 ad
1275 4855 1458 4894 vocem
1514 4840 1746 4909 Ἀγγαί,
1782 4855 1870 4896 se-

294 4937 528 5010 paratim
556 4936 610 4992 bi
634 4949 826 4991 omnes
863 4945 917 4989 et
950 4934 1205 4989 distincte
1256 4932 1625 5000 adducuntur,
1655 4933 1764 4988 imo
1813 4941 1869 4988 et

292 5029 650 5086 diversimode
705 5028 1142 5098 interpretantes.
1201 5026 1262 5080 Θ.
1299 5041 1431 5082 vero
1469 5026 1750 5095 signanter
1799 5040 1866 5082 eo

289 5125 396 5181 loci
427 5123 712 5195 κατάδυμα
753 5121 980 5177 vertisse
1021 5120 1239 5186 dicitur,
1275 5119 1420 5190 quod
1459 5120 1749 5189 κατάλυμα
1789 5120 1868 5174 le-

291 5208 525 5288 gendum
557 5215 761 5286 potius,
795 5213 884 5268 cui
932 5227 1058 5268 mox
1092 5211 1382 5282 apponitur
1415 5213 1569 5282 ὅμως
1608 5213 1659 5264 ot
1693 5211 1768 5266 1".
1802 5211 1870 5266 At

291 5323 420 5363 vero
438 5307 484 5362 si
512 5305 643 5362 dicti
668 5305 830 5360 modo
855 5305 1176 5374 interpretes
1195 5304 1356 5359 iidem
1383 5314 1566 5360 essent
1586 5304 1680 5374 qui
1708 5306 1757 5357 οἱ
1789 5304 1864 5372 1",

289 5407 437 5456 certe
463 5397 609 5470 quod
644 5397 993 5468 subjungitur
1021 5397 1171 5466 ὅμως
1199 5397 1248 5450 οἱ
1285 5395 1337 5448 l"
1373 5411 1484 5453 non
1532 5397 1714 5451 minus
1765 5411 1869 5450 nu-

291 5491 495 5562 gaciter
524 5499 578 5544 et
610 5488 790 5558 inepte
816 5487 1126 5554 adderetur,
1174 5503 1338 5558 quam
1395 5491 1442 5546 si
1477 5487 1602 5558 quis
1639 5487 1865 5554 diceret,

286 5580 507 5646 Clotho,
564 5579 830 5635 Lachesin
877 5588 932 5636 et
964 5580 1206 5650 Atropon
1234 5621 1249 5645 ,
1309 5581 1596 5639 imminere
1645 5580 1868 5635 stamini

287 5674 411 5728 vitae
443 5673 717 5739 humanae,
744 5671 874 5744 quin
905 5673 1066 5727 etiam
1096 5681 1148 5727 et
1179 5681 1290 5730 tres
1327 5677 1527 5732 Parcas
1559 5671 1662 5728 hoc
1686 5673 1867 5743 ipsum

287 5765 465 5823 facere
503 5784 516 5797 ·
557 5765 780 5821 fuerunt
820 5779 952 5836 ergo
980 5764 1071 5820 alii
1095 5771 1149 5820 et
1172 5764 1286 5833 alii,
1332 5779 1443 5820 non
1473 5763 1656 5820 minus
1683 5780 1712 5820 a
1749 5767 1864 5829 τοῖς

1985 1990 2170 2038 notam
2194 1984 2244 2036 οἱ
2274 1984 2328 2036 Γ¹
2349 1983 2488 2039 alios
2517 1999 2549 2040 a
2577 1986 2895 2042 memoratis
2917 1986 3242 2057 interpretes
3258 1987 3344 2043 vel
3367 1997 3566 2043 aucto-

1983 2089 2073 2130 res
2096 2074 2424 2143 significare.

2053 2167 2148 2221 Illa
2180 2182 2308 2224 vero
2345 2176 2472 2223 nota
2503 2170 2552 2222 ot
2599 2169 2652 2222 l"
2688 2184 2798 2224 non
2855 2169 2910 2224 in
2956 2169 3146 2226 codice
3192 2169 3571 2227 Marchaliauo

1974 2264 2194 2312 tantum
2225 2260 2508 2326 occurrit,
2559 2261 2654 2316 sed
2697 2261 2860 2316 etiam
2898 2261 2954 2316 iu
3001 2262 3124 2318 aliis
3170 2263 3570 2320 vetustissimis

1980 2351 2295 2419 codicibus,
2335 2358 2402 2408 ad
2455 2354 2624 2410 libros
2687 2355 2924 2409 maxime
2972 2353 3260 2422 Judicum,
3319 2356 3565 2428 Regum,

1979 2439 2324 2498 Psalmorum
2352 2454 2404 2499 et
2424 2443 2820 2514 Prophetarum
2851 2447 3118 2502 omnium.
3160 2446 3239 2502 Ex
3277 2448 3362 2503 his
3397 2464 3568 2518 porro

1978 2535 2134 2592 libris
2167 2537 2415 2606 exempla
2439 2539 2836 2605 mutuabimur,
2861 2553 2984 2609 quze
3016 2539 3152 2593 nihil
3181 2538 3354 2605 dubii,
3386 2550 3445 2597 ut
3471 2556 3567 2596 ar-

1978 2627 2173 2691 bitror,
2208 2627 2538 2698 relinquant.

2045 2717 2173 2774 Jud.
2237 2733 2359 2788 cap.
2409 2735 2463 2784 ι,
2511 2719 2602 2784 51,
2645 2719 2737 2774 ubi
2793 2718 3121 2776 Hebraicum
3176 2722 3344 2778 habet
3391 2706 3563 2792 55.11,

1976 2809 2144 2866 editio
2177 2809 2425 2866 Romana
2458 2811 2717 2882 Δωμανὰ,
2743 2811 3118 2868 Coisliniauus
3151 2815 3565 2871 vetustissimus

1963 2904 2170 2967 'codex,
2198 2903 2417 2973 septimi
2445 2905 2662 2961 circiter
2694 2906 2904 2973 saeculi,
2943 2907 2998 2962 in
3022 2910 3270 2980 margine
3303 2910 3465 2966 habet
3489 2909 3563 2966 οι

1973 2991 2027 3046 I"
2053 2995 2146 3048 καὶ
2165 2994 2228 3072 τὴ
2269 2995 2556 3068 Ἐὅραῖκὸν
2580 3037 2594 3064 ,
2630 2999 2902 3056 Νααιλάλ.
2963 3001 3030 3057 Et
3092 3015 3253 3056 versu
3310 3005 3561 3072 sequenti

1975 3084 2141 3140 Hebr.
2179 3067 2527 3154 πιθηκίιΧΧ
2555 3091 2764 3163 Δαλάφ,
2793 3093 3022 3150 Coislin.
3053 3094 3108 3149 in
3130 3067 3476 3166 margine,0i
3502 3095 3561 3151 ἓν

1977 3179 2069 3232 καὶ
2109 3177 2170 3231 τὸ
2219 3179 2544 3252 Ἐσραῖκὸν,
2588 3183 2818 3240 Ἀαλάϐ.
2863 3185 3100 3252 Quinam
3157 3185 3236 3240 illi
3280 3187 3406 3240 oll"
3451 3187 3560 3242 nisi

1975 3269 2197 3340 Aquila,
2227 3270 2593 3343 Symmachus
2621 3285 2676 3331 et
2701 3275 3045 3334 Theodotio?
3066 3279 3342 3349 quomodo
3364 3278 3418 3334 hi
3447 3287 3562 3336 tres

1973 3361 2154 3434 legere
2181 3364 2463 3434 potuerint
2489 3366 2588 3422 has
2622 3382 2784 3424 voces
2818 3367 3136 3438 Hebraicas,
3163 3372 3266 3428 nisi
3297 3380 3357 3427 ut
3389 3387 3558 3442 supra

1972 3453 2229 3525 leguntur
2259 3463 2383 3526 post
2411 3466 2596 3512 notam
2626 3459 2674 3512 ot
2699 3460 2792 3514 1"?
2815 3459 2928 3515 Cur
2959 3477 3088 3518 vero
3112 3463 3438 3520 scholiastes
3469 3465 3562 3520 ille

1973 3545 2181 3602 codicis
2207 3546 2435 3602 Coislin.
2469 3558 2579 3604 tres
2613 3549 2736 3606 illos
2760 3551 2942 3608 claros
2984 3553 3306 3623 interpretes
3355 3554 3560 3610 omise-

1973 3639 2065 3703 rit,
2112 3654 2255 3709 quos
2307 3655 2450 3710 sazpe
2503 3642 2801 3712 separatim
2834 3643 2890 3697 in
2943 3644 3184 3700 medium
3218 3647 3459 3708 adducit,
3499 3653 3561 3702 ut

1974 3729 2267 3789 trcs‘alias
2314 3733 2603 3800 editiones,
2638 3751 2761 3807 qua:
2805 3753 3078 3807 nusquam
3125 3749 3220 3794 aut
3257 3741 3557 3811 separatim

1973 3824 2428 3896 aurconjunctim
2451 3837 2828 3884 memorantur
2848 3830 3178 3886 adduceret?
3201 3831 3354 3899 Quod
3374 3842 3558 3888 autem

1973 3921 2149 3992 magis
2178 3931 2334 3992 urget
2365 3921 2555 3976 eodem
2596 3937 2746 3994 cap.,
2780 3940 2834 3980 v.
2873 3925 2964 3981 55.
2995 3924 3079 3979 Ad
3118 3927 3219 3982 has
3263 3942 3422 3981 voces
3452 3925 3562 3982 He-

1971 4012 2187 4105 braieas
2207 3997 2496 4079 ωνιὸνωπ
2516 3999 2695 4105 phus:
2718 4025 2870 4073 notat
2890 4017 3282 4084 Coisliniauus,
3307 4021 3372 4073 Ol
3387 4019 3441 4071 I"
3465 4021 3561 4074 καὶ

1971 4103 2032 4158 τὺ
2074 4105 2393 4178 Ἑϐραῖκὸν,
2425 4106 2494 4161 ἐν
2527 4103 2728 4161 -Αὶλὼν
2775 4108 2875 4164 καὶ
2918 4108 2988 4162 ὲν
3031 4111 3369 4174 Σαλαϐειν;
3403 4109 3560 4166 Basi-

1973 4196 2160 4252 liensis
2184 4212 2314 4252 vero
2341 4198 2510 4252 codex
2541 4209 2912 4269 pervetustus,
2949 4201 3014 4254 Οἱ
3044 4201 3241 4268 λοιποὶ,
3271 4202 3560 4257 ἐνΑιλὼν

1974 4290 2070 4343 καὶ
2106 4290 2177 4342 ἐν
2207 4291 2521 4346 Σαλαϐείν.
2554 4289 2728 4347 Nemo
2757 4293 3034 4363 ambigere
3065 4303 3241 4364 potest
3269 4295 3317 4349 ot
3344 4295 3398 4346 1"
3429 4307 3484 4350 et
3507 4297 3560 4350 oi

1928 4399 1930 4401 ν
1973 4381 2150 4435 λοιποί
2178 4383 2413 4453 idipsum
2460 4398 2583 4439 esse
2617 4399 2630 4437 :
2660 4385 2709 4437 οἱ
2741 4385 2919 4438 λοιποί
2965 4394 3171 4451 autem,
3226 4401 3322 4442 seu
3367 4387 3558 4459 reliqui

1897 4499 1949 4558 D

1975 4474 2308 4542 interpretes,
2337 4485 2395 4529 ut
2416 4475 2685 4545 liquidum
2709 4485 2814 4543 est,
2843 4477 3009 4532 iidem
3039 4492 3255 4549 semper
3279 4487 3429 4546 sunt,
3459 4480 3559 4545 qui

1972 4566 2026 4622 in
2052 4563 2305 4638 Hexaplis
2327 4567 2508 4623 locum
2540 4567 2831 4624 habebant.
2863 4568 2932 4624 Et
2970 4567 3097 4625 Jud.
3137 4586 3260 4641 cap.
3292 4587 3394 4636 xu,
3433 4573 3468 4640 ᾗ
3502 4573 3558 4638 1,

1971 4659 2037 4714 ad
2058 4674 2242 4714 vocem
2263 4663 2509 4725 meamet
2532 4661 2845 4730 Γνβορῤᾶν.
2865 4661 2936 4716 At
2959 4663 3260 4718 secundum
3286 4661 3528 4736 Hierony
3543 4693 3558 4705 ι

1972 4751 2224 4816 mum,A.
2254 4752 2314 4806 Σ.
2338 4752 2426 4807 hic
2441 4751 2644 4824 βορρἄ
2673 4753 2893 4821 habent,
2927 4763 3088 4824 atque
3111 4755 3275 4809 etiam
3303 4752 3562 4810 Theodo-

1971 4845 2050 4898 tio
2080 4843 2132 4898 in
2165 4853 2314 4899 textu
2335 4844 2442 4898 τῶν
2473 4848 2552 4910 0',
2577 4848 2670 4916 qui
2705 4845 2774 4901 ad
2804 4845 3236 4903 Theodotionem
3272 4860 3557 4903 correctus

1971 4933 2168 4991 fuerat.
2201 4935 2303 4992 Ubi
2327 4947 2485 4994 notes
2513 4937 2807 4994 Eusebium
2837 4949 2891 4995 et
2927 4937 3348 5011 Hieronymum,
3381 4939 3559 5011 Aqui-

1971 5027 2077 5082 lam
2108 5038 2162 5083 et
2207 5027 2597 5101 Symmachum
2657 5040 2906 5096 tantum,
2944 5029 3374 5088 Theodotionem
3425 5047 3557 5088 vero

1970 5119 2251 5176 rarissime
2276 5137 2707 5178 commemorare
2738 5123 2793 5178 in
2818 5123 2956 5178 libro
2985 5121 3059 5178 De
3082 5123 3213 5178 locis
3248 5122 3553 5180 Hebraicis.

1974 5209 2078 5265 Sed
2107 5226 2174 5266 en
2196 5213 2505 5283 exemplum
2550 5213 2686 5268 adeo
2721 5213 3091 5284 perspicuum,
3153 5222 3212 5268 ut
3245 5228 3312 5269 ne
3353 5213 3557 5269 mutire

1973 5303 2191 5377 quidem
2233 5314 2423 5360 contra
2475 5306 2637 5361 liceat
2691 5322 2810 5377 cap.
2875 5322 2944 5361 xv
2995 5305 3145 5371 Jud.,
3208 5307 3239 5376 ᾗ
3285 5306 3338 5361 9.
3383 5304 3550 5361 Hebr.

1971 5376 2122 5459 "'15:,
2156 5394 2296 5448 LXX
2324 5399 2383 5450 ὲν
2409 5397 2564 5469 Λεχι,
2582 5376 2810 5452 Coislin.
2832 5400 3028 5453 veroin
3048 5399 3312 5467 margine,
3334 5399 3396 5451 Οἱ
3414 5398 3556 5454 Per

1970 5487 2224 5558 σιάγονι,
2262 5489 2598 5558 Basiliensis,
2628 5493 2690 5546 Οἱ
2719 5493 2915 5556 λοιποὶ,
2961 5493 3032 5546 ἐν
3067 5490 3325 5560 (miram,
3379 5491 3554 5548 Euse-

1969 5582 2113 5647 bius,
2136 5583 2201 5638 Α.
2227 5585 2282 5638 Σ.
2309 5585 2379 5638 ἐν
2399 5583 2658 5656 (miram,
2685 5585 3072 5657 Hieronymus,
3097 5587 3292 5655 Aquila
3313 5596 3360 5639 et
3391 5583 3555 5641 Theo-

1969 5677 2115 5730 dotio
2146 5679 2564 5747 interpretantur
2593 5679 2912 5743 maxillam;
2940 5679 3056 5747 ipsa
3080 5677 3202 5732 luce
3233 5677 3438 5734 clarius
3469 5688 3552 5734 est

1971 5766 2059 5824 hic
2079 5767 2128 5819 oi
2158 5768 2224 5840 Γν.
2267 5770 2316 5825 τι
2344 5769 2542 5836 λοιποί,
2568 5779 2623 5825 et
2654 5771 2742 5832 A..
2769 5771 2854 5832 Σ..
2888 5769 2951 5824 Θ.
2991 5769 3230 5840 idipsum
3264 5782 3407 5823 esse.
