3832 6214
306 330 421 391 115

1586 331 1667 388 IN.
1692 310 2027 390 usurus.
2056 331 2402 394 ORlﬂENlS.

3472 337 3573 394 114

383 451 641 524 Ejusoem
662 453 1070 526 perspicuitatis
1095 465 1178 512 est
1201 456 1356 514 locus
1373 458 1470 512 ille
1489 458 1557 513 lll
1589 459 1722 530 Reg.
1748 475 1883 524 xvn,
1918 463 1962 521 Α
1990 467 2157 514 vecta
2184 457 2422 526 fuerant,
2455 458 2603 530 quod
2631 460 3009 521 certissimum
3034 468 3140 525 est,
3193 460 3247 517 id
3285 475 3415 517 vero
3445 462 3572 532 qui-

303 545 367 610 6,
393 545 487 601 ubi
518 546 686 603 codex
721 545 926 618 Regius
957 548 1122 604 habet
1149 566 1163 603 :
1200 550 1289 615 A.,
1322 552 1408 615 2.,
1439 552 1529 616 6.,
1573 552 1757 622 ἄρτον
1791 553 1891 606 καὶ

304 636 490 708 κρέας
513 638 578 692 τὸ
606 640 775 707 πρωΐ,
797 649 850 696 et
879 639 1252 699 Coislinianus
1279 643 1417 701 alter
1441 645 1613 700 codex
1646 646 1893 703 eamdem

304 728 597 785 lectionem
643 729 832 797 aﬂert,
866 734 1152 804 praemissa
1196 743 1326 791 nota
1382 736 1432 788 οἱ
1466 737 1541 790 1".
1576 736 1718 803 Quid
1764 753 1894 810 ergo

302 828 439 875 sunt
464 820 515 898 oi
549 821 601 874 Ρ
629 821 778 877 aliud
820 838 986 893 quam
1016 824 1105 888 A.,
1139 825 1225 891 2.,
1253 825 1329 881 6?
1361 825 1426 882 Et
1457 826 1526 881 IV
1574 825 1708 898 Reg.
1750 844 1890 896 λιιι,

301 910 402 979 20,
433 896 625 972 mbula
642 914 693 966 oi
724 914 800 981 1",
828 915 899 969 ἐν
925 915 1158 986 εἰρήνῃ,
1189 919 1320 989 quid
1356 918 1504 975 aliud
1541 896 1754 977 vertere
1794 936 1894 992 po-

300 1010 535 1059 tuerunt
562 1007 652 1070 A.,
684 1008 770 1073 2.,
805 1007 897 1073 6.,
934 1010 1192 1079 quamer
1211 1011 1418 1082 εἰρήνῃ
1440 1013 1465 1067 2
1490 1012 1684 1071 Moneo
1710 1023 1892 1072 tamen

300 1095 471 1152 aliam
508 1098 585 1152 ibi
629 1096 948 1170 Symmachi
987 1101 1276 1160 lectionem
1318 1103 1497 1159 cﬂ‘crri
1522 1147 1538 1170 ,
1571 1122 1799 1178 nempe,
1834 1110 1894 1162 ἐν

314 1188 675 1264 Ἰερουσαλὴμ
698 1235 714 1260 ,
747 1193 843 1248 sed
889 1193 1023 1250 illud
1048 1196 1193 1250 nihil.
1231 1198 1437 1267 negotii
1487 1196 1732 1268 facessit,
1764 1215 1892 1259 nam

302 1296 452 1351 saepe
484 1281 607 1338 dua:
638 1282 956 1354 Symmachi
989 1287 1253 1344 lectiones
1276 1290 1664 1360 proferuntur,
1700 1305 1762 1351 ut
1795 1312 1891 1353 su—

300 1388 403 1443 pra
433 1374 694 1443 diximus,
718 1391 784 1431 ex
818 1378 1034 1435 duabus
1064 1395 1257 1450 nempe
1284 1382 1405 1449 ejus
1439 1383 1777 1445 editionibus
1798 1388 1895 1444 de~

301 1476 559 1534 sumptae.

376 1555 581 1614 Psalm.
637 1576 825 1627 χιιι,
854 1563 917 1625 1...
976 1563 1251 1622 Eusebius
1297 1575 1351 1621 et
1395 1571 1753 1642 manuscripti
1793 1572 1893 1628 ha-

301 1650 436 1705 bent
470 1669 483 1703 :
519 1653 584 1707 A.
606 1694 622 1718 ,
654 1656 712 1711 2.
736 1695 750 1719 ,
800 1655 889 1720 6.,
938 1659 1185 1727 ισχυρὸς
1222 1663 1256 1715 ό
1314 1665 1479 1730 Θεός,
1517 1662 1891 1721 Theodoretus

1996 550 2231 606 busnam
2271 550 2417 619 aliis,
2446 567 2613 622 quam
2649 553 2896 623 Aquilae,
2940 551 3271 625 Symmacho
3304 561 3363 609 et
3402 550 3576 611 Theo-

1994 643 2204 700 dotioni
2253 642 2551 701 convenire
2594 646 2849 715 possint?
2891 653 2948 700 et
2995 645 3273 717 quomodo
3302 648 3574 719 quadrare

1997 736 2177 791 valeat
2223 737 2291 792 ad
2324 736 2593 794 editiones
2619 735 2864 803 Eusebii,
2907 736 3139 794 Luciani
3186 748 3243 794 et
3295 736 3573 817 Hesychii,

1993 844 2117 898 qua:
2145 829 2334 885 multis
2362 837 2488 902 post
2536 828 2826 900 Origenem
2879 830 3042 887 annis
3074 829 3255 901 primo
3299 831 3571 902 prodiere.

1993 917 2131 975 Nota
2156 920 2206 972 oi
2234 920 2309 987 I".
2328 920 2592 979 asterisco
2617 918 2923 990 praemisso,
2943 917 3175 973 habetur
3196 917 3360 973 etiam
3372 915 3571 977 Eaech.

1994 1027 2073 1078 xi,
2101 1012 2191 1076 i5,
2217 1012 2309 1067 ubi
2337 1012 2554 1068 nonnisi
2583 1011 2650 1066 ad
2678 1010 2770 1078 A.,
2795 1010 2879 1073 2.,
2921 1009 3009 1070 Θ.,
3056 1009 3330 1081 pertinere
3370 1018 3571 1080 potest,

1995 1101 2250 1170 utliquet
2280 1110 2397 1156 tum
2418 1115 2483 1156 ex
2516 1100 2808 1164 asterisco,
2848 1108 2966 1153 tum
3004 1113 3069 1153 ex
3107 1096 3354 1155 vertendi
3399 1111 3572 1153 more.

1994 1190 2064 1246 Et
2089 1190 2263 1247 Ezech
2317 1184 2410 1256 λέ,
2440 1190 2531 1256 44,
2562 1198 2684 1253 ’ΠΝ
2707 1200 2841 1260 D83,
2864 1189 2986 1245 cod.
3014 1187 3303 1253 Marclial.,
3330 1190 3400 1257 Χ
3425 1188 3477 1242 oi
3498 1188 3574 1253 Ρ,

1992 1281 2155 1351 λέγει
2183 1282 2431 1357 Κύριος-ἠ
2455 1291 2510 1337 et
2536 1297 2684 1347 xuv,
2713 1281 2767 1346 4,
2798 1287 2942 1346 mm,
2977 1281 3121 1349 Xo!
3151 1279 3204 1332 l"
3232 1279 3460 1351 Κυρίου,
3495 1280 3575 1335 si-

1993 1373 2255 1444 miliaque
2284 1374 2453 1429 multa
2476 1373 2716 1445 adjicere
2742 1387 3052 1443 possemus.
3089 1374 3284 1430 Verum
3312 1373 3427 1428 inec
3453 1373 3576 1443 plus

1992 1481 2157 1536 quam
2186 1466 2325 1527 satis
2367 1477 2553 1521 erunt.

2064 1554 2161 1612 llis
2189 1558 2494 1632 perspectis
2526 1571 2690 1612 nemo
2732 1572 2841 1612 non
2874 1564 3041 1621 meat,
3071 1555 3330 1612 ltrianum
3362 1555 3575 1613 Walto-

1992 1663 2149 1712 num,
2195 1649 2251 1702 in
2275 1659 2763 1719 quantumcunque
2791 1664 2852 1705 se
2874 1647 3187 1721 ἀμηχανίαν
3221 1663 3288 1704 ex
3327 1647 3578 1720 praemis-

302 1757 458 1810 vero,
500 1746 566 1798 Οἱ
601 1746 674 1812 1",
713 1748 964 1818 ἰσχυρὸς
1012 1754 1045 1805 ὁ
1091 1754 1270 1819 Θεός,
1297 1754 1409 1824 jam
1442 1771 1572 1826 ergo
1626 1771 1655 1811 a
1703 1758 1890 1814 multis
1924 1816 1961 1826 __
1995 1740 2073 1799 sis
2100 1738 2524 1798 difﬁcultatibus
2554 1740 2851 1796 deductum
2873 1748 3110 1812 putaret,
3144 1755 3253 1795 non
3280 1740 3414 1796 satis
3438 1754 3576 1796 con-

305 1844 456 1892 retro
483 1839 702 1895 saeculis
726 1816 965 1897 obtinuit
999 1859 1133 1900 usus
1162 1816 1225 1900 ut
1250 1816 1342 1914 Al,
1367 1848 1453 1912 2.,
1576 1848 1883 1906 dicerentur

1993 1831 2140 1887 sulto
2174 1830 2393 1897 fecisse,
2434 1848 2560 1887 cum
2614 1839 2675 1887 ut
2708 1832 2777 1887 iis
2808 1847 2868 1887 se
2916 1831 3240 1901 expediret,
3286 1830 3578 1888 afﬁrmavit

299 1930 355 1982 oi
388 1930 441 1981 1"
465 1931 547 1984 vel
568 1931 617 1983 oi
642 1934 810 2004 τρεῖς.
846 1933 1269 1994 Evidentissime
1291 1947 1473 1994 autem
1497 1942 1711 2011 psalmo
1735 1958 1888 2008 xcut,

304 2020 398 2075 ubi
420 2020 563 2075 LXX
589 2024 803 2083 titulum
828 2026 1029 2083 habent
1063 2030 1329 2103 εΨαλμδς
1365 2033 1441 2105 τῷ
1489 2034 1686 2099 Δαυτδ,
1718 2037 1891 2092 codex

299 2125 451 2166 unus
479 2112 658 2179 habet,
694 2116 1276 2194 ’Aveniypazpogmpa
1320 2124 1432 2188 τοῖς
1459 2125 1514 2177 I"
1552 2126 1648 2180 καὶ
1694 2128 1749 2181 E'
1795 2128 1891 2182 καὶ

302 2204 397 2270 ς’.
426 2204 484 2258 1d
532 2213 618 2261 est
649 2208 893 2276 psalmus
918 2222 1068 2268 caret
1102 2214 1461 2285 inscriptione
1492 2220 1635 2288 apud
1674 2229 1782 2275 tres
1807 2223 1888 2276 in-

299 2301 592 2365 terpretes,
622 2306 673 2353 et
705 2301 846 2369 apud
874 2300 1135 2368 Quintam
1159 2316 1213 2361 et
1246 2305 1491 2363 Sextam.
1526 2310 1610 2365 An
1640 2312 1763 2381 quis
1793 2327 1890 2368 ne-

300 2385 512 2455 gaverit
539 2387 629 2443 hic
656 2393 770 2454 τοῖς
789 2391 848 2456 I"
880 2393 1191 2463 significare
1242 2397 1494 2469 Aquilam
1532 2408 1589 2456 et
1639 2402 1890 2474 Symma-

297 2476 469 2531 chum
496 2486 554 2533 et
577 2478 1051 2539 Theodotionem?
1082 2485 1284 2543 Eadem
1316 2504 1448 2545 vero
1475 2491 1595 2563 ipsa
1632 2506 1762 2550 nota
1802 2512 1889 2553 re-

299 2568 513 2638 peritur
538 2570 605 2625 ad
640 2571 861 2629 initium
886 2576 1092 2645 psalmi
1123 2594 1248 2635 xcv.

376 2654 592 2715 Hesaize
642 2676 777 2719 vero
817 2679 939 2735 cap.
998 2683 1037 2734 ι,
1092 2668 1124 2737 ᾗ
1171 2670 1226 2736 4,
1278 2672 1448 2729 codex
1484 2673 1888 2740 Marchalianus

301 2748 466 2805 habet
501 2753 620 2809 :_Ui
654 2754 730 2820 1",
768 2760 1300 2830 πονηρευομένων,
1355 2764 1482 2821 licet
1526 2775 1710 2822 notam
1749 2770 1797 2822 oi
1833 2770 1887 2823 1"

296 2839 731 2931 (iurteriusnon
764 2851 1141 2921 exscripserit.
1197 2853 1273 2909 lbi
1305 2872 1437 2913 vero
1468 2856 1832 2931 Hieronymus
1868 2879 1882 2915 :

299 2928 521 2999 Ceteri,
552 2948 827 3006 sequentes
859 2938 1163 3010 Hebraeum,
1193 2928 1885 3018 lenslninterpretatisunt

306 3042 327 3075 s
368 3027 756 3095 pessimorum.
790 3050 808 3084 ι
842 3032 1078 3098 Quinam
1105 3036 1181 3090 illi
1211 3040 1413 3105 caeteri,
1441 3039 1548 3096 nisi
1573 3042 1663 3107 A.,
1687 3043 1770 3107 2.,
1795 3042 1883 3109 6.,

300 3118 397 3220 qui
424 3130 479 3220 et
508 3120 558 3172 ul
584 3120 678 3220 l‘t?
705 3121 774 3220 Eii
803 3122 986 3220 HAesai.
1019 3143 1098 3194 vr,
1130 3127 1186 3197 6,
1214 3129 1337 3186 cod.
1379 3129 1640 3188 Marehal.
1665 3175 1681 3200 ,
1715 3132 1779 3188 Οἱ
1807 3135 1881 3201 I",
1910 3162 1954 3220 ο

297 3210 372 3264 ἐν
398 3209 487 3280 τῇ
502 3212 648 3282 χειρὶ
678 3215 898 3270 αὐτοῦ·
926 3215 1291 3289 Hieronymus
1313 3236 1462 3289 vero,
1490 3223 1706 3293 Aquila,
1733 3221 1884 3295 Sym.

296 3318 347 3356 et
387 3301 698 3371 Theodotio,
732 3325 751 3359 ι
793 3309 847 3362 in
895 3325 1061 3365 manu
1102 3311 1263 3382 ejus;
1303 3332 1322 3365 ι
1356 3314 1486 3385 quid
1519 3317 1755 3374 clarius?
1781 3317 1886 3375 Sed

299 3398 449 3465 quod
480 3398 617 3452 nihil
664 3399 939 3470 relinquat
972 3402 1125 3458 dubii
1165 3403 1283 3475 ipse
1307 3405 1592 3463 Curterius
1632 3424 1699 3463 ex
1751 3427 1882 3468 mss.

298 3485 659 3552 llcsaitevm,
700 3488 793 3553 21,
822 3491 916 3544 Διὸ
940 3490 1005 3564 δὴ
1035 3494 1129 3547 καὶ
1158 3495 1212 3547 oi
1246 3499 1427 3568 τρεῖς,
1490 3498 1752 3566 Ἀκύλας,
1795 3504 1888 3557 καὶ

296 3578 511 3648 Συμμ.,
537 3580 631 3632 καὶ
646 3581 938 3637 Θεοδοτίων
957 3582 1132 3649 οὕτως
1155 3588 1505 3659 ἡρμήνευσαν
1519 3608 1533 3622 ·
1559 3591 1614 3648 id
1630 3602 1732 3659 est,
1756 3611 1888 3665 qua-

295 3679 512 3739 propter
547 3681 650 3727 tres
684 3673 993 3743 interpretes
1025 3676 1244 3748 Aquila,
1264 3678 1613 3751 Symmachus
1638 3695 1689 3747 et
1723 3684 1888 3740 Theo-

295 3762 467 3828 dotio,
490 3763 568 3816 sic
591 3764 1006 3821 transtulerunt.
1061 3766 1120 3822 Si
1159 3769 1275 3824 hare
1314 3754 1643 3829 advertisset
1688 3774 1879 3833 Walto

298 3870 430 3917 nus,
460 3870 739 3925 nunquam
770 3868 1028 3929 negasset
1056 3862 1106 3913 oi
1138 3861 1190 3913 I"
1226 3862 1342 3918 sive
1373 3864 1425 3917 oi
1462 3868 1610 3938 τρεῖς
1640 3882 1763 3925 esse
1795 3871 1885 3934 A.,

298 3952 386 4014 2.,
418 3951 482 4006 6.
524 3952 705 4024 Eque
730 3954 1081 4026 perspicuum
1123 3967 1209 4014 est
1233 3959 1367 4014 illud
1415 3959 1630 4019 Hesaiae
1680 3980 1758 4032 xi,
1796 3966 1883 4031 l5,

300 4045 393 4099 ubi
418 4043 691 4103 Eusebius
727 4047 803 4102 ait
836 4066 849 4101 :
881 4048 945 4101 Ol
964 4051 1115 4122 τρεῖς
1159 4051 1464 4123 συμφώνως
1501 4054 1675 4121 οὕτως
1705 4059 1887 4130 ἡρμή-

294 4154 514 4202 νευσαν,
571 4137 671 4192 καὶ
708 4139 1133 4211 ἀναθεματίσει
1179 4141 1403 4213 Κύριος
1450 4146 1568 4215 τὴν
1594 4148 1888 4217 γλῶσσαν

295 4228 618 4296 θαλάσσης
642 4231 971 4301 Αἰγύπτου.
1008 4233 1089 4289 lbi
1119 4250 1250 4291 vero
1279 4234 1649 4309 Hieronymus
1676 4258 1689 4294 :
1727 4239 1885 4296 Deso-

293 4319 427 4375 labit
463 4321 626 4392 igitur
644 4323 752 4377 sive
777 4324 1078 4394 interﬁciet,
1101 4326 1198 4381 hoc
1224 4337 1325 4392 est,
1366 4329 1754 4402 ἀναθεματίσει
1773 4374 1788 4400 ,
1825 4343 1885 4390 ut

298 4408 588 4467 Theodotio
619 4455 633 4479 ,
701 4414 899 4485 Aquila
940 4427 989 4472 et
1055 4416 1404 4489 Symmachus
1473 4425 1881 4495 transtulerunt,

1990 1925 2040 1976 oi
2060 1923 2113 1975 Γ¹
2140 1939 2249 1979 non
2277 1924 2591 1994 signiﬁcare
2634 1923 2890 1995 Aquilam
2913 1965 2931 1993 ,
2958 1922 3110 1997 Sym.
3150 1933 3206 1979 et
3245 1921 3578 1980 Theodotiu-

1993 2032 2116 2071 nem
2151 2033 2164 2068 :
2192 2031 2317 2071 nam
2345 2016 2563 2088 quidvis
2588 2018 2773 2088 potius
2790 2016 2973 2073 dicere
3000 2016 3244 2087 oportuit
3265 2030 3430 2089 quam
3459 2029 3577 2073 rem

1992 2109 2365 2165 certissimam
2394 2124 2621 2181 negare.

2062 2200 2181 2257 Jam
2227 2201 2296 2258 ad
2349 2200 2536 2258 Briani
2592 2201 2840 2258 Waltoni
2887 2210 3211 2274 argumenta
3263 2205 3574 2261 veniamus.

1990 2293 2175 2351 Hesai.
2203 2310 2258 2363 ι,
2288 2294 2380 2361 29,
2431 2295 2500 2349 ad
2551 2311 2723 2350 vocem
2753 2295 2944 2365 ἀγγαί,
2976 2295 3174 2367 inquit,
3209 2296 3499 2365 separatim
3524 2302 3577 2350 ct

1990 2389 2243 2443 distincte
2265 2386 2607 2442 adducuntur
2638 2387 2859 2459 (Aquila
2880 2429 2897 2455 ,
2938 2387 3151 2459 Symm.
3171 2397 3222 2443 et
3261 2386 3574 2457 Thecdotio)

1989 2482 2096 2537 into
2123 2491 2171 2536 et
2196 2480 2545 2536 diversintode
2570 2481 2995 2551 interpretantes.
3031 2479 3095 2535 6.
3131 2497 3252 2535 vero
3301 2481 3575 2551 signanter

1988 2590 2048 2629 eo
2078 2573 2182 2627 loci
2213 2573 2503 2645 κατάδυμα
2538 2574 2757 2628 vertisse
2810 2572 3044 2640 dicitur,
3068 2573 3247 2645 (quod
3285 2573 3576 2646 κατάλυμα

1990 2667 2263 2739 legendum
2295 2665 2534 2737 potius,)
2571 2666 2657 2720 cui
2685 2680 2807 2720 mea:
2835 2665 3122 2736 apponitur
3138 2665 3291 2736 ὅμως
3317 2666 3367 2719 οἱ
3394 2665 3468 2718 I".
3505 2664 3576 2718 At

1988 2775 2110 2815 vero
2133 2760 2181 2813 si
2200 2759 2331 2814 dicti
2363 2760 2520 2814 modo
2551 2759 2861 2828 interpretes
2896 2759 3061 2813 iidem
3085 2764 3256 2812 essent
3294 2756 3383 2828 qui
3417 2757 3469 2810 oi
3495 2756 3571 2822 1",

1990 2860 2126 2906 certe
2144 2851 2284 2923 quod
2310 2850 2651 2922 subjungitur
2682 2852 2831 2922 ὅμως
2854 2852 2903 2906 οἱ
2928 2851 3004 2917 l",
3047 2867 3153 2904 non
3190 2850 3364 2904 minus
3406 2865 3574 2919 nuga—

1988 2941 2120 2995 citer
2143 2948 2192 2994 et
2222 2940 2395 3010 inepte
2422 2940 2730 3004 adderetur,
2763 2955 2922 3010 quam
2954 2941 3001 2994 si
3028 2939 3146 3010 quis
3183 2938 3410 3002 diceret,
3448 2936 3572 2993 Cio»

1989 3031 2099 3099 tho,
2136 3031 2395 3087 Lachesin
2419 3042 2467 3087 et
2498 3033 2756 3103 Atropon,
2789 3033 3061 3087 imminere
3081 3032 3299 3086 stamini
3326 3033 3449 3087 vita
3471 3030 3573 3085 hu-

1988 3141 2182 3191 manas,
2216 3126 2343 3196 quin
2381 3127 2542 3180 etiam
2582 3134 2632 3180 et
2656 3136 2759 3180 tres
2789 3125 2993 3180 Parcas
3037 3127 3133 3180 hoc
3157 3126 3330 3195 ipsum
3344 3123 3570 3195 facere;
3636 3132 3641 3137 ‘

1992 3218 2207 3287 [uerunt
2236 3233 2358 3288 ergo
2391 3217 2487 3273 alii
2507 3225 2556 3272 et
2577 3217 2698 3285 alii,
2724 3234 2826 3272 non
2855 3217 3029 3272 minus
3056 3234 3089 3271 a
3113 3219 3227 3281 τοῖς
3258 3216 3311 3268 Γ¹
3341 3232 3503 3287 quam
3538 3232 3572 3268 α

1991 3324 2045 3362 se
2059 3308 2281 3362 invicem
2304 3308 2520 3363 diversi.

2057 3398 2130 3456 Ut
2182 3400 2519 3472 propositam
2567 3399 2949 3457 difticnltatem
3003 3399 3221 3456 facilius
3276 3399 3570 3470 intemgas,

1989 3492 2248 3548 observes
2278 3499 2512 3562 oportet,
2538 3491 2629 3548 hic
2653 3493 2709 3546 in
2743 3500 2893 3547 textu
2920 3490 3127 3547 codicis
3159 3488 3512 3545 Marchaliani
3537 3503 3571 3542 ιι

1990 3585 2244 3642 Curterio
2273 3586 2405 3642 editi
2434 3586 2563 3658 legi,
2591 3585 2702 3639 Καὶ
2732 3584 2852 3656 ἥξει
2884 3587 2965 3650 εἰς
3022 3583 3237 3653 Ἀγγαῑ.
3278 3580 3447 3645 Φόϐος
3475 3581 3571 3652 λή-

1987 3678 2149 3749 ψεται
2195 3678 2378 3750 Ῥαμὰ
2414 3677 2571 3733 πόλιν
2614 3677 2817 3732 Σαούλ·
2858 3677 3113 3747 φεύξεται
3146 3675 3411 3747 θυγάτηρ,
3460 3680 3575 3728 etc.

1988 3769 2046 3825 ln
2082 3770 2329 3842 margine
2354 3785 2480 3826 vero
2513 3770 2581 3825 ad
2612 3784 2803 3825 vocem
2849 3769 3065 3839 Ἀγγαι,
3108 3769 3207 3824 has
3241 3775 3401 3822 notas
3436 3780 3572 3830 con:

1989 3873 2284 3936 sequenter
2311 3862 2441 3936 legi.

2200 3961 2266 4013 A.
2295 3956 2762 4013 ΔΥΛΙΣΤΗΡΙΟΝ

2200 4050 2260 4109 Σ.
2290 4048 2644 4105 ΑΥΛΙΣΜΟΣ

2198 4144 2260 4198 Θ.
2296 4143 2704 4199 ΚΑΤΑΛΥΜΑ,
2720 4140 2921 4199 ΟΜΩΣ.

2200 4239 2266 4290 Ol
2291 4237 2351 4289 Γ.

2200 4331 2267 4397 x
2297 4325 2745 4383 XPEMETIEON
2767 4324 2854 4377 cu

2198 4421 2348 4474 NHN
2377 4420 2509 4473 ΣΟΥ

297 4524 318 4556 ε
354 4505 593 4576 linguam
647 4507 813 4561 maris
852 4507 1097 4579 Egypti.
1130 4530 1149 4563 ι
1203 4510 1271 4567 Ει
1327 4512 1537 4570 Ηθδειίω
1590 4532 1719 4582 LIV,
1786 4518 1883 4585 16,

2056 4510 2157 4567 llic
2204 4511 2249 4568 si
2284 4512 2432 4583 ὅμως
2452 4512 2503 4565 oi
2530 4511 2581 4564 l"
2605 4544 2623 4582 κ
2647 4526 2763 4583 .egc
2800 4508 2999 4582 ὁμοίως
3039 4509 3090 4563 οἱ
3133 4507 3225 4580 Γ¹)
3256 4507 3567 4564 necessario

290 4606 458 4662 metu,
500 4599 625 4652 eod.
657 4597 923 4655 Marchal.
967 4602 1031 4655 Oi
1084 4603 1171 4667 I",
1199 4605 1273 4660 ἐν
1299 4607 1477 4676 πυρί·
1529 4608 1754 4678 quinam
1802 4610 1880 4665 illi

291 4699 407 4744 tres
439 4689 547 4745 nisi
581 4688 671 4755 Δ.,
702 4692 787 4757 Σ.,
816 4692 925 4747 6.?
952 4708 1080 4749 nam
1116 4698 1394 4767 quomodo
1420 4699 1512 4769 A.,
1532 4702 1617 4766 2.,
1644 4701 1881 4769 6.,tzm:

292 4790 505 4837 vertere
531 4785 833 4853 potuerint,
858 4785 962 4841 nisi
987 4787 1049 4841 ὲν
1080 4787 1250 4861 πυρίῖ
1274 4787 1421 4846 Idem
1455 4792 1609 4849 dicas
1631 4768 1876 4864 cap..t.v,

302 4870 352 4935 l,
394 4871 484 4926 ubi
511 4880 577 4959 Ρη
607 4875 657 4927 οξ
684 4875 763 4971 1"
802 4872 964 4933 οἶνον.
1006 4876 1077 4971 .Et
1102 4879 1233 4934 ibid.
1261 4897 1315 4936 ν.
1352 4882 1406 4948 5,
1435 4890 1537 4971 τη,
1568 4885 1617 4938 οἱ
1645 4886 1697 4938 Γ⁹
1725 4886 1875 4942 ιδού·

293 4971 492 5034 etcap.
519 4950 641 5033 'Lvt,
677 4966 779 5034 10,
811 4976 925 5033 m7
968 4950 1061 5034 te"),
1098 4973 1150 5026 οἱ
1188 4972 1272 5039 I",
1311 4950 1774 5046 σῦκ’ἕγνωσαν’
1824 4989 1882 5036 et

291 5071 449 5122 Lvm,
477 5058 533 5121 4,
568 5067 629 5141 τῇ
652 5061 700 5113 οἱ
730 5060 806 5125 Γ’,
838 5061 988 5117 ἰδού.
1047 5062 1282 5131 Quinam
1315 5068 1407 5123 alii
1442 5070 1656 5139 possint
1695 5072 1748 5127 in
1792 5073 1880 5130 his

287 5149 812 5223 exemplisintclligi
850 5154 901 5208 οἱ
934 5154 989 5208 Γ¹
1024 5157 1131 5213 nisi
1152 5158 1375 5229 Aquila,
1420 5160 1787 5234 Symmachus
1824 5177 1881 5224 et

287 5237 603 5297 Thcodotio.
615 5242 647 5301 ἲ,

363 5329 607 5403 ldipsum
642 5344 823 5391 autem
844 5336 1050 5396 dixeris
1074 5339 1272 5399 Ezech.
1299 5360 1375 5413 tv,
1410 5348 1495 5412 15,
1520 5357 1663 5409 κω
1685 5335 1875 5419 nam.

285 5423 383 5477 ubi
406 5424 885 5496 eodex.Marchal.,
908 5434 977 5501 χ(
1002 5434 1054 5487 οἱ
1080 5435 1156 5501 Γ’,
1188 5436 1492 5507 τὸνᾶρτον
1514 5441 1714 5497 αὐτῶν
1731 5444 1878 5500 ἀκά-

288 5521 547 5587 θαρτον·
582 5520 674 5574 ubi
712 5523 1012 5579 notandum
1045 5534 1133 5583 est
1162 5528 1253 5586 hic
1287 5539 1343 5587 et
1372 5531 1427 5586 in
1473 5534 1654 5591 allatis
1690 5551 1878 5592 exem-

286 5607 395 5678 plis
415 5624 560 5678 saepe
578 5619 762 5669 notam
784 5614 837 5667 oi
863 5614 914 5667 l"
933 5619 1278 5686 praemissum
1302 5623 1626 5682 asteriscum
1652 5626 1873 5693 habere,

287 5700 417 5769 quia
452 5701 712 5759 lectiones
759 5705 920 5761 trium
966 5709 1327 5782 interpretum
1361 5731 1486 5771 cum
1524 5719 1790 5776 asterisco
1819 5721 1874 5776 in

288 5790 585 5847 editionem
617 5792 722 5847 τῶν
755 5792 813 5851 0'
842 5796 1198 5871 hexaplarem
1236 5802 1307 5859 ab
1359 5804 1479 5875 ipso
1515 5804 1747 5878 Origene
1787 5807 1874 5863 in-

1984 4604 2349 4677 conjungatur
2371 4620 2497 4660 cum
2520 4605 2610 4672 A.,
2638 4605 2725 4671 2.,
2746 4603 2837 4673 6.,
2867 4602 3414 4673 interpretationibus
3429 4616 3567 4672 prte-

1984 4698 2213 4769 positis,
2257 4697 2330 4752 ita
2379 4706 2440 4752 ut
2474 4704 2599 4769 post
2630 4697 2813 4752 datam
2856 4695 3201 4767 singulorum
3254 4695 3566 4759 lectionem,

1983 4806 2105 4863 qua!
2144 4790 2368 4861 respicit
2390 4806 2580 4847 vocem
2616 4789 2941 4847 Hebraicam
2968 4773 3117 4878 p572,
3148 4790 3279 4845 huic
3303 4788 3568 4861 adjungao

1984 4892 2071 4938 tur
2096 4882 2297 4955 ὁμοίως
2324 4883 2375 4935 οἱ
2398 4883 2474 4951 Γ’,
2505 4889 2653 4939 recte
2672 4883 2840 4937 haeret
2865 4880 3178 4945 Waltonus,
3211 4896 3335 4936 cum
3368 4881 3566 4937 dicitur

1984 4985 2095 5032 tres
2124 4976 2376 5031 similiter
2411 4975 2664 5040 vertisse,
2701 4982 2991 5045 postquam
3025 4975 3254 5030 diversa:
3288 4973 3452 5032 trium
3488 4973 3567 5029 le-

1982 5069 2195 5125 ctiones
2225 5050 2403 5125 allata:
2437 5070 2588 5125 sun't.
2623 5066 2826 5123 Verum
2872 5067 3047 5123 facilis
3089 5069 3199 5125 erit.
3232 5067 3567 5133 dillieultatis

1981 5161 2204 5231 solutio,
2235 5162 2283 5218 si
2314 5160 2564 5217 dicamus
2590 5161 2793 5233 ὁμοίως
2816 5162 2866 5215 oi
2899 5161 2952 5213 1"
2975 5160 3564 5232 respicerequamdam

1980 5268 2049 5308 ex
2084 5252 2443 5324 sequentibus
2475 5252 2725 5318 vocibus,
2744 5252 2829 5307 vel
2859 5252 3153 5318 clausulis,
3182 5258 3254 5307 et.
3274 5252 3416 5307 male
3440 5266 3569 5308 cen-

1975 5345 2133 5418 jungi
2179 5346 2322 5401 hanc
2364 5353 2550 5402 notam
2584 5361 2711 5401 cum
2755 5345 3085 5415 praecedenti
3108 5384 3124 5410 ,
3158 5344 3305 5416 quod
3342 5359 3542 5401 sexeen

1982 5437 2083 5494 ties
2109 5436 2327 5494 accidit.
2355 5437 2545 5509 itaque
2566 5438 2783 5509 opinor,
2813 5438 3025 5510 ὁμοίως
3056 5437 3106 5493 oi
3135 5438 3190 5491 l"
3220 5438 3564 5510 conjungen-

1979 5529 2110 5586 dum
2132 5547 2254 5587 esse
2276 5546 2402 5586 eum
2427 5532 2672 5600 sequenti
2692 5530 2928 5587 lectione
2949 5531 3236 5603 marginali
3269 5533 3338 5602 Χ
3359 5528 3564 5604 xpend-

1980 5640 2129 5678 τισον
2158 5624 2342 5695 φωνήν
2364 5640 2479 5686 σου,
2669 5605 2801 5687 35.13
2830 5639 2843 5676 :
2868 5638 3003 5685 nam
3028 5622 3108 5679 sic
3138 5623 3237 5678 has
3256 5638 3418 5678 voces
3446 5637 3565 5677 vero

1983 5723 2094 5771 tere
2127 5715 2304 5770 solent
2342 5715 2407 5768 A.
2429 5757 2443 5783 ,
2470 5716 2529 5768 2.
2553 5754 2568 5778 ,
2596 5715 2658 5768 Θ.
2711 5717 2902 5785 itaque
2946 5730 3143 5771 sensus
3185 5714 3290 5769 erit
3311 5714 3564 5770 similiter

1980 5815 2085 5861 tres
2107 5807 2434 5878 interpretes,
2468 5821 2661 5878 nempe
2684 5807 2774 5874 A.,
2799 5807 2884 5877 2.,
2911 5805 2999 5876 Θ.,
3026 5804 3348 5878 χρεμέτισον
3376 5805 3562 5878 φωνήν
