3832 6214
342 352 444 404 H5

1701 353 2223 411 PRELIMINARIA

3487 356 3588 414 116

342 480 457 519 σου.
504 463 627 522 Haec
673 469 898 524 omnino
942 468 1261 527 verisimilia
1301 485 1449 528 sunt.
1494 472 1551 528 Si
1584 482 1762 529 tamen
1804 475 1911 530 alio
1942 482 1986 537 Α
2014 485 2383 531 commentum
2410 477 2475 531 de
2507 476 2689 532 tribus~
2717 475 3051 532 editionibus
3083 476 3196 546 jam
3243 475 3588 532 exsuﬁlatum

341 559 505 614 modo
532 569 584 614 te
611 561 864 630 expedire
899 562 1065 627 velis,
1096 578 1228 619 cave
1263 565 1414 620 dicas
1452 582 1690 634 unquam
1713 609 1728 629 ,
1775 570 1825 621 οἱ
1858 569 1911 621 1"

340 665 447 706 non
476 651 784 721 signiﬁcare
813 655 904 721 A.,
932 656 1016 719 Σ.,
1041 656 1129 724 9.,
1166 657 1219 711 id
1250 657 1449 726 quippe
1480 674 1587 712 non
1631 659 1759 715 licet
1788 669 1911 729 post

340 747 421 794 tot
439 741 600 796 allata
632 744 967 801 testimonia.
990 744 1261 801 Caeterum
1289 748 1440 818 ὅμως
1476 749 1618 804 male
1657 764 1690 803 a
1725 748 1915 805 Curte-

340 832 424 888 rio
451 834 651 890 lectum
680 835 852 891 fuisse
874 851 974 907 pro
1008 839 1230 910 ὁμοίως,
1258 855 1401 909 saepe
1422 841 1787 897 ostendimus.
1815 842 1913 899 Hic

338 926 499 981 etiam
525 929 667 982 male
690 931 999 1002 κατάδυμα,
1028 948 1126 1003 pro
1158 933 1447 1005 καταλυμα
1473 934 1669 1005 legitur
1688 977 1704 1001 ,
1736 946 1796 992 ut
1822 937 1914 993 ob-

338 1027 518 1074 servat
550 1017 861 1078 Waltonus.

409 1112 659 1167 Alterum
712 1112 952 1171 Waltoni
1004 1127 1382 1188 argumentum
1434 1119 1740 1189 hujusmodi
1780 1130 1909 1177 est:

339 1200 474 1255 Dein
502 1219 621 1273 cap.
651 1206 780 1270 mu,
815 1208 871 1277 ᾗ.
906 1208 959 1273 9,
999 1209 1069 1261 ad
1099 1225 1272 1263 vacem
1297 1210 1574 1264 ἀνατεῖλαι
1595 1227 1713 1264 cum
1745 1241 1805 1266 -τ-
1836 1212 1912 1265 sic

338 1312 392 1351 se
426 1295 581 1351 habet
608 1313 790 1369 margo
807 1314 827 1353 :
851 1301 912 1352 Οἱ
944 1301 1018 1367 I",
1043 1302 1411 1373 ἀναγγεῖλαι,
1445 1304 1507 1357 Θ.
1532 1302 1910 1372 βλαστῆσαι,

337 1388 401 1440 Δ.
433 1387 773 1457 ἀναφυῆναι
794 1406 813 1455 ;
846 1406 1017 1445 nonne
1049 1393 1160 1447 [nec
1203 1403 1352 1447 tanta
1405 1404 1615 1464 tamque
1658 1394 1915 1448 distincta

337 1478 804 1548 intepretationum
820 1484 1050 1537 varietas
1076 1486 1383 1539 varietatem
1407 1485 1584 1554 arguit
1610 1489 1914 1543 auctorum?

408 1567 537 1624 Haec
561 1572 609 1627 si
640 1574 950 1629 accuratius
980 1577 1352 1631 examinasset
1380 1574 1692 1642 Waltonus,
1736 1579 1913 1633 mani-

336 1660 472 1716 festa
494 1663 579 1745 vel
605 1664 815 1720 librarii
846 1667 932 1721 vel
954 1665 1190 1722 Curterii
1230 1668 1427 1723 menda
1456 1670 1568 1724 duo
1609 1668 1913 1738 deprehen-

338 1754 531 1811 disset.
561 1756 803 1812 Primum
833 1770 938 1825 est,
976 1761 1124 1831 quod
1148 1763 1198 1814 oi
1238 1762 1291 1813 l"
1327 1762 1541 1832 legatur
1574 1777 1674 1831 pro
1707 1764 1785 1829 θ’,
1819 1761 1907 1825 (1.,

2014 578 2120 623 est.

2085 658 2240 726 Quod
2274 661 2340 714 ad
2379 670 2563 715 notam
2587 676 2718 716 vero
2759 662 2976 727 attinet,
3013 662 3139 717 dico
3183 662 3255 716 ita
3303 662 3591 730 legendum

2013 765 2157 813 esse,
2200 751 2431 822 ὀμοίως
2455 752 2506 803 οἱ
2525 751 2598 815 Γ’,
2631 752 2682 804 οἱ
2707 752 2784 815 0’,
2816 751 2850 821 ἢ
2878 750 3079 822 ὁμοίως
3124 753 3236 815 τοῖς
3276 753 3379 814 ΑΩ,
3412 750 3500 808 Θ..
3530 759 3593 803 ut

2013 844 2219 914 passim
2268 845 2532 914 probatur
2578 844 2633 898 in
2687 845 2833 899 notis
2895 845 2960 899 ad
3006 844 3309 900 Hesaiam:
3361 860 3486 897 nam
3534 844 3592 899 in

2014 934 2387 990 Marcbaliano
2419 934 2630 1002 codice,
2670 935 2760 989 ubi
2794 936 2944 1006 ὅμως
2973 935 3204 1005 legitur,
3238 943 3362 1004 post
3389 933 3460 989 Μ.
3504 949 3595 989 su-

2014 1044 2111 1097 pra
2150 1027 2407 1083 scribitur
2434 1026 2635 1082 lineola
2666 1042 2788 1097 quae
2806 1026 3077 1096 signiﬁcat
3107 1043 3155 1079 οι
3190 1046 3202 1078 :
3233 1024 3592 1095 quamobrem

2014 1122 2298 1192 legendum
2327 1120 2559 1191 ὁμοίως·
2596 1120 2687 1173 ubi
2714 1118 2999 1174 Curterius
3050 1117 3177 1187 legit
3217 1133 3311 1183 τε,
3343 1116 3386 1168 Τ
3411 1115 3594 1170 solum

2015 1212 2265 1276 habetur,
2324 1226 2491 1280 supra
2523 1210 2701 1280 posita
2738 1225 2972 1265 recurva
3031 1209 3196 1273 linea,
3256 1222 3379 1277 quae
3425 1206 3597 1261 efﬁcit

2015 1303 2303 1357 articulum
2336 1307 2470 1366 τοῖς,
2496 1312 2556 1357 ut
2597 1303 2731 1372 ipsis
2767 1302 2944 1358 oculis
2986 1301 3217 1370 inspexi.
3256 1298 3369 1354 Hac
3414 1299 3594 1369 posita

2012 1394 2245 1450 lectione
2271 1394 2396 1450 dico
2431 1395 2662 1465 primam
2692 1402 2879 1448 notam
2915 1392 3146 1464 Ὁμοίως
3161 1393 3211 1446 οἱ
3232 1392 3285 1445 I"
3319 1393 3403 1447 vel
3426 1391 3599 1462 perti-

2013 1503 2140 1541 nere
2171 1488 2237 1542 ad
2284 1488 2519 1556 aliquam
2544 1503 2733 1542 vocem
2762 1487 2916 1556 prius
2948 1486 3181 1555 positam
3203 1525 3219 1551 ,
3258 1486 3344 1540 vel
3384 1485 3599 1557 signiﬁ-

2014 1594 2139 1633 care
2170 1590 2279 1633 tres
2308 1578 2626 1649 interpretes
2682 1580 2732 1632 si
2779 1578 2872 1632 καί
2913 1579 3133 1644 habere,
3186 1578 3259 1632 ita
3306 1586 3487 1632 tamen
3533 1588 3597 1634 ut

2012 1673 2063 1723 oi.
2091 1673 2145 1725 0'
2178 1671 2211 1742 ἢ
2242 1672 2442 1742 ὁμοίως
2460 1674 2573 1736 τοῖς
2613 1673 2700 1737 A.,
2733 1672 2795 1726 Θ.
2832 1671 2884 1726 id
2917 1680 3021 1740 est,
3054 1669 3197 1726 LXX.
3224 1679 3278 1726 et
3304 1669 3499 1741 Aquila
3537 1677 3597 1725 et

2016 1761 2318 1818 Theodotio
2348 1764 2383 1834 ἦ
2422 1780 2521 1835 pro
2547 1767 2595 1818 εἰ
2621 1764 2878 1820 habeant.
2917 1764 2984 1820 Ut
3032 1772 3091 1818 ut
3125 1780 3251 1820 vero
3289 1763 3383 1828 sit,
3431 1778 3592 1818 erro-

337 1845 393 1899 id
429 1856 513 1902 est
551 1846 693 1902 LXX
722 1858 777 1903 et
800 1849 1182 1920 Symmachus,
1214 1868 1335 1922 quae
1357 1852 1587 1907 mutatio
1630 1852 1823 1908 facilis.
1852 1851 1908 1931 Id
1940 1836 1983 1891 Β
2014 1872 2129 1911 rem
2157 1857 2365 1911 librarii
2392 1858 2476 1913 his
2504 1859 2557 1912 in
2591 1859 2810 1914 casibus
2847 1859 3029 1929 potius
3058 1859 3389 1928 suspiceris,
3422 1872 3591 1928 quam

335 1952 471 1993 vero
502 1938 663 1995 docet
711 1941 901 1995 eadem
932 1942 1257 1997 Gurteriana
1305 1943 1492 2011 editio,
1537 1945 1630 1998 ubi
1676 1944 1743 1999 ad
1795 1945 1911 1999 haec

336 2024 501 2079 verba
530 2025 727 2096 legitur
752 2030 809 2082 in
841 2029 1234 2085 Commentario
1264 2031 1536 2103 Procopii,
1561 2035 1591 2087 ὁ
1616 2032 1910 2105 Σύμμαχος

335 2112 512 2185 εἶπεν,
540 2120 649 2191 πρὸ
665 2120 759 2174 τοῦ
788 2123 1127 2191 ἀναγγεῖλαι,
1150 2133 1256 2180 etc.
1307 2124 1618 2181 Secundum
1652 2126 1908 2181 mendum

335 2218 442 2276 est,
473 2211 619 2280 quod
653 2213 943 2283 utrobique
975 2215 1187 2283 legatur
1222 2217 1539 2286 ἀναγγεῖλαι
1574 2233 1672 2287 pro
1698 2218 1911 2272 ἀνατεί-

334 2296 448 2366 λαι,
487 2317 766 2370 nunquam
798 2305 944 2359 enim
978 2321 1166 2361 vocem
1194 2319 1435 2370 .1:an
1469 2311 1722 2366 vertisset
1752 2309 1912 2382 Sym-

336 2397 567 2451 machus
590 2397 928 2465 ὰναγγεῖλαι.
977 2398 1166 2469 Itaque
1188 2412 1372 2456 notam
1402 2404 1483 2459 sic
1528 2404 1674 2473 legas
1716 2408 1795 2471 0’,
1822 2405 1908 2469 Σ.,

333 2487 675 2555 ἀνατεῖλαι,
703 2490 765 2545 Θ.
819 2490 1172 2560 βλαστῆσαι
1196 2534 1213 2558 ,
1260 2494 1325 2548 Α.
1362 2496 1726 2565 ἀναφυῆναι.
1772 2494 1909 2550 Nam

336 2577 479 2633 LXX
515 2590 575 2635 ut
603 2579 970 2653 Symmachus
984 2586 1261 2639 ἀνατεῖλαι
1291 2587 1546 2656 primitus
1576 2588 1835 2643 habuere.

405 2672 650 2730 Tertium
672 2688 1055 2748 argumentum
1082 2680 1287 2749 profert
1304 2681 1592 2737 Waltonus
1620 2681 1907 2753 :Denique,

339 2768 441 2831 ait,
471 2784 590 2836 cap.
622 2786 770 2835 LXVI,
812 2788 858 2824 υ.
889 2772 945 2837 8,
997 2772 1069 2825 ad
1105 2790 1251 2828 voces
1278 2776 1326 2827 εἰ
1356 2775 1451 2828 καί
1497 2774 1590 2829 sub
1627 2789 1690 2831 -ι-
1725 2793 1910 2846 margo

334 2860 412 2912 sic
437 2860 611 2925 habet,
644 2863 834 2933 Ὅμως
855 2866 904 2918 oi
929 2868 1006 2929 0',
1038 2866 1094 2936 ἢ,
1122 2868 1271 2937 ὅμως
1300 2885 1359 2920 τε
1386 2869 1475 2933 A.,
1504 2868 1591 2929 6.,
1625 2868 1763 2921 unde
1785 2884 1911 2921 con-

334 2959 445 3002 stat
472 2949 723 3020 Aquilam
751 2954 938 3007 saltem
964 2964 1014 3008 et
1048 2954 1450 3011 Theodotionem
1486 2974 1588 3011 non
1614 2959 1787 3011 minus
1822 2957 1909 3010 di-

333 3056 509 3095 οπεος
530 3059 644 3096 esse
678 3060 710 3097 a
736 3048 850 3108 τοῖς
877 3046 917 3098 Γ
917 3053 928 3074 ¹
953 3064 1111 3116 quam
1139 3052 1186 3102 oi
1219 3052 1272 3102 0'
1302 3059 1444 3104 sunt.
1478 3049 1661 3119 (Forte
1675 3067 1766 3119 per
1793 3050 1909 3102 oiI"

2012 1963 2125 2002 rem
2163 1948 2285 2003 luce
2334 1949 2620 2005 clariorem
2674 1965 2860 2019 neges,
2912 1948 3163 2004 videlicet
3211 1950 3335 2013 τοὺς
3384 1948 3437 2000 I"
3466 1963 3594 2003 esse

2010 2039 2288 2109 Aquilam,
2314 2037 2703 2111 Symmachum
2735 2049 2791 2095 et
2827 2038 3278 2095 Theodotionem.

2080 2130 2245 2185 Certe
2261 2130 2519 2187 librarios
2548 2132 2602 2186 in
2629 2132 2946 2202 bujusmodi
2971 2131 3114 2186 notis
3138 2147 3246 2187 non
3278 2129 3595 2201 infrequen-

2012 2229 2092 2276 ter
2110 2237 2296 2277 errare
2317 2223 2800 2292 deprehendimus,
2825 2224 3128 2279 utCoisliu.
3155 2222 3390 2279 eximius
3417 2224 3595 2279 codex

2010 2311 2077 2366 III
2108 2313 2239 2385 Reg.
2277 2331 2369 2380 xv,
2404 2314 2472 2369 12
2501 2334 2515 2371 :
2544 2319 2621 2380 θ’,
2650 2316 2723 2383 1",
2753 2316 2852 2380 τὰς
2876 2314 3098 2378 τελετὰς
3125 2356 3141 2380 ,
3180 2315 3381 2385 ὁμοίως
3422 2316 3472 2367 οἱ
3512 2314 3595 2379 Γ’,

2011 2407 2104 2461 ubi
2129 2408 2219 2462 illa
2253 2409 2501 2479 repetitio
2533 2408 2625 2462 τοῦ
2655 2410 2706 2462 Γ¹
2731 2410 2865 2464 vitio
2896 2410 3116 2465 inducta
3154 2396 3293 2473 fuit;
3336 2418 3391 2462 et
3438 2406 3594 2462 Vati-

2011 2516 2182 2556 canus
2214 2502 2411 2571 psalm.
2449 2519 2559 2567 xvr,
2593 2502 2648 2567 Ξ,
2677 2503 2732 2556 in
2764 2503 2878 2556 lucc
2907 2504 3071 2557 verba
3108 2504 3156 2555 οἱ
3192 2499 3458 2572 ὀφθαλμοί
3495 2516 3594 2554 σου

2011 2594 2091 2648 sic
2112 2602 2302 2648 notat:
2343 2600 2436 2660 Α.,
2468 2596 2553 2656 Σ..
2574 2594 2663 2658 Θ.,
2688 2595 2888 2665 ὁμοίως
2938 2596 2989 2647 οἱ
3016 2594 3068 2647 Γ¹
3089 2636 3104 2660 ,
3140 2608 3454 2664 quanquam
3500 2592 3597 2647 hic

2012 2693 2158 2739 recte
2179 2686 2438 2755 explicari
2474 2687 2675 2756 possit,
2702 2686 2917 2757 Aquila,
2948 2683 3296 2755 Symmachus
3334 2693 3382 2737 et
3418 2679 3595 2737 Theo-

2011 2776 2178 2840 dolio,
2219 2786 2320 2831 tres
2352 2777 2828 2846 similiterhabent,
2860 2778 3008 2847 quod
3033 2777 3107 2831 ita
3125 2776 3332 2831 Gallice
3353 2773 3594 2844 exprimi

2011 2869 2208 2932 valeat,
2245 2868 2475 2938 Aquila,
2502 2866 2824 2938 ngmaque
2869 2878 2920 2922 et
2956 2866 3280 2921 Tlteodotion
3330 2873 3419 2919 out
3469 2873 3593 2917 tous

2013 2958 2143 3011 trois
2168 2957 2231 3011 de
2263 2959 2443 3012 me‘me.
2472 2956 2596 3013 Haec
2613 2958 2863 3027 pluribus
2890 2957 3148 3027 persequi
3173 2969 3399 3011 necesse
3426 2954 3595 3009 duxi-

2012 3067 2157 3112 mus,
2184 3066 2252 3105 ne
2282 3051 2641 3106 eruditissimi
2675 3051 2813 3105 etde
2844 3048 3121 3119 republica
3152 3045 3412 3101 litteraria
3449 3044 3594 3099 bene

339 3143 445 3187 tres
467 3135 743 3202 editiones,
775 3136 1016 3209 Origenis
1046 3142 1123 3194 uel
1146 3141 1381 3207 Eusebii,
1410 3142 1634 3195 Luciani
1664 3152 1717 3195 et
1739 3142 1910 3212 Hesy-
1936 3173 1977 3230 ο
2012 3143 2194 3197 meriti
2227 3143 2328 3196 viri
2358 3148 2561 3198 conatu
2585 3158 2614 3196 a
2646 3157 2775 3198 vera
2809 3139 3077 3196 sententia
3106 3138 3327 3209 quidam
3355 3134 3594 3190 abduceb

330 3225 442 3278 (διὁὶ
470 3226 831 3301 denotamur.)
856 3228 1130 3289 Hactenus
1151 3232 1457 3290 Waltonus.
1480 3232 1758 3290 Posterius
1778 3250 1906 3289 vero

1929 3393 1999 3409 ειη-

2014 3244 2218 3290 rentur.

1325 3517 1703 3609 CAPUT
1776 3519 2541 3611 UNDECIMUM.

331 3835 373 3889 I.
396 3835 1033 3907 I'Iexaplqrumnapog‘rapba
1053 3848 1295 3907 perpauca
1320 3834 1444 3886 facta
1467 3842 1601 3907 sunt,
1626 3851 1812 3907 quare.
1846 3837 1911 3887 II.
1930 3837 2471 3907 Variae-ﬂetaplorum.
2493 3831 2737 3907 lectiones
2763 3832 2817 3907 ip
2846 3844 2922 3907 ma

2928 3830 3150 3893 rglnibus
3174 3829 3447 3881 Bibliorum
3481 3840 3589 3883 cot-

430 3893 588 3948 lectte.
613 3898 697 3947 Ill.
723 3893 1013 3957 Quinamex
1036 3893 1357 3960 scriptoribus
1379 3893 1730 3949 ecclesiasticis
1751 3900 2089 3963 Hetaplorum
2109 3901 2247 3949 libris
2268 3893 2375 3948 "sint
2398 3894 2491 3946 usi.
2520 3893 2601 3944 ιν.
2628 3895 2942 3955 Quandonam
2962 3894 3182 3955 Hexapla
3204 3893 3465 3956 perierint.

330 4041 375 4096 Ι.
407 4038 763 4109 llexaplorum
790 4040 1093 4109 apographa
1109 4056 1369 4129 perpiauca
1391 4041 1535 4108 facta
1555 4050 1698 4107 sunt,
1720 4057 1902 4111 quare.

403 4132 632 4198 Quantae
665 4130 832 4185 fuerit
877 4147 1056 4200 opera:
1112 4130 1347 4201 Ilexapla
1396 4130 1646 4203 Origenis
1693 4134 1903 4203 integra

330 4223 659 4289 describere,
683 4233 736 4277 et
771 4239 857 4278 res
896 4223 1011 4293 ipsa
1043 4238 1137 4291 per
1166 4239 1225 4278 se
1248 4224 1448 4278 clamat
1477 4263 1492 4289 ,
1546 4233 1601 4279 et
1641 4223 1904 4296 Hierony-

330 4332 456 4371 mus
478 4317 816 4380 testiﬁcatur,
840 4315 934 4385 qui
962 4317 1038 4368 ait
1064 4313 1391 4371 Pt-zefatione
1413 4317 1467 4371 in
1491 4316 1688 4371 librum
1714 4315 1900 4385 Josue,

330 4408 571 4478 Ilexapla
610 4417 829 4478 sumptu
859 4417 914 4463 et
953 4407 1137 4462 labore
1162 4408 1405 4464 maximo
1452 4410 1713 4480 indigere.
1760 4408 1904 4465 Sane

2013 4056 2177 4111 quam
2212 4037 2494 4093 minimam
2522 4049 2654 4089 sane
2683 4040 2862 4088 textus
2899 4027 3090 4084 Biblici
3120 4039 3326 4098 partem
3354 4029 3586 4100 singulis

2012 4131 2067 4185 in
2100 4129 2313 4200 paginis
2343 4126 2531 4181 haberi
2562 4138 2783 4180 necesse
2827 4121 2969 4176 fuit:
3006 4120 3207 4191 quibus
3258 4121 3542 4191 perpensis
3567 4160 3583 4183 ,

2013 4223 2101 4276 vix
2140 4218 2533 4291 quinquaginta
2589 4216 2780 4285 amplae
2835 4212 2995 4267 molis
3028 4213 3394 4267 voluminibus
3427 4227 3585 4267 com-

2011 4310 2271 4382 prehendi
2301 4308 2537 4378 Hexapla
2561 4306 2746 4361 omnia
2776 4302 3023 4375 potuisse
3057 4303 3379 4374 putaverim.
3413 4301 3585 4357 Cum-7

2011 4420 2116 4476 que
2148 4405 2263 4474 ipse
2299 4401 2581 4473 Origenes,
2613 4400 2707 4469 qui
2752 4399 2963 4470 primus
2994 4395 3361 4467 Hexaplorum
3406 4411 3581 4464 opus,

328 4499 512 4570 quivis
546 4500 818 4569 conjicere
846 4501 987 4556 valet
1019 4502 1207 4571 quanti
1256 4501 1461 4557 laboris
1510 4500 1674 4557 fuerit
1700 4503 1916 4560 Graecis.
1936 4504 1981 4560 D
2013 4507 2288 4566 sumptum
2316 4493 2713 4564 suppeditante,
2746 4499 2807 4545 ut
2841 4498 3087 4561 putatur,
3114 4489 3424 4555 Ambrosio,
3446 4502 3583 4543 con-

326 4590 705 4661 calligraphis,
730 4589 903 4646 Biblia
938 4606 1094 4647 sacra
1134 4592 1372 4662 primum
1409 4590 1673 4649 Hebraica
1698 4595 1903 4666 lingua,

327 4699 493 4753 quam
530 4693 591 4747 ut
620 4687 913 4755 plurimum
938 4688 1281 4759 ignorabant,
1300 4689 1618 4759 depingere;
1641 4687 1906 4745 Hebraica

328 4776 526 4834 deinde
553 4778 765 4835 Graecis
785 4781 983 4836 litteris
1008 4798 1038 4835 e
1064 4783 1285 4854 regione
1306 4783 1680 4853 perscribere;
1716 4792 1905 4854 postea

328 4885 460 4923 vero
493 4878 731 4939 quatuor
772 4881 833 4925 ut
870 4873 1180 4941 minimum,
1220 4875 1515 4946 aliquando
1568 4890 1664 4929 sex
1702 4875 1784 4929 vel
1819 4891 1907 4931 se-

327 4970 474 5030 ptem
503 4960 855 5029 interpretum
879 4962 1163 5028 editiones,
1190 4980 1299 5019 uno
1326 4974 1645 5035 conspectu,
1666 4974 1720 5019 et
1747 4980 1777 5019 e
1815 4981 1902 5020 re-

325 5054 492 5126 gione
514 5070 736 5124 ponere,
770 5070 832 5109 ea
864 5055 1070 5110 scilicet
1099 5058 1467 5122 accuratione,
1500 5067 1552 5113 et
1589 5074 1695 5111 una
1740 5058 1900 5111 aliam

327 5162 439 5201 non
468 5147 775 5201 excederet.
811 5145 864 5199 Id
906 5160 1039 5201 sane
1079 5157 1340 5216 praestare
1366 5149 1523 5218 pauci
1558 5164 1619 5203 ex
1653 5147 1903 5219 calligra—

325 5238 450 5307 phis
476 5246 747 5307 poterant.
790 5238 869 5291 Ad
899 5240 1032 5301 ha-c,
1061 5255 1186 5294 eum
1219 5240 1311 5294 illo
1337 5256 1471 5307 aevo,
1499 5241 1552 5295 in
1595 5241 1748 5295 libris
1795 5242 1903 5295 sal—

324 5343 436 5387 tem
463 5330 796 5399 hujusmodi,
824 5332 1037 5387 nonnisi
1068 5332 1301 5387 uncialis
1341 5332 1624 5387 character
1660 5348 1898 5403 usurpa~

321 5431 500 5485 retur,
534 5423 627 5491 qui
662 5423 819 5492 longe
843 5424 1020 5492 majus
1049 5425 1286 5492 spatium
1322 5426 1643 5495 occupabat,
1669 5440 1733 5479 ac
1761 5440 1901 5495 prae-

323 5525 408 5567 ter
442 5512 564 5568 illas
593 5512 846 5569 Hebraici
881 5527 1060 5570 textus
1091 5517 1561 5586 interpretumque
1587 5518 1896 5579 columnas.

326 5604 498 5660 multa
532 5602 588 5659 in
620 5604 956 5674 marginibus
992 5605 1252 5678 Origenes
1288 5607 1600 5677 a’pposuerit
1623 5646 1665 5672 ,-
1690 5607 1899 5662 monita

321 5695 553 5761 scilicet,
592 5694 874 5749 nominum
932 5697 1279 5766 propriorum
1331 5697 1674 5751 aliorumuue
1731 5697 1899 5751 inter-

324 5784 678 5852 pretationes.
709 5802 830 5856 qua:
859 5787 998 5845 latos
1029 5789 1300 5860 margines
1335 5787 1752 5857 desiderabant;
1779 5803 1899 5858 per«

2008 4586 2272 4650 cinnavit,
2298 4584 2400 4639 etsi
2434 4582 2833 4654 tachygraphos
2869 4589 3077 4650 septem
3110 4588 3164 4634 et
3191 4578 3414 4634 totidem
3467 4579 3583 4632 cal-

2006 4680 2283 4751 ligraphos
2339 4677 2403 4732 ad
2466 4691 2687 4730 manum
2727 4689 2941 4744 semper
2987 4674 3241 4737 haberet,
3273 4672 3341 4727 iis
3391 4682 3578 4726 tamen

2009 4770 2337 4827 adornandis
2368 4768 2568 4823 multos
2606 4766 3017 4836 consumpserit
3055 4779 3262 4829 annos,
3295 4761 3579 4834 probabile

2007 4879 2139 4919 sane
2161 4873 2244 4918 est
2267 4874 2567 4932 perpaucos
2595 4869 2717 4929 post
2739 4856 3023 4928 Origenern
3044 4857 3234 4921 fuisse,
3261 4856 3354 4927 qui
3383 4855 3579 4925 hujus.

2005 4956 2153 5011 modi
2183 4954 2489 5020 commoda,
2515 4968 2622 5009 una
2646 4967 2770 5007 cum
2807 4950 3141 5020 adipiscendi
3167 4948 3439 5005 desiderio
3459 4988 3475 5013 ,
3523 4957 3580 5002 et

2006 5049 2265 5119 pecunias
2293 5057 2346 5102 et
2373 5047 2737 5118 calligraphos
2770 5043 3193 5099 et‘membranas
3213 5050 3450 5112 provoto
3475 5040 3575 5095 Ita-

2004 5142 2242 5198 buerint.

2076 5233 2139 5287 II.
2180 5232 2357 5287 Variae
2396 5231 2757 5299 Hexaptorum
2803 5229 3048 5283 tectibnes
3081 5203 3135 5281 in
3174 5228 3503 5289 marqinibus

2494 5304 2789 5358 Bibltorum
2820 5300 3069 5355 collecta.

2073 5418 2213 5475 Hinc
2238 5428 2417 5473 autem
2439 5416 2617 5472 evenit
2637 5423 2695 5469 ut
2710 5414 2953 5484 plerique
2979 5428 3010 5467 a
3035 5422 3144 5467 tam
3171 5409 3341 5465 ardua
3364 5423 3424 5463 re
3449 5423 3575 5464 sns-

2002 5511 2251 5581 cipienda
2316 5509 2580 5575 deterriti,
2641 5522 2750 5576 quo
2798 5506 3101 5561 minoribus
3135 5502 3394 5574 impensis
3449 5515 3574 5571 quae

2001 5606 2271 5675 praecipua
2300 5602 2353 5657 in
2390 5601 2610 5670 Exaplis
2627 5606 2781 5654 erant
2806 5600 3272 5657 nanciscerentur,
3307 5596 3573 5651 lectiones

2001 5696 2228 5766 Aquilae,
2264 5691 2595 5763 Symmachi,
2630 5689 3040 5754 Theodotionis,
3078 5698 3239 5758 atque
3268 5687 3423 5744 alias.
3449 5699 3573 5749 (tu!

2004 5787 2225 5856 majoris
2258 5800 2378 5841 esse
2414 5782 2672 5840 momenti
2705 5781 3021 5837 videbantur
3046 5819 3062 5847 ,
3121 5781 3173 5834 in
3209 5778 3565 5844 marginibus.
