3832 6214
206 384 312 443 HT

1478 371 1546 426 IN
1567 365 1914 424 .HEX'APLA
1954 362 2115 420 ORlC
2124 360 2301 417 ENIS.

3373 346 3476 407 “8

204 510 600 581 exemplarium
626 507 735 561 τῶν
765 510 820 559 0'
839 502 1075 560 esscn‘bi
1095 509 1371 556 curarem.
1395 496 1463 550 Et
1484 495 1615 566 quia
1632 493 1689 547 in
1709 491 1808 545 de~
1830 493 1875 548 Α
1904 484 1999 555 qui
2026 483 2281 553 llexaplis
2302 485 2431 535 sunt
2453 476 2561 538 usi.
2596 475 2644 533 si
2669 471 2916 544 quasdam
2951 471 3043 525 hic
3067 465 3257 540 paucis
3304 466 3468 539 profe

209 602 375 667 lectu,
416 600 734 670 opinionum
767 598 1088 666 plerumque
1115 590 1350 646 divortia
1397 587 1513 642 fieri
1565 585 1741 639 solent
1772 623 1788 648 ,

166 682 177 743 Τ
208 696 337 751 dum
369 692 515 747 alius
552 690 699 745 aliud
726 688 1101 743 adnotandum
1154 692 1325 752 putat,
1351 679 1477 733 inde
1506 675 1703 731 accidit
1734 682 1793 728 ut

176 787 263 843 -in
288 785 461 840 variis
492 784 787 838 Bibliorum
823 779 1106 836 codicibus
1144 775 1403 830 lectiones
1434 771 1788 839 interpretum

176 878 377 933 -variae
400 876 688 945 descripta:
709 874 853 939 sint;
886 873 961 925 ita
1010 877 1064 923 et
1112 866 1271 937 pauci
1304 864 1645 933 reperiantur
1677 876 1793 914 ma-

186 948 479 1072 rtiuscripti
506 954 600 1039 qui
628 967 847 1022 easdem
872 968 1262 1033 reprmsentent
1294 976 1306 1013 :
1367 957 1494 1012 inde
1521 969 1653 1010 vero
1705 952 1793 1007 fa-

174 1048 359 1136 t'ctum
396 1070 479 1116 est
505 1070 564 1115 ut
594 1059 753 1130 longe
773 1059 956 1127 plures
976 1064 1213 1110 veterum
1246 1052 1503 1107 lectiones
1536 1048 1707 1104 variis
1738 1049 1792 1102 in

184 1153 368 1207 'libris
427 1168 547 1207 sese
586 1150 913 1204 obtulerint.
958 1145 1105 1200 Inter
1160 1145 1263 1199 hos
1311 1153 1493 1211 autem
1534 1142 1790 1207 codices,

207 1246 375 1315 longe
424 1258 651 1298 caeteros
695 1248 957 1312 superant
988 1237 1311 1293 Coisliniani
1360 1236 1468 1291 duo
1502 1254 1515 1289 :
1556 1249 1795 1305 quorum

210 1352 359 1392 unus
386 1336 586 1390 unciali
641 1334 857 1403 quadro
917 1332 1233 1387 charactere
1294 1329 1601 1398 descriptus
1639 1334 1795 1381 sexto

208 1428 437 1485 circiter
467 1427 547 1481 vel
577 1429 809 1496 septimo
843 1424 1042 1479 szeculo
1062 1465 1076 1488 ,
1124 1421 1501 1491 complectitur
1538 1418 1796 1474 Oetateu-

210 1522 382 1576 chum
417 1530 469 1575 et
509 1520 677 1573 libros
713 1518 919 1589 Regum
949 1556 963 1580 ,
1028 1530 1152 1569 cum
1207 1514 1533 1584 quibusdam
1569 1512 1698 1567 hinc
1743 1519 1798 1566 et

213 1613 343 1669 inde
376 1612 634 1675 hiatibus,
690 1612 782 1680 qui
817 1619 1122 1678 temporum
1181 1607 1380 1677 injuria
1426 1606 1743 1661 acciderunt
1779 1623 1793 1671 ;

214 1707 359 1762 alter
389 1720 518 1759 vero
548 1704 745 1759 decimi
778 1703 984 1765 saeculi,
1013 1702 1181 1756 libros
1212 1700 1418 1770 Regum
1449 1740 1465 1764 ,
1518 1697 1796 1767 Paralipo-

213 1814 440 1861 menon,
472 1797 721 1860 Esdram,
756 1793 1063 1861 Esthcrem,
1102 1792 1312 1855 Judith,
1346 1800 1401 1846 et
1433 1790 1795 1855 Machabaaos,

213 1905 355 1945 cum
383 1903 581 1959 magna
608 1888 663 1941 in
691 1887 858 1941 libros
877 1885 1084 1955 Regum
1110 1883 1624 1952 interpretationum
1656 1896 1804 1934 mar-

214 1980 479 2051 ginalium
529 1979 726 2047 copia:
758 1978 850 2031 sed
880 1976 970 2031 hic
996 1984 1123 2043 ,.ut
1167 1983 1221 2029 et
1255 1974 1347 2029 alii
1387 1988 1580 2028 omnes
1609 1988 1805 2027 manu-

214 2069 433 2138 scripti,
464 2069 519 2122 in
561 2067 715 2122 libris
766 2065 1231 2135 Paralipomend‘m
1259 2079 1472 2134 pauca;
1507 2063 1561 2117 in
1596 2063 1807 2117 caeteris

213 2162 563 2217 nihilhabet.
588 2158 684 2216 His
705 2160 913 2216 accedit
945 2158 1147 2230 Regius
1172 2158 1369 2213 decimi
1415 2157 1557 2212 tertii
1590 2156 1808 2212 circiter

213 2257 432 2319 seculi,
463 2256 559 2325 qui
592 2257 791 2310 multas
819 2255 871 2307 in
900 2254 1059 2309 libris
1096 2253 1303 2322 Regum
1360 2252 1624 2306 lectiones
1653 2258 1805 2305 vete-

214 2365 345 2404 rum
381 2348 560 2403 affert.
610 2350 809 2415 Magno
846 2349 972 2399 item
1018 2346 1141 2401 usui
1187 2344 1292 2400 fuit
1337 2346 1509 2399 codex
1550 2343 1664 2397 BR.
1699 2342 1805 2397 PP.

217 2440 412 2494 Sancti
443 2437 624 2492 Basilii
650 2436 856 2501 Romae,
882 2433 1080 2490 decimi
1112 2450 1262 2500 sate,
1290 2450 1453 2504 quem
1474 2433 1809 2489 Basilianum

212 2547 509 2591 Vocatuus.
538 2530 643 2585 bac
676 2530 1009 2600 supellectile
1065 2529 1348 2599 marginali
1389 2537 1622 2582 onustus
1645 2569 1660 2593 ,
1715 2529 1808 2597 qui

214 2622 656 2694 Heptateuchum
687 2622 949 2686 continet,
989 2621 1083 2676 sed
1111 2629 1223 2675 tota
1261 2635 1396 2689 pene
1420 2618 1810 2673 Genesitrun-

217 2728 383 2771 catus
410 2727 512 2770 est.
538 2714 648 2770 Nec
686 2715 1183 2784 praetermittendus
1223 2711 1450 2781 Regius
1477 2711 1617 2766 alter
1651 2727 1804 2766 num.

219 2808 389 2875 1871,
421 2807 617 2862 decimi
653 2807 863 2870 saeculi,
885 2823 954 2861 ex
975 2803 1501 2875 cujusmarginibus
1518 2803 1690 2858 multa
1711 2819 1812 2857 ex-

216 2904 553 2974 cerpsimus.
590 2903 736 2957 Inter
773 2900 1256 2973 praestantissimos
1287 2900 1687 2969 computandus
1718 2915 1812 2953 co-

216 2997 332 3053 dex
367 2994 766 3065 Prophetarum
825 2992 1165 3048 bibliothecae
1194 2990 1311 3047 RR.
1346 2990 1452 3044 PP.
1478 2989 1807 3046 Jesuitarum

218 3087 439 3157 collegii
494 3084 757 3140 Ludovici
788 3082 1009 3154 Magni,
1046 3082 1191 3137 unde
1223 3082 1393 3136 multa
1425 3082 1480 3136 in
1513 3080 1810 3137 Jeremiam

1897 591 2104 637 ramus,
2133 588 2239 627 non
2268 572 2539 640 ingratum
2572 565 2762 619 lectori
2791 562 2914 617 erit.

1967 666 2274 722 Pura".th
2305 669 2532 731 martyr,
2588 657 2709 712 ideo
2738 655 2888 726 prior
2927 659 3247 707 numeratur
3271 687 3288 714 ,
3347 645 3473 717 quia

1898 772 2190 830 antequam
2224 756 2368 811 ullus
2391 753 2719 821 scriptorum
2769 747 2863 817 qui
2902 753 3196 814 supersunt
3223 739 3479 808 Hexaplis

1899 862 2167 917 uteretur,
2204 849 2421 905 codices
2451 844 2815 913 Hexaplorum
2848 854 2972 893 cum
3024 835 3257 890 Eusebio
3289 848 3478 888 emen-

1898 946 2061 1000 dasse
2115 942 2288 997 fertur
2316 940 2370 993 in
2406 946 2535 991 nota
2569 933 2777 990 codicis
2811 930 2925 985 RR.
2960 929 3065 983 PP.
3098 925 3431 981 Jesuitaruin
3463 961 3481 985 ,

1900 1036 2163 1107 exscripti
2197 1034 2265 1089 ad
2294 1032 2451 1087 fidem
2478 1028 2861 1097 ﬂexaplorum,
2887 1037 3011 1093 qua:
3027 1011 3188 1091 penes
3204 1015 3483 1088 Apollina~

1900 1131 2044 1185 rium
2064 1123 2502 1183 coenobiarcham
2530 1118 2967 1180 asservabantur,
2988 1124 3046 1168 ut
3074 1111 3129 1166 in
3148 1110 3334 1165 eadem
3355 1115 3482 1163 nota

1901 1220 2121 1276 dicitur.

1972 1314 2240 1368 Eussnws
2254 1306 2542 1378 Pamphili,
2566 1312 2761 1375 praeter
2776 1317 2895 1357 eam
2910 1299 3144 1370 llexapla
3160 1290 3482 1354 emendandi

1902 1421 2148 1477 operam,
2200 1418 2365 1473 quam
2392 1415 2516 1456 cum
2551 1395 2833 1467 Pamphilo
2860 1394 3124 1462 suscepit.
3157 1389 3369 1447 scholia
3390 1388 3488 1441 in-

1904 1514 2067 1569 super
2092 1496 2310 1566 adjecit,
2353 1503 2411 1551 ut
2442 1493 2497 1547 in
2523 1491 2714 1547 eadem
2749 1499 2876 1542 nata
2907 1485 3096 1540 fertur.
3132 1482 3213 1537 Ad
3254 1484 3368 1536 haec
3387 1494 3486 1534 au-

1904 1568 2011 1646 tem
2035 1590 2351 1644 innumeras
2381 1599 2517 1655 pene
2544 1591 2783 1637 veterum
2810 1578 3164 1646 interpretum
3188 1572 3253 1626 A.
3291 1571 3349 1625 S.
3379 1568 3484 1626 Th.

1906 1680 2167 1736 lectiones
2211 1677 2434 1740 attulit,
2489 1670 2894 1728 Commentariis
2952 1670 3006 1720 in
3062 1664 3309 1719 Psalmos
3351 1660 3489 1716 etin

1907 1772 2186 1836 Ilesaiam,
2218 1771 2271 1824 in
2299 1769 2439 1824 libro
2472 1766 2549 1819 De
2586 1764 2714 1818 locis
2754 1759 3052 1819 Hebraicis.
3109 1757 3162 1811 in
3203 1755 3490 1823 Pr’cepara-

1834 1859 1878 1914 Β
1909 1869 2046 1921 tione
2072 1873 2127 1919 et
2155 1859 2623 1917 Demonstrutione
2656 1854 2977 1925 evangelica,
3008 1861 3063 1904 et
3084 1850 3138 1903 in
3170 1845 3486 1916 fragmentis

1907 1954 2443 2015 Commentariorum
2472 1951 2530 2005 in
2564 1948 2700 2004 alias
2746 1944 3045 2015 Scriptum
3076 1952 3277 2012 partes.
3308 1936 3492 2004 Quare

1908 2063 2107 2120 magno
2142 2046 2299 2102 nobis
2322 2045 2378 2098 in
2408 2043 2494 2098 his
2519 2039 2746 2098 edendis
2774 2035 3021 2094 subsidio
3041 2033 3165 2089 fuit.

1978 2165 2344 2227 Arusmsms,
2376 2157 2636 2227 Hexaplis
2661 2170 2774 2211 non
2831 2154 2904 2208 ita
2960 2151 3278 2229 frequenter
3309 2163 3491 2212 usus,

1907 2256 2067 2313 binas
2090 2265 2270 2310 tamen
2298 2251 2511 2322 Aquila:
2532 2249 2799 2305 lectiones
2830 2242 3195 2315 suppeditavit
3220 2259 3234 2307 ;
3262 2241 3492 2294 alteram

1909 2347 1965 2401 in
1986 2347 2126 2401 libro
2151 2344 2239 2399 cui
2273 2342 2466 2398 titulus
2498 2358 2512 2395 :
2548 2338 2743 2395 Omnia
2764 2335 2894 2389 mihi
2930 2334 3131 2387 tradita
3160 2339 3281 2385 sunt
3308 2346 3342 2384 a
3382 2327 3496 2383 Pa-

1912 2451 2023 2504 tre;
2055 2440 2281 2494 alteram
2307 2437 2363 2490 in
2394 2431 2803 2489 Commentariis
2831 2429 2887 2482 in
2921 2425 3190 2481 Psalmos.

1981 2534 2332 2594 CHALCIDIUS,
2358 2527 2452 2598 qui
2476 2542 2545 2581 an
2572 2523 2941 2586 Christianus,
2964 2536 3032 2574 an
3060 2517 3278 2590 gentilis
3307 2515 3495 2579 fuerit,

1911 2625 2184 2680 incertum
2208 2628 2316 2684 est,
2347 2618 2538 2673 eodem
2564 2614 2783 2670 circiter
2813 2622 3079 2681 tempore,
3125 2606 3497 2676 Hexaplorum

1912 2716 2094 2772 locum
2128 2711 2329 2775 attulit,
2364 2718 2424 2763 ut
2454 2707 2639 2762 videas
2675 2705 2730 2758 in
2766 2700 3037 2773 principio
3080 2698 3331 2754 Genesis.
3391 2694 3498 2750 Alii

1912 2824 2040 2864 eum
2070 2815 2229 2862 aetate
2253 2804 2415 2873 longe
2454 2798 2819 2870 posteriorem
2873 2808 2994 2848 esse
3044 2801 3265 2862 putant;
3319 2789 3411 2843 sed
3445 2789 3499 2843 id

1912 2901 2219 2969 disquirere
2241 2913 2352 2953 non
2384 2904 2470 2950 est
2500 2891 2785 2964 praesentis
2812 2886 3066 2943 instituti.

1982 2995 2256 3049 Asrenlus
2285 2989 2555 3060 sophista,
2585 2984 2681 3054 qui
2704 2981 2895 3037 eodem
2913 2992 3051 3048 pene
3080 2984 3323 3043 tempore
3351 2969 3515 3029 Come.

1914 3086 2174 3143 mentaria
2197 3085 2254 3137 in
2270 3080 2517 3136 Psalmos
2551 3073 2855 3133 adornavit,
2877 3086 2945 3125 an
2968 3066 3227 3135 Hexaplis
3252 3063 3326 3118 sit
3344 3077 3505 3129 usus,
3520 3122 3532 3130 ε

217 3187 285 3235 c‘.
313 3176 655 3233 Ezechielem
706 3175 935 3229 mutuati
975 3180 1208 3230 sumus:
1258 3189 1383 3228 nam
1422 3173 1647 3229 llesaias
1696 3174 1809 3243 jam
1840 3215 1882 3273 Ο
1917 3193 2111 3240 necne,
2148 3173 2391 3230 nondum
2423 3171 2496 3224 ita
2532 3174 2879 3237 perspectum
2914 3168 3018 3215 est.

747 3267 775 3273 Δ
937 3267 948 3273 -
1025 3266 1044 3273 -
1361 3266 1372 3273 .
1610 3265 1620 3273 .
1990 3267 2024 3273 _
2486 3259 2532 3273 ιι
2616 3272 2627 3273 γ
2694 3252 2873 3273 J_!_.---
2919 3247 3018 3273 ll...

217 3271 408 3327 (alitus
430 3286 462 3324 a
496 3268 705 3324 Joanne
738 3266 1219 3330 Cueteriofuerat,
1259 3274 1314 3322 et
1360 3266 1413 3319 iu
1444 3265 1655 3321 caeteris
1687 3282 1813 3335 pro-

215 3364 406 3437 phetis
435 3363 548 3418 fere
575 3364 707 3417 nihil
755 3360 1136 3431 marginalium
1170 3359 1676 3428 interpretationum
1714 3359 1813 3412 ha-

222 3456 411 3511 betur.
446 3453 649 3509 Praeter
679 3462 919 3507 veterum
950 3452 1313 3521 interpretum
1362 3450 1625 3505 lectiones
1652 3491 1665 3514 ,
1727 3450 1816 3503 hic

218 3548 480 3606 uteris-ei
513 3557 568 3602 et
613 3548 753 3601 obeli
788 3546 993 3617 passim
1025 3584 1040 3611 ,
1093 3560 1488 3613 nonnunquam
1520 3544 1575 3597 in
1623 3552 1768 3597 textu
1798 3582 1813 3606 ,

220 3642 432 3709 Saepius
460 3641 516 3693 in
560 3639 897 3709 marginibus
933 3637 1287 3691 adnotantur.
1345 3634 1423 3689 Ex
1476 3635 1584 3689 hoc
1630 3634 1818 3689 codice

220 3733 391 3805 plura
424 3746 717 3801 excerpere
734 3739 1072 3803 poteramus,
1105 3728 1209 3784 nisi
1237 3728 1568 3798 praecipitem
1600 3728 1650 3781 ei
1682 3743 1819 3796 ope-

223 3840 351 3880 ram
381 3824 513 3880 dare
546 3824 719 3878 coacti
750 3838 999 3878 essemus
1029 3840 1044 3876 :
1092 3836 1215 3876 nam
1242 3820 1307 3875 ad
1339 3829 1577 3891 quatuor
1606 3829 1818 3873 tantum

225 3915 373 3979 dies,
410 3925 636 3985 rogante
663 3913 954 3969 Maecenate
985 3923 1175 3968 nostro
1213 3928 1320 3967 em.
1354 3910 1819 3977 eard.d’Estrées,

224 4005 354 4076 ejus
387 4006 542 4059 nobis
577 4004 735 4075 copia
768 4002 911 4059 facta
936 4012 1039 4061 est.
1075 4000 1464 4057 Memorandus
1496 4003 1622 4055 item
1649 4002 1818 4057 codex

223 4098 587 4155 Colbertinus
619 4098 674 4151 in
702 4095 898 4153 Jobum
918 4139 934 4163 ,
988 4110 1181 4150 recens
1224 4092 1467 4164 quidem,
1510 4094 1603 4147 sed
1633 4108 1700 4147 ex
1733 4108 1823 4146 ve-

229 4192 365 4258 teri,
394 4199 455 4245 ut
488 4189 749 4256 creditur,
779 4186 1108 4257 descriptus,
1138 4187 1281 4240 unde
1308 4185 1475 4239 multa
1502 4185 1570 4239 ad
1605 4185 1824 4240 institu-

231 4293 354 4337 tum
386 4290 629 4337 nostrum
662 4280 963 4352 spectantia
995 4278 1229 4332 mutuati
1256 4274 1606 4332 sumus.Non
1641 4284 1824 4330 tacen-

232 4374 342 4430 dus
367 4374 497 4429 item
540 4373 875 4427 Barberinus
899 4373 954 4425 in
992 4370 1315 4440 Prophetas,
1346 4369 1505 4439 cujus
1536 4368 1716 4423 varias
1749 4368 1825 4421 le-

234 4469 455 4524 ctiones
488 4467 542 4520 in
578 4464 892 4535 Appendice
925 4463 1351 4534 Polyglottorum
1390 4461 1559 4515 edidit
1591 4459 1826 4514 Brianus

1990 3267 2231 3322 Dtnvuus
2248 3276 2446 3323 cacus,
2473 3252 2899 3315 Alexandrinus,
2918 3246 3288 3318 Hexaplorum
3319 3243 3507 3299 lectio-

1922 3378 2020 3416 nes
2044 3361 2097 3414 in
2133 3352 2564 3413 Commentariis
2597 3348 2715 3405 suis
2744 3344 2944 3409 attulit,
2978 3343 3073 3397 sed
3129 3353 3240 3393 non
3275 3337 3351 3393 ita
3387 3336 3503 3392 fre-

1922 3460 2173 3523 quenter.

1996 3540 2319 3595 Tnsononus
2348 3532 2689 3597 Heracleota,
2713 3530 2973 3591 Arianus,
3028 3524 3278 3593 Hexapla
3300 3520 3507 3592 passim

1925 3633 2201 3696 adhibuit,
2238 3644 2413 3698 eaque
2441 3628 2599 3682 docte
2634 3623 2924 3687 tractavit,
2948 3630 3008 3675 ut
3055 3618 3255 3673 multis
3275 3617 3330 3670 in
3372 3613 3511 3668 locis

1926 3727 2117 3782 videre
2145 3733 2249 3779 est.
2282 3720 2418 3791 Ejus
2446 3715 2983 3775 Commentariorum
3037 3710 3340 3781 fragmenta
3374 3706 3513 3761 bene

1926 3818 2102 3873 multa
2133 3823 2352 3873 exstant
2385 3815 2439 3867 in
2473 3810 2697 3868 Catenis
2720 3807 2906 3863 variis.
3420 3858 3423 3861 ,

1990 3910 2252 3966 Essemus
2298 3906 2602 3962 Emesenus
2656 3902 2712 3957 in
2772 3895 3216 3959 Commentariis,
3274 3904 3512 3962 quorum

1929 4001 2232 4073 fragmenta
2260 3999 2476 4053 Catenae
2509 3994 2788 4057 exhibent,
2821 3988 3190 4059 Hexaplisest
3230 4000 3385 4047 usus,
3420 3982 3519 4037 sed

1931 4111 2079 4157 raro,
2114 4103 2173 4147 ut
2211 4091 2447 4145 videtur.

2000 4186 2260 4240 HlLARIllS
2292 4182 2461 4238 semel
2484 4177 2723 4248 Hexapla
2768 4188 3065 4244 usurpasse
3094 4166 3517 4240 deprehendit”

1932 4278 2323 4337 Commentario
2344 4277 2396 4329 in
2431 4272 2700 4327 Psalmos.
3274 4326 3275 4329 η

2007 4371 2273 4427 Essemus
2306 4364 2669 4422 Vercellensis
2711 4357 3133 4417 Commentarios
3193 4351 3411 4429 Eusebii
3461 4350 3517 4404 in

1934 4462 2179 4517 Psalmos
2210 4458 2403 4513 Latine
2435 4454 2735 4521 transtulit,
2786 4449 3112 4506 lectionibus
3152 4443 3527 4513 Hexaplornm.

240 4557 559 4613 Waltonus.
582 4557 657 4612 De
680 4558 803 4613 aliis
825 4557 1216 4625 manuscriptis
1244 4554 1473 4608 minoris
1491 4552 1670 4623 pretii,
1690 4567 1824 4621 quo-
1861 4580 1905 4633 ο
1935 4568 2236 4624 respersos.

235 4668 367 4707 rum
397 4667 649 4722 magnam
680 4651 891 4720 capiam
914 4650 1058 4704 nacti
1092 4664 1306 4711 sumus,
1341 4648 1395 4701 in
1429 4645 1609 4701 fronte
1642 4645 1829 4714 singu-

240 4746 424 4801 lorum
459 4745 720 4798 librorum
752 4752 933 4797 actum
975 4751 1080 4797 est.
1109 4740 1202 4796 Hae
1244 4739 1404 4794 nobis
1443 4738 1829 4809 Hexaplarium

244 4837 764 4907 interpretationum
792 4835 1034 4903 reliquiae
1066 4840 1365 4902 supersunt
1412 4832 1467 4885 in
1517 4831 1831 4886 manuscri-

245 4932 383 5001 ptis.
414 4928 549 4983 Nam
582 4926 823 4997 Hexapla
855 4927 994 4997 ipsa,
1027 4935 1087 4980 ut
1115 4926 1185 4980 ab
1218 4922 1451 4994 Origene
1505 4923 1832 4978 concinnata

245 5021 489 5086 fuerant,
522 5019 597 5073 ita
638 5016 888 5072 funditus
941 5017 1265 5087 perierunt,
1302 5021 1361 5067 ut
1416 5029 1483 5067 ne
1512 5012 1834 5082 particulam

246 5114 469 5185 quidem
490 5127 678 5168 eorum
716 5111 810 5165 ulli
843 5110 1055 5179 uspiam
1080 5108 1396 5178 conspicere
1419 5105 1652 5161 licuerit.

246 5227 341 5285 Ill.
369 5227 599 5295 Quinam
628 5244 692 5282 ea:
705 5226 1051 5296 scriptoribus
1080 5224 1453 5278 ecclesiasticis
1477 5222 1840 5292 Hexaplorum

835 5296 987 5350 libris
1015 5297 1121 5350 sint
1152 5298 1256 5349 usi.

324 5390 531 5447 Praeter
555 5390 772 5446 codices
805 5389 1213 5458 manuscriptos
1237 5431 1253 5455 ,
1297 5388 1441 5443 unde
1489 5397 1731 5443 veterum
1766 5387 1843 5440 in-

248 5485 707 5561 terpretationum
750 5498 877 5552 pars
910 5497 1107 5552 magna
1142 5480 1345 5551 prodit,
1382 5479 1624 5550 amplam
1682 5478 1842 5532 nobis

253 5587 494 5651 segetem
529 5578 848 5633 obtulerunt
896 5576 1224 5647 scriptorum
1262 5584 1502 5629 veterum
1550 5573 1845 5629 Commen-

257 5674 406 5737 tarii,
443 5672 537 5741 qui
563 5688 665 5741 pro
702 5671 898 5725 littera)
931 5684 1097 5725 sensu
1144 5667 1491 5738 assequendo
1520 5668 1845 5737 plerumque

254 5764 487 5833 Aquilae,
529 5762 867 5834 Symmachi,
899 5760 1293 5817 Theodotionis
1311 5760 1655 5829 aliorumque
1681 5758 1849 5812 inter-

261 5869 471 5917 nretum
504 5858 776 5916 lectiones
818 5866 1175 5930 usurparunt.
1208 5856 1284 5914 De
1315 5855 1549 5928 singulis
1574 5870 1743 5927 porro
1774 5855 1846 5911 iis

2008 4646 2282 4702 Dionenus
2303 4640 2615 4705 Tarsensis,
2644 4639 2698 4695 in
2757 4648 2912 4692 sacra
2949 4630 3231 4700 Scriptura
3278 4624 3523 4695 apprime

1936 4748 2211 4805 versatus,
2239 4736 2606 4806 chaplorum
2624 4730 2877 4785 notitiam
2903 4727 3120 4797 plenam
3148 4720 3406 4779 habuisse
3432 4718 3517 4770 vi-

1936 4834 2115 4895 detur,
2150 4839 2210 4884 ut
2240 4844 2306 4883 ex
2326 4827 2446 4898 ejus
2477 4822 2946 4895 fragmentisqqae
2981 4818 3036 4871 in
3064 4813 3288 4870 Catenis
3333 4823 3526 4880 super-

1940 4935 2089 4990 sunt,
2117 4919 2561 4993 deprehenditur.

2012 5018 2337 5072 EPIPHANIUS
2372 5011 2560 5083 Cypri,
2585 5008 2846 5063 lectiones
2890 5011 3138 5058 veterum
3168 4999 3527 5065 interpretum

1941 5128 2048 5167 non
2085 5109 2254 5166 semel
2284 5106 2486 5169 attulit,
2515 5112 2568 5158 et
2613 5098 2906 5156 Historiam
2942 5092 3305 5165 Hexaplorum
3332 5086 3530 5160 partim

1942 5185 2007 5261 es
2039 5202 2293 5274 Origene,
2324 5208 2386 5254 ut
2419 5197 2655 5259 videtur,
2684 5199 3005 5253 mutuatus,
3060 5186 3180 5241 fuse
3217 5182 3526 5253 descripsit.

2012 5296 2262 5351 BASILIUS
2283 5289 2640 5351 Caesariensis
2683 5284 3006 5355 hexaplares
3057 5276 3534 5348 interpretationes

1946 5402 2140 5458 parum
2174 5383 2445 5440 tractavit.

2016 5480 2325 5535 Careamus
2351 5478 2478 5531 item
2515 5470 2816 5543 Nyssenus,
2857 5468 2979 5539 ejus
3027 5463 3215 5528 frater,
3278 5457 3537 5528 Hexaplis

1949 5591 2075 5629 raro
2105 5588 2239 5628 usus
2272 5579 2376 5624 est.

2021 5669 2416 5721 APOLLtNAmUS
2442 5660 2811 5714 Laodicenus.
2840 5655 2894 5709 in
2930 5645 3358 5706 Commentariis
3423 5641 3539 5700 suis

1953 5757 2316 5827 llexaplorum
2349 5754 2610 5808 lectiones
2646 5747 2968 5820 parcissime
3000 5742 3200 5798 attulit.

2024 5853 2338 5906 Auenosms
2391 5842 2815 5901 Mediolaneusis
2862 5839 3137 5895 modicum
3176 5830 3541 5903 Hexaplorum
