3832 6214
389 356 491 414 H9

1745 358 2266 416 PRAELlMl-NARIA

3546 364 3647 419 120

382 489 546 533 ttsnm
571 474 828 531 habuisse
875 475 1319 547 deprehenditur,
1379 476 1740 548 similiterque
1786 480 1966 534 Aucu-
1997 481 2046 538 Α
2141 477 2446 535 Pnocortus
2469 480 2695 535 Gazaeus
2725 481 2779 532 in
2815 478 3215 543 Octalenehum,
3240 484 3294 531 in
3330 479 3495 532 libros
3540 477 3653 534 Re-

382 582 572 624 s'rmns
593 577 646 623 et
663 568 1047 625 Pmnss'rmus.

318 730 319 733 η
455 658 717 726 Romans,
749 661 841 732 qui
893 675 1145 733 magnam
1190 661 1439 735 Origeuis
1485 678 1711 735 operum
1759 674 1967 736 partem

382 751 577 809 Latine
608 755 997 825 interpretatus
1019 763 1122 821 est,
1152 754 1518 827 Hexaplorum
1572 758 1821 812 notitiam
1857 758 1968 828 ple-

382 861 512 901 nam
548 847 805 903 habuisse
829 848 1039 903 videtur
1071 849 1317 919 :-quibus
1345 859 1526 905 tamen
1557 865 1687 905 raro
1704 859 1788 904 est
1811 864 1965 917 usus,

383 945 444 991 ut
474 953 541 992 ex
584 937 727 1007 ejus,
772 955 894 1008 quae
927 950 1241 1010 supersunt,
1274 941 1492 1012 scriptis
1522 941 1964 1011 deprehenditur.

457 1024 690 1085 Ioannes
726 1029 1152 1088 Cuavsosrouus
1208 1032 1469 1088 lectiones
1505 1041 1747 1087 veterum
1798 1033 1968 1087 inter-

378 1129 594 1190 pretum
620 1119 1060 1193 frequentissime
1076 1124 1303 1195 profert,
1333 1124 1571 1180 maxime
1597 1135 1777 1181 autem
1810 1124 1968 1180 Com-

383 1214 658 1268 mentariis
682 1215 739 1269 in
766 1214 1035 1288 Psalmos,
1071 1219 1164 1273 ubi
1194 1233 1323 1273 raro
1366 1217 1693 1288 interpretes
1745 1217 1966 1273 nomine

382 1318 486 1360 suo
514 1307 791 1376 exprimit,
824 1308 918 1365 sed
940 1325 1072 1365 voce
1102 1312 1323 1374 Ἀλλος
1347 1311 1541 1365 utitur.

449 1394 796 1456 Hisnouvnus
826 1401 950 1472 plus
978 1418 1142 1473 quam
1169 1403 1351 1458 caeteri
1383 1417 1598 1470 omnes,
1631 1419 1740 1458 uno
1770 1402 1965 1460 fortas-

379 1486 456 1543 sis
474 1486 711 1547 Eusebio
727 1502 974 1564 excepto,
1004 1493 1259 1566 Hexaplis
1280 1506 1363 1559 est
1384 1512 1518 1553 usus
1551 1513 1564 1551 :
1595 1496 1661 1551 de
1694 1495 1966 1567 llexaplo-

378 1596 500 1636 rum
538 1581 731 1639 ordine
754 1599 897 1656 saepe
922 1585 1205 1654 disseruit,
1230 1588 1297 1643 de
1317 1588 1548 1658 singulis
1577 1588 1965 1659 interpretibus

376 1673 550 1728 multa
583 1673 719 1729 dixit
754 1693 769 1730 :
803 1691 993 1732 eorum
1018 1678 1496 1749 interpretationes
1524 1680 1577 1734 in
1614 1678 1968 1735 Commenta-

2073 586 2197 641 gum
2228 580 2276 624 et
2300 569 2760 643 Paralipomenéin
2790 580 2840 625 et
2863 571 2920 625 in
2952 568 3652 635 Hesaiam,Commentat-ia

2069 662 2259 729 edidit,
2285 678 2349 718 ac
2377 678 2619 734 perszrpe
2646 662 3122 733 interpretationes
3152 670 3398 719 veterum
3436 678 3562 734 quae
3595 665 3653 718 in

2070 751 2328 824 Hexaplis
2343 763 2500 810 erant
2516 755 2571 809 in
2585 754 2825 810 medium
2851 754 3098 820 adduxit,
3118 754 3465 825 maximeque
3492 754 3655 810 Cant-

2069 848 2332 901 mentario
2355 848 2411 901 in
2445 846 2724 912 Hesaiam,
2750 862 2914 918 quem
2946 847 3021 903 ita
3042 848 3294 903 mutilum
3323 847 3391 903 ad
3418 862 3521 903 nos
3550 847 3654 903 de-

2067 939 2284 995 venisse
2309 940 2577 996 dolemus.

2137 1030 2480 1088 Amsnsnus
2528 1033 2805 1089 secundus
2860 1032 3256 1101 Autiochenus,
3304 1047 3416 1089 non
3482 1030 3656 1089 infre-

2066 1132 2300 1193 quenter
2323 1125 2378 1178 in
2403 1139 2504 1180 suo
2552 1124 2924 1181 Hexaemeron
2989 1140 3155 1196 opere
3197 1134 3440 1183 veterum
3473 1124 3651 1181 inter-

2065 1223 2281 1285 prelum
2312 1214 2614 1287 fragmenta
2647 1217 2846 1274 attulit.

2136 1306 2493 1376 Auasrasws,
2528 1308 2782 1366 Nicaenus
2832 1308 3199 1382 metrOpolita,
3259 1307 3653 1365 Commentario

2066 1402 2122 1455 in
2154 1400 2402 1456 Psalmos
2434 1401 2642 1468 Graece,
2673 1402 2768 1472 qui
2800 1401 3012 1473 integer
3052 1410 3302 1456 servatur
3343 1399 3397 1454 in
3449 1400 3651 1456 biblio-

2064 1491 2222 1547 theca
2247 1492 2606 1559 Coisliniana,
2644 1502 2886 1549 veterum
2910 1494 3266 1564 interpretum
3287 1491 3546 1548 lectiones
3562 1507 3656 1549 ra-

2066 1595 2129 1636 ro
2157 1582 2397 1638 adhibet.

2139 1673 2441 1731 Hssvcnws
2519 1673 3013 1748 Jerosolymitanus
3086 1674 3540 1731 Commentariun:
3591 1676 3652 1731 is

375 1765 476 1823 riis
503 1767 621 1824 suis
648 1776 702 1824 et
729 1769 781 1823 in
814 1770 937 1826 aliis
977 1771 1262 1840 opusculis
1303 1787 1445 1842 saepe
1494 1772 1693 1828 attulit.
1756 1771 1965 1828 Editio—
1996 1833 2035 1842 _
2067 1764 2313 1821 Psalmos
2338 1768 2543 1833 emisit,
2586 1770 2680 1838 qni
2718 1767 2987 1838 hodieque
3018 1767 3071 1821 in
3115 1767 3324 1837 aliquot
3352 1767 3655 1824 bibliothe-

376 1872 501 1913 nem
546 1857 798 1915 Latinam
832 1872 1068 1918 veterem
1098 1862 1371 1934 adjunctis
1423 1865 1702 1921 asteriscis
1739 1875 1793 1920 et
1832 1866 1964 1920 obe-
1996 1833 2039 1892 Β
2069 1861 2149 1916 cis
2171 1860 2356 1916 Graece
2385 1869 2719 1929 asservatur,
2750 1862 2908 1932 cujus
2934 1869 2988 1916 et
3017 1859 3320 1932 fragmenta
3349 1864 3403 1916 in
3426 1861 3654 1921 Catenis

373 1950 444 2028 lis
486 1952 807 2022 publicavit.
857 1953 1125 2010 Praeterea
1169 1956 1673 2026 interpretationem
1713 1954 1965 2010 Latinam

375 2059 576 2100 novam
602 2045 912 2114 adornavit,
957 2062 1078 2117 quae
1138 2048 1401 2104 hodierna
1457 2048 1685 2120 Vulgata
1734 2058 1838 2116 est,
1874 2049 1966 2104 ubi

372 2136 595 2207 Aquila,
644 2136 996 2210 Symmacho,
1047 2148 1102 2194 et
1132 2155 1240 2195 non
1268 2140 1436 2197 semel
1494 2139 1658 2197 Sexta
1703 2141 1962 2209 editione,

374 2228 597 2296 quando
623 2243 687 2283 ea
708 2228 915 2295 aderat,
940 2244 1076 2286 usus
1099 2239 1201 2287 est.
1231 2230 1299 2286 Et
1330 2232 1384 2286 in
1409 2232 1532 2289 aliis
1565 2232 1782 2304 quidem
1808 2232 1963 2289 libris

377 2319 766 2392 Symmachum
812 2321 1129 2393 frequenter
1191 2325 1463 2395 sequitur,
1516 2325 1771 2396 Aquilam
1831 2326 1962 2381 item

374 2426 484 2465 non
518 2427 682 2480 raro;
724 2412 783 2467 in‘
817 2411 1052 2470 Psalmis
1076 2431 1226 2483 vero,
1270 2417 1483 2487 Aquilae
1539 2427 1601 2473 ut
1662 2418 1961 2488 plurimum

374 2503 562 2566 haeret,
590 2502 919 2576 Symmacho
976 2505 1398 2578 infrequentius,
1454 2511 1748 2581 aliquando
1795 2512 1960 2568 etiam

374 2593 518 2647 LXX
552 2594 741 2652 Latine
756 2598 1034 2670 exprimit.
1067 2599 1195 2657 Haec
1217 2604 1453 2673 sparsim
1485 2603 1870 2661 adnotavimus
1904 2604 1959 2660 in

373 2684 539 2755 hujus
567 2688 750 2758 operis
775 2689 1032 2746 decursu.

443 2778 743 2838 llssvcmos
777 2781 1151 2852 Salonitanus,
1170 2788 1265 2855 qui
1294 2802 1325 2842 a
1348 2789 1627 2846 nonnullis
1647 2804 1771 2846 cum
1803 2790 1958 2848 Jero-

370 2873 698 2943 solymitano
738 2874 1113 2943 confunditur,
1177 2879 1630 2937 Commentarium
1683 2884 1854 2940 edidit
1901 2885 1958 2940 in

369 2964 682 3031 Leviticum,
726 2983 888 3037 quem
943 2967 1133 3025 Latine
1175 2972 1428 3041 primitus
1485 2958 1749 3046 scriptum
1785 2976 1957 3034 fuisse

370 3073 599 3128 prorsus
631 3060 886 3116 existimo
917 3079 931 3116 :
964 3078 1140 3134 neque
1169 3065 1315 3120 enim
1341 3068 1613 3125 ullatenus
1643 3070 1751 3128 olet
1789 3072 1958 3128 inter-

370 3149 730 3218 pretationem
756 3166 821 3205 ex
848 3150 1037 3209 Graeco
1060 3153 1280 3211 factam.
1306 3155 1386 3212 Ibi
1433 3174 1564 3215 vero
1595 3171 1837 3218 veterum
1865 3163 1952 3218 in-

371 3248 668 3312 terpretum
703 3242 938 3315 Aquilaa,
981 3244 1300 3318 Symmachi
1336 3258 1392 3305 et
1438 3249 1830 3311 Theodotionis
1875 3257 1952 3313 le-

369 3331 582 3388 ctiones
612 3331 929 3404 frequenter
962 3337 1206 3395 adhibet.
1235 3338 1646 3400 Commentaria
1671 3346 1822 3401 illum
1852 3364 1952 3405 sua

363 3435 480 3478 non
502 3421 710 3494 Graece,
735 3427 829 3482 sed
854 3424 1047 3486 Latine
1085 3431 1324 3489 edidisse
1352 3435 1437 3490 vel
1492 3435 1622 3491 hinc
1660 3439 1952 3511 evincitur,

367 3517 514 3588 quod
548 3518 606 3574 in
647 3516 869 3579 Catenis
900 3521 1107 3581 Graecis
1137 3526 1193 3580 in
1224 3525 1534 3597 Leviticum,
1588 3546 1711 3603 qua:
1755 3550 1952 3608 magno

366 3625 601 3668 numero
626 3613 797 3671 variis
821 3615 876 3670 in
905 3615 1251 3675 bibliothecis
1280 3619 1570 3692 habentur,
1590 3624 1816 3681 nihilex
1844 3627 1951 3682 ﬂe-

366 3703 560 3774 sychio
583 3705 771 3762 Graece
798 3708 1011 3778 uspiam
1050 3720 1387 3782 compareat.

438 3793 764 3855 Tasonoaos
785 3797 1201 3870 Mopsuestenus
1229 3805 1388 3875 cujus
1416 3814 1470 3861 et
1513 3805 1951 3867 Commentario-

363 3900 486 3940 rum
527 3880 833 3957 fragr'nenta
862 3890 918 3947 in
947 3891 1168 3950 Catenis
1195 3904 1433 3963 exstant,
1457 3909 1513 3952 et
1551 3898 1948 3957 Commentario

362 3977 422 4032 in
454 3975 749 4048 Prophetas
781 3982 992 4054 integra
1018 3985 1074 4039 in
1107 3985 1450 4046 bibliothecis
1464 4001 1773 4060 servantur,
1804 3992 1945 4049 LXX

365 4085 581 4143 semper
610 4075 878 4146 sequitur,
910 4074 1278 4148 Hexaplorum
1310 4096 1438 4139 vero
1473 4082 1948 4154 interpretationes

360 4165 544 4221 varias
565 4180 757 4236 parum
784 4168 987 4225 adiisse
1006 4170 1243 4227 videtur.

437 4254 647 4312 Vno-ron
675 4258 1072 4327 Autiochenus,
1118 4263 1171 4316 in
1227 4260 1548 4333 fragmentis
1595 4263 1947 4323 Commenta-

359 4348 594 4416 riorum,
626 4367 749 4422 quae
780 4352 836 4407 in
861 4352 1086 4410 Catenis
1118 4365 1432 4426 supersunt,
1463 4358 1787 4429 interpretes
1841 4360 1948 4419 He-

364 4442 654 4511 xaplorum
678 4459 803 4499 raro
829 4445 1148 4502 adhibuisse
1174 4449 1617 4519 deprehenditur.
1642 4513 1661 4517 η

2067 1952 2210 2006 edita
2233 1959 2382 2017 sunt,
2399 1959 2645 2007 veterum
2666 1952 3020 2022 interpretum
3050 1951 3309 2008 lectiones
3329 1951 3652 2026 infrequen-

2070 2052 2152 2099 ter
2179 2044 2382 2099 attulit.

2136 2127 2575 2196 OLYMPIODORUS,
2607 2133 2896 2203 episcopus
2926 2133 3145 2193 Tricces
3169 2137 3224 2192 in
3249 2136 3557 2205 Thessalia,
3588 2146 3655 2191 ut

2066 2220 2122 2275 in
2150 2223 2341 2279 codice
2367 2227 2607 2294 quodam
2665 2224 3005 2283 Coisliniano
3054 2229 3251 2285 decimi
3306 2231 3520 2287 circiter
3562 2231 3654 2286 vel

2066 2313 2337 2369 undecimi
2362 2316 2549 2371 saeculi
2583 2315 2807 2385 dicitur,
2833 2303 3248 2376 Commentariis
3276 2323 3333 2376 in
3376 2320 3658 2377 Ecclesia-

2063 2411 2196 2467 sten,
2224 2403 2280 2457 in
2301 2402 2404 2458 Job
2433 2406 2561 2460 etin
2583 2404 2892 2473 Jeremiam,
2917 2408 3252 2476 nobilitatur,
3281 2412 3373 2467 ubi
3392 2411 3656 2485 Hexaplis

2063 2491 2527 2565 frequentissime,
2559 2501 2797 2557 maxime
2818 2502 2872 2556 in
2901 2499 3022 2569 Job,
3060 2518 3192 2560 usus
3219 2512 3321 2560 est.

2131 2585 2449 2647 Eunmuus
2501 2590 2823 2662 Zygabenus
2855 2594 3252 2651 Commentario
3294 2599 3351 2652 in
3393 2598 3648 2657 Psalmos

2060 2678 2265 2744 emisit,
2294 2681 2391 2736 ubi
2423 2681 2812 2754 Hexaplarium
2842 2687 3144 2743 editionum
3177 2689 3503 2747 lectionibus
3534 2692 3650 2748 ali-

2060 2771 2283 2839 quando
2310 2772 2502 2839 utitur,
2540 2789 2608 2829 ex
2645 2776 2986 2847 marginibus
3008 2777 3219 2833 scilicet
3246 2777 3547 2836 Bihliorum
3590 2788 3653 2837 et

2059 2873 2126 2914 ex
2169 2859 2292 2916 aliis
2319 2864 2734 2920 commentariis
2752 2874 3062 2931 mutuatus;
3104 2868 3193 2925 vix
3219 2871 3364 2925 enim
3413 2881 3649 2944 putave-

2057 2951 2162 3006 rim
2188 2951 2429 3023 flexapla
2460 2956 2527 3011 ad
2550 2956 2671 3027 ejus
2694 2965 2908 3029 tempus
2961 2959 3266 3031 devenisse,
3328 2977 3459 3018 nam
3500 2963 3651 3021 vixit

2058 3041 2348 3099 undecimo
2365 3046 2588 3103 saeculo.

2319 3137 2411 3195 Π.
2454 3139 2809 3205 Quandonam
2834 3141 3081 3214 Hexapla
3108 3146 3377 3215 perierint.

1980 3193 2027 3257 ο
2125 3224 2245 3284 Jam
2278 3241 2450 3287 restat
2472 3243 2531 3289 ut
2557 3232 2931 3305 disquiramus
2961 3193 3074 3307 qruo
3108 3193 3360 3321 rtempore
3389 3248 3498 3295 tam
3535 3256 3646 3297 no-

2054 3322 2162 3379 bile
2190 3332 2451 3395 tantoque
2473 3326 2663 3384 labore
2689 3337 2905 3399 partum
2922 3346 3063 3402 opus
3084 3330 3619 3390 funditusinterierit

2053 3410 2110 3469 Id
2132 3428 2199 3469 ex
2230 3415 2458 3471 raritate
2483 3416 2877 3488 exemplarium
2924 3421 3211 3489 accidisse,
3246 3430 3308 3478 ut
3357 3438 3522 3494 supra
3555 3424 3648 3480 di.-

2051 3514 2202 3562 ctum
2232 3516 2336 3575 est,
2368 3519 2576 3565 certum
2599 3510 2864 3569 habemus
2893 3527 2908 3567 :
2940 3512 3101 3570 initio
3128 3515 3276 3570 enim
3299 3518 3437 3573 satis
3466 3516 3646 3574 habe-

2051 3597 2207 3668 bant,
2242 3601 2288 3657 si
2317 3616 2436 3669 eas,
2492 3616 2632 3673 quas
2669 3603 2924 3661 meliores
2971 3605 3359 3663 existimabant
3387 3616 3645 3664 veterum

2052 3693 2410 3764 interpretum
2467 3695 2766 3768 lectiones,
2819 3699 2878 3755 in
2927 3701 3265 3773 marginibus
3328 3701 3641 3762 Bihliorum

2050 3787 2440 3845 describerent.
2501 3790 2706 3847 Inﬂmis
2761 3807 2890 3850 vero
2944 3795 3160 3851 saeculis
3196 3796 3363 3851 etiam
3417 3796 3488 3853 ab
3532 3797 3643 3856 hac

2050 3878 2436 3949 marginalium
2479 3880 2779 3939 lectionum
2813 3883 3163 3940 adnotatione
3201 3894 3475 3942 cessatum
3505 3896 3633 3954 est;

2051 3970 2195 4025 unde
2245 3972 2509 4042 contingit
2583 3982 2644 4028 ut
2698 3974 2960 4031 lectiones
3014 3974 3121 4030 illa:
3176 3985 3230 4032 et
3301 3977 3637 4047 interpreta-

2050 4063 2231 4118 tiones
2263 4064 2318 4117 in
2342 4065 2739 4135 antiquissimis
2762 4067 3044 4124 codicibus
3089 4068 3289 4139 saepius
3345 4069 3638 4140 reperian-

2050 4164 2163 4223 tur,
2192 4171 2353 4212 secus
2380 4168 2567 4213 autem
2598 4159 2653 4213 in
2681 4161 3097 4217 recentioribus.
3139 4161 3277 4216 Cum
3318 4163 3508 4234 priora
3539 4164 3639 4236 igi-

2050 4258 2142 4305 tur
2196 4250 2562 4322 Hexaplorum
2608 4255 2941 4325 exemplaria
2978 4265 3247 4312 vetustate
3306 4270 3636 4331 consumpta

2048 4341 2302 4410 fuissent,
2320 4343 2666 4400 exscribendi
2684 4347 3013 4419 negligentia
3040 4357 3214 4402 totum
3254 4363 3392 4418 opus
3415 4349 3473 4403 in
3504 4366 3635 4420 per-

2048 4433 2251 4488 niciem
2286 4433 2403 4489 ivit.
2430 4436 2491 4490 1d
2521 4451 2650 4491 vero
2665 4439 3017 4508 quandonam
3040 4439 3470 4496 accideritnullo
3493 4443 3635 4499 scri-

432 4534 864 4601 Poucnnuatos,
894 4546 953 4592 ut
973 4552 1041 4593 ex
1068 4537 1389 4610 fragmentis
1423 4543 1543 4614 ejus
1584 4546 1641 4599 in
1693 4546 1940 4618 Cantica,
1971 4562 2023 4623 ι)
2048 4528 2603 4623 Ρι⁰¹’¹¹¹¹ξίθῗίί¹¹³-⁰⁰ί⁰
2618 4529 2928 4623 ξηδίθθωτο
2971 4529 3193 4623 cerui!“
3224 4534 3444 4603 quidem
3479 4535 3634 4591 Vide‘

360 4627 416 4680 in
445 4625 570 4695 Job,
605 4629 661 4682 in
691 4627 1017 4687 Ezechielem
1057 4641 1110 4687 et
1138 4635 1195 4687 in
1226 4634 1521 4704 Danielem,
1555 4641 1748 4709 qumin
1777 4643 1942 4699 Cate—

357 4718 447 4773 nis
475 4727 713 4786 exstant,
742 4721 1008 4792 arguitur,
1038 4722 1305 4782 Hebraice
1333 4727 1525 4783 doctus
1546 4728 1669 4795 fuit,
1704 4730 1945 4802 Ilexapla

356 4827 527 4884 penes
552 4828 613 4869 se
635 4814 845 4883 habuit,
885 4816 1064 4889 iisque
1112 4817 1425 4891 frequenter
1471 4839 1605 4880 usus
1646 4834 1728 4881 est
1759 4827 1815 4882 in
1843 4843 1940 4887 ex-

357 4904 728 4975 positionibus
752 4909 892 4965 suis.

426 4994 697 5054 Cvmnws
720 4999 1127 5058 Alexandrinus
1154 5002 1519 5078 Hexaplorum
1558 5010 1817 5069 lcetiones
1853 5029 1940 5074 ra-

354 5087 577 5144 rissime
601 5090 803 5145 attulit.

426 5179 826 5239 'l‘nsonons'ws
860 5184 914 5239 in
947 5183 1372 5247 Commentariis
1412 5191 1529 5249 suis
1556 5203 1799 5250 veterum
1856 5197 1938 5253 in-

355 5278 651 5341 terpretum
669 5272 957 5338 lectiones,
979 5283 1037 5329 ut
1061 5276 1115 5330 in
1142 5274 1401 5349 Hexaplis
1422 5290 1601 5350 erant,
1634 5284 1937 5354 smpissime

352 5362 527 5428 affert,
564 5362 741 5433 iisque
788 5365 1058 5435 sagaciter
1109 5367 1299 5433 utitur,
1362 5384 1631 5442 opemque
1681 5355 1937 5444 magnam

349 5454 475 5510 tulit
504 5454 559 5510 in
594 5455 698 5512 hac
730 5457 938 5513 edenda
963 5459 1305 5537 collectione.

418 5543 651 5601 Joannes
688 5544 1027 5619 Philoponus
1040 5549 1432 5607 Commentario
1461 5553 1517 5607 in
1544 5552 1930 5623 Hexaemeron,

347 5633 577 5693 Genesis
608 5636 846 5706 primum
887 5638 999 5696 fere
1022 5651 1187 5713 caput
1210 5642 1481 5715 integrum
1523 5646 1824 5701 secundum
1849 5648 1933 5703 in-

346 5730 767 5798 terpretationes
800 5730 1031 5802 Aquilae,
1077 5734 1389 5807 Symmachi
1439 5747 1491 5793 et
1544 5736 1932 5796 Theodotionis

345 5822 506 5877 nobis
528 5824 896 5880 conservavit.

2049 4624 2138 4671 tur
2190 4618 2575 4691 primigenium
2617 4619 2993 4692 Tetraplorum
3026 4632 3081 4679 et
3103 4622 3472 4694 Hexaplorum
3500 4626 3630 4679 Uri-

2045 4708 2201 4779 genis
2234 4711 2517 4780 exemplar
2548 4711 2604 4766 in
2633 4713 2834 4768 celebri
2858 4714 2949 4769 illa
2987 4712 3314 4771 Caesariensi
3365 4718 3630 4788 martyris

2044 4796 2313 4871 Pamphili
2348 4802 2677 4859 bibliotheca
2706 4807 3070 4875 remansisse;
3102 4821 3221 4862 eam
3237 4807 3627 4865 bibliothecam

2043 4903 2440 4948 commemorat
2466 4894 2637 4949 codex
2669 4894 3038 4964 Epistolarum
3072 4896 3131 4951 S.
3153 4895 3306 4951 Pauli
3334 4897 3626 4953 Coisliniao

2042 4999 2171 5052 nus,
2206 5001 2315 5056 quo
2333 4987 2614 5057 antiquior
2647 4987 2785 5044 alter
2818 5003 2927 5044 non
2977 5000 3247 5061 superest,
3296 5000 3357 5046 ut
3398 4992 3625 5062 quidem

2041 5076 2299 5134 arbitror.
2336 5077 2394 5132 in
2428 5088 2558 5136 nota
2590 5079 2792 5154 quippe
2834 5080 2908 5137 ad
2934 5083 3137 5138 calcem
3176 5085 3349 5153 posita
3395 5085 3622 5154 dicitur,

2042 5169 2195 5227 illum
2237 5170 2413 5241 ipsum
2470 5171 2712 5229 codicem
2758 5172 3014 5228 collatum
3072 5174 3241 5231 fuisse
3269 5173 3534 5233 Caesareae
3567 5180 3621 5234 in

2040 5262 2369 5321 bibliotheca
2400 5264 2458 5321 S.
2477 5264 2767 5341 Pamphili,
2808 5268 2876 5321 ad
2917 5268 3199 5337 exemplar
3235 5268 3407 5338 ipsius
3455 5267 3621 5325 Pam-

2038 5356 2173 5426 phili
2200 5371 2366 5411 manu
2387 5357 2722 5427 descriptum
2753 5374 2767 5411 :
2808 5358 3135 5429 Ἀντεϐλήθη
3164 5360 3260 5414 καὶ
3297 5360 3435 5433 πρὸς
3474 5362 3538 5415 τὸ
3563 5364 3621 5416 ἐν

2038 5451 2317 5523 Καισαρίᾳ
2345 5450 2364 5521 (
2386 5453 2463 5507 sic
2479 5452 2497 5524 )
2529 5451 2861 5524 ἀντίγραφον
2875 5453 2971 5523 τῆς
2988 5452 3338 5529 βιϐλιοθήκης
3349 5456 3446 5508 τοῦ
3462 5456 3618 5525 ἁγίου

2036 5546 2322 5618 Παμφίλου
2361 5546 2509 5619 χειρὶ
2535 5545 2921 5621 γεγραμμένου
2949 5544 3044 5599 τοῦ
3103 5546 3292 5602 αὐτοῦ.
3330 5547 3388 5603 in
3427 5551 3618 5605 eadem

2034 5641 2364 5696 bibliotheca
2380 5641 2687 5711 descriptus
2716 5638 3188 5711 fueratexemplar
3214 5641 3431 5696 abbatis
3450 5641 3617 5712 Apol-

2036 5732 2662 5800 linariicmnobiarchae,
2689 5732 2784 5805 qui
2828 5733 2885 5788 in
2926 5733 3124 5789 vicinis
3170 5732 3437 5790 Caesarea:
3480 5734 3615 5790 locis

2036 5825 2250 5900 degisse
2274 5830 2484 5885 videtur
2516 5846 2529 5884 :
2563 5843 2691 5885 nam
2714 5827 2994 5896 exemplar
3018 5827 3187 5896 illius,
3212 5827 3362 5900 quod
3386 5828 3454 5885 ad
3481 5841 3610 5899 pro-
