3832 6214
186 348 275 404 tet
1420 354 1488 412 IN
1529 356 1853 429 HEXAPLA
1885 357 2226 417 ORIGENIS.
2801 332 2817 347 ’
3340 365 3443 420 tea

184 468 419 536 phetiam
458 468 669 526 Hesaia:
699 480 925 541 spectat,
958 473 1027 527 ab
1047 471 1304 544 Hexaplis
1334 474 1470 546 ipsis
1518 475 1742 532 desum-
1770 484 1818 541 Α
1844 479 2013 535 codex
2057 480 2258 536 szeculo
2287 480 2504 536 circiter
2539 494 2662 547 vut,
2693 488 2755 536 ut
2795 496 2860 535 ex
2900 480 3235 537 characteris
3266 480 3441 538 forma

184 569 331 628 ptum
360 559 556 631 fuerat,
582 570 635 618 et
669 579 796 619 cum
850 565 1022 620 altero
1070 564 1433 638 Hexaplorum
1473 570 1753 625 volumine
1852 573 2221 640 existimatur,
2275 574 2343 629 ad
2390 572 2553 628 ﬁdem
2610 573 2936 644 exemplaris
2995 572 3295 644 Apolinarii
3347 591 3443 629 ex-

183 653 437 708 couatum
460 671 475 719 ;
498 656 643 726 quod
671 657 740 711 ad
764 657 1103 715 Ezechielem
1126 675 1258 716 vero
1286 661 1541 732 pertinet,
1567 677 1753 719 exem-
1855 666 2094 735 scriptus
2119 674 2223 723 est.
2504 736 2509 741 ,

183 747 297 817 plar
328 746 647 817 Apollinarii
679 752 1016 822 exscriptum
1039 751 1109 808 ab
1136 750 1419 825 Hexaplis,
1446 764 1753 811 correctum
1927 756 2177 828 Tetrapla
2206 759 2372 831 igitur
2398 767 2451 814 et
2480 757 2724 830 Hexapla
2756 758 2874 829 ipsa
2900 755 3153 830 Origenis
3175 760 3229 815 in
3245 757 3449 814 biblioo'

183 837 358 893 fuerat
394 840 461 895 ad
492 840 654 897 fidem
687 841 1087 914 Tetraplorum,
1134 861 1256 916 quae
1290 845 1541 919 Origenis
1583 848 1758 919 ipsius
1856 850 2015 906 theca
2047 849 2315 921 Pamphili
2346 850 2611 906 Caesareae
2633 850 3017 917 servabantur,
3055 849 3147 904 ubi
3173 864 3298 904 cum
3326 849 3442 919 ipsa

183 946 348 988 manu
376 934 668 990 emendata
693 946 748 991 et
774 937 997 992 scholiis
1037 937 1308 994 illustrata
1333 938 1551 996 fuerant
1580 961 1594 997 :
1626 942 1755 1012 qui-
1860 943 2193 1000 bibliotheca
2228 944 2543 1015 perierunt,
2582 954 2678 1000 aut
2702 960 2826 1001 cum
2856 945 2988 1000 urbs
3034 959 3066 998 a
3110 943 3296 1001 Persis
3340 944 3446 1000 sub

182 1025 285 1080 bus
326 1026 549 1082 scholiis
598 1027 708 1083 alia
756 1027 965 1083 scholia
1007 1029 1065 1083 in
1103 1029 1295 1085 eodem
1331 1032 1630 1102 exemplari
1658 1033 1757 1088 ad-
1861 1034 2105 1091 Chosroe
2128 1044 2291 1105 capta
2316 1034 2440 1100 fuit,
2473 1044 2568 1090 aut
2610 1051 2719 1091 non
2744 1036 2835 1091 diu
2864 1042 3213 1106 postea,cum
3238 1034 3292 1088 in
3309 1033 3445 1088 Ara-

181 1116 384 1186 jeeerat
407 1116 679 1175 Eusebius
706 1118 1080 1188 Caesariensis,
1107 1129 1272 1191 atque
1304 1122 1538 1193 idipsum
1569 1139 1755 1179 cxent-
1859 1129 1991 1184 bum
2012 1135 2333 1200 potestatem
2352 1136 2476 1198 post
2500 1127 2814 1182 diuturnam
2844 1126 3182 1182 obsidionem
3200 1126 3444 1195 delapsa,

181 1208 300 1277 plar
337 1207 658 1279 Pamphilus
691 1219 746 1266 et
782 1211 1053 1268 Eusebius
1089 1225 1464 1271 correxerant.
1509 1215 1627 1273 Hoc
1656 1233 1754 1273 au-
1863 1220 2015 1275 hisce
2055 1220 2286 1290 aliisque
2340 1220 2597 1275 omnibus
2649 1220 2985 1275 ornamentis
3039 1217 3267 1289 spoliata
3320 1216 3442 1275 fuit.

182 1309 291 1355 tam
322 1303 599 1371 exemplar
629 1303 688 1360 in
719 1305 1043 1360 bibliotheca
1077 1305 1369 1377 Pamphili,
1397 1310 1557 1380 cujus
1589 1324 1753 1365 manu
1863 1312 2002 1381 Quia
2024 1326 2152 1368 vero
2189 1311 2545 1382 paucissima,
2602 1320 2665 1367 ut
2716 1300 2880 1381 supra
2942 1311 3204 1379 diximus,
3250 1325 3445 1365 eorum

180 1394 529 1451 emendatum
597 1396 815 1465 fuerat,
868 1398 1144 1455 exstitisse
1195 1416 1306 1456 non
1341 1403 1591 1459 dubium.
1630 1402 1758 1461 Haec
1865 1407 2176 1481 apographa
2205 1407 2347 1464 facta
2372 1406 2609 1473 fuerant,
2657 1408 2774 1463 haec
2826 1409 2941 1479 ipsa
2969 1408 3328 1463 diuturnitate
3359 1407 3444 1460 in—

180 1507 347 1562 porro
393 1495 575 1549 omnia
632 1494 932 1552 ediscimus
964 1512 1030 1552 ex
1080 1498 1227 1553 notis
1257 1498 1462 1554 codicis
1508 1498 1759 1556 Marcha-
1865 1498 2450 1572 juriaque'temporum
2480 1503 2553 1557 ita
2588 1503 2887 1572 perierunt,
2919 1510 2979 1556 ut
3036 1517 3105 1556 ne
3154 1499 3443 1570 vestigium

182 1586 336 1651 timui,
369 1602 515 1641 nunc
571 1586 688 1641 RH.
726 1586 830 1641 PP.
874 1587 1212 1645 Jesuitarum
1255 1589 1468 1660 collegii
1499 1589 1760 1647 Ludovici
1866 1594 2087 1662 quidem
2123 1609 2335 1663 eorum,
2362 1594 2512 1649 utab
2560 1592 2798 1666 Origene
2844 1593 3064 1647 fuerant
3096 1592 3443 1656 concinnata,

182 1676 395 1749 bagnt,
443 1694 582 1749 quas
643 1681 929 1737 attulimus
977 1695 1141 1754 supra
1186 1682 1316 1753 (col.
1362 1683 1474 1755 00).
1510 1682 1604 1739 llle
1630 1699 1761 1740 vero
1864 1685 2211 1741 remanserit.

182 1871 3407 1899 -—-——————-———-———_—_———_—_—_—_—.—__

1026 2046 1795 2165 ANECDOTA
1887 2048 2576 2185 QUEDAM.

1497 2444 2121 2538 MONITUM.
2171 2578 2175 2583 θ

247 2634 528 2690 Anecdota
553 2635 830 2704 nonnulla,
853 2652 971 2708 quce
995 2638 1064 2692 ad
1089 2646 1276 2693 veteres
1302 2635 1594 2706 Scriptum
1615 2638 2074 2708 interpretationes
2104 2639 2384 2706 pertinent,
2411 2637 2815 2708 commodiorem
2838 2638 2933 2690 hoc
2957 2634 3160 2708 nullum
3190 2651 3443 2708 occupare

174 2703 366 2779 locum!
390 2721 540 2779 posse
563 2703 883 2777 putavimus.
912 2708 1171 2779 Primum
1215 2720 1291 2763 est
1340 2703 1604 2779 Origenis,
1631 2717 1680 2762 et
1710 2703 1885 2778 prodit
1914 2724 1979 2761 ea:
2007 2703 2185 2762 codice
2216 2708 2579 2779 Regio,_num.
2614 2707 2772 2772 1807,
2803 2707 3028 2778 egregiee
3067 2715 3225 2771 noue,
3255 2703 3445 2779 decimi

174 2776 392 2850 seculi,
421 2776 745 2850 cuigprorsus
775 2777 970 2850 similis
996 2780 1279 2850 eademque
1311 2776 1473 2832 manu
1505 2776 1735 2850 scriptus
1759 2787 1933 2850 exstat
1964 2780 2020 2831 in
2050 2776 2361 2833 bibliotheca
2392 2777 2668 2843 Vaticana,
2693 2780 2749 2833 in
2775 2776 2879 2850 quo
2896 2776 3181 2850 nonimodo
3209 2778 3441 2850 pagintc,

173 2849 268 2901 sed
296 2849 463 2919 etiam
501 2848 653 2919 linea:
685 2849 912 2919 singqu
939 2851 1121 2904 eadem
1152 2847 1352 2917 semper
1381 2865 1501 2903 voce
1529 2848 1796 2904 desinunt.
1835 2847 1902 2902 In
1931 2858 2116 2902 neutro
2145 2861 2322 2903 autem
2352 2850 2530 2904 codice
2561 2866 2746 2903 nomen
2776 2847 3050 2919 scriptoris
3088 2847 3304 2919 praefert
3346 2848 3443 2900 hoc

173 2918 517 2985 apusculum.
550 2918 655 2989 Sed
686 2917 796 2973 esse
836 2919 1079 2989 Origcnis
1107 2920 1455 2974 certissimum
1483 2929 1559 2973 est
1586 2935 1604 2973 :
1648 2936 1771 2973 nam
1816 2928 2134 2987 postremam
2157 2921 2271 2988 ejus
2297 2930 2501 2988 partem
2533 2936 2639 2974 non
2669 2919 2943 2972 minimam
2975 2918 3131 2989 alfert
3179 2917 3444 2987 Hierony-

175 3005 296 3061 mus
322 2989 394 3061 in
426 2987 656 3061 cpistola
695 2990 766 3045 ad
798 2987 1107 3044 Marcellam
1133 3031 1147 3055 ,
1175 3006 1293 3061 qua:
1345 2992 1400 3043 in
1444 3000 1711 3058 postrema
1755 2990 1989 3061 editione
2040 2987 2262 3044 habetur
2286 2987 2413 3043 tom.
2449 2989 2522 3054 ll,
2556 3006 2610 3060 p.
2661 2989 2782 3057 706,
2814 2989 2903 3043 ubi
2933 2990 3010 3061 sic
3045 2988 3444 3061 Hieronymus;

174 3058 341 3124 Quod
388 3060 435 3113 si
472 3060 582 3132 tibi
615 3074 725 3114 non
766 3061 987 3132 videtur
1016 3058 1306 3115 onerosum
1331 3102 1345 3127 ,
1394 3061 1531 3132 quid
1560 3061 1821 3132 Origenes
1865 3060 1931 3115 de
1964 3059 2327 3130 Diapsalmate
2357 3058 2633 3128 senserit,
2682 3062 2908 3116 verbum
2940 3060 3345 3131 interpretabor
3373 3058 3443 3113 ad

175 3133 415 3200 verbum
440 3148 455 3183 :
498 3131 623 3200 quia
653 3130 855 3185 novitia
887 3140 1065 3186 musta
1095 3132 1423 3197 contemnis,
1458 3130 1650 3186 saltem
1666 3130 1875 3187 'veteris
1902 3132 2017 3186 vini
2050 3135 2373 3188 auctoritate
2404 3132 2648 3187 ducaris.

247 3199 412 3269 Saepe
439 3199 689 3270 quaerens
726 3216 945 3267 causas,
978 3210 1108 3264 etc.,
1140 3211 1199 3254 ut
1223 3201 1387 3270 infra.

245 3270 419 3343 Libro
447 3269 621 3343 autem
651 3289 667 3326 ι
693 3271 943 3343 adversus
968 3271 1241 3340 Ruﬁnum,
1268 3269 1321 3341 p.
1349 3271 1498 3343 3637:
1525 3270 1687 3327 Certe
1707 3273 1870 3328 etiam
1900 3271 2163 3343 Origenes
2189 3271 2533 3343 patriarchen
2560 3269 2824 3334 Huillum,
2848 3271 2941 3342 qui
2966 3270 3304 3343 temporibus
3324 3269 3447 3341 ejus

172 3342 305 3405 fuit,
346 3342 630 3412 nominat:
660 3351 716 3395 et
745 3342 1081 3397 tricesimum
1116 3352 1321 3396 tomum
1356 3344 1410 3395 in
1440 3342 1668 3410 Isaiam,
1698 3344 1753 3397 in
1788 3343 1947 3412 cujus
1975 3341 2082 3396 line
2107 3341 2360 3399 edisserit
2386 3362 2399 3397 :
2448 3341 2535 3396 Va:
2563 3343 2657 3395 tibi
2683 3341 2872 3396 civitas
2892 3342 3059 3403 Ariel,
3089 3357 3249 3412 quam
3279 3356 3447 3412 expue

171 3402 366 3484 gmu
395 3410 567 3466 David
591 3413 792 3484 ,_illius
814 3413 1153 3484 expositione
1183 3413 1459 3468 concludit
1490 3432 1505 3469 :
1545 3422 1601 3468 et
1634 3402 1757 3469 cum
1789 3402 1948 3467 aliter
1975 3414 2129 3483 prius
2161 3414 2403 3469 sensisse
2431 3429 2490 3468 se
2516 3413 2697 3480 dicat,
2731 3415 2925 3484 doctus
2952 3412 3022 3466 ab
3048 3402 3191 3484 illo,
3215 3412 3267 3484 id
3299 3402 3446 3484 quod

170 3482 371 3565 verius
399 3491 478 3537 est
507 3482 819 3565 confitetur.
848 3482 1253 3565 Octogesimum
1289 3499 1507 3565 quoque
1541 3499 1749 3539 nonum
1789 3482 2208 3565 psalm1t_r_n,_qui
2239 3484 2591 3565 inscribitur:
2625 3483 2814 3565 Oratio
2845 3482 3020 3565 Moysi
3052 3482 3279 3565 hominis
3310 3482 3443 3535 Dei:

169 3563 229 3609 et
257 3553 508 3621 reliquos
544 3553 797 3624 undecim
819 3594 835 3618 ,
862 3554 959 3624 qui
989 3552 1096 3608 non
1127 3552 1325 3608 habent
1359 3552 1546 3609 titulos
1569 3596 1585 3621 ,
1616 3552 1920 3609 secundum
1985 3552 2153 3608 Huilli
2185 3554 2613 3624 expositionem,
2644 3554 2888 3624 ejusdem
2920 3553 3092 3624 Moysi
3120 3561 3312 3622 putat:
3348 3566 3448 3624 nec

171 3625 517 3695 dedignatur
563 3622 845 3678 Hebr-stam
881 3622 1221 3693 Scripturam
1274 3624 1642 3695 interpretans
1670 3640 1769 3694 per
1810 3624 2024 3695 singula
2056 3624 2174 3680 loca
2195 3666 2212 3693 ,
2243 3622 2374 3694 quid
2409 3623 2653 3680 Hebraeis
2678 3622 2962 3695 videatur,
2997 3622 3301 3695 exponere.
3345 3622 3445 3695 llis

171 3693 361 3750 autern
388 3695 665 3763 postremis
693 3695 863 3764 verbis
892 3695 1119 3749 alteram
1147 3695 1389 3764 opusculi
1419 3693 1624 3764 partem
1650 3693 2017 3764 carptim,7scd
2041 3693 2322 3761 evidenter,
2348 3706 2740 3749 commemorat.
2771 3693 2888 3749 Hoc
2915 3703 3089 3747 tamen
3114 3693 3170 3745 in
3193 3710 3247 3748 re
3268 3693 3448 3763 diﬁert

171 3767 240 3819 ab
274 3764 533 3835 Origene,
567 3763 825 3836 quodghic
859 3762 1224 3836 patriarcham
1252 3762 1564 3836 Iudaeorum
1593 3762 1849 3829 Ἴηυλλον,
1875 3764 2078 3819 Jullum
2097 3806 2111 3829 ,
2138 3766 2230 3819 ille
2258 3764 2497 3820 Huillum
2515 3807 2530 3831 ,
2556 3775 2699 3820 vocet
2722 3782 2740 3819 :
2768 3766 2858 3821 sed
2903 3765 2959 3818 id
2999 3763 3319 3836 levissimum
3342 3762 3445 3836 est.

173 3836 339 3901 Quod
374 3832 552 3906 autem
577 3832 765 3889 Huillo
800 3832 1000 3890 tribuat
1061 3837 1118 3889 id
1147 3835 1288 3905 quod
1318 3837 1381 3889 ab
1412 3836 1520 3889 alio
1554 3838 1762 3890 erudito
1787 3836 1979 3890 Judreo
2003 3837 2243 3900 edidicit,
2276 3838 2367 3906 qui
2404 3845 2557 3901 tunc,
2587 3847 2647 3889 ut
2683 3838 2762 3890 ait
2792 3836 3041 3905 Origenes
3064 3874 3079 3898 ,
3115 3850 3236 3887 cum
3263 3832 3450 3906 Huillo

171 3916 319 3971 erat,
350 3905 486 3960 nihil
516 3907 712 3977 negotii
736 3906 950 3976 facessit
977 3923 996 3961 :
1018 3904 1192 3977 potuit
1216 3906 1356 3960 enim
1386 3906 1742 3977 Hieronymus
1771 3906 1958 3962 Huillo
1993 3907 2221 3963 tribuere
2258 3904 2397 3978 quod
2449 3908 2590 3961 alius
2622 3908 2737 3976 ipso
2776 3904 3032 3978 prasente
3054 3914 3104 3959 et
3132 3904 3451 3975 approbante

171 3979 421 4032 dixerat.

252 4047 563 4102 Secundum
590 4046 831 4118 Origcnis
860 4047 1176 4118 opusculum
1199 4047 1522 4117 exscriptum
1557 4063 1590 4099 a
1623 4056 1703 4118 me
1731 4046 1831 4116 fuit
1860 4065 1926 4101 ea:
1949 4049 2126 4102 codice
2163 4047 2414 4102 Vaticano
2446 4063 2589 4101 num.
2619 4047 2741 4111 75t,
2766 4047 2862 4099 hoc
2895 4046 3090 4101 titulo:
3116 4045 3450 4116 ’Υπόμνημα

185 4118 508 4192 ’ῼριγὲνουῄς
538 4119 618 4181 εἰς
649 4116 775 4192 τόὺς
801 4116 1067 4192 Ψαλμούς
1088 4160 1103 4183 ,
1137 4116 1490 4192 Hypomnena
1521 4133 1615 4192 seu
1642 4117 1698 4170 Ct

1937 4118 2447 4192 arjusOrigenisin
2494 4119 2754 4192 psalmos.
2789 4118 2987 4192 hiatque
3026 4118 3082 4170 in
3123 4118 3443 4192 medicum-

176 4186 311 4243 tilus
330 4186 364 4272 ί
398 4189 897 4272 videturquefu‘issc
922 4186 1732 4272 prologue.Commentariorum
1757 4191 1870 4259 ejus
1904 4191 1959 4243 in
1986 4186 2253 4246 Psalmos.
2284 4186 2681 4261 Agitur’autem
2710 4189 2774 4243 de
2802 4189 3145 4243 Psalmorum
3176 4186 3370 4251 titulis,
3400 4198 3452 4241 et

173 4262 421 4327 carptim
447 4260 512 4311 de
544 4258 727 4329 iis’qui
759 4258 1097 4313 Psalmoruni
1124 4259 1315 4313 librum
1343 4259 1681 4329 collegerunt.
1784 4258 1789 4259 “
2336 4258 2348 4261 ⁷

186 4399 209 4401 ξ
253 4329 497 4386 Tertium
535 4328 777 4399 Origcnis
806 4331 1112 4399 opusculum
1139 4339 1217 4385 est
1232 4329 1600 4401 fragmentum
1624 4344 1689 4401 ea:
1713 4329 1890 4383 codice
1923 4328 2108 4401 Regio,
2141 4347 2287 4384 num.
2317 4328 2477 4395 1818,
2503 4328 2695 4382 decimi
2722 4328 2925 4401 swculi,
2952 4328 3043 4398 qui
3069 4336 3144 4382 est
3174 4325 3374 4401 Catena
3396 4327 3451 4401 in

174 4399 459 4455 Psalmos.
489 4398 682 4469 Agitur
712 4401 787 4454 ibi
832 4398 894 4454 de
927 4401 1184 4455 veteribus
1222 4398 1568 4470 Hebraeorum
1607 4398 2022 4465 characteribus,
2055 4418 2182 4470 quos
2214 4402 2291 4454 ait
2333 4401 2467 4454 alios
2507 4401 2670 4470 fuisse
2700 4402 2764 4453 ab
2789 4399 3095 4455 hodiernis.
3130 4398 3329 4452 scilicet
3368 4399 3453 4451 sui

176 4472 463 4542 temporis.
490 4473 686 4525 Exstat
718 4470 906 4525 Latine
933 4474 991 4525 in
1022 4471 1224 4542 Catena
1255 4469 1778 4542 Danielisigarbari,
1809 4469 2200 4526 inobservatum
2231 4472 2503 4525 hactenus.

250 4539 549 4614 Quartum“
562 4541 872 4614 opusculum
895 4554 971 4597 est
1005 4540 1296 4612 Epiphanii
1327 4542 1401 4596 De
1430 4540 1572 4595 LXX
1603 4543 1763 4610 lnterI

1940 4559 2012 4605 us,
2052 4544 2142 4596 καὶ
2166 4542 2278 4614 Δτῶν
2308 4541 2913 4614 παρερμηνευςάντων,
2942 4540 3080 4611 quod
3104 4539 3180 4614 ad
3219 4539 3453 4593 litteram

173 4614 486 4684 significat,
519 4611 593 4665 De
628 4611 695 4668 iis
724 4612 819 4682 qui
850 4611 1134 4684 perperam
1161 4613 1500 4684 interpretati
1529 4622 1688 4684 sunt,
1731 4614 1858 4676 sive,
1890 4614 1957 4684 de
1987 4613 2055 4668 iis
2084 4612 2177 4682 qui
2211 4611 2638 4684 interpretando,
2674 4611 3009 4682 Scriptorum
3050 4611 3453 4667 adulterarum.

174 4682 392 4755 Estque
418 4682 659 4755 Epitome
694 4682 878 4737 eorum
916 4682 1035 4754 qua
1062 4682 1391 4755 Epiphanius
1422 4683 1558 4736 libro
1591 4682 1668 4737 De
1698 4683 2031 4753 ponderibus
2061 4692 2115 4738 et
2143 4685 2417 4738 mensuris
2448 4683 2512 4736 de
2539 4684 2702 4755 variis
2732 4684 3104 4755 interpretibus
3140 4693 3322 4753 narrgt
3342 4696 3363 4745 ;
3392 4695 3455 4755 ac

174 4750 483 4808 non'semel
512 4772 544 4807 a
571 4755 877 4808 narratione
908 4750 1004 4808 illa
1044 4750 1246 4823 fusiore
1267 4754 1467 4823 differt,
1499 4771 1601 4823 qua
1624 4755 1687 4807 de
1700 4750 1771 4807 ’τε
1798 4756 2040 4824 superius
2071 4765 2248 4809 actum
2265 4764 2342 4808 est
2372 4755 2462 4808 ubi
2492 4754 2557 4809 de
2588 4750 2928 4824 Symmacho.
2965 4752 3151 4807 Utrum
3179 4750 3356 4806 autem
3390 4750 3456 4824 ab

172 4827 300 4894 ipso
340 4824 639 4893 Epiphanio
671 4827 782 4879 lucc
815 4822 1057 4894 Epitome
1085 4822 1402 4896 concinnata
1434 4822 1617 4894 fuerit,
1651 4840 1721 4877 an
1747 4825 1812 4876 ab
1842 4822 2107 4896 alio,inon
2136 4827 2213 4879 ita
2243 4826 2403 4896 facile
2433 4836 2510 4880 est
2538 4822 2792 4880 statuere.
2827 4824 2894 4880 Ut
2924 4834 3125 4896 utgoero
3158 4825 3260 4896 sit,_
3276 4822 3454 4891 prodit

173 4897 279 4949 hoc
309 4899 620 4963 opusculum
653 4910 718 4949 ea:
750 4896 956 4968 duobus
981 4896 1271 4959 codicibus,
1301 4894 1462 4966 Regio
1484 4910 1663 4968 nempe
1700 4896 1836 4950 1807
1860 4906 1911 4951 et
1960 4895 2217 4951 Vaticano
2244 4894 2260 4964 ς
2300 4898 2390 4968 qui
2421 4895 2575 4951 ambo
2601 4897 2802 4951 decimo
2833 4894 3050 4963 swculo,
3082 4904 3132 4950 et
3162 4894 3366 4958 eadem,
3399 4900 3455 4945 ut

175 4968 421 5029 videtur,
458 4983 618 5020 manu
655 4966 904 5034 descripti
934 4976 1083 5032 sunt,
1115 4979 1170 5021 ut
1200 4982 1363 5036 supra
1387 4967 1644 5020 diximus.

170 5246 509 5309 (Fragmenta
531 5245 852 5319 Origeniana.
874 5246 1082 5319 exhibet
1101 5244 1361 5319 novissima
1382 5246 1603 5319 Operum
1626 5246 1859 5319 Qrigenis
1882 5246 2610 5319 recensiggenedietinanus
2629 5247 2692 5319 in
2729 5259 2896 5319 nostra
2922 5243 3193 5319 reviviscit.
3226 5244 3351 5319 fficio
3381 5250 3457 5319 to-

245 5306 387 5423 [06:1
393 5306 1009 5436 Wﬁqdq’cimnuqi,
1033 5307 1266 5375 Origenis
1291 5306 1575 5363 secundum.
1628 5306 1932 5377 Opusculum
1955 5313 2025 5364 De
2049 5312 2171 5364 LXX
2204 5306 2553 5374 Interpretibtis
2588 5316 2755 5361 exstat
2794 5312 2932 5361 inter
2984 5306 3250 5372 Epipbamt
3291 5306 3459 5374 Ope»

588 5411 602 5425 .
830 5390 860 5423 Α
927 5410 939 5423 .
