3832 6214
492 337 596 392 1⁸3⁸7

1859 355 2383 418 PRELIMINARIA

3660 383 3760 441 128

485 469 614 513 nam
649 475 679 515 a
729 459 884 517 nobis
915 464 982 519 de
1011 466 1295 525 Altissimo
1334 486 1399 526 ac
1443 472 1509 528 de
1540 472 1774 531 Domino
1820 476 2075 532 traditam
2106 487 2132 543 Α

2191 477 2450 548 Ὑψίστου
2485 482 2579 536 καὶ
2627 484 2756 555 περὶ
2797 484 2892 539 τοῦ
2940 487 3147 560 Κυρίου
3194 492 3591 565 ἀποδεδομένον
3627 497 3762 569 ὴμῐν

483 562 797 622 suspectam
824 555 1108 615 habentes.

555 739 871 801 Admodum
907 748 1232 807 mirabiliter
1261 708 1645 825 Symmachus.

2179 570 2376 644 δόγμα.

1937 664 2083 720 Ibid.
2111 683 2168 736 p.
2198 666 2287 724 86.

2251 766 2465 839 Σφόδρα
2500 767 2832 841 θαυμαστῶς
2858 773 2888 826 ὀ
2924 772 3237 846 Σύμμαχος.

1936 851 2081 909 Ibid.
2102 873 2157 927 p.
2183 857 2307 915 199.

553 927 874 992 Mirabiliter
901 938 1289 1012 interpretatus
1315 952 1398 1001 est
1430 942 1814 1017 Symmachus.

2008 1045 2151 1101 Ibid.

552 1117 858 1183 Theodotio
915 1131 1010 1201 qui
1055 1147 1286 1191 numero
1342 1135 1747 1194 accuratiorum
1795 1139 2069 1212 interpre-

479 1216 598 1267 tum
626 1224 712 1272 est

2258 956 2634 1029 Ἦρμήνευσεν
2663 959 2994 1033 θαυμαστῶς
3020 962 3049 1014 ὁ
3081 960 3405 1034 Σύμμαχος.

2244 1147 2356 1201 Καὶ
2384 1148 2413 1201 ὁ
2446 1148 2739 1204 Θεοδοτιων
2769 1150 2850 1216 δὲ,
2888 1144 2970 1215 εἷς
3001 1150 3097 1206 καὶ
3140 1149 3302 1219 αὐτὸς
3332 1152 3440 1209 τῶν
3484 1153 3761 1227 satis.st

2172 1240 2627 1313 ἐρμηνευσάντων
2654 1244 2961 1316 τυγχάνων.

1334 1341 1692 1416 Hieronymus
1729 1347 1960 1422 Prologo
1983 1353 2040 1406 in
2068 1351 2331 1424 Genesim,
2365 1357 2520 1411 initio
2552 1358 2713 1427 primi
2736 1368 2889 1414 tomt.

546 1417 701 1485 Quod
735 1432 793 1477 ut
822 1426 1103 1495 auderem,
1136 1431 1389 1503 Origenis
1422 1450 1509 1490 me
1530 1439 1773 1494 studium
1798 1417 2063 1511 provoca-

477 1514 575 1577 vit,
602 1515 695 1584 qui
731 1517 957 1574 editioni
996 1525 1236 1593 antiquae
1277 1529 1691 1585 translationem
1726 1531 2060 1590 Theodotio-

473 1604 561 1660 nis
594 1607 835 1673 miscuit,
874 1614 1137 1669 asterisco
1180 1619 1247 1686 χ(
1277 1628 1330 1673 et
1373 1621 1530 1677 obelo
1558 1637 1644 1689 οὲ,
1690 1624 1740 1680 id
1771 1634 1855 1681 est
1888 1627 2049 1682 stella

472 1703 527 1750 et
571 1713 725 1763 veru,
774 1718 914 1773 opus
947 1719 1111 1763 omne
1137 1708 1521 1782 distinguens:
1564 1716 1696 1771 dum
1747 1726 1843 1773 aut
1871 1719 2062 1777 illuce-

472 1803 630 1845 scere
679 1790 809 1849 facit
835 1812 960 1866 quae
991 1800 1176 1857 minus
1214 1814 1341 1858 ante
1372 1804 1623 1874 fuerant;
1663 1818 1758 1865 aut
1788 1812 2059 1882 superﬂua

2170 1463 2227 1501 in
2276 1448 2482 1504 nostris
2525 1450 2807 1507 codicibus
2853 1465 2965 1506 non
2998 1451 3293 1521 habentur,
3330 1460 3393 1508 ut
3436 1460 3525 1508 est
3574 1452 3754 1508 illud:

2170 1537 2257 1592 Ea:
2281 1538 2517 1610 Egypto
2544 1542 2721 1596 vocari
2744 1540 2792 1594 Γ
2794 1543 2947 1596 ilium
2976 1558 3168 1611 meum,
3187 1554 3242 1599 et
3259 1563 3272 1598 :
3291 1545 3543 1615 quoniam
3569 1543 3760 1600 Nasa—

2169 1648 2307 1686 razus
2333 1631 2631 1699 vocabitur,
2651 1641 2741 1688 et:
2779 1632 3036 1688 Videbunt
3060 1635 3114 1689 in
3135 1652 3290 1705 quem
3311 1647 3756 1708 rompumrunt,

2169 1731 2258 1778 et:
2292 1722 2551 1779 Flumina
2582 1724 2648 1779 de
2677 1737 2851 1780 ventre
2889 1725 3004 1795 ejus
3054 1727 3221 1796 ﬂuent
3271 1744 3423 1798 aqua
3464 1730 3620 1797 view,
3662 1741 3754 1785 et:

2166 1832 2284 1887 qua:
2310 1833 2403 1871 nec
2432 1816 2616 1872 oculus
2660 1818 2812 1883 vidit,
2862 1835 2953 1873 nec
2996 1820 3146 1874 auris
3174 1819 3400 1887 audivit,
3436 1839 3529 1877 nec
3576 1823 3633 1876 in
3666 1840 3757 1878 cor

469 1894 703 1951 quicque
721 1886 939 1958 jugulat
972 1901 1025 1946 et
1070 1893 1337 1959 confodit,
1368 1899 1605 1955 maxime
1629 1917 1751 1971 quae
1789 1879 2063 1976 evangeli-
2093 1879 2135 1935 Β
2165 1879 2395 1964 bominis
2422 1911 2792 1980 ascenderunt,
2818 1928 2936 1982 qua:
2959 1914 3279 1984 praeparauit
3308 1912 3449 1971 Deus
3475 1915 3756 1987 diligenti-

471 1982 680 2030 starum
720 1988 775 2033 et
816 1984 1187 2051 apostolorum
1222 1990 1522 2047 auctoritas
1562 1996 1968 2067 promulgavit;
2002 1999 2058 2054 in

470 2067 673 2135 quibus
718 2074 892 2128 multa
931 2075 999 2131 de
1042 2076 1223 2134 Veteri
1262 2078 1614 2140 Testamento
1652 2086 1905 2158 legimus,
1936 2106 2060 2161 qua:

2166 2005 2262 2060 bus
2296 2020 2371 2071 se,
2400 2015 2507 2061 etc.

1970 2206 2043 2262 Et
2074 2207 2217 2278 infra
2239 2223 2260 2262 .'

542 2299 609 2355 Et
633 2306 821 2361 nescio
853 2309 979 2378 quis
1014 2312 1227 2381 primus
1274 2324 1470 2373 auctor
1503 2317 1857 2393 Septuaginta
1889 2324 2061 2379 cellu-

465 2391 549 2448 las
599 2393 945 2456 Alexandria!
994 2407 1282 2463 mendacio
1327 2425 1430 2465 suo
1468 2391 1819 2478 exstruxerit,
1857 2417 2061 2485 quibus

465 2486 624 2579 divisi
669 2491 857 2547 eadem
893 2497 1294 2569 seriptitarent,
1326 2519 1454 2559 cum
1496 2505 1763 2564 Aristaeus
1811 2508 2057 2579 ejusdem

462 2575 738 2638 Ptolemaei
766 2586 1206 2665 ὑπερασπιστὴς.
1232 2604 1283 2650 et
1318 2597 1494 2653 multo
1523 2608 1648 2669 post
1681 2575 1924 2671 tempore
1961 2600 2063 2658 Jo~

461 2673 688 2742 sophus,
720 2676 858 2732 nihil
899 2682 1006 2736 tale
1048 2686 1375 2742 retulerint:
1428 2691 1521 2747 sed
1572 2691 1627 2745 in
1672 2708 1782 2747 una
1831 2693 2065 2749 basilica

462 2776 847 2855 congregatos,
876 2776 1175 2833 contulisse
1217 2780 1478 2848 scribant,
1514 2798 1621 2838 non
1671 2785 2051 2855 prephetasse.

459 2853 623 2911 Aliud
656 2870 740 2915 est
784 2862 929 2917 enim
965 2874 1167 2934 vatem,
1201 2869 1348 2925 aliud
1398 2887 1520 2928 esse
1554 2853 1926 2945 interpretem.
1975 2875 2050 2930 lbi

461 2949 687 3019 spiritus
720 2963 947 3013 ventura
979 2961 1258 3029 praedicit;
1295 2964 1385 3020 hic
1408 2965 1647 3023 eruditio
1672 2976 1727 3023 et
1758 2970 2052 3025 verborum

2159 2327 2339 2397 copia,
2370 2341 2435 2383 ea
2460 2342 2584 2397 qua:
2608 2325 2879 2398 intelligit,
2917 2328 3194 2386 transfert.
3222 2330 3336 2389 Nisi
3369 2332 3513 2391 forte
3539 2346 3748 2408 putan-

2162 2417 2266 2474 dus
2292 2427 2378 2474 est
2405 2418 2618 2475 Tullius
2649 2418 3061 2476 (Economicum
3094 2420 3497 2495 Xenophontis,
3534 2437 3595 2485 et.
3627 2429 3754 2485 Pla-

2160 2509 2306 2564 tonis
2350 2507 2727 2581 Protagoram,
2753 2521 2808 2566 et
2842 2509 3239 2571 Demosthenis“
3258 2532 3352 2585 pro
3382 2516 3750 2590 Ctesiphonte,

2161 2600 2375 2659 alllatus
2424 2602 2700 2660 rhetorico
2749 2603 2946 2674 spiritu
3007 2606 3373 2664 transtulisse.
3430 2610 3545 2666 Aut
3592 2613 3752 2669 aliter

2159 2695 2227 2750 de
2253 2694 2457 2751 eisdem
2490 2695 2645 2752 libris
2668 2712 2766 2767 per
2798 2695 3172 2772 Septuaginta,
3205 2703 3362 2759 aliter
3383 2717 3481 2774 per
3519 2717 3751 2775 aposto-

2160 2785 2244 2841 los
2275 2782 2512 2856 Spiritus
2541 2794 2767 2842 sanctus
2794 2787 3112 2845 testimonia.
3135 2791 3337 2859 texuit;
3369 2802 3427 2846 ut
3467 2792 3623 2863 quod
3676 2792 3749 2848 ibi

2158 2884 2470 2945 tacuerunt,
2509 2878 2565 2933 hi
2593 2878 2854 2950 scriptum
2886 2894 3009 2937 esse
3050 2882 3262 2939 mentiti
3289 2886 3414 2940 sint.

1210 3085 1581 3160 Hieronymus
1625 3090 1956 3162 Praefatione
1981 3094 2036 3148 in
2062 3093 2254 3147 librum
2276 3091 2459 3157 J‘osue,
2483 3090 2584 3146 col.
2614 3089 2744 3155 247,
2769 3100 2896 3145 tom.
2930 3089 2974 3144 Ι.

529 3166 591 3223 Et
625 3170 770 3228 utin
814 3173 1024 3243 primis,
1056 3180 1201 3249 quod
1252 3197 1395 3252 saepe
1440 3193 1672 3242 testatus
1712 3200 1861 3255 sum,
1907 3189 2046 3245 sciat
2072 3196 2113 3252 C
2147 3185 2479 3256 delectant),
2521 3196 2580 3241 ut
2616 3201 2716 3256 pro
2769 3185 3084 3261 Graecorum
3128 3185 3431 3254 Ἐξαπλοῖς,
3498 3204 3635 3259 qua:
3695 3196 3747 3247 et

458 3273 548 3315 me
593 3278 700 3318 non
738 3265 793 3320 in
836 3269 1317 3337 reprehensionem
1351 3285 1593 3331 veterum
1645 3292 1785 3332 nova
1818 3277 2043 3345 cudere,

455 3349 599 3405 sicut
630 3352 791 3410 amici
830 3357 935 3411 mei
987 3357 1391 3417 criminantur:
1437 3365 1531 3421 sed
1577 3382 1678 3436 pro
1713 3368 1856 3422 virili
1896 3376 2049 3439 parte

453 3442 651 3501 oil'erre
682 3446 879 3519 lingum
909 3468 1043 3508 meae
1078 3452 1395 3512 hominibus
1430 3457 1591 3529 (quos
1637 3471 1822 3539 tamen
1854 3469 2043 3517 nostra

2000 3557 2131 3613 Ibid

2153 3290 2374 3349 sumptu
2407 3287 2461 3333 et
2508 3278 2697 3333 labore
2739 3279 2981 3334 maximo
3013 3279 3275 3351 indigent,
3304 3279 3612 3336 editionem
3650 3297 3749 3339 no-

2156 3378 2327 3427 stram
2366 3371 2625 3426 habeant.

524 3634 708 3702 Quare
738 3637 981 3699 Danielis
1010 3645 1167 3715 juuta
1196 3645 1589 3707 Theodotionis
1620 3654 2036 3711 translationem
2074 3654 2334 3711 Ecclesiae
2361 3660 2751 3725 susceperunt.

954 3765 1104 3823 Idem
1137 3772 1192 3824 in
1226 3770 1555 3844 Prwfatione
1580 3775 1645 3831 de
1668 3778 1912 3833 omnibus
1936 3778 2098 3834 libris.
2125 3777 2328 3833 Veteris
2375 3775 2719 3840 Testamenti,
2742 3791 2796 3845 p.
2821 3773 2951 3844 δυ,
2989 3783 3129 3828 tomo
3163 3770 3216 3829 ι.

525 3880 855 3940 Samaritani
904 3891 1066 3944 etiam
1108 3889 1540 3950 Pentateuchum
1578 3896 1753 3969 Moysi
1804 3900 2033 3957 totidem

450 3968 648 4027 litteris
695 3975 1026 4045 scriptitarit,
1059 3979 1249 4051 figuris
1281 3980 1492 4041 tantum
1525 3994 1580 4041 et
1615 3968 1870 4058 apicibus
1917 3991 2041 4047 dis-

450 4074 757 4133 crepantes.
818 4066 1152 4141 Certumque
1182 4084 1268 4130 est
1300 4074 1526 4132 Esdram
1573 4080 1832 4145 scribam,
1874 4082 2039 4154 legis-

449 4170 555 4222 que
581 4153 885 4224 doctorem,
918 4169 1041 4229 post
1067 4174 1280 4231 captam
1307 4164 1726 4241 Jerosolymam,
1755 4179 1808 4227 et
1834 4172 2041 4228 instau-

447 4246 713 4302 rationem
745 4251 928 4320 templi
958 4252 1061 4307 sub
1090 4252 1427 4324 _Zorobabc|,
1460 4261 1597 4317 alias
1639 4264 1850 4320 litteras
1884 4280 2036 4336 repe-

446 4338 586 4393 risse
610 4341 810 4408 quibus
839 4359 984 4399 nunc
1013 4345 1238 4412 utimur,
1264 4349 1389 4404 cum
1419 4353 1487 4406 ad
1521 4353 1653 4408 illud
1688 4370 1863 4426 usque
1893 4365 2033 4412 tem-

446 4444 549 4498 pus
586 4428 748 4484 iidem
780 4429 1256 4491 Samaritanorum
1279 4448 1334 4493 et
1363 4438 1720 4497 Hebraeorum
1752 4445 2034 4500 characte-

2139 3915 2228 3957 res
2255 3898 2478 3954 fuerint.
2510 3900 2571 3952 In
2619 3897 2760 3953 libro
2803 3910 3027 3967 quoque
3071 3892 3442 3951 Numerorum
3469 3894 3599 3951 hate
3646 3909 3742 3949 es—

2139 3993 2262 4048 dem
2322 3991 2657 4061 supputatio,
2714 3989 2818 4045 sub
2877 3988 3191 4045 Levitarum
3254 3996 3311 4042 et
3374 3988 3742 4044 sacerdotum

2140 4099 2327 4150 sensu,
2356 4083 2587 4154 mystice
2616 4081 2944 4137 ostenditur.
2982 4079 3050 4136 Et
3079 4095 3278 4137 nomen
3306 4078 3531 4134 Domini
3569 4088 3746 4134 tetra.

2140 4184 2490 4247 grammatea
2543 4176 2597 4230 in
2658 4174 2988 4244 quibusdam
3057 4171 3262 4228 Graecis
3322 4170 3741 4233 voluminibus.

2141 4283 2318 4340 usque
2373 4268 2537 4325 hodie
2594 4267 2839 4339 antiquis
2888 4280 3206 4338 expressum
3258 4264 3457 4321 litteris
3518 4263 3744 4323 inveni-

2140 4375 2286 4417 mus.

1281 4535 1433 4592 Idem
1459 4537 1787 4610 Prcefatione
1816 4543 1873 4596 in
1898 4542 2094 4598 librum
2125 4542 2314 4609 Isaiae,
2344 4544 2447 4600 col.
2479 4544 2618 4609 474,
2650 4555 2778 4597 tom.
2814 4541 2853 4598 Ι.

520 4617 588 4675 Ut
613 4623 888 4691 quomodo
915 4624 1088 4681 Graeci
1122 4636 1246 4697 post
1276 4628 1418 4683 LXX
1443 4630 1845 4701 Translatores,
1875 4636 2035 4706 Aqui-
2064 4640 2110 4694 D
2138 4637 2422 4692 collatione
2483 4652 2676 4693 eorum
2727 4636 3034 4706 intelligant
3062 4651 3075 4687 :
3129 4634 3210 4689 sic
3265 4640 3317 4687 et
3376 4631 3464 4686 isti
3528 4633 3739 4689 saltem

444 4713 551 4768 lam
596 4725 649 4768 et
700 4714 1091 4786 Symmachum
1126 4730 1181 4774 et
1213 4720 1644 4780 Theodotionem
1688 4727 1895 4798 legunt,
1947 4727 2030 4783 vel

445 4806 516 4862 ob
548 4807 792 4862 studium
845 4810 1108 4868 doctrinm
1154 4830 1287 4883 suae,
1321 4816 1406 4871 vel
1449 4828 1508 4872 ut
1552 4817 1695 4872 LXX
1747 4820 1921 4889 magis
1962 4835 2028 4876 ex

2137 4743 2307 4782 unum
2374 4738 2502 4794 post
2557 4727 2769 4798 priores
2829 4726 3028 4781 habere
3094 4724 3383 4795 dignentur
3446 4723 3739 4795 interpre-

2138 4830 2265 4875 tem.

3362 4906 3399 4935 Ο

1332 4930 1686 5004 Hieronymus
1726 4931 2056 5004 Prwfatione
2079 4935 2135 4989 in
2167 4933 2292 5002 Job,
2317 4934 2420 4989 col.
2454 4932 2582 4999 595,
2615 4943 2743 4986 tom.
2781 4931 2822 4988 ι.

506 5038 689 5113 Cugor
730 5056 825 5111 per
854 5043 1101 5115 singulos
1147 5044 1447 5117 Scriptura:
1487 5049 1684 5105 divinae
1709 5050 1880 5105 libros
1927 5050 2023 5105 ad-

436 5136 806 5191 versariorum
854 5139 1189 5208 respondere
1218 5142 1543 5210 maledictis,
1574 5148 1667 5214 qui
1700 5144 2024 5213 interpreta-

438 5225 639 5281 tionem
688 5242 890 5295 meam,
927 5230 1411 5300 reprehensionem
1457 5233 1812 5305 Septuaginta
1846 5233 2020 5289 Inter-

437 5328 647 5385 pretum
684 5321 1047 5376 criminantur
1079 5323 1155 5393 (a)
1181 5342 1194 5377 :
1221 5325 1379 5393 quasi
1411 5341 1516 5380 non
1546 5336 1601 5381 et
1625 5326 1769 5395 apud
1797 5324 2019 5381 Graecos

436 5407 654 5481 Aquila,
691 5410 1078 5483 Symmachus,
1126 5425 1180 5470 ct
1213 5398 1536 5483 Theodotio,
1580 5420 1663 5473 vel
1712 5418 1940 5474 verbum
1988 5434 2020 5473 c

435 5514 519 5556 ’νει
533 5501 601 5557 bo
646 5505 726 5558 vel
773 5520 996 5561 sensum
1023 5522 1054 5562 e
1085 5522 1274 5576 sensu,
1306 5510 1389 5565 vel
1426 5525 1493 5566 ex
1530 5519 1762 5581 utroque
1788 5509 2019 5567 commi-

438 5601 604 5651 stum.
658 5606 710 5647 et
762 5598 937 5654 medie
991 5608 1350 5669 temperatum
1409 5618 1583 5672 genus
1639 5603 2017 5658 translationis

2129 5048 2521 5120 expresserim,
2570 5055 2626 5103 et
2671 5046 2854 5101 omnia
2900 5042 3113 5101 Veteris
3151 5043 3513 5101 lnstrumenti
3562 5045 3732 5099 voln-

2130 5141 2277 5196 mina
2300 5139 2565 5211 Origenes
2590 5138 2764 5194 obelis
2789 5135 3182 5207 asteriscisque
3213 5135 3555 5202 distinxerit,
3582 5152 3739 5207 quos

2128 5232 2211 5287 vel
2243 5232 2461 5287 additos
2506 5230 2598 5284 vel.
2634 5229 2702 5285 de
2746 5227 3124 5284 Theodotione
3174 5234 3446 5296 sumptos,
3483 5228 3737 5282 transla~

2129 5327 2262 5384 tioni
2293 5327 2534 5397 antiquae
2556 5324 2810 5391 inseruit,
2841 5323 3081 5393 probans
3109 5319 3348 5376 defuisse
3372 5319 3526 5390 quod
3571 5320 3736 5375 addi-

2127 5433 2241 5477 tum
2286 5430 2391 5476 est.
2433 5419 2659 5475 Discant
2703 5417 2868 5488 igitur
2904 5417 3305 5471 obtrectatores
3333 5411 3440 5467 mei
3466 5412 3734 5482 recipere

2126 5513 2182 5568 in
2212 5522 2347 5578 toto,
2372 5514 2518 5585 quod
2547 5513 2599 5566 in
2630 5511 2878 5583 partibus
2905 5517 3284 5580 susceperunt,
3325 5514 3422 5562 aut
3452 5506 3717 5579 interpre

2127 5604 2385 5661 tationem
2422 5620 2596 5659 meam
2647 5602 3080 5660 cumasteriscis
3110 5601 3227 5658 suis
3271 5600 3484 5656 radere.
3532 5598 3737 5675 Neque

508 5761 586 5829 (a)
629 5760 683 5815 lil
720 5765 931 5833 rrprtit,
983 5767 1135 5823 Apol.
1184 5769 1436 5826 adversus
1474 5771 1625 5839 Ruﬁ,
1670 5772 1762 5829 lib.
1803 5789 1865 5843 tt,
1909 5773 2013 5830 col.
2058 5773 2180 5829 429.
