3832 6214
115 273 212 329 129
1348 274 1417 329 ιΝ
1456 272 1628 329 HEXA

1869 273 2159 330 RlGENlS.
3279 282 3382 336 159

110 393 248 448 enim
279 389 396 446 ﬁeri
427 398 622 461 potest,
662 400 722 447 ut
745 406 884 462 quos
922 393 1076 463 plura
1110 392 1472 450 intermisisse
1506 409 1685 450 susce—
1714 403 1762 460 Α
1790 409 1905 450 cos.
1949 393 2219 451 Caeterum
2256 397 2398 467 apud
2449 398 2694 466 Latinos,
2729 408 2856 455 autc
2897 415 3017 456 eam
3062 400 3378 456 translatio-

109 487 299 558 perint,
346 500 454 540 non
503 485 725 541 eosdem
772 487 939 541 etiam
986 487 1042 539 in
1092 487 1420 556 quibusdam
1475 502 1692 542 errasse
1795 503 1943 552 nem,
1970 503 2133 554 quam
2163 491 2266 544 sub
2298 491 2578 546 asteriscis
2601 500 2655 546 et
2685 493 2857 548 obelis
2882 509 3056 564 nuper
3084 495 3376 558 edidimus,

109 578 398 642 fateantur,
451 575 727 644 praecipue
761 574 816 628 in
855 570 1002 628 Job:
1054 573 1143 628 cui
1199 573 1245 628 si
1300 588 1365 628 ea
1410 588 1532 643 quae
1583 571 1689 627 sub
1791 581 2116 650 septingenti
2157 580 2328 636 ferme
2378 591 2473 636 aut
2505 583 2801 653 octingenti
2832 600 3023 640 versus
3054 586 3284 650 desunt;
3319 597 3376 642 ut

108 669 378 724 asteriscis
403 666 587 723 addita
619 676 748 722 sunt
775 666 1134 732 subtraxeris,
1165 680 1292 735 pars
1316 667 1556 720 maxima
1585 681 1617 716 v

1863 681 2108 729 curtatus
2150 683 2204 729 et
2234 675 2506 731 laceratus
2549 691 2926 748 corrosusque
2968 679 3125 746 liber,
3160 681 3376 736 fmdita-

106 760 324 817 luminis
351 759 792 826 detruncabitur,
821 766 877 815 et
911 758 1018 815 hoc
1060 758 1330 814 duntaxat
1356 759 1502 829 apud
1535 757 1687 814 σπι-τε-
1788 772 1896 818 tem
1937 765 2022 820 sui
2047 766 2264 835 publice
2289 768 2594 838 legentibus
2631 774 2885 839 praebeat.

1584 854 1656 908 Et
1681 856 1825 927 infra
1855 877 1874 914 :

169 953 391 1008 Memini
431 969 519 1008 me
563 953 634 1008 ob
680 951 1091 1024 intelligentiam
1146 952 1311 1022 hujus
1359 951 1681 1019 voluminis,
1791 955 1957 1012 misse
1982 959 2224 1014 nummis
2252 978 2264 1014 :
2297 959 2456 1030 cujus
2498 959 2748 1015 doctrina
2779 974 2846 1014 an
2875 960 3085 1030 aliquid
3129 958 3375 1031 profece-

105 1046 392 1118 Lyddaeum
435 1047 726 1118 quemdam
782 1055 1194 1116 praeceptorem,
1241 1045 1336 1117 qui
1392 1046 1536 1115 apud
1579 1045 1686 1101 lle-
1794 1049 1922 1113 rim,
1966 1050 2172 1106 nescio.

102 1139 274 1196 brzeos
302 1140 517 1211 primus
563 1139 754 1195 haberi
794 1140 1110 1210 putabatur,
1147 1153 1257 1193 non
1304 1139 1488 1208 parvis
1531 1139 1688 1193 rede-

1590 1259 1658 1313 Et
1691 1259 1836 1330 infra
1859 1276 1878 1314 :

165 1378 325 1446 Quod
355 1379 403 1436 si
433 1377 574 1450 apud
605 1378 844 1445 Graecos,
881 1388 1003 1448 post
1034 1377 1175 1433 LXX
1222 1377 1540 1446 editionem,
1563 1381 1677 1450 jam
1787 1379 1986 1434 bentur
2015 1380 2158 1451 apud
2195 1379 2484 1444 Ecclesias,
2521 1390 2569 1435 et
2616 1383 2976 1448 explanantur
3009 1380 3076 1434 ab
3116 1379 3370 1434 ecclesia-

98 1471 300 1528 Christi
342 1471 635 1541 Evangelio
660 1481 1004 1538 coruscante,
1036 1470 1257 1526 Judaeus
1281 1471 1496 1541 Aquila,
1527 1473 1681 1544 Sym-
1788 1473 1940 1528 sticis
1973 1473 2144 1528 viris:
2187 1484 2393 1543 quanto
2428 1473 2603 1544 magis
2642 1489 2742 1543 ego
2792 1472 3160 1535 Christianus,
3211 1478 3266 1524 et
3306 1472 3372 1526 de

99 1566 326 1620 machus
365 1575 420 1620 et
465 1563 791 1631 Theodotio,
827 1562 1178 1620 Judaizantes
1234 1565 1496 1628 limretici,
1552 1573 1681 1621 sunt
1788 1566 2102 1635 parentibus
2128 1551 2456 1621 Christianis
2492 1576 2675 1636 natus,
2712 1574 2766 1620 et
2797 1566 3051 1620 vexillum
3086 1565 3267 1620 crucis
3314 1565 3368 1617 in

98 1657 318 1728 recepti,
350 1657 446 1728 qui
479 1657 650 1712 multa
693 1657 952 1729 mysteria
987 1655 1290 1713 Salvatoris
1335 1658 1560 1713 subdola
1597 1659 1680 1713 in-
1788 1674 1908 1712 mea
1946 1657 2125 1714 fronte
2158 1666 2408 1728 portans,
2447 1659 2604 1729 cujus
2635 1659 2876 1714 studium
2909 1657 3014 1712 fuit
3050 1657 3255 1713 omissa
3293 1673 3371 1712 re-
3401 1669 3410 1679 '

95 1752 478 1822 terpretatione
522 1751 789 1817 celarunt,
822 1758 877 1805 et
927 1761 1107 1806 tamen
1158 1751 1212 1805 in
1256 1751 1547 1818 Ἑξαπλοῖς
1580 1751 1678 1806 ha-
1785 1758 1988 1820 petere,
2021 1760 2125 1806 etc.

339 1867 696 1938 Hieronymus
733 1867 1062 1939 Prcefatione
1089 1870 1141 1922 in
1172 1867 1368 1923 librum
1405 1868 1741 1924 Psalmorum
1759 1870 1925 1938 juxta
1961 1870 2280 1925 IIebraicam
2307 1873 2579 1925 veritatem
2616 1881 2744 1926 tom.
2779 1873 2825 1939 Ι,
2857 1873 2961 1927 col.
3003 1871 3132 1927 835.

163 1987 303 2056 Quia
337 1989 503 2060 igitur
540 2006 716 2061 nuper
747 2005 873 2045 cum
912 1988 1142 2046 llebrmo
1189 1990 1500 2061 disputans,
1534 2007 1681 2062 quae-
1713 2001 1756 2056 B
1787 2000 1845 2047 ιιι
1878 2001 1935 2046 ιιι
1976 1991 2045 2047 de
2092 1990 2236 2045 LXX.
2267 1990 2658 2062 lnterpretihus
2705 1991 3041 2062 opponebas,
3075 1990 3369 2047 studiosis-

95 2081 218 2136 dam
251 2096 352 2151 pro
397 2081 630 2137 Domino
672 2082 960 2138 Salvatore
1001 2082 1069 2137 de
1105 2081 1340 2138 Psalmis
1371 2085 1686 2140 testimonia
1784 2087 1923 2141 sime
1952 2083 2264 2156 pestulasti,
2310 2095 2370 2141 ut
2413 2097 2537 2155 post
2569 2085 2825 2153 Aquilam
2872 2094 2926 2140 et
2975 2084 3369 2156 Symmachum

95 2173 392 2242 protulisti,
438 2174 738 2245 volensque
780 2174 872 2230 ille
903 2182 955 2230 te
988 2174 1237 2241 illudere,
1269 2185 1363 2245 per
1401 2191 1686 2234 sermones
1784 2188 1838 2234 et
1865 2178 2290 2236 Tbeodotionem
2332 2195 2528 2235 novam
2558 2179 2853 2234 editionem
2886 2177 3082 2234 Latino
3117 2193 3369 2234 sermone
3401 2161 3408 2169 ’

96 2280 229 2335 pene
261 2267 513 2338 singulos
545 2267 826 2323 asserebat
857 2282 966 2322 non
1005 2267 1080 2323 ita
1111 2267 1301 2323 haberi
1335 2267 1388 2322 in
1435 2269 1683 2338 Hebraeo,
1783 2273 2169 2337 transferrem,
2197 2283 2306 2330 etc.

716 2430 737 2456 κ
1071 2363 1224 2419 Idem
1253 2363 1478 2434 .Prarfat.
1515 2366 1570 2420 in
1599 2366 1895 2435 Danielem,
1926 2382 2054 2424 tom.
2085 2369 2124 2433 Ι,
2151 2369 2253 2423 col.
2287 2368 2413 2423 987.

161 2453 439 2510 Danielem
484 2453 804 2527 prophetam
826 2456 985 2527 juxta
1019 2456 1163 2511 LXX
1204 2457 1550 2528 lnterpretes,
1579 2459 1681 2514 Do-
1787 2471 1870 2518 tes
1908 2461 2302 2519 Theodotionis
2338 2461 2605 2530 editione;
2632 2470 2687 2516 et
2717 2464 2819 2516 hoc
2848 2477 2946 2516 cur
2975 2459 3233 2515 acciderit
3274 2476 3368 2514 vte-

94 2549 221 2604 mini
254 2549 560 2606 Salvatoris
593 2551 768 2606 nostri
817 2551 1077 2606 Ecclesia:
1124 2567 1233 2606 nou
1267 2551 1473 2621 legunt,
1518 2560 1679 2608 utcn-
1787 2555 1922 2611 scio.

1016 2663 1168 2718 Idem
1197 2664 1420 2734 Prwfat.
1454 2667 1509 2719 in
1540 2663 1897 2734 Paralipom.,
1930 2675 2054 2718 tom.
2092 2665 2131 2732 I,
2164 2665 2265 2719 col.
2305 2665 2465 2720 l002.

1016 2702 1168 2718 ...μη
1197 2702 1217 2717 .
1246 2702 1420 2734 μιν...
1540 2702 1563 2717 ι
1589 2702 1897 2734 .......,.......,
2093 2702 2131 2732 .,
2164 2702 2265 2719 ιν..
2309 2702 2465 2720 μιν...

162 2757 218 2812 Si
250 2757 396 2812 LXX
430 2759 809 2830 lnterpretum,
842 2775 977 2831 pura
1006 2771 1060 2816 et
1088 2770 1148 2816 ut
1193 2762 1262 2816 ab
1308 2763 1388 2816 eis
1438 2762 1490 2815 in
1527 2759 1676 2816 Grae-
1782 2777 1920 2825 rem,
1957 2761 2465 2831 Constantinopolis
2515 2776 2691 2832 usque
2741 2702 3096 2816 Antiochia“
3139 2759 3365 2815 Luciani

94 2863 211 2902 curn
236 2864 400 2904 versa
423 2858 527 2916 est,
555 2851 723 2907 editio
755 2861 1118 2923 permaneret,
1152 2850 1427 2923 superflue
1453 2868 1559 2917 me,
1596 2856 1670 2907 mi
1782 2853 2044 2923 martyris
2077 2854 2408 2923 exemplaria
2445 2855 2671 2923 probat;
2709 2854 2902 2909 media:
2941 2853 3084 2907 inter
3119 2852 3217 2908 bas
3240 2867 3365 2923 pro-

91 2942 368 2998 Chromati
391 2945 769 3016 episcoporum
790 2945 1133 3002 sanctissime
1149 2956 1311 3016 atque
1331 2945 1668 3012 doctissime,
1779 2948 1970 3002 vincite
2001 2946 2317 3004 Palmstinos
2343 2948 2560 3003 codices
2599 2948 2786 3017 legunt
2814 2967 2826 3001 :
2866 2964 3008 3019 quos
3034 2948 3102 3004 ab
3134 2947 3366 3020 Origene

93 3035 418 3105 impelleres,
463 3045 524 3091 ut
565 3035 794 3092 Hebraea
846 3036 1126 3090 volumina
1170 3036 1364 3090 Latino
1413 3051 1666 3090 sermone
1775 3041 2081 3095 elaboratas
2114 3039 2382 3096 Eusebius
2414 3051 2467 3096 et
2498 3039 2816 3111 Pamphilus
2845 3042 3241 3111 vulgaverunt:
3279 3051 3364 3096 to-

93 3128 464 3186 transferrem.
504 3127 661 3196 Quod
686 3129 832 3184 enim
857 3130 1025 3185 semel
1053 3144 1215 3184 aures
1247 3127 1531 3182 hominum
1573 3143 1668 3182 oc-
1774 3143 1974 3204 tusque
2001 3134 2153 3188 orbis
2179 3133 2282 3188 hac
2321 3133 2462 3188 inter
2503 3149 2562 3188 se
2595 3133 2871 3188 contraria
2898 3133 3161 3188 varietate
3206 3148 3352 3188 com-

90 3231 404 3292 cupaverat,
432 3231 486 3276 et
515 3222 788 3277 nascentis
814 3221 1070 3277 Ecclesire
1095 3222 1452 3277 roboraverat
1480 3220 1665 3288 ﬁdem,
1772 3235 1996 3298 pugnat.
2022 3223 2088 3279 Et
2115 3233 2260 3280 certe
2291 3224 2552 3295 Origenes
2587 3226 2664 3294 (α)
2708 3239 2811 3279 non
2853 3224 3030 3279 solum
3079 3224 3358 3292 exempla-

87 3314 289 3384 justum
315 3324 437 3370 erat
465 3317 626 3370 etiam
655 3324 844 3370 nostro
871 3315 1090 3371 silentio
1117 3313 1487 3386 comprobari.
1511 3311 1669 3368 Nunc
1771 3319 1852 3372 ria
1882 3317 2192 3388 composuit
2215 3325 2454 3388 quatuor
2487 3317 2809 3383 editionum,
2838 3331 2868 3371 e
2894 3316 3116 3386 regione
3143 3317 3360 3387 singula

90 3424 213 3464 vero
240 3425 370 3464 cum
408 3424 666 3480 germana
718 3408 808 3464 illa
853 3409 1186 3479 antiquaque
1229 3408 1514 3463 translatio
1545 3421 1668 3461 cor-
1772 3411 1935 3466 verba
1971 3410 2310 3476 describens,
2345 3417 2405 3464 ut
2431 3425 2576 3464 unus
2609 3409 2960 3472 dissentiens,
2990 3409 3173 3463 statim
3202 3419 3363 3463 caate-

89 3511 239 3572 rupta
270 3502 367 3567 sit,
411 3511 575 3571 atque
601 3501 825 3566 violata,
858 3503 1027 3556 nostri
1061 3500 1270 3555 arbitrii
1299 3507 1481 3570 putas,
1511 3508 1606 3553 aut
1635 3514 1665 3554 e
1772 3497 1848 3552 ris
1878 3497 2018 3551 inter
2050 3513 2110 3553 se
2133 3496 2924 3567 consentientibusarguatur;
2955 3498 3049 3552 sed
3080 3498 3228 3567 quod
3253 3514 3364 3552 ma-

87 3596 330 3665 pluribus
357 3595 606 3666 judicare
631 3594 763 3665 quid
792 3611 983 3650 verum
1017 3595 1108 3656 sit,
1149 3604 1245 3648 aut
1279 3608 1481 3648 novum
1530 3606 1670 3662 opus
1697 3587 1740 3647 C
1769 3589 1910 3660 joris
1959 3590 2201 3645 audacia:
2243 3599 2347 3656 est,
2381 3590 2436 3644 in
2488 3590 2725 3644 editione
2778 3588 2921 3643 LXX
2969 3589 3361 3648 Theodotionis

87 3687 140 3741 in
169 3688 341 3743 veteri
369 3701 536 3756 opere
562 3685 791 3751 cudere;
816 3685 1276 3757 illudentibusque
1305 3683 1527 3749 Judzeis,
1555 3698 1673 3738 cor-
1773 3683 2066 3738 editionem
2103 3683 2344 3748 miscuit,
2375 3683 2657 3738 asteriscis
2689 3683 2983 3754 designans
3018 3699 3140 3753 quae
3174 3686 3360 3740 minus

86 3782 287 3845 nicum,
329 3790 395 3835 ut
421 3780 642 3845 dicitur,
675 3780 865 3835 oculos
909 3780 1198 3848 conligere.
1244 3777 1574 3833 Alexandria
1607 3788 1662 3832 et
1772 3785 1899 3830 ante
1937 3775 2175 3844 fuerant,
2205 3784 2261 3831 et
2289 3776 2516 3845 virgulis
2547 3790 2669 3846 quae
2696 3791 2762 3830 ex
2793 3775 3069 3846 superﬂuo
3100 3777 3356 3833 videban-

86 3873 356 3947 Egyptus
402 3874 458 3929 in
505 3872 646 3928 LXX
697 3875 814 3930 suis
868 3874 1199 3947 Hesychium
1239 3873 1444 3938 laudat,
1479 3881 1670 3926 aucto—
1773 3877 1864 3924 tur
1897 3869 2168 3939 apposita.

969 3993 1281 4063 Hieronymi
1313 3990 1543 4059 Prtefat.
1575 3989 1630 4042 in
1670 3987 1890 4052 Ezram,
1924 3998 2051 4042 tom.
2090 3987 2130 4053 Ι,
2159 3987 2261 4044 col.
2296 3985 2453 4040 1107.

148 4089 320 4146 Porro
371 4090 517 4146 aliud
555 4099 641 4146 est
693 4089 741 4147 si
789 4090 1011 4155 clausis,
1057 4089 1203 4159 quod
1245 4087 1454 4152 dicunt,
1491 4083 1667 4141 oculis
1769 4081 1986 4138 Iudaeos
2019 4095 2073 4137 et
2101 4082 2383 4138 Ebionitas
2423 4082 2558 4153 legis
2584 4081 2782 4137 veteris
2814 4081 3156 4152 interpretes,
3186 4086 3357 4156 Aqui-

82 4185 214 4238 mihi
250 4185 452 4240 volunt
499 4185 842 4249 maledicere,
873 4192 928 4238 et
961 4198 1070 4237 non
1115 4180 1401 4234 imitantur
1447 4180 1666 4236 (ἐι-προ.
1770 4175 1880 4230 lam
1917 4175 2186 4239 videlicet,
2216 4183 2270 4228 et
2293 4172 2706 4244 Symmachum,
2740 4181 2794 4226 ct
2823 4172 3275 4239 Tbeodotionem,
3302 4187 3357 4230 et

83 4295 200 4334 rum
262 4281 508 4335 studium
564 4295 628 4335 ac
683 4277 1138 4341 benevolentiam,
1193 4274 1288 4345 qui
1344 4281 1469 4344 post
1517 4272 1660 4327 LXX
1765 4267 1983 4320 curiose
2022 4266 2230 4334 legunt,
2261 4273 2317 4320 et
2362 4279 2456 4332 per
2492 4262 2744 4334 Origenis
2784 4264 3031 4320 laborem
3083 4266 3136 4319 in
3195 4265 3353 4332 Ἐξα-

85 4371 488 4435 Translatores,
540 4372 655 4442 jam
709 4369 914 4426 Christi
962 4367 1253 4438 Evangelio
1312 4373 1660 4433 coruscante,
1767 4358 1921 4422 πλοῖς
1945 4357 2206 4414 Ecclesiis
2239 4356 2585 4412 dedicarunt.

861 4483 1009 4538 Idem
1046 4481 1274 4552 Prwfat.
1304 4483 1360 4535 in
1405 4481 1602 4535 librant
1635 4477 1995 4541 Psalmorxm,
2029 4486 2155 4529 tom.
2190 4474 2232 4538 l,
2258 4475 2358 4528 col.
2398 4473 2556 4527 1222.

150 4579 310 4636 Notet
336 4581 443 4637 sibi
485 4579 867 4650 unusquisque
907 4578 991 4632 vel
1015 4578 1285 4648 jaceutem
1321 4575 1544 4638 lineam,
1575 4572 1658 4628 vel
1769 4570 1833 4624 lae
1869 4571 1935 4637 >⁴<
1985 4566 2398 4622 similitudinem
2451 4565 2810 4634 perspexerit,
2853 4566 2923 4656 de
2971 4565 3210 4622 llebmis
3257 4584 3348 4623 vo-

85 4673 234 4744 signa
264 4673 561 4735 radiantia,
593 4672 648 4726 id
676 4681 760 4727 est
787 4669 975 4725 obelos
1013 4682 1076 4724 σε·
1105 4668 1189 4722 vel
1229 4667 1524 4722 asteriscos
1557 4668 1656 4733 X;
1769 4660 2066 4716 luminibus
2110 4658 2354 4712 additum
2406 4657 2638 4719 noverit,
2691 4666 2858 4726 atque
2913 4673 3086 4727 usque
3132 4659 3196 4712 ad
3245 4659 3354 4713 duo

82 4773 134 4820 et
169 4765 483 4834 ubicunque
533 4761 731 4817 viderit
759 4759 1025 4832 virgulam
1050 4756 1445 4837 praecedentem
1482 4769 1545 4811 σε·
1592 4755 1660 4809 ab
1766 4762 1988 4824 puncta,
2011 4752 2166 4821 juxta
2199 4749 2591 4806 Theodotionis
2622 4750 2886 4805 duntaxat
2913 4749 3227 4818 editionem,
3258 4753 3350 4822 qi"

81 4877 142 4915 ea
179 4875 362 4931 usque
387 4859 453 4914 ad
499 4858 609 4912 duo
643 4862 846 4927 puncta
877 4855 899 4922 ζ
931 4866 1054 4922 qua:
1088 4849 1493 4920 impressimus,
1526 4848 1660 4902 sciat
1770 4845 2132 4915 simplicitate
2177 4843 2449 4900 sermonis
2509 4858 2540 4896 a
2599 4841 2742 4896 LXX
2793 4842 3187 4912 lnterpretibus
3240 4859 3351 4898 non

82 4955 135 5007 in
157 4951 301 5008 LXX
329 4949 778 5007 Translatoribus
803 4947 926 5019 plus
953 4943 1163 5001 haberi.
1189 4942 1293 4999 Ubi
1324 4953 1504 5000 autem
1539 4941 1662 4998 stel-
1768 4937 2066 4995 discordat.

469 5067 618 5123 Idem
645 5067 872 5136 Prtefat.
909 5066 966 5119 in
996 5063 1191 5118 librum
1226 5062 1676 5131 Paralipomenon
1698 5058 1860 5129 juxta
1889 5054 2030 5110 LXX
2059 5053 2400 5125 lnterpretes,
2439 5061 2564 5106 tum.
2596 5052 2640 5117 l,
2673 5050 2774 5104 col.
2809 5050 2969 5104 1418.

147 5167 397 5238 Denique
427 5181 550 5221 cum
580 5164 778 5220 litteris
813 5178 843 5217 a
879 5177 964 5217 me
997 5175 1170 5230 nuper
1197 5158 1568 5229 ﬂagitassetis,
1595 5164 1657 5211 ut
1688 5160 1732 5214 Ι)
1763 5155 1904 5224 apud
1935 5151 2192 5208 Hebraeos
2218 5149 2567 5205 admirationi
2603 5149 2930 5214 habebatur,
2967 5146 3262 5216 assumpsi.
3298 5159 3352 5202 et

83 5264 234 5318 vobis
294 5259 746 5329 Paralipomenon
807 5255 1004 5310 Latino
1054 5267 1320 5326 sermone
1383 5248 1654 5304 transfer-
1762 5251 1967 5307 contuli
1993 5266 2116 5305 cum
2140 5265 2205 5305 eo
2245 5264 2275 5302 a
2321 5247 2543 5306 vertice,
2577 5255 2637 5300 ut
2666 5245 2841 5311 aiunt,
2875 5259 3047 5314 usque
3079 5243 3146 5297 ad
3172 5257 3352 5297 extre-

82 5370 217 5421 rem,
265 5355 336 5410 de.
378 5351 667 5407 Tiberiade
715 5349 852 5420 legis
890 5345 1183 5419 quemdam
1228 5345 1526 5408 doctorem,
1558 5341 1654 5413 qui
1763 5360 1913 5399 mum
1951 5358 2210 5414 unguem.

1476 5459 1619 5515 Ibid.
1648 5459 1751 5515 col.
1785 5460 1942 5516 1419.

149 5561 480 5636 libicunque
507 5578 638 5636 ergo
681 5561 996 5625 asteriscos,
1025 5559 1080 5614 id
1111 5567 1195 5614 est
1239 5556 1423 5613 stellas
1451 5558 1540 5622 >4,
1571 5570 1658 5609 ra-
1767 5557 1928 5612 brueis
1963 5556 2233 5621 additum,
2270 5552 2417 5623 quod
2451 5552 2503 5604 in
2549 5548 2759 5603 Latinis
2791 5544 3073 5602 codicibus
3103 5559 3210 5598 non
3244 5541 3347 5598 ba-

85 5659 232 5715 diare
263 5661 320 5714 in
355 5660 460 5715 hoc
491 5658 768 5714 volumine
799 5655 1066 5719 videritis,
1113 5652 1186 5708 ibi
1239 5650 1428 5706 sciatis
1464 5648 1532 5703 de
1559 5645 1651 5702 He
1767 5648 1943 5704 betur.
1984 5647 2085 5704 Ubi
2115 5664 2244 5704 vero
2278 5645 2490 5712 obelus,
2519 5654 2828 5697 transversa
2863 5639 3069 5695 scilicet
3101 5637 3254 5707 virga
3277 5645 3347 5692 οὐ

151 5786 227 5852 (α)
267 5785 382 5842 Hoc
411 5787 590 5855 ipsum
620 5783 814 5855 repetit
843 5781 882 5836 l.
914 5796 950 5837 ιι
991 5788 1176 5834 contra
1204 5775 1356 5846 Ruﬁ,
1390 5772 1498 5830 col.
1526 5771 1652 5827 4‘25.
1681 5817 1688 5822 .
