3832 6214
470 314 566 369 151
1826 308 2346 366 ΡΒ.ΕΙ.ΙΜΙΝΑΒῙΔ

3640 312 3742 368 IS!

466 427 757 501 praeposita
787 436 891 494 est,
930 429 1038 483 illic
1067 429 1317 500 signatur
1376 427 1521 497 quid'
1547 425 1687 482 LXX
1728 427 2054 498 lnlerpretes
2085 436 2129 489 Α
2159 427 2335 483 sancti
2370 427 2772 493 auctoritatem,
2818 427 2944 483 licet
2983 428 3039 483 in
3089 429 3333 491 Hebrteis
3368 430 3743 487 voluminibus

469 521 779 576 addiderint
814 522 896 576 vel
930 521 1002 575 ob
1046 521 1261 576 decoris
1289 522 1541 591 gratiam,
1572 520 1655 574 vel
1698 520 1769 574 ob
1813 519 2051 584 Spiritus

2158 537 2268 576 non
2296 522 2533 593 legatur.

1262 639 1486 696 Hieron.
1517 640 1745 711 Prwfat.
1774 642 1827 695 in
1861 642 2026 696 libros
2060 641 2383 709 Salomonis,
2417 653 2544 699 tom.
2575 644 2617 712 Ι,
2650 646 2754 701 col.
2788 645 2946 702 1419.

539 761 672 818 Tres
705 764 875 818 libros
915 762 1249 829 Salomonis,
1306 763 1356 817 id
1400 772 1483 817 est
1520 761 1834 829 Proverbia,
1870 762 2050 819 Eccle-

467 856 692 923 siasten,
737 856 1023 911 Canticum
1077 859 1439 919 canticorum,
1475 858 1640 912 veteri
1684 856 1827 911 LXX
1880 856 2053 913 Inter-

467 959 676 1017 prelum
724 950 1033 1004 auctoritati
1081 950 1326 1016 reddidi;
1385 950 1469 1004 vel
1518 951 1841 1020 antepositis
1892 951 2051 1007 lineis

468 1057 525 1097 -ι-
578 1043 850 1113 superflua
885 1060 1116 1116 quaeque
1159 1045 1486 1113 designans;
1536 1045 1620 1099 vel
1670 1046 1842 1100 stellis
1874 1051 1942 1114 >ξ<
1986 1046 2054 1100 ti-

2155 767 2272 823 tulo
2318 768 2654 837 praenotatis,
2684 783 2748 823 ea
2793 783 2913 839 quae
2957 769 3140 827 minus
3191 769 3535 825 habebantur
3579 769 3749 825 inter-

2160 877 2388 916 serens:
2422 877 2531 930 quo
2569 862 2804 931 plenius,
2854 878 2888 916 ο
2928 860 3098 917 Paula
3139 872 3193 917 et
3239 862 3748 925 Eustochium,co-

2160 954 2439 1023 gnoscatis
2465 955 2596 1024 quid
2637 956 2693 1009 in
2728 954 2885 1010 libris
2921 956 3127 1010 nostris
3154 956 3338 1012 minus
3364 956 3461 1022 sit,
3491 955 3628 1026 quid
3656 969 3745 1009 re-

2159 1046 2385 1102 dundct.

1234 1138 1387 1194 Idem
1420 1139 1649 1210 Prcefat.
1680 1142 1735 1194 in
1767 1153 1997 1211 quatuor
2025 1141 2336 1213 Evangelia,
2372 1152 2498 1197 tom.
2534 1142 2592 1208 l,
2624 1145 2726 1198 col.
2758 1144 2916 1198 “26.

541 1230 658 1288 Non
702 1250 891 1305 quaero
928 1236 1060 1307 quid
1108 1236 1326 1307 Aquila,
1368 1238 1498 1308 quid
1546 1236 1910 1309 Symmachus
1955 1254 2047 1295 sa-

467 1325 640 1396 piant,
673 1343 844 1398 quare
869 1328 1211 1385 Theodotion
1242 1331 1382 1384 inter
1411 1346 1580 1385 novos
1605 1339 1657 1384 et
1699 1341 1913 1386 veteres
1940 1347 2055 1386 me—

2156 1240 2281 1295 dius
2306 1241 2539 1295 incedat.
2575 1239 2659 1294 Sit
2686 1241 2777 1295 illa
2804 1255 2933 1295 vera
2960 1239 3359 1310 interpretatio,
3387 1255 3554 1315 quam
3582 1241 3746 1312 ξιμο-

2161 1333 2283 1387 stoli
2324 1332 2709 1402 probaverunt.

1138 1424 1289 1480 Idem
1316 1426 1549 1497 Prtefat.
1581 1428 1639 1481 in
1668 1427 1864 1481 librum
1896 1427 2150 1483 Hebraic.
2181 1428 2410 1495 Quaest,
2443 1440 2569 1484 tom.
2610 1427 2673 1497 ΙΙ,
2703 1431 2803 1486 col.
2848 1430 2973 1486 505.

533 1511 721 1584 Neque
763 1531 891 1572 vero
920 1515 1063 1571 LXX
1097 1516 1478 1586 lnterpretum,
1509 1528 1570 1573 ut
1609 1519 1777 1574 invidi
1818 1520 2043 1587 latrant,
2078 1531 2120 1584 Β
2151 1522 2203 1575 in
2239 1523 2446 1578 nostris
2494 1521 2778 1578 codicibus
2831 1539 2941 1578 non
2985 1522 3275 1579 habentur.
3314 1522 3489 1595 Super
3534 1524 3750 1594 quibus

465 1625 683 1667 errores
734 1614 1021 1684 arguimus
1058 1634 1070 1667 :
1118 1630 1219 1669 nec
1261 1624 1512 1670 nostrum
1554 1615 1796 1669 laborem
1828 1614 2045 1667 illorum

465 1705 951 1773 reprehensionem
998 1717 1278 1776 putamus,
1309 1723 1433 1764 cum
1473 1707 1551 1761 illi
1597 1707 1895 1763 Ptolemzeo
1934 1707 2047 1777 regi

464 1794 826 1864 Alexandriae,
860 1799 1091 1871 mystica
1131 1815 1362 1870 qureque
1406 1801 1459 1853 in
1504 1798 1800 1869 Scripturis
1847 1799 2050 1854 sanctis

465 1888 697 1957 prodere
746 1890 1066 1944 noluerint:
1100 1900 1155 1945 et
1198 1892 1437 1945 maxime
1464 1906 1526 1945 ea
1558 1906 1679 1960 qua:
1713 1889 1918 1946 Christi
1953 1890 2049 1945 ad-

464 1988 685 2034 ventum
712 1981 1129 2050 pollicebantur,
1164 1997 1232 2036 ne
1276 1982 1593 2037 viderentur
1621 1981 1794 2037 Judaei
1829 1991 1883 2037 et
1913 1982 2050 2036 alte-

461 2084 588 2130 rum
619 2071 787 2127 Deum
821 2074 998 2129 colere
1026 2091 1041 2126 :
1072 2090 1211 2144 quos
1237 2074 1326 2130 ille
1367 2073 1610 2130 Platonis
1638 2085 1895 2141 sectator,
1927 2090 2047 2129 ma»

467 2165 558 2235 gni
594 2166 800 2221 idcirco
845 2166 1096 2232 faciebat,
1136 2168 1265 2237 quia
1316 2183 1486 2221 unum
1537 2166 1707 2222 Deum
1759 2168 1935 2223 colere
1968 2165 2053 2221 di-

463 2268 738 2315 cerentur.
772 2260 876 2314 Sed
930 2269 983 2315 et
1015 2261 1386 2331 evangelista},
1430 2270 1485 2315 et
1524 2260 1789 2316 Dominus
1835 2275 2052 2330 quoque

465 2357 654 2404 noster
682 2359 846 2419 atque
881 2349 1152 2416 Salvator,
1194 2366 1404 2405 necnon
1437 2360 1491 2405 et
1519 2349 1719 2405 Paulus
1746 2351 2049 2419 apostolus,

465 2439 634 2495 multa
663 2441 818 2511 quasi
865 2441 931 2496 de
969 2440 1147 2497 Veteri
1198 2439 1548 2498 Ttstamento
1580 2438 1879 2509 proferunt,
1932 2455 2053 2509 quae

2154 1614 2209 1669 in
2255 1616 2370 1670 suis
2411 1615 2547 1671 locis
2590 1616 2803 1685 plenius
2848 1616 3204 1672 disseremus.
3238 1614 3318 1670 Ex
3369 1632 3478 1686 quo
3521 1617 3747 1687 perspi-

2151 1721 2313 1760 cuum
2364 1716 2468 1773 est,
2506 1707 2598 1761 illa
2650 1709 2823 1777 magis
2868 1725 2995 1763 vera
3041 1724 3164 1764 esse
3209 1708 3563 1779 exemplaria,
3617 1723 3752 1776 qua

2152 1815 2275 1855 cum
2314 1799 2452 1856 Novi
2493 1800 2829 1858 Testamenti
2863 1803 3189 1857 auctoritate
3234 1803 3593 1859 concordant.
3630 1802 3749 1857 Ac-

2153 1893 2294 1946 cedit
2340 1893 2410 1946 ad
2450 1892 2553 1947 hoc
2583 1908 2803 1963 quoque
2837 1894 2981 1963 quod
3010 1892 3304 1964 Iosephus,
3349 1893 3443 1963 qui
3476 1890 3625 1946 LXX
3655 1892 3754 1947 ln-

2156 1992 2453 2053 terpretum
2488 1986 2642 2054 ponit
2692 1985 3001 2051 historiam,
3030 1986 3276 2056 quinque
3308 1995 3519 2040 tantum
3555 1985 3631 2038 ab
3659 1986 3751 2039 eis

2152 2069 2323 2126 libros
2366 2070 2537 2143 Moysi
2582 2075 2875 2129 translatos
2920 2073 3131 2130 refert:
3176 2091 3317 2146 quos
3369 2091 3473 2131 nos
3515 2091 3753 2146 quoque

2153 2160 2478 2215 confitemur
2510 2163 2633 2227 plus
2659 2179 2824 2233 quam
2858 2174 3086 2221 caeteros
3124 2181 3251 2221 cum
3280 2164 3565 2221 Hebraicis
3607 2181 3753 2221 eon-

2155 2267 2374 2307 sonare.
2429 2251 2533 2308 Sed
2577 2265 2631 2309 et
2674 2255 2711 2308 ii
2757 2255 2850 2325 qui
2896 2265 3085 2325 postea
3132 2257 3456 2326 interpretes
3506 2258 3745 2311 exstite-

2155 2353 2304 2409 runt,
2338 2345 2591 2415 Aquilam
2618 2347 2835 2417 loquor,
2863 2357 2917 2404 et
2960 2348 3370 2422 Symmachum,
3402 2358 3454 2404 et
3482 2347 3751 2404 Theodo-

2154 2440 2383 2507 tionem,
2416 2442 2574 2514 longe
2602 2442 2759 2498 aliter
2789 2442 2988 2499 habent
3013 2458 3178 2514 quam
3208 2447 3315 2500 nos
3338 2444 3599 2514 legimus.

1600 2555 1743 2610 Ibid.
1775 2556 1876 2611 col.
1907 2556 2033 2624 542,
2062 2558 2131 2611 ad
2152 2557 2285 2613 Cen.
2321 2578 2409 2625 xc,
2444 2578 2492 2616 υ.
2527 2562 2614 2617 16.

537 2650 898 2722 Symmachus
924 2664 1074 2704 more
1100 2663 1203 2704 suo
1232 2649 1471 2720 apertius
1502 2649 1800 2705 transtulit.

1458 2740 1526 2795 In
1556 2740 1730 2811 Epist.
1758 2744 1826 2796 ad
1860 2741 2176 2809 Damasum,
2214 2754 2340 2798 tom.
2372 2742 2415 2797 ll
2439 2787 2452 2808 ,
2483 2744 2584 2799 col.
2613 2745 2735 2799 567.

540 2837 737 2909 Aquila
771 2852 1007 2907 namque
1028 2837 1122 2907 qui
1153 2851 1261 2892 non
1290 2838 1705 2902 contentiosius,
1737 2847 1796 2892 ttt
1829 2839 2048 2908 quidam
2090 2849 2299 2909 putant,
2331 2842 2424 2895 sed
2451 2838 2749 2898 studiosius
2776 2843 3003 2899 verbum
3034 2843 3421 2915 interpretatur
3446 2845 3517 2900 ad
3542 2857 3676 2901 vero

467 2936 621 2992 bum.

1968 3023 2034 3079 Et
2062 3026 2205 3096 infra
2230 3040 2247 3077 :

538 3122 789 3192 Aquilam
836 3135 965 3176 vero
1014 3128 1075 3176 ut
1120 3120 1175 3174 in
1213 3120 1446 3188 caeteris,
1478 3129 1532 3177 et
1565 3121 1618 3175 in
1662 3122 1769 3177 hoc
1810 3122 2046 3177 maxime
2084 3123 2202 3177 loco
2227 3123 2446 3192 proprie
2478 3121 2823 3176 transtulisse
2851 3121 3032 3176 omnis
3055 3119 3242 3177 Judaea
3268 3121 3606 3177 conclamat.

1481 3215 1655 3287 Epist.
1689 3217 1757 3271 ad
1784 3216 2129 3287 Evangelum,
2164 3221 2265 3274 col.
2293 3219 2420 3282 574,
2456 3227 2584 3272 tom.
2615 3216 2678 3271 ll.

539 3307 648 3364 Nec
681 3308 869 3373 refert,
916 3317 1100 3364 utrum
1139 3307 1329 3365 ‘Salem
1373 3326 1442 3365 an
1495 3309 1664 3365 Salim
1719 3311 2052 3377 nominetur,
2081 3320 2124 3376 c
2159 3329 2312 3379 num,
2342 3314 2531 3369 eadem
2564 3311 2729 3367 verba
2754 3312 2986 3367 diversis
3026 3310 3177 3367 sonis
3222 3320 3385 3382 atque
3414 3312 3752 3369 accentibus

466 3419 592 3458 cum
619 3403 903 3457 vocalibus
924 3402 980 3456 in
1012 3402 1194 3458 medio
1226 3403 1419 3459 litteris
1446 3419 1670 3474 perraro
1697 3412 1919 3458 utantur
1944 3402 2049 3458 He-

466 3496 618 3561 braei,
642 3505 695 3550 et
721 3511 818 3567 pro
852 3496 1133 3552 voluntate
1162 3497 1451 3564 lectorum,
1482 3512 1548 3552 ae
1578 3497 1845 3554 varietate
1869 3497 2049 3567 regio-

2155 3405 2522 3478 proferantur.

1341 3592 1590 3664 Epistola
1623 3594 1692 3647 ad
1735 3592 1960 3649 Sunium
1994 3604 2043 3647 et
2078 3591 2368 3655 Fretelam,
2405 3600 2534 3644 tom.
2562 3587 2625 3654 ll,
2653 3605 2706 3658 p.
2744 3588 2869 3643 627.

535 3693 595 3746 In
626 3707 737 3762 quo
780 3692 911 3747 illud
946 3690 1182 3747 breviter
1225 3691 1533 3757 admoneo,
1565 3701 1627 3747 ut
1662 3691 1847 3747 sciatis
1881 3691 2045 3745 aliam

463 3798 587 3839 esse
634 3784 926 3839 editionem
983 3799 1147 3855 quam
1213 3785 1518 3856 Origenes,
1585 3791 1639 3839 et
1692 3781 2046 3838 Cazsariensis

463 3874 768 3941 Eusebius,
802 3891 1106 3947 omnesque
1138 3876 1361 3932 Graeciae
1391 3886 1716 3933 tractatores
1752 3876 1959 3946 κοινήν,
1994 3875 2046 3930 id

463 3980 549 4025 est
573 3984 900 4023 communem
919 4010 933 4035 ,
965 3971 1241 4039 appellant
1265 3978 1431 4040 atque
1457 3970 1727 4040 vulgatam
1748 4011 1763 4034 ,
1790 3978 1845 4023 et
1874 3984 1903 4021 a
1932 3968 2047 4038 ple-

462 4062 650 4132 risque
684 4078 829 4117 nunc
858 4063 1164 4126 Λουκιανός
1214 4062 1453 4125 dicitur;
1488 4062 1650 4117 aliam
1702 4059 1845 4114 LXX
1872 4061 2044 4117 Inter—

461 4168 708 4226 pretum,
742 4170 865 4225 quae
896 4167 950 4210 et
986 4155 1040 4209 in
1101 4155 1386 4222 Ἐξαπλοῖς
1430 4154 1713 4211 codicibus
1758 4153 2046 4223 reperitur,

462 4258 513 4303 et
544 4265 575 4302 a
614 4249 774 4304 nobis
805 4249 859 4302 in
884 4247 1138 4303 Latinum
1171 4264 1480 4304 sermonem
1504 4247 1737 4302 fideliter
1758 4262 1917 4301 versa
1941 4254 2044 4310 est,

464 4349 519 4395 et
539 4339 893 4413 Jerosolyma:
934 4352 1099 4411 atque
1125 4342 1178 4396 in
1206 4339 1447 4397 Orientis
1483 4339 1743 4396 Ecclesiis
1786 4339 2047 4394 decanta-

460 4443 664 4489 tur.....
698 4436 869 4504 Κοινὴ
898 4443 1078 4491 autem
1110 4434 1238 4501 ista,
1272 4434 1377 4490 hoc
1407 4445 1492 4489 est
1516 4431 1826 4489 communis
1851 4430 2041 4497 editio,

2153 3690 2271 3759 ipsa
2299 3696 2383 3743 est
2413 3702 2537 3757 qua:
2562 3695 2617 3740 et
2646 3684 2811 3742 LXX.
2856 3683 2961 3740 Sed
2986 3684 3092 3739 hoc
3118 3684 3343 3741 interest
3370 3685 3511 3739 inter
3533 3693 3757 3740 utram-

2154 3798 2281 3851 que,
2315 3781 2463 3850 quod
2494 3779 2648 3851 κοινή
2675 3794 2775 3849 pro
2805 3779 2940 3837 locis
2973 3786 3029 3833 et
3047 3778 3403 3848 temporibus,
3426 3787 3481 3832 et
3502 3792 3613 3847 pro
3640 3794 3755 3831 vo-

2153 3870 2362 3925 luntate
2417 3870 2782 3939 scriptorum,
2817 3879 2974 3924 vetus
3018 3876 3276 3938 corrupta
3317 3868 3485 3923 editio
3515 3878 3642 3934 est;
3685 3884 3755 3926 ea

2154 3970 2335 4018 autem
2365 3977 2487 4032 quae
2515 3962 2748 4017 habetur
2773 3961 2829 4016 in
2865 3960 3170 4026 Ἐξαπλοῖς,
3200 3969 3255 4016 et
3281 3975 3445 4031 quam
3476 3975 3586 4016 nos
3616 3977 3757 4017 ver-

2154 4056 2343 4119 timus,
2369 4055 2485 4125 ipsa
2511 4063 2596 4109 est
2624 4070 2746 4125 quae
2776 4054 2831 4109 in
2853 4054 3196 4110 eruditorum
3225 4054 3383 4109 libris
3411 4053 3757 4126 incorrupta

2153 4159 2207 4204 et
2230 4148 2582 4203 immaculata
2611 4146 2752 4201 LXX
2778 4138 3140 4218 Interpretum
3173 4145 3457 4201 translatio
3490 4161 3762 4205 reserva-

2153 4249 2262 4296 tur.
2316 4239 2593 4311 Quidquid
2643 4254 2775 4311 ergo
2821 4240 2890 4295 ab
2933 4242 3037 4295 hac
3083 4239 3395 4309 discrepat,
3445 4238 3587 4293 nulli
3637 4240 3760 4294 du-

2152 4334 2301 4390 bium
2333 4343 2419 4389 est
2449 4334 2579 4405 quin
2608 4333 2678 4389 ita
2710 4344 2763 4391 et
2788 4334 2856 4389 ab
2883 4332 3232 4390 Hebraeorum
3268 4332 3601 4387 auctoritate
3622 4332 3754 4389 dis-

2151 4427 2358 4484 cordet.
3154 4420 3161 4429 ’

1363 4545 1584 4603 Hieron.
1615 4548 1778 4618 epist.
1806 4547 1876 4601 ad
1903 4543 2262 4607 Marcellam,
2299 4552 2429 4597 tom.
2459 4541 2527 4609 ll,
2559 4542 2660 4597 col.
2696 4542 2820 4597 707.

532 4641 752 4711 Aquila,
787 4640 881 4710 qui
931 4640 1223 4695 verborum
1273 4637 1626 4695 Hebrmorum
1677 4637 2134 4708 diligentissimus
2165 4634 2463 4705 explicator
2496 4643 2596 4688 est.

1378 4732 1601 4791 Hieron.
1634 4737 1791 4805 epist.
1822 4736 1891 4790 ad
1923 4733 2237 4789 Marcellum
2266 4744 2394 4788 tom.
2424 4732 2488 4798 ll,
2523 4733 2624 4787 col.
2660 4734 2782 4788 711.

532 4828 914 4896 Thcodotion,
972 4831 1068 4901 qui
1122 4831 1176 4885 in
1226 4830 1438 4887 caeteris
1501 4846 1627 4885 cum
1664 4830 2020 4902 Septuaginta
2060 4828 2511 4884 Translatoribus
2544 4827 2693 4884 facit.

1272 4925 1494 4981 Hieron.
1529 4929 1818 4982 Comment.
1844 4929 1900 4980 in
1937 4926 2316 4990 Ecclesiasten,
2351 4934 2479 4978 tom.
2512 4923 2576 4988 ll,
2613 4924 2715 4979 col.
2750 4924 2870 4980 740.
2906 4908 2917 4919 ’

534 5022 795 5079 Hebraeus
829 5037 984 5078 meus
1007 5023 1167 5094 cujus
1190 5038 1333 5094 saepe
1362 5023 1506 5079 facio
1541 5023 1899 5090 mentionem,
1918 5037 2043 5079 cum
2078 5018 2444 5079 Ecclesiasten
2476 5037 2693 5077 mecum
2719 5022 2942 5092 legeret,
2981 5020 3095 5077 haec
3115 5020 3459 5093 Baracibam,
3487 5037 3673 5093 quem

456 5137 631 5177 unum
657 5121 740 5175 vel
764 5120 1004 5176 maxime
1038 5120 1382 5176 admirantur
1408 5119 1506 5191 (a).

980 5211 1211 5265 Hieron.
1246 5208 1577 5280 Prwfatione
1608 5211 1663 5264 in
1693 5208 1960 5263 Homilias
1999 5207 2244 5279 Origetu's
2272 5205 2331 5262 in
2365 5202 2673 5267 Canticum,
2706 5212 2833 5255 tam.
2860 5198 2929 5267 ll,
2961 5200 3065 5254 col.
3100 5198 3191 5254 87.

527 5308 795 5381 Origenes
828 5324 953 5364 cum
984 5308 1039 5362 in
1077 5306 1292 5363 caeteris
1317 5307 1473 5362 libris
1499 5321 1693 5361 omnes
1725 5305 1955 5372 vicerit,
1985 5305 2040 5359 in

455 5401 682 5457 Cantica
725 5402 1065 5457 canticorum
1100 5401 1217 5471 ipse
1247 5417 1307 5457 se
1346 5401 1496 5457 vicit.
1552 5398 1689 5455 Nam
1725 5399 1911 5453 decem
1945 5414 2043 5453 vo-

456 5494 761 5550 luminibus
787 5494 1081 5564 explicitis,
1113 5509 1236 5564 quaa
1272 5494 1339 5549 ad
1363 5493 1554 5563 viginti
1583 5506 1758 5561 usque
1783 5506 2041 5546 versuum

458 5585 634 5642 millia
663 5600 798 5656 pene
823 5586 1149 5656 perveniunt
1174 5604 1188 5652 ;
1226 5586 1462 5656 primum
1500 5583 1645 5639 LXX
1674 5583 2041 5655 interpretes;

2145 5304 2340 5359 deinde
2368 5299 2621 5371 Aquilam
2668 5307 2721 5353 et
2765 5296 3154 5366 Symmachum
3192 5301 3242 5350 et
3269 5292 3753 5364 Theodotionem,

2145 5405 2199 5450 et
2230 5395 2297 5450 ad
2327 5402 2634 5450 extremum
2663 5390 2922 5457 Quintam
2949 5388 3267 5456 editionem,
3292 5402 3457 5459 quam
3489 5388 3557 5444 in
3583 5391 3777 5447 Actia

2145 5492 2331 5546 littore
2364 5488 2640 5545 invenisse
2669 5500 2727 5542 se
2756 5484 2965 5551 scribit,
2995 5492 3100 5539 etc.

531 5750 602 5822 (ι)
646 5749 719 5808 De
746 5748 1076 5825 Symmacho
1104 5753 1308 5825 passim
1347 5753 1478 5811 dicit
1524 5752 1885 5825 Hieronymus
1918 5753 2101 5824 ipsum
2132 5752 2375 5824 apertius
2406 5758 2461 5809 et
2484 5748 2831 5808 manifesdus
2856 5748 3270 5819 interpretatum
3295 5758 3441 5801 esse.
