3832 6214
156 322 257 378 133

1401 321 1468 376 ΙΝ
1508 321 1833 378 HEXAPLA
1868 324 2026 382 ORIG
2038 325 2211 383 ENIS.

3328 334 3431 386 154

1120 440 1338 496 Hieron.
1368 442 1575 497 Comm.
1607 446 1659 497 in
1686 444 1914 508 Isaiam,
1951 456 2076 500 tom.
2110 446 2198 513 Ill,
2233 450 2335 503 col.
2369 450 2460 505 εδ.

220 532 270 587 P
299 535 538 590 litteram
585 551 764 591 sermo
795 535 1095 593 llebraicus
1137 553 1246 593 non
1276 539 1470 603 habet;
1508 542 1602 593 sed
1639 556 1736 609 pro
1775 557 1837 596 ea
1868 558 1956 597 put
1982 542 2172 598 Graeco
2203 546 2395 600 utitur.

1014 630 1237 686 Hieron.
1274 631 1476 687 Comm.
1514 633 1565 685 in
1610 631 1771 700 ‘Isai.,
1797 651 1914 705 cap.
1943 652 2057 699 vrtt,
2090 646 2217 691 tom.
2248 636 2332 702 Ill,
2363 640 2463 694 col.
2498 638 2586 696 79.

221 722 371 779 Duas
418 725 617 779 domus
655 723 898 778 Nazaraei
922 765 936 787 ,
985 725 1101 794 (qui
1143 725 1215 778 ita
1265 723 1544 780 Christum
1599 726 1740 781 reci-
1769 738 1810 793 Α
1846 745 1940 798 per
1964 730 2211 784 ordinem
2241 729 2486 801 Delpbon
2516 752 2529 787 :
2563 741 2617 788 et
2642 749 2862 789 rursum
2887 734 3087 806 Ioseph
3117 733 3382 795 Galilzeus
3415 758 3433 793 -.

144 823 332 893 pint,
368 830 429 875 ut
456 822 868 875 observationes
899 822 1039 890 legis
1072 823 1273 875 veteris
1306 838 1414 876 non
1467 825 1746 896 amittant)

142 913 283 966 duas
318 909 555 966 familias
596 910 1056 980 interpretantur,
1089 909 1331 965 Sammai
1357 921 1412 965 et
1437 910 1591 966 Hillel
1632 932 1646 967 :
1681 928 1749 967 ex

142 1001 358 1068 quibus
394 1003 502 1056 orti
537 1012 663 1057 sunt
691 1001 895 1057 Seribze
919 1012 971 1056 et
1016 1002 1313 1070 Pharisaei;
1345 1020 1578 1074 quorum
1612 1021 1745 1061 sus—

143 1092 289 1159 cepit
336 1093 580 1148 scholam
627 1094 872 1157 Akibas,
920 1110 1083 1164 quem
1162 1097 1487 1165 magistrum
1537 1097 1749 1167 Aquilae

145 1186 414 1256 proselyti
444 1194 731 1239 autumant
770 1205 783 1239 :
820 1195 875 1240 et
903 1196 1023 1255 post
1053 1201 1179 1240 eum
1204 1186 1356 1251 Meir,
1392 1188 1480 1241 cui
1515 1202 1740 1243 succes-

148 1278 225 1333 sit
252 1276 508 1333 Johanan
539 1279 683 1333 tilius
712 1276 911 1333 Zachai
951 1296 964 1310 ο
1000 1288 1053 1333 et
1088 1288 1210 1349 post
1237 1294 1363 1334 eum
1396 1278 1639 1345 Eliezer,
1687 1288 1743 1335 et

1846 830 1897 873 et
1923 835 2096 889 usque
2129 823 2193 875 ad
2225 824 2592 891 captivitatem
2620 822 2923 879 Jerusalem
2952 824 3138 882 Iosue.
3184 827 3430 885 Sammai

1848 909 2013 979 igitur
2040 921 2094 965 et
2125 910 2283 966 Hillel
2310 929 2417 967 non
2448 915 2621 969 multo
2653 917 2805 984 prius
2837 933 3002 987 quam
3034 917 3301 977 Dominus
3331 938 3430 976 na-

1846 1011 2112 1067 sceretur,
2140 1006 2245 1058 orti
2272 1015 2400 1061 sunt
2429 1007 2482 1060 in
2511 1006 2719 1076 Iudaea,
2757 1026 2992 1080 quorum
3016 1014 3168 1082 prior
3201 1013 3429 1083 dissipa-

1847 1106 1931 1150 tor
1966 1097 2386 1167 interpretatur,
2426 1115 2664 1170 sequens
2695 1105 2985 1174 profanus,
3041 1121 3106 1161 eo
3151 1109 3296 1176 quod
3336 1123 3429 1176 per

1848 1189 2215 1245 tradititiones
2242 1201 2294 1246 et
2319 1192 2678 1265 δευτερὼσεις
2708 1211 2837 1252 suas
2860 1199 2993 1268 legis
3016 1208 3285 1270 praecepta
3317 1199 3431 1255 dis-

1849 1280 2113 1350 sipaverit
2147 1290 2312 1353 atque
2342 1284 2715 1342 maculaverit.

1185 1396 1408 1452 Hieron.
1453 1396 1727 1452 Comment
1776 1398 1833 1452 in
1860 1397 2085 1461 Isaiam.
2122 1401 2223 1457 col.
2253 1402 2378 1457 552.

223 1490 304 1546 De
330 1493 523 1561 Aquila
556 1503 735 1547 autem
763 1509 874 1547 non
904 1493 1096 1558 miror,
1120 1495 1266 1564 quod
1297 1495 1462 1549 homo
1490 1494 1747 1548 eruditis-

148 1587 331 1640 simus
362 1586 558 1654 lingute
588 1585 888 1650 Hebraicze,
925 1596 979 1640 et
1019 1587 1242 1641 verbum
1277 1588 1343 1641 de
1368 1587 1536 1641 verbo
1563 1586 1746 1656 expri-

149 1658 438 1743 mens,.in
473 1678 578 1732 hoc
620 1678 744 1732 loco
790 1686 886 1732 aut
926 1679 1201 1733 simularit
1236 1680 1566 1751 imperitiam
1588 1720 1602 1742 ,
1648 1687 1744 1733 aut

1847 1493 2247 1552 Pharismorum
2310 1514 2568 1569 perversa
2624 1502 2964 1571 expositione
3027 1504 3287 1576 deceptus
3332 1507 3427 1573 sit,

1843 1589 1939 1658 qui
1980 1590 2326 1661 interpretari
2363 1594 2573 1661 voluit,
2627 1603 2677 1647 et
2716 1593 2891 1649 Israel
2920 1599 2972 1654 ei
3002 1599 3425 1670 congregabitur.

1086 1772 1306 1827 Hieron.
1337 1772 1541 1828 Comm.
1576 1774 1631 1826 in
1666 1771 1881 1835 Ezech.,
1913 1779 2040 1827 tom.
2093 1771 2182 1834 111,
2216 1772 2318 1830 col.
2354 1773 2474 1829 716.

222 1868 435 1938 Aquila:
466 1883 595 1922 vero
625 1868 864 1924 secunda
905 1869 1071 1924 editio
1091 1909 1105 1933 ,
1133 1885 1298 1940 quam
1338 1868 1550 1924 Hebraei
1592 1869 1744 1923 κατὰ
1780 1868 1805 1922 a‘

1839 1869 2088 1935 τρίϐειαν
2163 1870 2483 1934 nominant,
2529 1871 2805 1926 transtulit
2844 1872 3177 1945 ἡρεμάξων,
3246 1874 3299 1929 id
3342 1880 3427 1932 est

145 1962 446 2027 quiescens,
470 1970 523 2015 et
547 1961 768 2016 seorsim
795 1961 1020 2031 positus.

897 2057 1118 2114 Hieron.
1151 2058 1381 2129 Praefat.
1406 2059 1463 2112 in
1492 2056 1787 2113 Comment.
1823 2054 2088 2120 Danielis,
2124 2062 2249 2108 tom.
2280 2053 2367 2119 Ill,
2401 2055 2503 2109 col.
2530 2056 2687 2110 1073.

220 2152 358 2209 Illud
391 2169 610 2224 quoque
653 2154 911 2210 lectorem
959 2155 1263 2221 admoneo,
1313 2154 1590 2209 Dauielem
1626 2169 1734 2207 non
1767 2162 1809 2216 Β
1837 2152 2102 2221 quosdam
2154 2167 2343 2206 versus
2392 2152 2568 2206 obelis
2600 2156 2944 2221 praenotavit,
2972 2158 3245 2226 superﬂua
3279 2174 3429 2228 quz-
3468 2150 3473 2157 ’

142 2247 303 2317 juxta
336 2245 480 2299 LXX
504 2245 847 2318 lnterpretes,
884 2247 976 2303 sed
1000 2248 1157 2317 juxta
1184 2246 1618 2301 Theodotionem
1643 2246 1740 2302 Ec-

144 2339 350 2394 clesias
376 2339 574 2408 legere,
606 2341 700 2409 qui
728 2340 915 2410 utique
936 2348 1063 2410 post
1094 2339 1388 2395 adventum
1408 2338 1617 2394 Christi
1650 2340 1736 2393 in-

142 2431 410 2487 credulus
436 2431 541 2486 fuit
574 2450 587 2487 :
626 2432 754 2487 licet
780 2448 904 2487 eum
936 2432 1156 2503 quidam
1183 2431 1369 2487 dicant
1401 2431 1731 2497 Ebionitam,

142 2523 247 2591 qui
281 2523 458 2577 altero
486 2538 686 2594 genere
734 2522 958 2579 Iudaeus
1003 2531 1106 2579 est.
1160 2521 1265 2577 Sed
1294 2533 1346 2578 et
1374 2520 1635 2589 Origenes
1668 2522 1735 2576 de

143 2613 547 2669 Theodotionis
591 2629 757 2684 opere
791 2615 844 2668 in
879 2614 1118 2669 editione
1169 2613 1395 2683 Vulgata
1441 2612 1732 2668 asteriscos

141 2706 358 2776 posuit,
406 2706 609 2760 docens
633 2703 875 2761 defuisse
897 2719 1019 2775 quae
1046 2702 1230 2758 addita
1258 2709 1409 2767 sunt,
1452 2708 1507 2757 et
1540 2716 1733 2756 rursus

1847 2257 1955 2313 que
2004 2240 2319 2309 designans.
2382 2239 2635 2311 Cumque
2685 2258 2876 2300 omnes
2912 2246 3119 2303 Christi
3172 2248 3429 2307 Ecclesia

1843 2343 1953 2388 tam
2003 2331 2318 2388 Graecorum
2369 2348 2535 2402 quam
2581 2332 2935 2402 Latinorum,
2973 2336 3346 2410 Syrorumque
3371 2350 3430 2396 et

1844 2427 2229 2498 Egyptiorum
2267 2427 2407 2481 hanc
2453 2428 2556 2482 sub
2607 2429 2884 2484 asteriscis
2917 2438 2970 2484 et
3010 2433 3181 2487 obelis
3224 2435 3425 2491 editio-

1841 2536 1967 2574 nem
2007 2521 2220 2589 legant,
2248 2520 2534 2589 ignoscant
2559 2519 2725 2574 invidi
2758 2520 2931 2576 labori
2961 2538 3115 2589 meo,
3150 2525 3245 2594 qui
3277 2529 3425 2584 volui

1839 2613 2042 2668 habere
2072 2623 2292 2668 nostros
2327 2614 2473 2683 quod
2504 2613 2675 2669 Graeci
2710 2615 2763 2669 in
2792 2616 3001 2686 Aquilae
3025 2628 3079 2674 et
3104 2617 3424 2677 Theodotiu-

1840 2705 1927 2760 nis
1949 2720 2013 2759 ac
2039 2703 2296 2776 Symachi
2322 2706 2654 2761 editionihus
2691 2707 2955 2763 lectitant.

1070 2818 1296 2874 Hieron.
1323 2819 1615 2874 Comment.
1645 2820 1702 2872 in
1728 2818 1940 2875 Daniel.
1974 2836 2090 2889 cap.
2122 2838 2161 2886 ι,
2195 2820 2295 2874 col.
2329 2821 2489 2878 1075.

218 2916 377 2983 Quod
412 2930 511 2971 nos
534 2915 686 2984 juxta
715 2915 1009 2972 editionem
1046 2914 1396 2971 Hebrteorum
1424 2931 1547 2986 quae
1585 2916 2046 2984 κατ’ἀνςρίόειαν
2080 2918 2277 2988 legitur
2304 2919 2360 2971 in
2392 2929 2646 2987 tyrannos
2676 2921 2957 2975 vertimus.

960 3012 1129 3068 Idem.
1162 3013 1455 3068 Comment.
1497 3014 1555 3066 in
1582 3012 1733 3079 Osee,
1764 3029 1880 3084 cap.
1915 3028 1978 3079 ιι,
2012 3021 2141 3072 tom.
2170 3012 2257 3080 Ill,
2287 3017 2389 3068 col.
2438 3014 2598 3068 19.52.

219 3108 423 3180 Aquila
451 3109 685 3181 diligens
710 3118 762 3164 et
792 3109 1048 3165 curiosos
1076 3109 1365 3179 interpres.

961 3201 1184 3258 Hieron.
1214 3201 1505 3258 Comment.
1538 3205 1591 3257 in
1624 3202 1898 3269 Habacuc,
1931 3210 2060 3256 tom.
2094 3198 2183 3267 lll,
2212 3200 2314 3254 col.
2348 3199 2506 3255 i635.

219 3295 520 3352 Sciendum
544 3306 751 3365 autem,
777 3306 838 3352 ut
866 3313 1032 3369 supra
1062 3299 1321 3367 diximus,
1343 3301 1488 3369 quod
1514 3300 1604 3355 ubi
1633 3316 1728 3370 po-
1755 3307 1798 3365 c
1831 3298 2077 3369 ejusdem
2121 3297 2394 3367 dogmatis
2414 3336 2428 3359 ,
2478 3312 2774 3367 pauperem
2811 3313 3032 3352 sensum
3069 3302 3237 3355 secuti
3260 3342 3277 3370 ,
3318 3299 3418 3357 Iu-

138 3398 382 3445 suerunt
429 3388 569 3443 LXX
595 3391 795 3460 plurali
826 3408 1079 3457 numero,
1125 3402 1181 3446 ut
1232 3395 1462 3448 salvares
1508 3394 1730 3448 christos

140 3493 305 3547 tuos,
343 3481 418 3536 ibi
465 3496 587 3537 esse
630 3483 685 3536 in
720 3481 988 3539 Hebraico
1024 3483 1259 3539 Luesua
1300 3502 1405 3540 e'ru
1451 3501 1728 3549 uassucu,

137 3574 295 3642 quod
331 3573 528 3643 Aquila
559 3575 856 3641 transtulit,
883 3576 937 3628 in
964 3575 1190 3628 salutem
1215 3592 1332 3629 cum
1361 3575 1573 3630 Christo
1600 3585 1687 3629 tuo
1711 3592 1730 3629 :

138 3681 260 3721 non
298 3668 445 3737 quod
480 3665 624 3723 Deus
667 3684 920 3739 egressus
960 3669 1064 3735 sit,
1094 3678 1155 3724 ut
1185 3670 1420 3725 salvaret
1451 3669 1729 3740 populum,

138 3770 203 3813 et
232 3760 467 3815 salvaret
512 3760 789 3816 Christum
840 3777 1032 3828 suum;
1089 3763 1182 3817 sed
1213 3764 1359 3832 quod
1406 3763 1461 3817 in
1498 3764 1728 3818 salutem

140 3852 337 3923 populi
383 3853 590 3908 venerit
632 3869 758 3909 cum
802 3852 1023 3909 Christo
1049 3870 1170 3917 suo,
1200 3856 1355 3925 juxta
1388 3856 1517 3909 illud
1550 3854 1730 3909 Evan-

141 3946 273 4015 gelii
306 3964 319 3998 :
354 3943 519 4000 Pater
550 3947 603 3999 in
634 3962 732 4008 me,
764 3957 812 4000 et
844 3963 936 4017 ego
961 3948 1016 4000 in
1048 3945 1249 4012 Patre;
1284 3959 1332 4001 et
1360 3947 1525 4001 Pater
1554 3949 1609 4001 in
1646 3964 1727 4001 me

140 4052 370 4091 manens
416 4038 527 4107 ipse
576 4037 709 4107 facit
744 4054 900 4108 opera
950 4056 1069 4094 sua.
1129 4038 1232 4094 Sed
1258 4050 1311 4094 et
1334 4038 1533 4105 Quinta
1559 4039 1726 4094 editio

142 4126 406 4181 similiter
452 4128 730 4182 transtulit
759 4147 773 4182 :
808 4127 1065 4199 Egressus
1097 4147 1150 4185 es
1196 4132 1252 4184 in
1278 4131 1501 4185 salutem
1547 4132 1727 4202 populi

142 4221 265 4284 tui,
302 4220 355 4272 in
382 4220 611 4274 salutem
655 4237 775 4274 cum
819 4220 1028 4276 Christo
1061 4235 1171 4277 tuo.
1214 4221 1517 4279 Theodotio
1545 4232 1724 4279 autem

140 4324 276 4365 vere
306 4309 462 4379 quasi
503 4324 706 4380 pauper
747 4317 801 4366 et
822 4308 1076 4368 Ebionita
1108 4332 1121 4368 :
1160 4313 1254 4369 sed
1286 4322 1339 4368 et
1369 4312 1726 4385 Symmachus

1838 3394 1994 3448 daice
2043 3390 2438 3447 trarﬁtulerunt
2465 3408 2479 3445 :
2511 3390 2766 3461 Egressus
2807 3408 2860 3445 es
2890 3393 2945 3445 in
2990 3392 3213 3448 salutem
3241 3396 3420 3465 populi

1841 3487 1940 3552 tui,
1971 3494 2027 3538 ut
2058 3484 2290 3538 salvares
2323 3481 2594 3537 Christum
2636 3491 2822 3545 tuum;
2854 3491 2927 3548 et,
2962 3501 3198 3555 egressus
3227 3504 3281 3541 es
3309 3488 3422 3542 sal-

1838 3595 1959 3633 uare
2002 3579 2251 3648 populum
2285 3586 2466 3643 tuum,
2502 3577 2708 3631 salvare
2756 3576 3029 3632 Christum
3074 3589 3241 3635 tuum.
3282 3579 3417 3635 Rem

1839 3670 2217 3726 incredibilem
2247 3669 2497 3723 dicturus
2521 3684 2640 3722 sum
2663 3707 2677 3732 ,
2727 3669 2818 3722 sed
2847 3677 3027 3723 tamen
3062 3685 3268 3724 veram.
3325 3671 3422 3731 lsti

1840 3762 2276 3819 Semiehristiani
2324 3759 2550 3815 Judaice
2600 3761 3019 3826 transtulerunt,
3080 3770 3135 3817 et
3199 3763 3422 3821 Iudaeus

1835 3857 2032 3928 Aquila
2061 3855 2451 3924 interpretatus
2480 3862 2565 3908 est
2592 3862 2651 3906 ut
2675 3852 3044 3909 Christianus.
3101 3854 3263 3911 Sexta
3297 3858 3419 3911 edi-

1835 3948 1912 4003 tio
1940 3947 2176 4018 prodens
2206 3943 2656 3999 manifestissime
2682 3959 3083 3999 sacramentum
3106 3987 3121 4012 ,
3154 3949 3226 4001 ita
3258 3948 3419 4002 vertit

1833 4054 1898 4095 ex
1933 4037 2163 4093 Hebraeo
2198 4059 2210 4093 :
2249 4037 2507 4116 Egressus
2536 4054 2588 4091 es
2631 4045 2689 4090 ut
2727 4037 2961 4093 salvares
2991 4040 3239 4109 populum
3267 4048 3437 4096 tuum

1830 4147 1924 4200 per
1968 4129 2153 4183 Iesum
2203 4126 2474 4184 Christum
2531 4137 2717 4193 tuum,
2773 4128 2918 4198 quod
2958 4127 3146 4184 Graece
3190 4131 3415 4197 dicitur,

1833 4222 2056 4295 ἐξῆλθες
2085 4223 2177 4277 τοῦ
2219 4223 2391 4277 σῶσαι
2416 4223 2505 4276 τὸν
2531 4223 2657 4276 λαόν
2694 4239 2784 4275 σου
2810 4222 2899 4276 διὰ
2942 4224 3147 4295 Ἰησοῦν
3182 4224 3416 4297 Χριστόν

1835 4334 1951 4372 σου.

856 4426 1078 4484 Hieron.
1108 4428 1400 4486 Comment.
1435 4431 1490 4485 in
1526 4430 1702 4501 Epist.
1727 4432 1800 4485 ad
1833 4431 2035 4498 Titum,
2071 4442 2201 4490 tom.
2234 4432 2324 4502 IV,
2354 4434 2456 4489 col.
2493 4435 2622 4489 4'57.

222 4517 379 4573 Unde
414 4526 467 4573 et
508 4518 665 4574 nobis
692 4533 838 4574 curse
877 4518 981 4575 fuit
1019 4538 1210 4577 omnes
1256 4524 1457 4577 veteris
1487 4522 1622 4593 legis
1654 4522 1725 4576 li-
1756 4527 1801 4582 D
1829 4533 1885 4579 et
1908 4525 2148 4580 maxime
2196 4525 2252 4579 hi
2297 4525 2391 4596 qui
2433 4527 2577 4596 apud
2621 4525 2877 4584 Hebraeos
2917 4542 3075 4584 versu
3119 4529 3417 4600 compositi

139 4619 316 4682 bros,
362 4633 503 4690 quos
542 4620 628 4673 vir
663 4618 858 4674 doetus
899 4615 1258 4671 Adamantius
1289 4614 1343 4669 in
1370 4612 1609 4685 Hexapla
1640 4613 1726 4670 di-

140 4720 391 4781 gesserat
414 4749 429 4774 ,
459 4712 527 4766 de
555 4710 877 4767 Caesariensi
912 4708 1239 4765 bibliotheca
1284 4708 1623 4776 descriptos,
1658 4721 1724 4760 ex

142 4805 286 4874 ipsis
333 4804 663 4859 authenticis
697 4803 1012 4865 emendare,
1060 4801 1114 4854 in
1158 4800 1360 4867 quibus
1392 4809 1447 4854 et
1476 4800 1593 4869 ipsa
1621 4796 1727 4853 He-

137 4900 295 4954 braea
340 4898 578 4968 pr0priis
624 4905 754 4955 sunt
796 4895 1208 4952 characteribus
1235 4892 1402 4947 verba
1430 4892 1722 4962 descripta,

138 5001 201 5046 et
229 4991 436 5046 Graecis
468 4991 662 5045 litteris
706 4988 923 5044 tramite
965 5002 1225 5057 expressa
1274 4985 1477 5041 vicino.
1529 4983 1726 5054 Aquila

139 5085 310 5139 etiam
342 5093 397 5139 et
426 5082 812 5155 Symmachus,
839 5081 1190 5152 Septuaginta
1217 5093 1436 5149 quoque
1465 5086 1519 5132 et
1544 5076 1726 5131 Theo-

138 5178 294 5234 dotio
343 5190 507 5230 suum
549 5175 798 5229 ordinem
863 5181 1064 5228 tenent.
1104 5169 1363 5226 Nonnulli
1404 5184 1534 5224 vero
1576 5167 1722 5234 libri,

1833 4626 1993 4683 sunt,
2049 4626 2162 4673 tres
2208 4617 2345 4673 alias
2393 4619 2661 4675 editiones
2698 4621 2913 4676 additas
2955 4621 3192 4689 habent;
3247 4638 3413 4693 quam

1832 4706 2088 4775 Quintam
2115 4748 2130 4773 ,
2182 4718 2237 4764 et
2281 4708 2536 4778 Sextam,
2576 4721 2631 4766 et
2670 4710 2968 4782 Septimam
3000 4714 3414 4770 translationem
3510 4740 3523 4753 ρ

1829 4810 2061 4866 vocant,
2107 4804 2487 4857 auctoritatem
2538 4804 2658 4860 sine
2691 4805 3008 4862 nominibus
3057 4808 3413 4878 interpretum

1830 4904 2175 4951 consecutas.
2213 4894 2340 4952 Haec
2370 4896 2679 4953 immortale
2707 4898 2840 4953 illud
2870 4898 3147 4970 ingenium
3180 4916 3284 4956 suo
3313 4916 3414 4957 no-

1831 4984 1918 5041 bis
1954 4986 2140 5042 labore
2166 4987 2412 5053 donavit,
2449 4998 2508 5044 ut
2551 5004 2661 5044 non
2691 5005 3024 5060 magnopere
3055 4994 3416 5061 pertimesca~

1832 5093 1958 5132 mus
1983 5079 2339 5148 supercilium
2377 5078 2689 5135 Judteorum
2712 5120 2728 5145 ,
2762 5080 2956 5135 solutis
2995 5080 3176 5147 labiis,
3204 5093 3259 5136 et
3283 5084 3414 5138 stri-

1834 5169 1994 5224 dente
2021 5170 2214 5237 saliva,
2239 5180 2293 5225 et
2316 5186 2439 5226 rasa
2463 5170 2619 5227 fauce
2644 5172 3017 5243 gaudentium.

1015 5291 1168 5346 Idem
1194 5293 1350 5361 epist.
1374 5290 1446 5345 24
1473 5288 1541 5343 ad
1579 5287 1916 5353 Marcellam,
1952 5297 2079 5343 tam.
2108 5288 2171 5356 ll,
2203 5288 2304 5345 col.
2341 5289 2429 5346 61.

208 5385 332 5443 Iam
360 5387 569 5456 pridem
604 5404 728 5443 cum
753 5387 1123 5445 voluminibus
1147 5385 1500 5441 Hebraeorum
1523 5383 1722 5439 editio-

139 5495 265 5536 nem
320 5481 535 5550 Aquilae
602 5479 869 5546 confero;
924 5496 995 5535 ne
1048 5479 1179 5550 quid
1228 5477 1457 5533 forsitan
1507 5488 1725 5546 propter

140 5572 328 5629 adium
370 5570 575 5627 Christi
611 5571 895 5644 Synagoga
941 5571 1269 5637 mutaverit;
1320 5580 1374 5625 et
1427 5577 1486 5622 ut
1539 5568 1727 5622 amicae

1832 5384 2001 5439 menti
2026 5382 2231 5452 fatear,
2260 5402 2383 5457 quae
2411 5387 2477 5441 ad
2514 5397 2756 5444 nostram
2787 5386 2946 5443 fidem
2976 5385 3283 5458 pertineant
3320 5400 3413 5443 ro-

1832 5478 2129 5533 borandam
2158 5480 2314 5550 plura
2346 5480 2576 5551 reperio.

1032 5667 1182 5722 Idem
1204 5669 1361 5737 epist.
1394 5666 1486 5732 29,
1522 5665 1594 5720 ad
1630 5663 1880 5727 Paulam,
1908 5675 2035 5719 tant.
2074 5661 2163 5730 ιν,
2195 5662 2297 5718 col.
2335 5662 2426 5718 68.

207 5763 491 5832 Quorsum
538 5762 803 5822 Varronis
848 5773 901 5821 ct
948 5763 1289 5821 Chalcenteri
1332 5762 1539 5820 mentio
1606 5760 1748 5833 facta
1815 5762 1916 5831 sit,
1980 5761 2271 5832 quaeritis?
2321 5759 2583 5817 Videlicet
2638 5768 2698 5817 ut
2746 5757 2813 5815 ad
2865 5755 3248 5815 Adamantium
3309 5771 3412 5813 oa-
