3832 6214
425 290 526 348 1'55

1788 281 2321 341 PMLIMINARIA

3599 289 3706 344 ωε

412 417 701 478 atrumque
728 409 1154 462 Cua.centerum
1185 409 1470 463 veniamus
1501 426 1514 461 :
1547 410 1641 479 qui
1672 416 1823 464 tanto
1856 407 2038 465 studio
2078 407 2133 465 in
2173 417 2487 465 sanctarum
2524 407 2933 479 Scripturarum
2972 408 3161 464 labore
3201 409 3437 476 sudavit,
3471 417 3535 464 ut
3555 409 3708 479 juste

414 498 723 556 Adamantii
755 515 952 555 nomeu
984 502 1278 570 acceperit.

1013 591 1165 647 Idem
1195 592 1251 647 in
1277 592 1535 664 Catalogo
1580 593 1918 663 Scriptorum
1948 592 2154 648 Eccles.
2188 590 2253 643 de
2287 587 2534 658 Origene,
2565 594 2693 640 tom.
2721 583 2811 653 lV,
2844 584 2945 640 col.
2986 584 3110 640 “6.

489 708 627 777 Quis
665 711 918 780 ignorat,
948 712 1094 781 quod
1131 720 1339 767 tantum
1377 713 1430 767 in
1476 713 1775 785 Seripturis
1808 716 2011 772 divinis
2038 721 2084 779 Α
2112 711 2357 783 ejusdem
2388 708 2699 780 dogmatis:
2727 708 2822 779 qui
2851 708 2906 763 in
2941 706 3295 778 Evangelium
3318 722 3539 779 quoque
3560 711 3709 763 κατὰ

413 802 671 859 habuerit
703 804 893 871 studii,
931 806 1180 860 utetiam
1215 804 1498 861 llebrazam
1536 809 1781 878 linguam
1816 817 2010 863 contra

419 896 593 951 aetatis
622 897 909 967 gentisque
944 912 1058 952 suae
1086 910 1339 952 naturam
1363 899 1632 954 edisceret
1656 920 1667 954 :
1696 909 1748 955 et
1774 900 2013 970 acceptis

420 985 563 1041 LXX
595 986 1004 1058 lnterpretibus,
1040 989 1177 1045 alias
1200 1005 1418 1061 quoque
1450 990 1719 1046 editiones
1754 992 1808 1045 in
1840 1008 2009 1045 unum

419 1080 674 1135 volumen
705 1091 1104 1152 congregaret;
1136 1082 1349 1154 Aquila:
1390 1083 1603 1139 scilicet
1647 1082 1856 1138 Pontici
1890 1099 2015 1153 pro-

419 1172 620 1243 selyti,
674 1182 730 1228 et
789 1172 1185 1232 Theodotionis
1243 1175 1527 1241 Ebionazi,
1590 1184 1646 1232 et
1700 1175 2014 1247 Symmachi

2114 803 2395 859 Ματθαῖον
2439 801 2662 871 scripsit
2686 798 3164 864 Commentarios,
3194 801 3262 855 de
3293 815 3404 872 quo
3447 811 3501 857 et
3541 817 3704 857 suum

2114 898 2311 969 dogma
2361 895 2688 952 conﬁrmare
2737 903 2990 950 conatur.
3039 893 3308 951 Praeterea
3341 894 3600 961 Quintam
3649 905 3710 949 et

2117 988 2338 1044 Sextam
2364 998 2418 1042 et
2453 985 2754 1057 Septimam
2790 986 3110 1053 editionem,
3141 1002 3280 1057 quas
3311 987 3474 1042 etiam
3504 1002 3609 1041 nos
3638 987 3710 1041 de

2114 1080 2237 1150 ejus
2268 1078 2594 1134 bibliotheca
2627 1077 2927 1143 habemus,
2973 1079 3114 1134 miro
3158 1079 3345 1134 labore
3378 1079 3616 1149 reperit,
3652 1088 3711 1134 et

2116 1187 2242 1227 cum
2273 1171 2487 1225 caeteris
2518 1170 2853 1226 editionibus
2882 1171 3240 1239 comparavit.

1238 1293 1461 1349 Hieron.
1494 1296 1648 1364 epist.
1690 1295 1760 1349 55
1786 1294 1855 1347 ad
1896 1290 2322 1354 Parumne/tium,
2355 1297 2483 1344 tom.
2514 1286 2605 1353 ΙΙΙ,
2634 1288 2736 1341 col.
2774 1287 2867 1342 25.

490 1379 596 1433 Sed
624 1378 756 1449 quid
788 1377 1056 1437 faciemus
1089 1381 1158 1436 ad
1184 1383 1532 1438 authenticos
1570 1384 1760 1448 libros,
1798 1383 1852 1436 in
1887 1382 2013 1452 qui-

419 1472 523 1528 bus
554 1473 667 1528 haec
696 1489 805 1528 non
840 1472 1090 1529 feruntur
1124 1475 1383 1544 ascripta,
1421 1486 1477 1530 et
1511 1486 1705 1529 caetera
1741 1476 1825 1529 his
1861 1474 2014 1529 sitni-

419 1564 491 1618 lia
515 1606 529 1622 .
562 1580 684 1633 quae
723 1567 771 1619 si
802 1564 1046 1634 proferre
1091 1569 1368 1632 nitamur,
1402 1568 1630 1623 infinitis
1684 1567 1840 1621 libris
1871 1581 2012 1635 opus

418 1654 745 1710 est?Porro
783 1665 989 1726 quanta
1024 1656 1364 1721 dimiserint,
1404 1658 1485 1711 vel
1519 1658 1766 1713 asterisei
1803 1667 1970 1712 testes
1993 1697 2009 1721 ,

420 1757 479 1802 ut
513 1748 646 1811 dixi,
678 1757 828 1811 sunt,
860 1749 943 1802 vel
977 1758 1164 1803 nostra
1194 1750 1590 1819 interpretatio,
1622 1750 1667 1804 si
1701 1765 1730 1803 a
1761 1749 2007 1820 diligenti

418 1839 623 1894 lectore
656 1840 1000 1895 translationi
1023 1840 1191 1895 veteri
1219 1840 1564 1896 conferatur:
1598 1850 1652 1896 et
1678 1852 1857 1896 tamen
1881 1842 2009 1911 jure

419 1929 561 1985 LXX
609 1933 778 1988 editio
822 1934 1060 1989 obtinuit
1106 1934 1160 1988 in
1195 1933 1496 2002 Ecclesiis,
1542 1935 1623 1988 vel
1654 1935 1784 2005 quia
1832 1935 2006 2005 prima

418 2033 506 2079 est
531 2063 546 2088 ,
582 2033 637 2079 et
666 2035 794 2080 ante
837 2025 1042 2081 Christi
1089 2026 1233 2081 facta
1280 2027 1572 2081 adventum
1601 2044 1615 2094 ;
1662 2027 1745 2081 vel
1777 2026 1908 2096 quia
1940 2027 2011 2081 ab

376 2130 381 2135 ‘
419 2117 683 2186 apostolis
715 2118 807 2189 (in
840 2118 1042 2189 quibus
1070 2131 1249 2176 tamen
1278 2119 1346 2174 ab
1371 2118 1639 2175 Hebraieo
1665 2135 1773 2174 non
1804 2121 2010 2176 discre-

417 2208 551 2281 pat)
587 2218 873 2281 usurpata.
905 2212 1104 2283 Aquila
1136 2222 1319 2267 autem
1354 2214 1663 2284 proselytus
1690 2222 1744 2268 et
1776 2221 2006 2268 conten-

2119 1381 2292 1436 tiosus
2322 1379 2591 1449 interpres
2612 1418 2628 1443 ,
2660 1379 2757 1449 qui
2790 1394 2898 1432 non
2935 1378 3115 1433 solum
3145 1379 3333 1444 verba,
3368 1378 3463 1435 sed
3491 1389 3708 1452 etymo-

2116 1470 2288 1541 logias
2307 1484 2529 1540 quoque
2555 1469 2847 1524 verborum
2875 1468 3174 1524 transferre
3200 1479 3430 1526 conatus
3446 1480 3553 1537 est,
3578 1472 3709 1542 jure

2116 1563 2407 1633 projicitur
2439 1578 2469 1617 a
2504 1562 2685 1617 nobis.
2718 1561 2855 1628 Quis
2887 1562 3034 1616 enim
3064 1578 3166 1633 pro
3199 1563 3465 1633 frumento
3494 1574 3550 1619 et
3585 1566 3710 1619 nino

2115 1666 2171 1711 et
2206 1656 2321 1711 oleo
2365 1657 2573 1726 possit,
2606 1656 2692 1710 vel
2723 1656 2934 1726 legere,
2981 1656 3067 1711 vel
3102 1656 3401 1727 intelligere
3425 1696 3441 1721 ,
3481 1657 3666 1728 χεῦμα
3688 1696 3710 1723 ,

2116 1749 2457 1820 ὀπωρισμὺν,
2478 1748 2864 1820 στιλπνότητα,
2887 1749 3031 1819 quod
3052 1763 3158 1803 non
3185 1765 3476 1819 possumus
3496 1752 3706 1816 dicere,

2115 1844 2399 1913 fusionem,
2429 1843 2883 1914 pomationemque
2907 1853 2956 1897 et
2987 1843 3409 1914 splendentium?
3429 1847 3539 1901 Aut
3570 1850 3708 1916 quia

2117 1933 2328 1990 Hebraei
2360 1951 2467 1989 non
2501 1935 2678 1991 solum
2709 1935 2908 1990 habent
2934 1935 3133 2009 ἄρθρα,
3162 1936 3253 1992 sed
3281 1945 3337 1992 et
3371 1937 3661 2010 πρόαρθρα
3688 1977 3709 2004 ,

2113 2028 2204 2083 ille
2234 2027 2575 2099 κακοζήλως,
2607 2037 2660 2082 et
2692 2027 2931 2100 syllabas
2968 2029 3357 2098 interpretatur
3382 2042 3436 2085 et
3465 2030 3705 2096 litteras,

2112 2120 2355 2191 dicitque
2394 2121 2491 2175 σὺν
2516 2120 2609 2175 τὸν
2649 2120 2913 2192 οὐρανὸν,
2967 2120 3065 2174 καὶ
3097 2121 3194 2174 σὺν
3236 2120 3334 2194 τὴν
3380 2104 3513 2194 γῆν,
3550 2122 3707 2194 quod

2114 2212 2304 2268 Graeca
2333 2223 2389 2269 et
2421 2212 2614 2269 Latina
2648 2214 2835 2286 lingua
2870 2216 3097 2271 omnino
3123 2230 3233 2271 non
3270 2216 3492 2287 recepit.

1231 2328 1457 2385 Hieron.
1486 2330 1745 2401 Apologia
1768 2329 1978 2390 advers.
2014 2329 2289 2401 Ruﬁnum,
2317 2340 2445 2386 tom.
2480 2330 2574 2398 1V,
2600 2332 2707 2389 col.
2734 2332 2863 2389 365.

507 2446 666 2502 Certe
707 2446 873 2502 etiam
913 2445 1178 2515 Origenes
1220 2447 1569 2518 patriarehen
1620 2446 1889 2512 Huillum,
1930 2449 2024 2519 qui
2054 2461 2098 2518 Β
2125 2449 2532 2523 Octogesimum
2565 2465 2786 2522 quoque
2818 2465 3021 2506 nonum
3047 2450 3350 2521 psalmum',
3380 2451 3475 2522 qui
3502 2452 3706 2507 scribi-

420 2541 757 2611 temporibus
787 2540 908 2609 ejus
937 2539 1072 2605 fuit,
1110 2541 1398 2603 nominat;
1448 2550 1503 2596 et
1540 2542 1880 2598 tricesimum
1927 2551 2010 2597 to-

419 2648 570 2686 mum
601 2632 654 2686 in
685 2630 963 2697 Hesaiam,
993 2632 1046 2686 in
1083 2632 1240 2702 cujus
1276 2635 1380 2688 line
1410 2634 1664 2690 edisserit
1693 2654 1706 2690 :
1750 2634 1842 2690 Vw
1870 2634 2004 2699 tibi,

418 2726 609 2779 civitas
639 2725 807 2792 Ariel,
836 2742 996 2796 quam
1022 2727 1341 2795 expugnavit
1368 2725 1570 2789 David,
1609 2728 1756 2783 illius
1785 2728 2008 2799 exposi-

423 2818 574 2873 tione
622 2819 940 2884 coneludit;
988 2829 1041 2873 et
1074 2835 1200 2873 cum
1252 2821 1411 2875 aliter
1455 2821 1609 2892 prius
1658 2824 1899 2879 sensisse
1950 2837 2009 2878 se

419 2912 591 2981 dicat,
620 2913 841 2968 doctum
874 2912 943 2967 ab
971 2912 1065 2967 illo
1093 2913 1147 2967 id
1177 2914 1321 2967 ouod
1350 2923 1433 2969 est
1460 2914 1665 2980 verius,
1694 2916 2006 2969 conﬁtetur.

2113 2552 2202 2599 tur
2227 2562 2240 2599 :
2268 2543 2457 2600 Oratio
2484 2543 2658 2615 Moysi
2685 2544 2913 2598 hominis
2938 2543 3058 2612 Dei,
3082 2552 3136 2599 et
3157 2543 3396 2613 reliquos
3419 2543 3702 2607 undecim.

2112 2634 2209 2706 qui
2238 2649 2348 2690 non
2381 2633 2581 2689 habent
2614 2634 2802 2689 titulos
2821 2674 2837 2701 ,
2869 2636 3168 2690 secundum
3197 2632 3362 2689 Huilli
3391 2635 3702 2704 expositio-

2112 2742 2237 2781 nem
2266 2766 2281 2791 ,
2334 2725 2578 2795 ejusdem
2628 2724 2801 2796 Moysi
2852 2735 3042 2796 putat:
3079 2742 3179 2781 nec
3225 2725 3554 2797 dedignatur
3586 2723 3703 2780 He-

2112 2816 2317 2872 braeam
2364 2816 2703 2887 Scripturam
2740 2816 3140 2887 interpretans,
3185 2832 3281 2888 per
3315 2817 3528 2890 singula
3578 2817 3702 2874 loca

2112 2909 2244 2980 quid
2275 2907 2517 2964 Hebraeis
2546 2909 2796 2964 videatur
2821 2909 3082 2965 inserere.

1376 3028 1527 3085 Idem
1549 3032 1671 3087 adv.
1702 3030 1974 3102 Ruﬁnum,
2008 3030 2049 3087 ι.
2079 3044 2141 3097 It,
2178 3037 2305 3082 tom.
2339 3026 2431 3095 IV,
2465 3044 2567 3082 cat.
2591 3027 2719 3083 425.

492 3142 648 3210 Quod
683 3154 744 3200 ut
772 3145 1028 3200 auderem
1056 3188 1070 3212 ,
1105 3146 1356 3218 Origcuis
1386 3163 1472 3202 me
1528 3148 1768 3203 studium
1805 3162 2005 3218 provo-

418 3239 601 3302 cavit,
640 3239 732 3308 qui
778 3238 1002 3292 editioni
1033 3240 1270 3309 antiquae
1305 3240 1720 3295 translationem
1750 3238 2005 3292 Theodo-

420 3329 588 3384 tionis
634 3330 887 3395 miscuit,
936 3331 1200 3386 asterisco
1243 3333 1310 3401 Χ
1353 3340 1408 3385 et
1446 3331 1685 3386 obelisco
1719 3345 1805 3398 σθ,
1839 3330 2006 3385 idest

420 3421 572 3476 stella
603 3429 657 3476 et
686 3436 816 3477 veru
869 3436 1008 3479 onus
1046 3439 1211 3479 omne
1237 3424 1581 3493 distinguens
1610 3442 1622 3478 :
1654 3422 1782 3477 dum
1816 3432 1909 3476 aut
1940 3422 2006 3475 il-

2110 3145 2390 3199 lucescere
2419 3142 2551 3198 facit
2577 3158 2699 3214 qua:
2730 3143 2914 3199 minus
2939 3152 3065 3199 ante
3096 3143 3349 3209 fuerant;
3376 3153 3471 3199 aut
3502 3158 3703 3214 super-

2110 3235 2218 3289 flua
2254 3249 2485 3304 quaeque
2521 3234 2735 3307 jugulat
2775 3243 2830 3290 et
2866 3233 3108 3289 confodit
3138 3253 3151 3288 :
3194 3234 3537 3305 maximeque
3574 3252 3702 3305 qua:

2111 3327 2568 3397 evangelistarum
2600 3337 2655 3383 et
2684 3329 3059 3399 apostolorum
3103 3329 3401 3384 auctoritas
3442 3331 3701 3399 promul-

2111 3419 2275 3491 gavit.

1268 3532 1490 3590 Hieron.
1523 3535 1678 3604 epist.
1707 3533 1798 3598 45,
1830 3533 1898 3587 ad
1927 3531 2261 3595 Marcellam,
2287 3541 2414 3589 tom.
2462 3532 2526 3599 ll,
2556 3532 2661 3589 cel.
2690 3533 2815 3589 552.

490 3647 814 3705 Ambrosius
840 3690 855 3715 ,
892 3665 1004 3719 quo
1032 3651 1273 3715 chartas,
1310 3662 1583 3721 sumptus,
1610 3651 1856 3707 notarios
1890 3652 1998 3707 mi-

417 3738 721 3806 nistrante,
751 3752 860 3795 tam
891 3741 1319 3799 innumerabiles
1351 3744 1520 3799 libros
1560 3759 1687 3800 vere
1726 3744 2004 3809 Adaman-

418 3828 564 3893 tius,
597 3839 651 3885 et
678 3828 1074 3885 Chalcenterus
1107 3840 1292 3885 noster
1320 3831 1644 3901 explicavit,
1681 3830 1736 3884 in
1763 3830 2002 3901 quadam

416 3918 646 3989 epistola
672 3960 687 3986 ,
715 3935 878 3990 quam
908 3920 978 3975 ad
1017 3921 1270 3976 eumdem
1302 3921 1369 3976 de
1408 3920 1638 3977 Athenis
1671 3922 2003 3991 scripserat,

2104 3651 2276 3708 refert
2318 3667 2601 3722 nunquam
2638 3667 2699 3707 se
2740 3652 2924 3707 cibum
2973 3648 3203 3721 Origene
3256 3661 3522 3722 praesente
3571 3653 3699 3709 sine

2103 3743 2336 3800 lectione
2362 3745 2684 3814 sumpsisse,
2725 3760 3005 3813 nunquam
3043 3744 3235 3800 iniisse
3268 3759 3549 3813 somnum,
3584 3744 3700 3802 nisi

2106 3850 2253 3891 unus
2283 3849 2315 3889 e
2343 3832 2605 3889 fratribus
2640 3834 2811 3889 sacris
2842 3834 3036 3890 litteris
3068 3844 3402 3903 personaret.

1228 4031 1452 4088 Hieron.
1484 4033 1640 4100 epist.
1678 4031 1771 4097 74,
1802 4031 1872 4085 ad
1897 4032 2280 4102 Augustinum,
2313 4040 2443 4083 tom.
2473 4028 2563 4095 IV,
2593 4029 2693 4084 col.
2726 4028 2852 4086 6'26.

486 4156 642 4223 Quod
670 4166 851 4213 autem
880 4155 935 4211 in
982 4157 1103 4213 aliis
1128 4156 1330 4227 quaeris
1376 4156 1623 4226 epistolis
1645 4198 1662 4222 ,
1709 4172 1808 4211 cur
1842 4156 1991 4225 prior
2017 4160 2061 4218 (ζ
2093 4154 2161 4209 Et
2191 4156 2359 4210 miror
2387 4154 2664 4224 quomodo
2697 4152 2840 4207 LXX
2874 4153 3234 4222 lnterpretum
3274 4150 3444 4206 libros
3490 4165 3646 4221 .egas
3668 4192 3688 4219 ,

418 4265 540 4305 mea
598 4250 654 4304 in
717 4249 874 4304 libris
929 4249 1211 4304 canonicis
1275 4249 1648 4318 interpretatio
1706 4248 1999 4304 asteriscos

419 4340 616 4395 haheat
669 4346 725 4393 et
770 4338 1010 4409 virgulas
1059 4348 1435 4409 prtenotatas;
1489 4349 1544 4393 et
1594 4347 1781 4409 postea
1833 4338 1998 4393 aliam

426 4429 838 4485 translationem
879 4428 1084 4498 absque
1126 4428 1211 4482 his
1256 4427 1425 4497 signis
1456 4426 1757 4494 ediderim,
1799 4426 2002 4483 videris

415 4522 552 4577 mihi
580 4535 687 4574 non
714 4519 1014 4589 intelligere
1044 4518 1189 4589 quod
1220 4518 1489 4590 quaesisti.
1528 4516 1625 4573 Illa
1655 4518 1802 4572 enim
1832 4518 2001 4573 inter-

414 4613 644 4684 pretatio
678 4610 821 4666 LXX
863 4607 1227 4681 lnterpretum
1258 4620 1378 4666 est:
1427 4618 1482 4665 et
1527 4610 1840 4680 ubicunque
1882 4609 1998 4662 vir-

415 4705 588 4774 gulae,
621 4704 676 4758 id
718 4711 803 4759 est
831 4702 972 4758 obeli
997 4743 1012 4769 ,
1046 4710 1212 4766 sunt,
1256 4702 1599 4772 signiﬁcatur
1645 4700 1794 4771 quod
1852 4698 1995 4753 LXX

413 4797 539 4866 plus
565 4795 807 4850 dixerint
833 4809 1000 4864 quam
1030 4794 1262 4848 habetur
1292 4794 1347 4848 in
1377 4792 1607 4849 Hebraeo
1637 4810 1653 4861 ;
1686 4792 1779 4848 ubi
1814 4806 1996 4847 autem

414 4889 697 4954 asterisci,
740 4889 795 4944 id
837 4897 922 4945 est
957 4888 1187 4944 stellula:
1216 4888 1606 4959 prazlucentes,
1648 4901 1718 4945 ex
1746 4886 1997 4942 Theodo-

411 4984 577 5039 tionis
631 4981 872 5037 editione
923 4981 993 5036 ab
1045 4978 1279 5052 Origene
1330 4981 1576 5036 additum
1625 4988 1747 5036 est:
1798 4988 1856 5035 et
1917 4978 1994 5033 ibi

411 5077 599 5133 Greca
626 5075 1033 5139 transtulimus,
1060 5075 1151 5130 hic
1177 5074 1244 5129 de
1288 5074 1406 5143 ipso
1440 5071 1708 5129 Hebraico
1738 5072 1885 5143 quod
1916 5072 1999 5126 in-

410 5168 788 5239 telligebamus
806 5167 1199 5237 expressimus,
1223 5180 1483 5221 sensuum
1510 5166 1689 5235 petius
1709 5165 1994 5220 veritatem

412 5276 576 5331 quam
624 5260 919 5315 verborum
956 5260 1206 5316 ordinem
1256 5259 1534 5315 interdum
1579 5267 1992 5315 conservantes.

2106 4263 2216 4303 non
2243 4263 2449 4319 puros,
2480 4257 2539 4302 ut
2576 4247 2645 4302 ab
2683 4248 2762 4301 eis
2816 4245 2947 4300 editi
2991 4255 3138 4308 sunt,
3182 4245 3275 4301 sed
3323 4244 3390 4299 ab
3442 4242 3687 4315 Origene

2106 4340 2448 4404 emendatos,
2480 4338 2594 4394 sive
2621 4347 2911 4408 corruptos
2944 4352 3038 4407 per
3065 4338 3250 4393 obelos
3277 4344 3332 4391 et
3356 4336 3687 4406 asteriscos;

2104 4441 2160 4486 et
2198 4430 2500 4487 Christiani
2539 4431 2781 4485 hominis
2822 4429 3417 4500 interpretatiunculam
3454 4443 3568 4483 non
3600 4445 3690 4485 se-

2105 4524 2316 4595 quaris.
2351 4522 2653 4593 praesertim
2686 4536 2812 4578 cum
2842 4536 2906 4577 ea
2934 4537 3057 4591 quae
3084 4521 3268 4576 addita
3298 4530 3459 4588 sunt,
3486 4536 3560 4576 ex
3590 4521 3688 4577 bo-

2106 4613 2271 4669 minis
2290 4612 2462 4668 Judaei
2486 4622 2649 4681 atque
2667 4612 2969 4681 blasphemi
2986 4620 3109 4682 post
3124 4612 3432 4682 passionem
3449 4613 3686 4679 tibi-isti,

2103 4708 2342 4764 editione
2370 4707 2727 4763 transtulerit.
2759 4704 2851 4761 Vis
2879 4715 3092 4761 amator
3115 4720 3233 4761 esse
3257 4720 3420 4761 verus
3452 4703 3689 4777 Septua-

2102 4802 2251 4872 ginta
2282 4798 2640 4868 lnterpretum
2664 4797 2687 4850 ?
2715 4795 2834 4850 Non
2864 4795 3013 4866 legas
3037 4810 3100 4849 ea
3124 4809 3247 4864 quae
3274 4794 3375 4849 sub
3401 4794 3687 4850 asteriscis

2102 4903 2252 4958 sunt,
2287 4894 2399 4946 imo
2436 4893 2563 4946 rade
2591 4891 2659 4944 de
2686 4889 3077 4954 voluminibus,
3109 4896 3172 4941 ut
3202 4896 3445 4942 veterum
3480 4896 3536 4942 te
3566 4887 3687 4942 fau-

2102 4993 2276 5039 torem
2307 4984 2526 5054 probes.
2569 4981 2726 5049 Quod
2760 4981 2803 5036 si
2849 4979 3043 5035 feceris
3069 5020 3085 5045 ,
3116 4978 3361 5035 omnium
3402 4978 3685 5036 Ecclesia-

2104 5092 2227 5133 rum
2260 5076 2622 5132 bibliothecas
2646 5075 2906 5129 damnare
2934 5072 3171 5143 cogeris.
3219 5069 3315 5126 Vix
3351 5071 3499 5126 enim
3539 5087 3684 5127 unus

2102 5176 2197 5223 aut
2226 5167 2363 5222 alter
2392 5164 2699 5221 invenietur
2729 5163 2867 5218 liber
2892 5163 2986 5234 qui
3017 5163 3120 5218 ista
3147 5176 3258 5217 nou
3293 5161 3512 5216 habeat.

1095 5381 1315 5439 Hieron.
1342 5382 1500 5451 epist.
1530 5382 1601 5435 ad
1646 5379 1983 5455 Vincentium
2010 5386 2059 5434 et
2084 5376 2410 5440 Gallienum,
2443 5383 2571 5430 tom.
2602 5371 2690 5436 IV,
2719 5370 2821 5426 col.
2850 5368 2975 5425 805.

481 5516 846 5585 Quamobrem
875 5519 1093 5590 Aquila,
1114 5527 1168 5573 et
1197 5518 1579 5591 Symmachus,
1609 5526 1665 5571 et
1689 5514 1989 5571 Thcodotio

409 5604 644 5673 incitati,
673 5609 949 5665 diversum
977 5624 1114 5679 pene
1146 5624 1286 5678 opus
1318 5611 1370 5662 in
1397 5609 1585 5663 eodem
1614 5622 1775 5676 opere
1807 5605 1990 5675 prodi-

398 5678 650 5781 iderunt;
686 5700 795 5755 aiio
834 5703 1042 5757 nitente
1082 5703 1305 5755 verbum
1341 5701 1407 5755 de
1445 5701 1611 5755 verbo
1648 5700 1986 5769 exprimere,

413 5795 523 5851 alio
555 5810 775 5851 sensum
805 5795 987 5865 potius
1018 5795 1194 5866 sequi,
1233 5794 1394 5851 tertio
1426 5810 1534 5849 non
1567 5788 1797 5848 multum
1829 5807 1858 5846 a
1895 5807 1988 5847 ve-

2096 5512 2303 5569 teribus
2344 5511 2671 5581 discrepare.
2710 5509 2911 5577 Quinta
2953 5516 3136 5562 autem
3177 5514 3230 5561 et
3261 5504 3429 5561 Sexta
3465 5514 3524 5559 et
3576 5501 3664 5559 Se

2096 5605 2265 5676 ptima
2315 5603 2518 5665 editio,
2569 5601 2695 5655 licet
2748 5600 2947 5670 quibus
2981 5606 3311 5655 censeantur
3345 5596 3670 5651 auctoribus

2097 5700 2379 5770 ignoretur
2405 5739 2417 5762 ,
2456 5705 2634 5750 tamen
2666 5695 2740 5747 ita
2788 5691 3122 5763 probabilem
3168 5691 3253 5745 sui
3298 5688 3674 5744 diversitatem

2101 5798 2279 5846 tenent
2302 5829 2316 5850 .
2350 5796 2408 5843 ut
2438 5784 2817 5843 auctoritatem
2851 5782 2969 5841 sine
2998 5779 3313 5838 nominibus
3349 5780 3673 5837 meruerint.
