3832 6214
395 358 504 425 ’139
1448 360 1868 418 τΕδΤῙΜΟΝΙΑ
1906 360 1974 416 1N
2017 359 2172 415 vn.
2217 357 2548 413 manna.
3289 337 3296 344 ’
3511 360 3620 417 uo

1578 489 1661 540 Ex
1687 487 1866 541 eadem
1893 484 2171 548 Chronico,
2196 502 2250 554 p.
2286 483 2417 539 265.

465 572 625 630 Anno
642 587 706 632 ’γι
744 575 1048 644 Commodi,
1068 571 1373 629 indictione
1401 592 1498 641 vu,
1525 592 1672 632 coss.
1697 577 1948 632 Marcello
1977 630 1978 637 η

2118 578 2207 642 ς’.
2251 575 2366 630 Ἰνδ.
2401 573 2465 638 ζ’.
2515 575 2640 629 ’Υπ.
2682 573 3002 646 Μαρκέλλου
3052 577 3145 630 καὶ
3175 575 3445 630 Αίλιανοῦ.
3489 577 3616 630 Ἐπὶ

390 679 444 726 et
464 667 701 726 Eliano.
729 665 826 722 His
854 681 999 723 coss.
1031 666 1332 724 Theodotio
1355 667 1576 738 quidam
1604 666 1903 722 Ponticuse

2104 666 2156 720 ὒν
2201 668 2574 737 προκειμένων
2619 666 2860 733 ὑπάτων,
2891 667 3184 721 θεοδοτίων
3226 685 3310 732 τις
3344 667 3439 721 τοῦ
3471 668 3617 722 Πόν-

391 759 734 818 successione
783 757 1069 816 Marcionis
1117 758 1525 825 haeresiarchas,
1576 759 1671 829 qui
1717 768 1771 813 et
1832 758 1904 829 ips

2191 758 2300 812 ἀπὸ
2341 759 2441 829 τῆς
2475 759 2726 832 διαδοχῆς
2755 759 3079 832 Μαρκίωνος
3111 759 3204 813 τοῦ
3238 761 3616 832 αἱρεσιάρχου,
3662 776 3703 838 ζ

391 850 592 920 Sinope
635 850 896 905 oriundus
935 857 1072 915 erat,
1119 849 1329 918 eiurata
1369 849 1615 918 ejusdem
1645 848 1902 916 haeresi,i

2102 848 2142 902 »ὖ
2177 850 2273 904 ἀπ’
2313 849 2483 922 αὐτῆς
2513 849 2763 922 Σινώπης
2802 851 3144 924 ὁρμωμένου,
3184 853 3278 905 καὶ
3315 852 3474 916 αὐτὸς
3509 869 3615 924 μη·-

386 941 726 998 Judaismum
752 941 1044 997 declinavit
1072 957 1088 1008 ;
1124 955 1358 1011 cumque
1387 955 1577 995 eorum
1599 940 1860 995 elementa
1891 959 1899 991 ε

2105 941 2179 994 ὦν
2211 943 2278 1013 τῇ
2313 942 2449 1013 αὐτῇ
2479 942 2708 1014 αἱρέσει,
2736 944 2829 996 καὶ
2868 944 2948 1007 είς
2985 943 3313 1015 ’Ῑουδαῖσμὸν
3335 944 3614 1007 ἐκκλίνας,

387 1035 630 1105 linguam
660 1033 958 1099 didicisset,
982 1032 1258 1104 propriam
1297 1041 1350 1086 et
1382 1033 1496 1101 ipse
1537 1033 1900 1102 interpretatio

2101 1033 2142 1085 ιὶ
2178 1031 2247 1085 τὰ
2288 1033 2465 1086 αὐτῶν
2514 1037 2749 1105 στοιχεῖα
2785 1035 2879 1088 καὶ
2909 1035 3161 1104 γλῶσσαν
3207 1035 3414 1106 μαθὼν,
3463 1035 3614 1101 ἰδίως

386 1140 510 1180 nem
539 1124 726 1192 edidit,
753 1124 809 1178 in
834 1124 1018 1179 mu‘ltis
1045 1139 1172 1179 cum
1213 1121 1354 1177 LXX
1387 1122 1773 1192 lnterpretibus
1813 1137 1899 1178 cor

2102 1124 2144 1176 ι).
2169 1125 2329 1189 αὐτὸς
2361 1125 2618 1192 ἐξέδωκεν
2642 1124 2711 1179 τὰ
2735 1126 2959 1180 πλεῖστα
2982 1129 3096 1190 τοῖς
3127 1127 3226 1180 OB'
3252 1127 3615 1198 ὲρμηνευταίς

387 1215 646 1284 sentiens,
682 1224 744 1272 ut
772 1217 841 1274 de
872 1216 968 1272 illo
999 1214 1164 1271 refert
1186 1213 1522 1285 Epiphanius
1545 1213 1798 1286 Cyprius.

2106 1213 2360 1285 ινᾴδοντα,
2389 1215 2465 1278 ὡς
2486 1215 2578 1268 καὶ
2614 1216 2814 1286 ἱστορεῖ
2849 1216 2978 1290 περὶ
3003 1215 3194 1270 τούτου
3229 1216 3539 1286 Ἑπιφάνιος
3581 1215 3619 1267 6

2049 1303 2313 1375 Κύπριος.

1593 1412 1678 1467 Ex
1703 1414 1880 1469 cadent
1913 1414 2192 1485 Chronico,
2223 1436 2275 1489 p.
2305 1419 2428 1475 266.

459 1534 619 1589 Anno
652 1530 840 1589 Severi
869 1546 946 1596 rx,
996 1529 1182 1589 indict.
1218 1545 1333 1597 \lﬂ,
1375 1545 1518 1589 coss.
1589 1531 1787 1591 Severo
1832 1533 1948 1590 Au-

2118 1538 2193 1591 Θ’.
2244 1539 2360 1593 Ἰνδ.
2405 1547 2474 1612 η’.
2515 1543 2638 1598 ’Υπ.
2679 1543 2915 1616 Σεϐήρου
2964 1543 3272 1613 Αὐγούστου
3320 1543 3380 1596 τὸ
3411 1542 3466 1596 Γ¹
3510 1543 3614 1597 καὶ

389 1633 550 1698 gusto
564 1621 634 1678 Ill
661 1631 716 1678 et
739 1621 1035 1677 Antonino.
1061 1619 1157 1676 His
1183 1620 1536 1692 temporibus,
1576 1619 1902 1695 Symmachu

2098 1629 2395 1687 \vrmvivou.
2464 1634 2550 1686 Ἐν
2613 1634 2818 1699 τούτοις
2873 1636 3117 1708 χρόνοις,
3170 1635 3462 1708 Σύμμαχός
3520 1654 3611 1699 τις

383 1717 602 1788 quidam
634 1714 1027 1782 Samaritanus,
1044 1713 1138 1784 qui
1161 1713 1302 1769 inter
1325 1722 1488 1770 sectae
1515 1730 1626 1771 suae
1644 1715 1896 1786 sapientic

2096 1720 2388 1793 ιμαρείτης
2436 1723 2544 1777 τῶν
2592 1725 2722 1796 παρ’
2755 1727 2939 1790 αὐτοῖς
2993 1725 3190 1796 σοφῶν,
3232 1726 3307 1796 μὴ
3353 1724 3609 1797 τιμηθεὶς

384 1823 470 1866 res
509 1807 917 1875 numerabatur,
941 1821 1064 1862 cum
1086 1805 1229 1876 apud
1246 1811 1457 1876 gentem
1485 1820 1640 1861 suam
1669 1807 1726 1861 in
1739 1808 1897 1864 honor

2092 1809 2150 1861 πὸ
2181 1808 2274 1863 τοῦ
2313 1810 2440 1864 ἰδίου
2483 1811 2687 1878 ἔθνους,
2721 1816 2952 1888 νοσήσας
2994 1815 3302 1887 φιλαρχίαν,
3336 1817 3430 1870 καὶ
3469 1818 3605 1886 ἀγα-

383 1912 492 1952 non
526 1896 836 1962 haberetur,
877 1863 1186 1950 ambitionis
1233 1863 1288 1949 et
1342 1892 1575 1950 affectati
1607 1896 1896 1968 principatt

2091 1900 2318 1972 ικτήσας
2350 1899 2490 1956 κατᾶ
2526 1903 2624 1974 τῆς
2644 1863 2804 1968 νἰξίας
3467 1863 3604 1960 ’ἶᾷξ-

383 1988 576 2044 morbo
591 1987 874 2054 laborans,
901 1986 1298 2043 contribulibus
1331 1987 1447 2042 suis
1470 1986 1738 2056 infensus,
1768 1989 1896 2044 adJI

2092 1988 2230 2053 ιίοις,
2260 1991 2353 2043 καὶ
2379 1992 2784 2065 προσηλυτεύει,
2814 1997 2907 2050 καὶ¹
2935 1995 3316 2069 περιτέμνεται
3345 1995 3605 2068 δευτέραν

381 2081 529 2136 datos
548 2079 818 2151 migravit,
846 2087 902 2135 et
926 2078 1230 2151 proselytus
1254 2078 1430 2135 factus
1447 2079 1684 2135 secundo
1711 2079 1894 2134 circun

2091 2085 2360 2156 εριτομήν.
2405 2079 2571 2152 Οὗτος
2609 2083 2703 2144 οὖν
2745 2091 2881 2163 πρὸς
2923 2091 3250 2165 διαστροφὴν
3293 2091 3403 2146 τῶν
3448 2088 3604 2161 παρὰ

381 2174 530 2230 cisus
548 2180 649 2230 est.
679 2171 777 2228 Hic
802 2173 965 2245 igitur
987 2180 1048 2227 ut
1063 2170 1527 2228 Samaritanorum
1552 2171 1894 2243 interpretatie

2092 2174 2404 2246 ιμαρείταις
2456 2179 2758 2251 ἐρμηνειῶν
2819 2181 3191 2256 ἑρμηνεύσας,
3253 2183 3350 2255 τὴν
3407 2181 3605 2254 τρίτην

383 2280 480 2341 nes
508 2273 790 2331 everteret,
822 2264 1038 2320 tertiam
1057 2262 1227 2319 edidit
1252 2263 1768 2334 interpretationem.
1809 2261 1896 2318 ΗΞ

2091 2264 2298 2328 ξέδωκεν
2343 2269 2656 2340 ἑρμηνείαν.
2698 2272 2883 2328 Ταῦτα
2934 2274 3245 2344 Ἐπιφάνιος
3286 2274 3316 2326 ὁ
3355 2271 3604 2343 Κύπριος

381 2355 714 2428 Epiphanius
740 2355 972 2427 Cyprius
998 2354 1066 2410 de
1093 2355 1267 2412 tribus
1316 2354 1698 2425 interpretibus
1719 2353 1894 2426 Aquit:

2090 2356 2170 2428 ερὶ
2199 2357 2307 2411 τῶν
2349 2361 2512 2431 τριῶν
2547 2363 2928 2436 ἐρμηνευτῶν,
2969 2365 3188 2436 Ἀκύλα,
3232 2364 3328 2420 καὶ
3371 2364 3603 2435 Συμμά-

379 2447 708 2522 Symmacho
729 2455 784 2504 et
809 2445 1182 2504 Theodotione
1204 2445 1467 2502 narravit.

1388 2445 1467 2502 rit.
2038 2465 2157 2518 χου,
2190 2449 2282 2502 καὶ
2313 2449 2660 2519 Θεοδοτίωνος
2687 2455 2901 2527 έθηκεν.

731 2591 815 2647 Ex
845 2591 1068 2662 εμπορδὶ
1095 2587 1385 2661 Scriptum
1405 2605 1594 2656 sacrm,
1623 2605 1738 2659 quae
1768 2589 2295 2646 inter’Athanasiana
2329 2609 2488 2664 opera
2513 2597 2753 2665 habetur,
2783 2607 2908 2652 tam.
2935 2596 2999 2665 ll,
3023 2598 3221 2669 ρ.105.

446 2718 601 2770 Ποῖαι
648 2714 743 2770 καὶ
781 2713 942 2768 πόσαι
974 2711 1298 2785 παραδόσεις
1336 2709 1444 2764 εἰσὶ
1477 2709 1573 2780 τῆς
1609 2708 1758 2772 θείας
1789 2707 2031 2779 Γραφῆς’
2079 2709 2189 2764 εἴτε
2230 2706 2322 2765 οὖν
2362 2712 2469 2766 ἀπὸ
2516 2712 2802 2788 Ἑϐραῖκού
2851 2718 2930 2782 εἰς
2971 2715 3031 2771 τὸ
3077 2714 3384 2789 Ἑλληνικὸν
3428 2716 3613 2788 ἑρμη-

380 2812 533 2874 νεῖαι,
565 2806 661 2861 καὶ
685 2805 828 2866 τίνες
856 2805 908 2861 οἱ
933 2803 1131 2876 ταύτην
1164 2800 1620 2875 έρμηνεύσαντες,
1655 2799 1751 2854 καὶ
1785 2797 1933 2853 πότε.

448 2949 574 3005 Haec
621 2956 807 3019 utpote
841 2961 909 3002 ex
955 2945 1259 3018 Epiphanio
1283 2946 1566 3016 desumpta
1606 2952 1660 3000 et
1685 2943 1933 3014 longius-

1219 2960 1259 3003 ιο
1283 2946 1566 3016 desumpta
1606 2952 1660 3000 et
1685 2943 1933 3014 longius-
2109 2945 2307 3019 Πρώτη
2332 2946 2499 3012 ἐστὶν,
2529 2964 2584 3004 κ.
2609 2961 2662 3001 τ.
2681 2945 2732 3003 λ.

367 3042 498 3100 .eula
524 3041 1023 3112 pratermittuntur.

1430 3171 1545 3228 Ado
1579 3171 1637 3226 in
1670 3167 1931 3227 Chronico
1957 3168 2020 3225 de
2053 3176 2278 3238 tempore
2300 3166 2547 3222 Adriani.

446 3310 718 3370 Paridem
764 3317 978 3382 tempus
1023 3307 1218 3381 Aquiia
1261 3306 1519 3364 Ponticus
1549 3307 1814 3374 interpres
1851 3302 2120 3362 secundus
2148 3311 2270 3371 post
2300 3299 2440 3356 LXX
2465 3301 2660 3357 oritur.

1502 3419 1653 3476 Idem
1672 3420 1729 3474 in
1753 3416 2034 3484 Chronico,
2055 3417 2149 3472 sub
2175 3417 2481 3474 Commodo.

441 3509 780 3595 Theodotio.
825 3535 1092 3608 Ephesius
1128 3536 1396 3608 interpres
1432 3533 1626 3591 tertius
1664 3533 1929 3604 apparuit.

1355 3653 1506 3710 Idem
1542 3653 1596 3708 in
1622 3652 1901 3719 Chronico,
1935 3651 2004 3706 ad
2030 3649 2275 3706 Severum
2303 3649 2456 3720 imp.,
2489 3663 2543 3718 ρ.
2579 3645 2700 3704 790.

439 3773 804 3848 Symmachus
825 3775 1095 3848 interpres
1120 3784 1348 3850 quartus
1379 3773 1714 3848 agnoscitur.
1783 3801 1792 3812 ο
