3832 6214
226 273 336 330 ΗΒ

517 763 525 772 ⁸
544 805 943 861 ΣΥΜΜΑΧΟΣ.

293 970 348 1058 l:
378 970 466 1023 Ἐν
485 970 634 1058 ’ἀρχῇ
652 969 862 1053 ἔκτισεν
881 973 909 1025 6
923 970 1053 1034 Θεὸς
1069 970 1160 1024 τὸν
1175 970 1268 1024 οὑ-

219 1041 388 1112 ρεινὸν
414 1042 508 1095 καὶ
530 1041 627 1112 τὴν
653 1042 774 1113 γῆν.

289 1137 347 1192 2.
391 1139 457 1191 Ἦ
496 1138 553 1192 δέ
588 1139 661 1209 γῆ
700 1139 914 1208 ἐγένετο
962 1140 1128 1210 ἀργὸν
1173 1141 1269 1193 καὶ

216 1209 568 1280 ἀδιάκριτον,
624 1212 713 1263 καὶ
771 1210 960 1273 σκότος
1007 1209 1269 1264 ἐπέκειτο

215 1281 656 1353 ἐπὶῌπρόσωπον
705 1282 804 1353 τῆς
865 1281 1125 1344 ἀϐύσσου,
1179 1283 1268 1334 καὶ

215 1350 441 1424 πνεῦμα
505 1350 639 1424 Θεοῦ
720 1350 1110 1424 ἐπιφερόμενον
1178 1353 1270 1405 ἐπὶ

214 1423 512 1492 πρόσωπον
544 1421 770 1476 ὑδάτων.

289 1516 344 1568 ’5.
399 1514 511 1567 Καὶ
558 1511 710 1567 εἶπεν
764 1516 793 1567 6
857 1515 1018 1580 Θεός’

214 1585 356 1652 φῶς,
389 1586 483 1637 καὶ
517 1586 731 1654 ἐγένετο
761 1585 895 1654 φῶς.

287 1679 343 1732 4.
387 1680 496 1734 Kal
521 1676 657 1733 εἶδεν
697 1683 725 1734 6
763 1681 894 1744 Θεὸς
927 1681 988 1734 τὸ
1024 1681 1139 1749 φῶς
1178 1683 1260 1736 ὅτι

213 1751 404 1824 καλὸν,
456 1751 548 1824 καὶ
593 1751 885 1824 διέστειλεν
932 1754 961 1804 6
1001 1752 1132 1824 Θεὸς
1164 1770 1261 1824 ps-

212 1819 350 1884 ταξὺ
406 1821 502 1874 τοῖ’»
545 1823 720 1891 φωτὸς
770 1822 863 1876 καὶ
915 1822 1116 1893 μεταξὺ
1165 1819 1257 1876 τοῦ

215 1893 463 1955 σκότους.

1083 1516 1264 1570 Ἔστω

287 1987 341 2061 5.
379 1989 489 2041 Kal
515 1989 772 2044 ἐκάλεσεν
799 1991 828 2043 6
850 1991 984 2054 Θεὸς
1015 1990 1092 2061 τῷ
1121 1991 1261 2060 φωτὶ

212 2059 448 2131 ἡμέραν,
487 2061 581 2114 καὶ
628 2061 725 2131 τὴν
776 2062 992 2114 σκοτίαν
1037 2059 1260 2116 ἐκάλεσε

211 2129 406 2204 νύκτα.
463 2131 583 2204 Kal
625 2129 838 2204 ἐγένετο
890 2132 1115 2204 ἐσπέρα,
1167 2134 1261 2187 καὶ

212 2201 435 2268 ἐγένετο
449 2201 612 2274 πρωῒ,
641 2203 826 2273 ἡμέρα
859 2203 975 2275 μία.

107 2329 122 2338 -
285 2294 340 2348 6.
360 2296 486 2369 Kal
519 2293 673 2350 εἶπεν
705 2298 734 2349 6
771 2297 934 2361 Θεός·
969 2299 1258 2369 Γενηθήτω

213 2365 505 2439 στερέωμα
561 2369 646 2439 ἐνᾼ
680 2369 828 2439 μέσῳ
891 2365 1118 2430 ὑδάτων.
1165 2365 1258 2423 καὶ

211 2437 721 2512 ἔστω-διαχωριζον
764 2437 822 2493 ἐν
873 2441 1023 2512 μέσῳ
1067 2440 1258 2504 ὓδατος

209 2508 307 2560 καὶ
339 2509 420 2571 εις
447 2508 608 2579 ὕδωρ.

281 2600 339 2655 7.

282 3046 336 3118 8.
364 3047 474 3098 Kal
501 3047 758 3102 ἐκάλεσεν
785 3049 814 3101 6
859 3047 990 3112 Θεὸς
1027 3045 1105 3118 τῷ
1129 3065 1248 3102 στε-

247 3117 456 3186 εώματι
521 3118 769 3189 οὐρανόν.
848 3119 961 3172 Καὶ
997 3188 1003 3189 γ
1033 3117 1249 3186 ἐγένετο

207 3136 456 3241 senatus:
521 3136 769 3189 ουρανον.
850 3136 961 3172 nat
1033 3136 1249 3186 εγενετο

214 3189 418 3261 Ασπὲρα
462 3190 555 3241 καὶ
599 3189 816 3257 ἐγένετο
871 3188 1034 3261 πρωῒ.
1068 3189 1250 3261 ἡμέρα

203 3259 456 3329 δευτέρα.

505 3434 954 3493 SYMMACHUS.

282 3593 335 3645 l.
361 3591 420 3645 In
442 3589 710 3662 principio
735 3587 938 3642 creavit
964 3585 1106 3643 Deus
1133 3603 1242 3643 cce—

208 3661 328 3718 lum
355 3671 412 3716 et
433 3661 654 3717 terram.

279 3764 335 3814 9..
381 3761 550 3816 Terra
597 3769 776 3815 autem
825 3768 943 3814 erat
988 3759 1164 3813 otiosa
1196 3764 1248 3810 et

206 3833 549 3897 indistincta,
584 3841 637 3885 et
686 3831 923 3886 tenebra:
970 3830 1251 3884 incumbe-

205 3905 344 3957 bant
383 3919 546 3971 super
578 3902 771 3957 faciem
815 3900 1018 3972 abyssi,
1053 3909 1107 3954 et
1139 3899 1250 3972 spi-

206 3976 352 4027 ritus
380 3970 473 4028 Dei
503 3970 944 4042 superterebatur
977 3987 1141 4042 super
1169 3970 1250 4024 fa-

205 4047 347 4098 ciem
379 4060 660 4114 aquarum.

277 4142 332 4195 5.
368 4141 435 4195 Et
483 4143 620 4196 dixit
661 4139 804 4194 Deus
858 4159 870 4195 :

204 4213 351 4267 facta
387 4225 469 4268 est
498 4214 611 4267 lux.

280 4309 335 4360 4.
395 4306 460 4360 Et
504 4308 638 4362 vidit
692 4307 836 4362 Deus
890 4307 1063 4359 lucem
1115 4303 1242 4372 quia

203 4377 372 4434 bona.
407 4377 470 4432 Et
497 4378 742 4433 distinxit
788 4379 934 4432 Deus
977 4376 1118 4429 inter
1162 4375 1243 4428 lu-

203 4464 326 4504 cem
352 4457 407 4504 et
444 4449 586 4503 inter
616 4449 890 4505 tenebras.

278 4541 331 4597 5.
367 4541 432 4596 Et
472 4545 686 4598 vocavit
733 4543 875 4598 Deus
927 4543 1034 4599 luci
1073 4542 1238 4604 diem,

203 4623 259 4666 et
311 4613 561 4668 tenebras
609 4614 823 4670 vocavit
884 4623 1118 4668 noctem.
1176 4611 1242 4666 Et

203 4683 410 4738 factum
443 4694 524 4738 est
572 4700 814 4754 vespere.
846 4696 899 4740 et
927 4683 1129 4739 factum
1156 4693 1242 4738 est

201 4755 514 4822 .nane,dies
549 4770 711 4810 unus.

277 4846 327 4898 6.
360 4845 426 4900 Ει
469 4847 605 4902 dixit
642 4847 784 4903 Dens
835 4866 847 4902 :
891 4847 1013 4902 Fiat
1052 4847 1236 4901 ﬁrma-

203 4926 448 4989 mentum
475 4917 527 4989 in
560 4919 738 4973 medio
770 4934 1061 4989 aquarum,
1087 4927 1144 4972 et
1169 4917 1241 4989 sit

202 4988 450 5041 dividens
503 4988 557 5043 in
616 4988 1012 5060 medio’aqua:
1075 4997 1130 5044 et
1186 4988 1240 5041 in

202 5074 425 5128 aquam.

277 5153 329 5209 7.

929 4137 1011 4194 Sit
1038 4139 1153 4203 lux,
1190 4145 1243 4191 et

273 5529 325 5583 8.
359 5529 425 5585 Et
450 5532 665 5587 vocavit
696 5531 838 5588 Deus
896 5533 1238 5589 ﬁrmamento

203 5601 420 5674 caelum.
458 5600 524 5656 Et
566 5602 770 5657 factum
809 5615 891 5659 est
922 5621 1146 5674 vespere
1185 5614 1239 5660 et

206 5671 406 5728 factum
439 5682 521 5730 est
550 5689 732 5742 mane,
760 5675 874 5732 dies
905 5671 1198 5732 secundus.

1587 277 1876 333 GENESIS
1913 277 2066 335 CAP.
2117 280 2160 336 l.

1557 539 1799 606 CAPUT
1842 551 1870 611 Ι
1908 552 2246 619 GENESIS.

1824 807 1900 859 0’.

1414 972 1462 1023 l.
1629 972 1773 1051 ἀρχῇ
1808 970 2058 1051 ἐποίησεν
2089 972 2118 1023 6
2141 969 2273 1034 Θεὸς
2296 968 2389 1024 τὸν

1341 1042 1568 1112 οὐρανὸν
1597 1041 1690 1094 καὶ
1717 1043 1814 1113 τὴν
1842 1041 1966 1110 γῆν.

1408 1139 1460 1192 2.
1504 1139 1569 1210 'll
1601 1138 1655 1192 δὲ
1685 1140 1754 1210 γῆ
1782 1133 1850 1210 ἦν
1878 1139 2103 1210 ἀόρατος
2133 1140 2224 1192 καὶ
2249 1138 2384 1194 ἀκα-

1339 1209 1725 1274 τασκεύαστος,
1746 1209 1843 1263 καὶ
1868 1209 2057 1274 σκότος
2081 1212 2263 1266 ἐπάνω
2286 1212 2384 1275 τῆς

1340 1229 1725 1274 τασκευαστος,
1750 1229 1843 1263 και
1868 1229 2057 1274 σκοτος
2081 1229 2263 1266 επανω
2286 1229 2318 1264 τ
2357 1229 2384 1275 ς

1340 1281 1598 1342 ἀϐύσσου,
1629 1281 1722 1333 καὶ
1763 1281 1980 1349 πνεῦμα
2017 1282 2152 1335 Θεοῦ
2184 1229 2384 1351 ἐπεφτέ-

1345 1369 1466 1422 ρετο
1507 1351 1690 1405 ἐπάνω
1721 1351 1816 1404 τοῦ
1852 1351 2061 1415 ὓδατος.

1415 1515 1467 1568 5.
1499 1515 1608 1568 Kal
1643 1509 1791 1586 εἶπεν
1831 1516 1859 1567 6
1899 1515 2033 1586 Θεός
2054 1531 2065 1543 ⁸
2097 1514 2384 1586 Γενηθήτω

1335 1586 1469 1656 φῶς,
1499 1586 1593 1638 καὶ
1619 1585 1834 1654 ἐγένετο
1861 1584 1996 1654 φῶς.

1407 1682 1459 1735 4.
1495 1683 1603 1735 Kal
1638 1677 1775 1735 εἶδεν
1805 1682 1833 1733 6
1875 1681 2004 1744 Θεὸς
2036 1681 2098 1733 τὸ
2125 1682 2259 1750 φῶς,
2295 1682 2377 1735 ὅτι

1333 1752 1513 1806 καλόν.
1547 1753 1656 1805 Καὶ
1699 1750 2016 1822 διεχώρισεν
2045 1754 2074 1804 6
2109 1753 2241 1815 Θεὸς
2274 1753 2378 1805 ἀνὰ

1334 1823 1495 1894 μέσον
1544 1823 1648 1894 ,τοῦ
1699 1822 1877 1892 φωτὸς
1922 1823 2014 1876 xal
2055 1822 2158 1876 ἀνὰ
2213 1823 2375 1892 μέσον

1329 1893 1420 1947 τοῦ
1459 1893 1701 1957 σκότους.

1405 1991 1457 2044 5.
1495 1993 1605 2045 Καὶ
1649 1991 1906 2045 ἐκάλεσεν
1933 1993 1962 2044 6
1989 1991 2122 2055 Θεὸς
2147 1991 2209 2045 τὸ
2237 1991 2373 2060 φῶς,

1334 2063 1579 2134 ἡμέραν,
1637 2063 1732 2116 καὶ
1781 2061 1844 2134 τὸ
1902 2063 2094 2124 σκότος
2137 2061 2375 2134 ἐκάλεσε

1332 2131 1520 2206 νύκτα.
1580 2135 1716 2206 Kal_
1745 2133 1959 2206 ἐγένετο
2015 2133 2241 2206 ἑσπέρα,
2283 2135 2378 2188 καὶ

1333 2203 1548 2272 ἐγένετο
1580 2202 1744 2274 πρωῒ,
1775 2203 1957 2276 ἡμέρα
1991 2203 2108 2274 μία.

1403 2297 1455 2351 6.
1478 2297 1596 2369 Kal
1625 2294 1780 2350 εἶπεν
1802 2299 1844 2369 _6
1883 2296 2016 2369 Θεός
2085 2297 2375 2369 Γενηθήτω

1332 2368 1618 2440 στερέωμα
1651 2367 1896 2440 ἐνημέσῳ
1926 2367 2021 2440 τοᾷ
2046 2365 2252 2440 ὕδατος,
2280 2365 2375 2423 καὶ

1330 2436 1472 2509 ἔστω
1499 2436 1818 2509 διαχωρίξον
1847 2436 2127 2509 ἆναμέσονγ
2159 2438 2372 2504 ὓδατος,

1331 2508 1422 2564 καὶ
1452 2508 1643 2574 ὓδατος
1663 2508 1680 2539 ’⁷
1711 2509 1804 2562 καὶ
1832 2508 2046 2578 ἐγένετο
2073 2508 2266 2573 οὕτως.

1402 2603 1453 2656 7.
1494 2601 1611 2672 Kal,
1648 2601 1902 2672 ἐποίησεν
1939 2603 1968 2655 6
1999 2601 2132 2665 Θεὸς
2165 2601 2228 2657 τὸ
2256 2618 2374 2654 στε-

1335 2673 1542 2744 ρέωμα.
1575 2671 2069 2744 Καὶμδιεχώριοίενῌό
2089 2672 2223 2744 Θεὸς
2247 2673 2373 2744 ἀνα-

1335 2738 1500 2813 μέσον
1529 2743 1624 2796 τοῦ
1647 2812 1654 2814 _
1679 2738 1890 2806 ὓδατος,
1937 2742 1966 2814 6
2017 2738 2086 2814 ἦν
2113 2743 2371 2814 ὑποκάτω

1336 2812 1424 2886 τοῦ
1468 2812 1862 2886 στερειῖψατος,
1879 2812 2260 2886 καὶρκὲαμέσον
2279 2812 2372 2867 τοῦ

1331 2882 1522 2949 ὕδατος
1562 2882 1886 2938 τοῦἐπάνω
1912 2883 2005 2936 τοῦ
2054 2882 2372 2956 στερεώμα-

1393 3049 1444 3103 8.
1475 3049 1584 3102 Kal
1609 3047 1865 3102 ἐκάλεσεν
1913 3048 1944 3101 6
1992 3047 2125 3111 Θεὸς
2151 3047 2210 3100 τὸ
2245 3064 2366 3100 στε-

1325 3119 1510 3190 ρέωμα
1529 3119 1778 3190 οὐρανόν.
1801 3119 1910 3190 Kal
1925 3118 2143 3190 ἐγένετο
2161 3118 2368 3190 ἑσπέρα

1493 3188 1708 3259 ἐγένετο
1765 3189 1946 3261 πρωῒ,
2002 3188 2187 3261 ἡμέρα
2251 3189 2374 3243 δευ-

1504 3437 1646 3490 LXX
1686 3436 2188 3492 INTERPRETES.

1391 3587 1440 3641 Ι.
1481 3589 1537 3641 1η
1586 3587 1852 3657 principio
1900 3586 2026 3641 fecit
2076 3585 2219 3640 Deus
2253 3601 2364 3642 coe-

1317 3659 1428 3712 lum
1453 3668 1508 3712 et
1543 3667 1763 3712 terram.

1391 3756 1444 3809 2.
1479 3754 1646 3808 Terra
1692 3763 1872 3808 autem
1907 3763 2026 3807 erat
2070 3735 2378 3807 invisibilis.

1321 3835 1375 3880 et
1426 3826 1810 3894 incomposita,
1837 3834 1890 3878 et
1927 3824 2161 3878 tenebrae
2203 3839 2365 3894 super

1321 3893 1687 3968 abyssum,’et
1727 3895 1951 3964 spiritus
1989 3894 2082 3948 Dei
2115 3893 2362 3963 superfe-

1323 3970 1542 4024 rebatur
1575 3982 1736 4036 super
1765 3981 1984 4036 aquam.

1385 4136 1438 4189 5.
1490 4133 1557 4189 Et
1590 4132 1726 4187 dixit
1766 4129 1949 4204 Deusf:
2004 4128 2127 4184 Fiat
2161 4129 2274 4196 lux,
2307 4137 2361 4184 et

1316 4205 1459 4261 facta
1490 4213 1573 4260 est
1604 4205 1720 4259 lux.

1385 4302 1440 4355 4.
1492 4299 1558 4354 Ει
1607 4298 1744 4353 vidit
1795 4296 1938 4353 Deus
1987 4296 2186 4362 lucem,
2235 4295 2364 4366 quia

1317 4372 1480 4426 bona.
1513 4370 1579 4426 Et
1603 4369 1786 4425 divisit
1832 4369 1971 4423 Deus
2004 4369 2146 4423 inter
2180 4368 2358 4422 lucem

1317 4453 1370 4498 et
1411 4444 1551 4496 inter
1581 4441 1854 4496 tenebras.

1387 4539 1440 4594 5.
1470 4537 1536 4590 Et
1567 4536 1780 4590 vocavit
1805 4535 2162 4598 Deuslucem,
2186 4534 2352 4598 diem;

1312 4621 1365 4664 et
1426 4609 1678 4664 tenebras
1727 4606 1941 4661 vocavit
1998 4615 2237 4659 noctem.
2290 4606 2358 4659 Et

1313 4683 1513 4735 factum
1545 4688 1629 4732 est
1653 4691 1897 4746 vespere,
1931 4686 1984 4732 et
2027 4676 2232 4732 factum
2275 4686 2358 4732 est

1312 4767 1499 4811 mane,
1517 4750 1643 4804 dies
1667 4763 1831 4803 unus.

1380 4844 1433 4899 6.
1474 4843 1538 4897 Et
1575 4842 1710 4896 dixit
1756 4840 1900 4896 Deus
1938 4860 1950 4894 :
1996 4839 2122 4895 Fiat
2178 4839 2360 4895 ﬁrma-

1312 4925 1556 4970 mentum
1589 4915 1643 4967 in
1679 4913 1859 4966 medio
1893 4927 2068 4981 aqum,
2101 4919 2155 4964 et
2185 4912 2259 4966 sit
2283 4911 2362 4965 di-

1315 4985 1507 5040 videns
1536 4985 1676 5038 inler
1703 4998 1924 5052 aquam,
1957 4991 2011 5036 et
2037 4997 2258 5051 aquam.
2296 4981 2362 5036 Et

1318 5056 1522 5112 factum
1563 5064 1646 5109 est
1668 5055 1762 5108 ita.

1391 5152 1442 5208 7.
1477 5151 1540 5205 Et
1591 5150 1718 5205 fecit
1754 5149 1896 5206 Deus
1930 5149 2356 5204 ﬁrmamentum.

1318 5223 1383 5277 Et
1412 5223 1597 5277 divisit
1625 5221 1767 5275 Deus
1798 5222 1939 5275 inter
1969 5234 2167 5290 aquam
2187 5260 2201 5284 ,
2237 5235 2360 5288 qua:

1315 5304 1432 5349 erat
1489 5295 1592 5348 sub
1652 5293 2041 5357 ﬁrmamento,
2102 5298 2158 5344 et
2218 5293 2360 5344 inter

1317 5380 1514 5433 aquam
1547 5403 1563 5426 ,
1623 5378 1746 5432 qua:
1790 5373 1902 5424 erat
1961 5375 2125 5432 super
2170 5361 2357 5415 ﬁrma-

1316 5445 1578 5490 mentum.

1385 5533 1438 5587 8.
1486 5530 1553 5584 Et
1597 5530 1810 5584 vocavit
1859 5529 2003 5584 Deus
2045 5531 2360 5583 ﬁrmamen-

1313 5615 1425 5658 tum
1455 5644 1469 5668 ,
1503 5601 1700 5656 caelum
1732 5619 1744 5654 :
1796 5609 1850 5654 et
1899 5600 2102 5654 factum
2155 5608 2238 5654 est
2265 5615 2359 5653 ve-

1313 5688 1468 5743 spere
1495 5715 1508 5737 ,
1557 5681 1611 5724 et
1645 5672 1844 5727 factum
1879 5681 1961 5726 est
2002 5687 2162 5726 mane
2188 5711 2204 5736 ,
2239 5672 2355 5726 dies

1314 5743 1602 5801 secundus.

3410 283 3518 334 “ﬁ

2784 803 3160 859 ΘΕΟΔΟΤΙΩΝ
3169 845 3180 858 .

2539 971 2588 1024 l.
2632 971 2722 1042 Ἑν
2762 971 2903 1042 ἀρχῇ
2943 971 3155 1025 ἔκτισεν
3199 971 3227 1024 6
3255 969 3384 1035 Θεὸς
3409 968 3508 1025 τὸν

2460 1041 2688 1113 οὐρανὸν
2709 1041 2810 1095 και
2828 1041 2926 1114 τὴν
2951 1043 3074 1113 γῆν.

2527 1139 2582 1196 2.
2632 1140 2696 1193 Ἡ
2728 1139 2786 1194 δὲ
2818 1140 2889 1211 γῆ
2917 1135 2983 1211 ἦν
3015 1141 3168 1193 κενὸν
3209 1140 3302 1211 καὶ
3344 1139 3501 1195 οὐθὲν

2457 1211 2721 1282 [ἄλλος,
2787 1210 2966 1282 οὐθὲν
3005 1211 3100 1264 καὶ
3145 1210 3356 1282 οὐθὲν],
3406 1211 3502 1282 καὶ

2458 1280 2646 1362 σκότος
2676 1281 2779 1362 ἐπὶ
2795 1280 3086 1362 προσῴπον
3119 1280 3380 1362 ἀβύσσου,
3403 1281 3498 1362 καῖ.

2457 1352 2672 1424 πνεῦμα
2741 1351 2874 1424 Θεῷ
2898 1421 2918 1424 Α
2936 1351 3340 1424 ἐπιφερόμενον
3406 1353 3499 1405 ἐπὶ

2456 1421 2746 1496 προσώπου
2770 1422 2862 1476 τοῦ
2895 1421 3107 1486 ὓδατος.

2527 1515 2580 1570 5.
2613 1515 2724 1568 Kal
2752 1507 2904 1586 εἶπεν
2935 1515 2964 1567 6
3011 1514 3176 1586 Θεός·
3209 1513 3499 1586 Γενηθήτω

2457 1587 2592 1655 φῶς,
2621 1586 2715 1640 καὶ
2744 1585 2958 1655 ἐγένετο
2989 1584 3124 1656 φῶς.

2525 1683 2578 1735 4.
2612 1683 2723 1736 Kal
2771 1677 2910 1734 εἶδεν
2953 1683 2981 1734 ὁ
3009 1681 3138 1744 Θεὸς
3163 1681 3224 1734 τὸ
3247 1680 3384 1750 φῶς,
3414 1681 3496 1734 ὄτι

2451 1753 2635 1808 καλόν.
2682 1753 2792 1806 Kal
2829 1751 3143 1822 διεχώρισεν
3162 1753 3200 1822 6
3233 1751 3363 1814 Θεὸς
3394 1752 3495 1822 ἀνα

2452 1824 2616 1893 μέσον
2641 1823 2734 1876 τοῦ
2766 1823 2943 1891 φωτὸς
2966 1821 3058 1876 καὶ
3081 1821 3184 1877 ἀνὰ
3210 1823 3372 1892 μέσον
3399 1821 3494 1875 τοῦ

2449 1895 2690 1958 σκότους.

2520 1992 2572 2062 5.
2607 1992 2716 2046 Kal
2749 1991 3006 2046 ἐκάλεσεν
3034 1993 3062 2045 6
3089 1990 3221 2055 Θεὸς
3249 1989 3328 2062 τῷ
3353 1986 3492 2062 φωτὶ

2448 2061 2662 2148 ἡμέραν
2687 2104 2736 2148 ,u
2757 2063 2872 2148 καὶ.
2909 2063 2970 2148 τὸ
3028 2063 3216 2148 σκότος
3235 2134 3246 2148 Ι
3268 2061 3493 2148 ἐκάλεσε

2449 2133 2638 2205 νύκτα.
2693 2134 2804 2186 Kal
2834 2134 3070 2205 ,ἐγένετο
3117 2134 3345 2205 ἑσπέρα,
3397 2133 3492 2185 καὶ

2451 2203 2665 2272 ἐγένετο
2706 2204 2871 2276 πρωῒ,
2907 2204 3090 2276 ἡμέρα
3124 2204 3241 2275 μία.

2519 2297 2570 2352 6.
2594 2297 2718 2372 ’Καὶ
2752 2294 2914 2372 εἷπεν
2931 2301 2959 2352 6
2997 2299 3130 2372 Θεός
3149 2317 3179 2372 χ
3194 2293 3490 2372 -Γενηθήτω

2450 2369 2737 2441 στερέωμα
2766 2371 2823 2422 ἐν
2851 2369 3000 2458 μέσῳ
3027 2369 3122 2422 τοῦ
3155 2368 3362 2432 ὕδατος,
3396 2368 3491 2422 καὶ

2449 2439 2613 2512 ἔσται⁸
2641 2439 2960 2511 διαχωριςον
2997 2440 3268 2512 ἁναμέσον
3301 2440 3490 2504 ὓδατος

2449 2512 2528 2573 εἰς
2561 2509 2746 2566 ὕδατα.

2519 2601 2568 2654 7.

2517 3044 2569 3116 8.
2604 3047 2715 3099 Καὶ
2757 3044 3012 3099 ἐκάλεσεν
3045 3047 3073 3099 6
3097 3046 3228 3110 Θεὸς
3257 3044 3335 3116 τῷ
3356 3062 3487 3116 στε-

2482 3115 2555 3172 εώ
2602 3134 2690 3170 ατι
2771 3115 3016 3188 οὐρανόν.
3091 3117 3197 3171 Καὶ
3273 3115 3488 3186 ἐγένετο

2443 3136 2653 3242 geuge:
2690 3188 2784 3242 καὶ
2837 3188 3055 3242 ἐγένετο
3083 3187 3246 3242 πρωῒ.
3305 3189 3486 3242 ἡμέρα

2445 3187 2673 3332 iga-526;“
2690 3188 2784 3242 καὶ
2837 3187 3055 3257 ἐγένετο
3083 3187 3246 3260 πρωῒ,
3305 3189 3486 3260 ἡμέρα

2758 3435 3174 3493 THEODOTIO.

2516 3587 2568 3640 Ι.
2627 3585 2684 3639 In
2748 3585 3043 3657 principio.
3077 3585 3286 3642 creavit
3343 3583 3485 3644 Deus

2436 3657 2633 3712 cazlum
2664 3664 2718 3711 et
2735 3666 2954 3712 terram.

2507 3751 2561 3804 9..
2598 3750 2769 3806 Terra
2804 3759 2986 3806 autem
3015 3759 3132 3805 erat
3159 3766 3392 3806 vacuum
3427 3760 3484 3808 et

2439 3821 2574 3894 nihil
2623 3821 2719 3894 [aL
2756 3823 2895 3894 nihil
2922 3831 2976 3876 et
3006 3821 3188 3894 nihil].
3221 3822 3287 3876 Et
3330 3831 3482 3877 tene-

2437 3893 2548 3946 brae
2577 3893 2749 3964 super
2771 3893 2966 3947 faciem
2999 3893 3201 3962 abyssi,
3232 3893 3483 3964 etAspiri-

2438 3971 2526 4017 tus
2587 3962 2681 4017 Dei
2729 3962 3002 4020 ferebatur
3061 3977 3225 4034 super
3286 3962 3479 4019 faciem

2439 4048 2613 4104 aquae.

2505 4129 2558 4183 '5.
2593 4128 2659 4183 Et
2689 4128 2826 4184 dixit
2864 4128 3010 4184 Deus
3051 4149 3064 4184 :
3108 4128 3230 4184 Fiat
3260 4128 3354 4184 lux
3377 4173 3390 4196 ,
3421 4137 3474 4184 et

2431 4198 2576 4255 facta
2609 4209 2693 4254 est
2730 4201 2842 4254 lux.

2510 4296 2564 4349 4.
2599 4294 2673 4366 Et
2712 4295 2851 4350 vidit
2902 4294 3045 4352 Deus
3100 4297 3300 4358 lucem,
3349 4295 3478 4366 quia

2434 4365 2599 4420 bona.
2635 4365 2703 4420 Et
2730 4366 2917 4421 divisit
2952 4367 3097 4423 Deus
3130 4368 3270 4422 inter
3299 4365 3477 4421 lucem

2430 4446 2485 4490 et
2515 4437 2654 4492 inter
2693 4438 2963 4493 tenebras.

2501 4533 2552 4588 5.
2583 4532 2651 4588 Et
2698 4534 2917 4590 vocavit
2965 4532 3110 4590 Deus
3151 4533 3260 4589 luci
3303 4532 3472 4598 diem,

2429 4615 2482 4659 et
2541 4605 2793 4660 tenebras
2840 4606 3056 4660 vocavit
3110 4615 3346 4660 noctem.
3407 4602 3477 4658 Et

2430 4675 2634 4730 factum
2685 4684 2768 4730 est
2793 4690 3034 4745 vespere,
3069 4685 3122 4730 et
3153 4676 3355 4730 factum
3388 4682 3475 4729 est

2430 4762 2612 4811 mane,
2646 4746 2768 4800 dies
2798 4762 2964 4801 unus.

2503 4839 2555 4894 6.
2604 4839 2672 4894 Et
2713 4839 2852 4894 dixit
2889 4837 3031 4894 Deus
3079 4857 3093 4891 :
3143 4836 3260 4892 Fiat
3296 4837 3477 4892 ﬁrma-

2432 4921 2676 4966 mentum
2723 4911 2777 4963 in
2834 4909 3015 4964 medio
3057 4923 3234 4979 aquae,
3276 4917 3332 4962 et
3371 4909 3476 4962 erit

2432 4981 2680 5037 dividens
2709 4981 2851 5035 inter
2883 4997 3055 5051 aquas
3087 4980 3143 5034 in
3172 4993 3362 5048 aquas.

2505 5147 2554 5201 7.

2504 5528 2557 5582 8.
2589 5527 2654 5582 Et
2690 5529 2906 5582 vocavit
2944 5527 3085 5584 Deus
3128 5530 3470 5584 ﬁrmamento

2435 5599 2656 5654 malum.
2688 5596 2754 5651 Et
2794 5599 2995 5653 factum
3038 5607 3124 5655 est
3162 5613 3385 5668 vespere
3416 5603 3473 5653 et

2429 5669 2630 5726 factum
2661 5678 2742 5727 est
2782 5684 2943 5726 mane
2966 5710 2980 5738 ,
3017 5669 3133 5726 dies
3170 5669 3485 5726 secundus.
