3874 6214
473 383 576 438 $03

741 627 828 678 ΤΟ
863 617 1230 676 EBPAIKUN.

1176 2619 1304 2697 pou
1351 2607 1423 2664 δε

581 2747 836 2807 V'ERSIO
873 2743 1198 2803 HEBRAICI
1227 2741 1436 2799 TEXT.

543 2869 596 2923 2.
635 2865 702 2919 Et
723 2862 888 2919 emite
908 2859 1089 2916 nobis.

543 3055 598 3109 ὅ.
627 3049 958 3107 Periculum.

542 3137 598 3192 7.
636 3135 699 3191 Et
727 3145 1044 3192 extraneum
1069 3149 1128 3190 se
1148 3133 1409 3189 ostendit.

541 3316 598 3374 9.
633 3315 1036 3387 Exploratores.

540 3407 680 3464 Nudi
691 3415 850 3462 tatem
881 3410 1062 3458 terrae.

543 3500 632 3558 11.
671 3498 846 3555 Recti.

542 3592 630 3648 12.
658 3590 972 3648 Nudltatem
1011 3603 1189 3646 terrae.

539 3684 630 3742 15.
660 3683 721 3740 In
745 3685 849 3740 hoc
875 3679 1260 3754 probabimini.

542 3844 699 3902 Vivat
723 3846 958 3902 Pharao.
1052 3911 1061 3920 Ι

540 4009 630 4066 16.
661 4009 1008 4066 Vinciemiui.

535 4103 626 4158 21.
656 4103 794 4160 Vere
823 4101 1225 4174 delinquentes.

536 4263 626 4318 27.
665 4262 898 4320 Saccum
922 4277 1104 4318 suum.

541 4355 697 4411 Sacci
729 4356 834 4411 sui.

535 4447 627 4504 28.
657 4447 884 4505 Reddita
915 4458 1016 4505 est.

538 4540 596 4594 In
631 4554 792 4595 sacco
821 4553 964 4594 meo.

538 4637 628 4693 30.
655 4636 721 4693 Et
743 4635 910 4691 dedit.

539 4729 630 4783 '56.
661 4727 836 4798 Super
865 4742 971 4783 me.

539 4821 628 4876 58.
662 4819 990 4877 Periculum.

1458 357 1933 420 HEXAPLORUM
1967 353 2134 423 QUAE
2173 346 2609 407 SUPERSUN'I.
3615 331 3724 386 501

1652 475 1908 540 CAPUT
1933 471 2108 533 XLII
2141 465 2477 529 GENESIS

1871 601 1959 653 ΤΟ
1992 595 2338 652 EBPAIKON

1757 671 2084 742 ’Ἑλληνικοῖς
2119 667 2429 736 γράμμασι.

3066 584 3254 638 ΑΚΥΔ
3262 582 3366 638 AX.

1645 767 1700 821 2.
2753 753 2804 806 2.

1640 927 1696 982 4.
2755 913 2808 968 4.
2835 912 3178 984 Σύμπτωμα.

1643 1019 1695 1074 7.
2762 1005 2812 1058 7.

1640 1179 1695 1234 9.
2756 1171 2808 1226 9.
2849 1166 3182 1237 Ἑφοδευταί.

2755 1262 2838 1315 Τὰ
2861 1262 3086 1334 κρυπτὰ
3113 1257 3215 1327 τῆς
3237 1248 3445 1321 χώρας·

1645 1363 1708 1417 11
2757 1357 2845 1412 1|.
2886 1353 3088 1427 'Upﬂot.

1643 1453 1731 1508 12.
2757 1450 2844 1505 12.
2886 1449 2967 1501 Τὰ
2997 1444 3214 1518 κρυπτὰ
3245 1443 3343 1514 τῆς
3374 1443 3499 1511 γῆς.

1644 1547 1731 1600 15.
1919 1560 1927 1568 '

1919 1560 1927 1568 ’
2761 1543 2847 1596 15.
2881 1542 2973 1594 Ἑν
2999 1537 3174 1609 τούτῳ
3200 1529 3690 1605 δοκιμασθήσεσοε.

2755 1639 2829 1707 Ζῇ
2853 1630 3054 1706 Φαραώ

1647 1803 1730 1858 16.
2760 1800 2844 1854 16.
2879 1793 3201 1868 Δεθήσεσθε.

1638 1897 1729 1950 εί·
2755 1891 2843 1943 21.
2873 1886 3120 1941 Μάλιστα
3152 1884 3206 1934 ἐν
3233 1872 3580 1951 πλημμελείᾳ

1640 1986 1731 2040 27.
2756 1983 2848 2038 27.
2883 1978 3144 2033 Θὺλακον.

2757 2074 3021 2129 Θυλάκου.

1641 2170 1734 2225 28.
2757 2168 2846 2222 28.
2866 2162 3215 2232 Ἀπεστράφη
3249 2173 3358 2227 μοι.

1645 2353 1733 2410 50.
2762 2353 2852 2406 31,.

1647 2445 1737 2500 56.
2765 2444 2854 2499 56.

1648 2603 1734 2660 58.
2765 2587 2856 2643 38.

1806 2738 2130 2797 VULGATA
2168 2738 2448 2794 LATINA.
3090 2726 3372 2796 AQUILA.

1659 2855 1713 2909 2.
1749 2853 1814 2908 Et
1842 2853 2007 2908 emite
2033 2855 2214 2911 nobis.
2775 2853 2830 2914 2.

1657 3037 1711 3090 4.
1755 3035 2045 3107 Quidpiam
2078 3038 2228 3094 mali.
2772 3040 2824 3092 1.
2851 3037 3046 3092 Casus.

1660 3127 1712 3182 7.
1746 3126 1915 3194 Quasi
1947 3129 2016 3183 ad
2041 3129 2270 3187 alienos.
2774 3130 2825 3183 7.

2769 3312 2820 3366 9.
2853 3309 3218 3364 Lustratores.

2768 3408 2992 3465 Occulta
3023 3402 3275 3475 regionis.

2769 3503 2856 3556 11.
2890 3499 3064 3555 Recti.

2768 3595 2856 3649 12.
2887 3592 3109 3648 Occulta
3141 3601 3316 3644 terrm.

2769 3687 2854 3740 15.
2891 3684 2948 3738 1η
2980 3685 3084 3738 hoc
3110 3675 3493 3752 probabunini.

1654 3310 1707 3365 9.
1745 3310 2148 3380 Exploratores.

1657 3399 1964 3456 lniirmiora
1993 3407 2167 3455 terrae.

1655 3493 1741 3547 11.
1774 3491 2015 3548 Paciﬁci.

1653 3590 1741 3645 12.
1770 3589 2076 3646 Inlirmiora
2104 3598 2282 3646 terrae.

1653 3681 1740 3764 15.
1768 3680 1887 3764 lam
1917 3699 2064 3739 nunc
2082 3685 2519 3754 experimentum
2535 3697 2626 3737 ve-

1579 3754 1680 3809 stri
1705 3754 1939 3824 capiam.

1650 3841 1755 3897 Per
1778 3844 2009 3900 salutem
2052 3841 2376 3901 Pharaonis.
2768 3843 2924 3898 Vivat
2952 3841 3185 3894 Pharao.

2769 4005 2852 4060 16.
2887 4003 3227 4058 Vinciemini.

2764 4102 2853 4154 2|.
2883 4098 3118 4152 Maxime
3146 4097 3200 4151 in
3230 4095 3447 4151 delicto.

1653 4007 1739 4062 16.
1774 4007 1940 4064 Eritis
1967 4009 2021 4063 in
2050 4009 2306 4066 vinculis.

1651 4105 1740 4158 2|.
1785 4104 1982 4187 Merito
2038 4106 2154 4162 haec
2200 4107 2437 4177 patimur
2492 4109 2618 4177 quia

1581 4189 1948 4244 peccavnmus.

1654 4266 1743 4320 27.
1777 4266 2087 4338 Apertoque
2123 4285 2266 4325 unus
2295 4285 2456 4325 sacco
2760 4261 2850 4315 97-
2888 4259 3016 4314 Vas-

1655 4355 1889 4412 Sacculi.
2768 4353 2947 4411 Vasis.

1649 4447 1740 4502 28.
1774 4447 1999 4503 Reddita
2029 4461 2128 4507 est.
2760 4449 2851 4504 28.
2883 4447 3186 4505 Reductum
3218 4454 3301 4501 est
3327 4443 3485 4499 mihi.

1649 4541 1708 4594 In
1737 4555 1918 4596 sacco.

1650 4637 1738 4690 50.
1766 4633 1830 4690 Et
1859 4641 2086 4706 putavit.
2228 4618 2232 4622 1
2764 4634 2852 4689 50.

1651 4731 1739 4785 ⁸56.
1766 4728 1820 4782 In
1853 4745 1956 4784 me.
2766 4725 2854 4780 56.

1645 4818 1738 4874 δδ.
1774 4815 1832 4873 Si
1858 4819 1989 4886 quid
2015 4821 2066 4875 ei
2093 4819 2305 4876 adversi
2344 4819 2618 4876 acciderit.
2764 4816 2854 4872 '58.

1240 4980 1413 5040 Notaa
1442 4985 1504 5040 et
1541 4977 1733 5040 varia:
1765 4979 2070 5042 lectiones
2105 4979 2181 5042 ad
2230 4996 2365 5057 cap.
2391 4979 2565 5040 XLII
2595 4974 2866 5039 Genesis

543 5067 605 5156 γ.
712 5069 981 5156 νᾎλᾷος,
1000 5084 1126 5156 Vacat.
1159 5071 1465 5152 ἀγοράρ-ατε
1493 5074 1664 5156 ﬂgiti.
1703 5072 1794 5129 Sic
1824 5072 2041 5156 quidam

1905 5072 2043 5156 ἱέραξ
2152 5075 2261 5156 gito
2297 5077 2618 5156 interpretis
2669 5076 2920 5156 nomine,
2968 5075 3308 5156 sed‘AquiIa
3355 5073 3529 5129 fertur
3577 5075 3728 5143 apud

468 5155 601 5212 mss.
643 5143 808 5212 tacito
851 5143 1160 5212 interpretis
1204 5143 1443 5196 nomine.
1490 5143 1717 5200 Coislin.
1763 5151 1887 5212 post
1912 5143 2043 5198 illud
2151 5144 2405 5202 Drusium
2437 5143 2491 5202 et
2521 5148 2648 5202 edit.
2677 5146 2834 5201 Rom.

465 5208 816 5284 ἀπεξενοῦτο,
847 5208 1172 5284 ἰη-ηῐηὰτεῇιιθ
1203 5212 1439 5284 positum
1465 5254 1479 5276 ,
1518 5215 1716 5280 adjecit
1765 5208 2044 5284 ἀποπροσ-

466 5281 704 5356 ςποιεῖτο
725 5283 832 5356 τῷν
863 5280 1013 5356 βῐᾷξι,
1047 5280 1097 5336 id
1131 5280 1234 5348 est,
1264 5283 1431 5351 specie
1447 5283 1752 5340 simulabat.
1787 5280 1933 5355 quod
1963 5284 2043 5338 vi-

466 5350 626 5404 detur
647 5350 1068 5406 esse'scholion.

2219 5231 2353 5286 Ibid.
2400 5232 2604 5308 'A.,2.,_
2641 5231 2711 5285 τὰ
2750 5229 2968 5308 κρυπτᾷ
3005 5231 3104 5302 τῆς
3132 5229 3336 5303 χώρας.
3369 5227 3524 5299 Regii
3559 5227 3729 5308 codd.

2143 5303 2264 5360 sine
2320 5303 2542 5359 nomine
2593 5306 2693 5360 int.
2767 5306 2870 5360 Sed
2923 5307 3149 5361 Coislin.
3210 5309 3473 5361 adscribit
3525 5303 3732 5362 nomen

2145 5372 2496 5451 Symmachi;
2544 5385 2598 5451 et
2630 5392 2815 5451 revera
2848 5378 3003 5434 locus
3045 5389 3129 5434 est
3169 5393 3234 5432 ex
3263 5377 3446 5448 Aquil.
3480 5389 3536 5434 et
3569 5378 3728 5451 Sym-

537 5438 605 5497 Υ.
641 5441 693 5496 4.
723 5434 1200 5516 ’ᾼη-σύμΑπτωμα.
1246 5444 1339 5512 Σ.,
1376 5444 1637 5516 κίνξρνος.
1684 5443 1774 5500 Sic
1812 5443 2040 5501 Drusius

1905 5444 2040 5501 isius
2141 5434 2361 5512 Inacho,
2394 5457 2452 5499 ut
2483 5434 2626 5501 infra
2660 5463 2712 5500 ν.
2750 5447 2836 5502 12.

468 5512 951 5594 cumonominibus’
968 5512 1350 5594 interpretum.
1480 5513 1632 5586 Regii
1657 5516 1871 5572 codices
1907 5517 2037 5583 duo,

470 5586 689 5636 nomina
721 5586 1077 5653 interpretum
1105 5601 1212 5641 non
1250 5586 1546 5647 ascribunt.

540 5670 605 5726 V.
643 5672 694 5726 7.
732 5675 989 5742 Ἄλλος,
1020 5676 1362 5744 ἀπεξενοῦτο.
1397 5677 1621 5734 Coislin.

539 5763 606 5819 ν.
635 5766 686 5821 9.
735 5767 839 5835 ’A.,
870 5770 1170 5839 ὲφοδευταί.
1199 5770 1290 5828 Sic
1316 5773 1478 5830 iidem
1507 5772 1660 5847 Regii
1689 5771 1924 5842 codices,
1959 5779 2042 5828 ta-

2218 5530 2278 5587 V.
2312 5531 2398 5584 11.
2430 5529 2522 5604 Sic
2567 5530 2728 5586 iidem
2762 5532 2977 5588 codices
3011 5551 3118 5587 nou
3170 5533 3408 5589 indicato
3455 5535 3728 5604 interpre-

2139 5607 2256 5657 tum
2295 5602 2534 5656 nomine.

2217 5685 2278 5743 ν.
2312 5687 2401 5742 12.
2435 5686 2512 5741 Ex
2545 5685 2742 5742 Drusio
2775 5697 2827 5743 et
2849 5688 3086 5744 editione
3115 5687 3279 5744 Rom.

2215 5769 2276 5826 V.
2326 5771 2415 5829 15.
2459 5770 2552 5828 Sic
2601 5771 2712 5828 duo
2750 5773 2972 5829 codices
3019 5771 3174 5843 Regii
3227 5786 3395 5842 supra
3434 5771 3730 5826 memorati
