3868 6214
461 331 563 388 507

533 448 587 504 6.
629 446 696 503 Et
723 446 1324 520 fecit'propitiaterium
1359 460 1421 501 σι-
1466 458 1632 514 super
1683 454 1870 496 arcam
1918 437 2041 505 1e:

460 556 596 595 auro
623 540 827 595 mundo
854 544 922 610 »ζ
947 541 1181 596 duorum
1210 539 1520 595 cubitorum
1541 545 1594 591 et
1621 532 1833 589 dimidii
1868 528 2043 600 longi-

461 632 677 701 ):(tudo
694 633 833 703 ejus,
858 640 913 688 et
943 633 1115 688 cubiti
1148 641 1202 686 et
1230 630 1440 686 dimidii
1478 627 1706 683 latitudo
1746 625 1867 695 ejus
1910 622 1937 691 1
1995 621 2037 675 7.

458 720 526 777 Et
567 721 695 778 fecit
742 723 855 777 duo
891 723 1173 778 cherubim
1215 725 1283 791 λε
1317 735 1481 775 aurea
1526 720 1552 789 1
1594 717 1869 773 tornatilia
1910 711 2041 768 fecit

457 833 522 872 ea
551 832 617 873 ex
653 828 883 887 utraque
904 828 1057 888 parte
1078 817 1440 887 propitiatorii
1462 815 1514 870 8.
1534 813 1754 869 Cherub
1781 826 1948 865 unum
1979 809 2036 863 in

458 909 772 964 summitate
812 909 1173 980 propitiatorii
1232 923 1374 974 una,
1419 916 1473 962 et
1516 906 1721 962 cherub
1754 918 1923 958 unum
1980 901 2036 956 in

456 1002 772 1055 summitate
794 1001 1158 1071 propitiatorii
1189 1000 1446 1056 secunda.
1471 1002 1538 1068 >ε<
1566 1013 1634 1052 ex
1664 993 2037 1068 propitiatorio

458 1095 526 1160 Ἀ(
550 1090 675 1147 fecit
701 1091 997 1147 Cherubim
1026 1109 1092 1146 ex
1130 1101 1361 1162 utraque
1382 1099 1536 1162 parte
1556 1090 1649 1158 (ad
1692 1104 1861 1158 marg.
1886 1101 2038 1142 sum-

453 1185 662 1257 initate)
683 1185 803 1255 ejus
836 1184 859 1253 1
892 1185 944 1241 9.
968 1184 1034 1238 Ει
1056 1184 1185 1239 facti
1218 1193 1344 1240 sunt
1381 1182 1663 1238 cherubim
1682 1179 2034 1235 extendentes

454 1277 592 1342 alas,
608 1278 839 1347 desuper
869 1277 1261 1333 obumbrantes
1301 1276 1404 1331 alis
1429 1275 1543 1330 suis
1583 1289 1745 1342 super
1775 1272 2034 1343 propitia-

455 1367 656 1421 torium
685 1366 985 1423 secundum
1013 1367 1205 1423 faciem
1230 1382 1409 1430 suam,
1430 1365 1511 1420 vir
1534 1365 1601 1419 ad
1627 1364 1847 1418 fratrem
1864 1377 2027 1418 suum

453 1473 619 1527 supra
654 1458 1090 1529 propitiatorium
1119 1468 1273 1514 erant
1309 1456 1475 1512 facies
1501 1454 1807 1510 cherubim.

1537 317 2008 379 ΗΕχΑριοιωΜ
2048 314 2213 385 QUAE
2247 310 2677 372 SUPERSUNT.

3627 292 3727 347 308

2208 433 2263 488 6.
2296 434 2407 487 Kal
2437 427 2712 502 ἐποίησεν’
2731 424 3043 497 ἱλαστήριον
3080 433 3142 475 -ε-
3175 414 3381 472 ἄνωθεν
3412 410 3513 481 τῆς
3537 407 3729 502 Δκιϐειξς-

2137 522 2232 578 τοῦ
2267 525 2290 593 1
2333 524 2397 575 ὲκ
2442 496 2664 592 χρυσίου
2699 496 2941 587 καθαροῦ
2976 513 3045 579 Χ
3084 508 3178 561 δύο
3211 503 3429 577 πηχέων
3466 498 3563 555 καὶ
3596 496 3729 593 inal—

2142 618 2211 685 Χ
2244 590 2369 676 σονς
2414 590 2586 684 μῆκος
2624 601 2820 671 αὑτοῦ,
2862 605 2959 658 καὶ
3007 602 3208 672 πήχεος
3246 598 3342 652 καὶ
3390 593 3626 685 ἡμίσους
3656 590 3727 685 τὸ

2143 683 2213 776 Χ
2243 683 2442 769 πλάτος
2487 700 2652 756 αὑτοῦ
2691 700 2716 771 1
2755 698 2811 753 7.
2850 696 2960 750 Kal
2997 692 3253 764 ἐποίησεν
3287 689 3381 743 δύο
3422 683 3727 759 χερσυϐεὶμ

2146 805 2215 872 Χ
2243 803 2422 875 χρυσᾶ
2448 801 2471 869 1
2500 797 2732 870 τορευτὰ
2759 793 3014 864 ἐποίησεν
3030 789 3168 844 αὐτὰ
3186 787 3245 854 ἐξ
3275 779 3724 875 ἀμφοτέριοντῶν

2147 872 2329 966 μερῶν
2359 891 2453 946 τοῦ
2490 888 2820 961 ἱλαστηρίου.
2858 884 2909 938 8.
2948 878 3163 953 Χεροὺϐ
3203 878 3301 931 ἕνα
3333 876 3425 966 sal
3549 872 3722 966 ακρον

2140 959 2234 1040 τοῦ
2279 981 2591 1054 ἱλαστηρίου
2629 959 2692 1032 τὸ
2713 976 2799 1029 ἓν·
2830 972 2924 1028 καὶ
2954 967 3165 1044 Χεροὺό
3203 966 3301 1019 ’ἐνα
3329 963 3428 1054 ἐπὶΔ
3457 960 3521 1014 τὸ
3550 959 3721 1054 ἄκρον

2138 1077 2235 1132 τοῦ
2286 1047 2596 1145 ἱλαστηρίου
2639 1068 2700 1122 τὸ
2746 1065 2996 1135 δεύτερον
3044 1062 3114 1129 >κ
3152 1059 3215 1110 ὲκ
3258 1054 3352 1108 τοῦ
3400 1047 3720 1145 ἱλαστηρίου

2141 1173 2210 1240 Χ
2239 1142 2492 1239 ἐποίησεν
2521 1165 2645 1226 τοὺς
2680 1157 2975 1233 χερουϐεὶμ
3014 1152 3075 1218 ἐξ
3115 1147 3436 1221 ἀμφοτέρων
3479 1142 3589 1240 τῷν
3624 1158 3722 1211 με-

2140 1236 2210 1335 vx
2243 1262 2351 1335 ρῶν
2385 1236 2476 1332 iad
2519 1274 2688 1326 marg.
2723 1251 2926 1323 ἄκρων)
2962 1244 3125 1302 αὐτοῦ
3163 1244 3187 1312 1
3226 1244 3279 1298 9.
3316 1236 3719 1335 Καὶ-ἐγένοντο

2136 1325 2514 1429 οῖ’χερουέεὶμ
2564 1325 2891 1406 ἐκτείνοντες
2943 1340 3041 1402 τὰς
3084 1335 3381 1429 πτέρυγας,
3434 1325 3718 1429 {cadmiam

2135 1417 2519 1512 συσκίάζοντες
2587 1443 2704 1502 ταῖς
2762 1431 3016 1507 πτέρυξιν
3073 1426 3236 1481 αὑτοῦ
3304 1422 3395 1476 ἐπὶ
3459 1421 3521 1473 τὸ
3594 1417 3717 1471 1.).ιισΔ

1125 1510 1317 1514 --πη
1375 1510 1387 1512 _
1430 1510 1468 1512 η
2347 1510 2357 1512 -
3648 1510 3674 1523 _

453 1550 669 1621 στήριον
715 1549 858 1604 κατὰ
911 1551 1200 1623 πρόσωπον
1251 1548 1450 1614 αὐτῶν,
1492 1546 1630 1618 ἀνὴρ
1670 1547 1808 1618 πρὸς
1849 1546 1941 1602 τὸν
1979 1548 2204 1620 ἀδελφὸν
2244 1538 2409 1599 αὐτοῦ
2451 1536 2543 1589 ἐπὶ
2588 1534 2649 1587 τὸ
2695 1530 3001 1600 ἱλαστήριον
3032 1519 3172 1595 ἦσαν
3202 1518 3272 1571 τὰ
3308 1514 3574 1587 πρόσωπα
3605 1527 3720 1563 τω*
3832 1588 3833 1591 η

450 1640 762 1713 χερουᾶείμ.

521 1730 700 1786 10.Ἐι
720 1730 847 1786 fecit
862 1743 1105 1783 mensam
1133 1741 1191 1784 +
1223 1725 1555 1797 propositam
1586 1738 1652 1779 ex
1681 1740 1816 1779 auro
1841 1739 1978 1794 puro
2002 1724 2024 1794 1

399 1810 408 1820 ’
452 1836 516 1878 +
551 1830 605 1877 et
635 1821 890 1877 conﬂavit
916 1820 1020 1889 ipsi
1061 1828 1294 1889 quatuor
1320 1817 1553 1872 annulos
1596 1831 1793 1872 aureos
1831 1834 1846 1871 :
1893 1817 2030 1873 duos

452 1928 513 1970 -t—
537 1913 607 1969 ad
642 1915 786 1969 latus
809 1928 1003 1976 unum,
1031 1922 1085 1967 et
1110 1911 1248 1966 duos
1279 1910 1346 1964 ad
1376 1909 1520 1965 latus
1545 1910 1867 1973 secundum,
1890 1909 2031 1966 latos

453 2021 512 2063 σε·
543 2007 608 2062 ad
636 2005 961 2076 portandum
987 2002 1219 2073 cingulis
1252 2002 1409 2071 ipsis.
1429 2002 1496 2056 Et
1527 2001 1744 2072 cingula
1805 2017 1947 2057 arcae
1974 2008 2030 2057 et

453 2114 728 2157 +mensaa
756 2096 907 2164 fecit,
939 2105 993 2151 et
1014 2095 1286 2151 inauravit
1310 2110 1374 2149 ea
1409 2109 1545 2149 auro
1579 2094 1646 2149 de
1669 2094 1828 2164 lignis
1851 2095 2030 2165 impu-

448 2190 724 2245 tribilibus
756 2188 779 2257 1
809 2191 876 2256 )t(
898 2187 1130 2241 duorum
1159 2184 1466 2241 cubitorum
1503 2184 1782 2254 longitudo
1806 2185 1942 2253 ejus,
1975 2193 2031 2240 et

427 2284 521 2350 ’Χ
550 2281 720 2335 cubiti
748 2276 981 2334 latitudo
1015 2277 1157 2346 ejus,
1194 2285 1249 2329 et
1274 2273 1445 2329 cubiti
1470 2288 1535 2328 ac
1569 2273 1778 2328 dimidii
1801 2274 2028 2328 altitudo

449 2376 519 2443 x
545 2373 684 2441 ejus.
706 2371 792 2426 11.
813 2369 880 2425 Et
904 2368 1176 2424 inauravit
1200 2383 1319 2423 eain
1347 2381 1484 2421 auro
1514 2382 1672 2436 puro,
1697 2374 1750 2420 et
1778 2364 1901 2420 fecit
1922 2366 2028 2435 ipsi

449 2467 519 2533 χ
545 2464 837 2536 cymatium
864 2476 1090 2517 aureum
1116 2461 1170 2514 in
1196 2459 1448 2515 circuitu.
1475 2459 1562 2512 12.
1588 2457 1651 2512 Et
1674 2456 1800 2513 fecit
1820 2459 1919 2528 ipsi
1943 2474 2028 2514 co-

448 2561 518 2626 )ο(
545 2572 733 2612 ronam
769 2555 935 2627 palmi
965 2555 1019 2608 in
1050 2553 1280 2608 circuitu
1314 2567 1326 2604 :
1359 2561 1413 2607 et
1454 2551 1583 2606 fecit
1608 2552 1902 2622 cymatium
1929 2566 2028 2605 au-

450 2653 517 2718 >ε<
548 2664 699 2703 reum
746 2661 961 2702 coronae
999 2644 1120 2714 ejus
1152 2645 1206 2698 in
1241 2643 1494 2699 circuitu.
1531 2643 1618 2696 13.
1654 2641 1721 2696 Et
1762 2641 1892 2695 fecit
1924 2641 2024 2710 ipsi

448 2742 517 2809 )K
567 2748 800 2811 quatuor
823 2736 1056 2792 annulos
1099 2749 1330 2801 aureos,
1382 2742 1436 2788 et
1485 2731 1745 2801 imposuit
1792 2732 2029 2786 annulos

448 2836 517 2900 Ε(
545 2846 707 2902 super
730 2838 966 2900 quatuor
1003 2836 1205 2899 partes,
1237 2840 1359 2897 quae
1385 2833 1514 2881 sunt
1551 2832 1788 2894 quatuor
1827 2823 2023 2893 pedum

446 2926 519 2991 Χ
545 2923 664 2992 ejus
691 2922 795 2977 sub
814 2935 1017 2976 corona
1047 2919 1070 2987 1
1098 2920 1186 2972 14.
1211 2917 1274 2973 Et
1304 2916 1432 2971 facti
1463 2924 1595 2970 sunt
1613 2914 1802 2968 annuli
1829 2915 1883 2967 in
1907 2914 2024 2968 the-

447 3004 542 3069 cas
566 3012 813 3068 vectibus
852 3010 919 3065 ad
966 3008 1292 3080 portandum
1340 3019 1608 3060 mensam.
1654 3001 1742 3056 15.
1786 3001 1852 3056 Et
1896 3001 2024 3055 fecit

446 3113 629 3159 vectes
654 3119 719 3159 ex
744 3103 905 3173 lignis
931 3099 1375 3171 imputribilibus,
1397 3104 1452 3152 et
1482 3096 1753 3150 inauravit
1773 3110 1868 3151 eos
1891 3109 2024 3148 auro

447 3195 515 3251 ad
538 3195 859 3266 portandum
893 3207 1159 3248 mensam.
1186 3190 1273 3245 16.
1302 3188 1368 3243 Ει
1390 3187 1517 3244 fecit
1540 3201 1666 3243 vasa
1692 3200 1914 3251 mensae,
1940 3199 2027 3241 ca-

2208 1723 2292 1778 10.
2342 1720 2453 1775 Kal
2485 1716 2705 1788 ἐποίησε
2737 1714 2837 1784 τὴν
2865 1706 3141 1781 τράπεζαν
3173 1717 3235 1757 —:—-
3272 1701 3372 1771 τὴν
3413 1695 3715 1788 προκειμέ-

2136 1829 2199 1871 -ε-
2230 1831 2326 1885 νην
2354 1815 2418 1865 ὲκ
2449 1787 2673 1882 χρυσίου
2704 1801 2967 1874 καθαροῦ,
2998 1798 3090 1851 καὶ
3117 1791 3413 1865 ἐχώνευσεν
3434 1788 3570 1858 αὐτῇ
3594 1787 3717 1839 τέσ-

2136 1920 2199 1963 -ε-
2238 1880 2408 1976 σαρας
2436 1880 2753 1961 δακτυλίους
2798 1891 3032 1966 χρυσοῦς
3056 1907 3069 1921 ι
3106 1889 3199 1942 δύο
3238 1887 3329 1940 ἐπὶ
3366 1881 3461 1937 τοῦ
3495 1880 3713 1942 κλίτους

2134 2014 2197 2054 -εκ
2231 1972 2326 2051 τοῦ
2367 1997 2505 2061 ἐνὸς,
2535 1993 2629 2047 καὶ
2657 1990 2750 2043 δύο
2781 1988 2873 2041 ἐπὶ
2916 1983 3011 2038 τοῦ
3051 1981 3323 2052 δευτέρου,
3355 1977 3533 2047 εὐρεῖς
3566 1972 3712 2027 ὥστε

2134 2104 2195 2146 +
2233 2090 2405 2159 αἴρειν
2441 2088 2554 2148 τοῖς
2586 2082 2894 2152 ζωστῆρσιν
2941 2077 3171 2136 ἑαυτοῖς,
3216 2069 3463 2132 καὶτοὺς
3491 2064 3710 2137 ζωστῆέ

2133 2196 2197 2237 σε»
2237 2156 2333 2253 ρας
2373 2178 2473 2248 τῆς
2506 2171 2741 2230 κιϐωτοῦ
2773 2171 2867 2225 καὶ
2896 2169 2997 2238 τῆς
3036 2162 3312 2237 τραπέζης
3333 2158 3589 2229 ἐποίησεν
3616 2156 3712 2253 καί

2133 2285 2198 2326 αξη
2232 2244 2644 2338 κατεχρ-ύσωσεν
2671 2261 2866 2322 αὐτοὺς
2893 2255 3098 2329 χρυσίῳ
3124 2255 3188 2306 ἐκ
3208 2251 3378 2317 ξύλων
3399 2244 3708 2338 ὰσήπτιυνζ

2131 2366 2199 2431 ῖς(
2225 2360 2317 2414 δύο
2340 2334 2558 2428 ττηχὲων
2585 2354 2646 2406 τὸ
2680 2352 2851 2425 μῆκος
2891 2348 3082 2418 αὐτῆς,
3113 2345 3205 2399 καὶ
3234 2344 3435 2413 πήχεος
3465 2340 3527 2391 τὸ
3549 2334 3712 2409 εὖρος

2130 2457 2198 2522 Χ
2226 2450 2418 2522 αὐτῆς.
2467 2450 2559 2505 καὶ
2595 2447 2799 2516 πήχεος
2837 2443 2930 2496 καὶ
2961 2439 3193 2511 ἡμίσους
3238 2436 3298 2488 τὸ
3335 2433 3469 2503 ὕψος

2130 2520 2198 2612 Ξ(
2242 2544 2326 2596 11.
2355 2520 2484 2594 Καὶ
2522 2534 2941 2608 κατεχρύσωσεν
2982 2531 3151 2602 αὐτὴν
3200 2525 3408 2601 χρυσίῳ
3456 2520 3706 2597 καθαρῷ,

2130 2639 2197 2704 >ε<
2225 2635 2317 2688 καὶ
2355 2631 2611 2702 ἐποίησεν
2650 2628 2785 2698 αὐτῇ
2817 2624 3081 2695 κυμάτων
3112 2618 3345 2693 χρυσοῦν
3378 2614 3583 2685 κύκλῳ.
3617 2612 3709 2665 12.

2129 2728 2197 2794 3K
2234 2725 2342 2777 Kal
2383 2722 2636 2791 ἐποίησεν
2671 2719 2809 2788 αὐτῇ
2842 2715 3114 2784 στεφάνην
3159 2706 3453 2764 παλαιστοῦ
3499 2704 3721 2774 κύκλῳ,

2128 2820 2196 2886 >ε<
2226 2817 2319 2870 καὶ
2347 2815 2603 2885 ἐποίησεν
2626 2810 2891 2881 κυμάτιον
2916 2804 3149 2878 χρυσοῦν
3171 2806 3239 2875 τῇ
3270 2800 3508 2870 στεφάνῃ
3538 2798 3714 2869 αὐτῆς

2130 2911 2196 2977 Ἀ(
2224 2908 2428 2979 κύκλῳ.
2467 2905 2554 2960 15.
2598 2903 2708 2957 Καὶ
2746 2901 3003 2973 ἐποίησεν
3036 2898 3173 2968 αὐτῇ
3206 2894 3483 2963 τέσσαρας
3515 2891 3713 2945 δακτυ-

2131 3003 2199 3070 >ε<
2224 3001 2370 3064 λίους
2400 2997 2654 3070 χρυσοῦς,
2689 2994 2784 3049 καὶ
2815 2991 3082 3061 ἐπέθηκεν
3106 2989 3233 3051 τοὺς
3261 2983 3587 3045 δακτυλίους
3621 2980 3712 3033 ἐπὶ

2132 3096 2199 3160 >ε<
2228 3090 2297 3144 τὰ
2338 3091 2578 3158 τέσσαρα
2621 3085 2783 3158 μέρη,
2826 3084 2862 3137 ἆ
2893 3084 3039 3136 ἐστιν
3077 3078 3186 3132 τῶν
3225 3075 3509 3146 τεσσάρων
3537 3071 3713 3126 ποδῶν

2132 3187 2201 3252 >κ
2230 3185 2399 3254 αὐτῆς
2440 3180 2544 3234 ὑπὸ
2582 3178 2680 3250 τὴν
2722 3173 3038 3246 στεφάνηνζ
3088 3170 3173 3224 14.
3214 3171 3325 3224 Καὶ
3367 3166 3619 3237 ἐγένοντο
3663 3163 3723 3217 οι

3044 3310 3344 3365 ΑΚΥΛΑΣ.

727 3328 816 3382 ΤΟ
842 3328 1210 3382 EBPAIKON.
1844 3324 1932 3377 ΤΟ
1971 3322 2312 3377 ΕΒΡΑΙΚΟΝ

1751 3394 2077 3465 Ἑλληνικοῖς
2108 3392 2416 3464 γράμμασι.

1082 3499 1342 3577 rita-nn
1381 3491 1406 3545 1
1637 3498 1684 3547 ι.

2733 3483 2787 3538 1.
2817 3479 3224 3549 Γλωσσὸκομον.

495 3593 585 3657 τῇ
617 3582 653 3638 2
711 3581 959 3652 Σαμαρ..
996 3576 1278 3650 στέφανον.
1628 3582 1680 3636 2.
2741 3576 2797 3631 2.

1187 3681 1342 3732 me:
1377 3672 1411 3725 6
1627 3674 1681 3728 6.
2742 3669 2796 3725 6.

1148 3842 1311 3892 mn
1351 3831 1416 3887 18
1631 3836 1720 3890 18.
2748 3829 2834 3886 18.
2885 3831 2979 3884 Ἐκ
3006 3827 3098 3883 τοῦ
3130 3827 3328 3900 μέρους
3358 3825 3549 3880 αὑτοῦ.

550 3950 803 4008 VERSIO
834 3948 1155 4005 HEBRAICI
1189 3947 1397 4003 ΤΕΧΤ.
1766 3951 2093 4009 VULGATA
2133 3952 2406 4008 LATINA.
3047 3944 3321 4013 AQUILA.

514 4072 575 4127 1.
607 4070 826 4126 Arcam.
1634 4070 1683 4124 1.
1709 4070 1927 4126 Arcam.
2741 4068 2796 4123 1.
2834 4067 3109 4123 Arculam.

517 4164 577 4218 2.
607 4162 898 4217 Coronam.
933 4158 1146 4215 Samar.
1172 4156 1260 4211 Id.
1629 4158 1682 4212 2.
1709 4159 2005 4216 Coronam.

518 4258 573 4312 6.
606 4255 1072 4326 Propitiatorium.

520 4346 607 4403 18.
649 4346 729 4402 Ex
755 4347 922 4401 latere
952 4346 1141 4414 ipsius.

1629 4250 1681 4304 6.
1711 4249 2176 4321 Propitiatorium.
2742 4250 2776 4304 6

1631 4342 1717 4397 18.
1753 4342 1831 4398 Ex
1862 4352 2036 4414 parte.

2737 4159 2793 4215 2.

2741 4341 2828 4397 18.
2854 4341 2933 4397 Ex
2981 4351 3133 4414 parte
3172 4342 3365 4411 ipsius.

1235 4464 1409 4524 Notae
1439 4469 1499 4523 et
1526 4460 1714 4523 varize
1734 4460 2044 4521 lectiones
2070 4459 2149 4521 ad
2180 4476 2316 4538 cap.
2351 4461 2653 4522 XXXVII
2680 4460 2906 4523 Exodi.

515 4587 711 4644 Totum
744 4601 882 4710 rene
906 4594 1068 4656 caput
1103 4594 1284 4640 xxxv"
1314 4595 1375 4641 ut
1415 4587 1469 4641 in
1501 4587 1759 4655 Hexaplis
1788 4594 1905 4639 erat
1947 4599 2015 4638 ex

443 4661 633 4716 codice
665 4658 743 4713 Co
770 4659 978 4711 hertino
1004 4671 1167 4724 supra
1198 4665 1499 4712 memorato
1528 4672 1682 4711 num.
1716 4655 1856 4709 5084i
1894 4670 2017 4707 mn-

782 4601 882 4640 ene
906 4594 1068 4656 caput
1103 4594 1284 4640 xxxv"
1314 4595 1375 4641 ut
1415 4586 1469 4641 in
1501 4584 1759 4655 Hexaplis
1788 4594 1905 4657 erat
1947 4599 2015 4638 ex
2116 4584 2442 4657 quasobelis
2491 4594 2772 4650 notantur,
2801 4585 2986 4641 Graeca
3028 4585 3308 4642 Hebraicis
3343 4602 3561 4657 semper
3586 4606 3703 4645 res-

2119 4655 2442 4723 ponderent,
2477 4670 2637 4709 secus
2666 4671 2829 4723 quam
2858 4657 2912 4710 in
2939 4657 3030 4710 illa
3068 4657 3172 4710 alia
3201 4657 3310 4711 τῶν
3351 4664 3408 4708 n'
3441 4655 3704 4725 editione,

443 4740 686 4792 tuamur,
724 4742 862 4799 cum
889 4726 1084 4799 _obelis
1127 4734 1181 4778 et
1227 4728 1680 4799 as‘tei'iciqunos
1733 4725 1798 4777 ad
1854 4725 2015 4778 tidem
2120 4739 2245 4793 qua:
2290 4725 2586 4799 vocabatur
2617 4725 2795 4797 κοινὴ,
2840 4727 2930 4780 ubi
2970 4729 3150 4799 omnia
3190 4726 3418 4782 confusa
3465 4740 3521 4784 et
3564 4746 3707 4799 prae-

442 4798 767 4868 exemplaris
810 4795 974 4868 hujus
1014 4796 1418 4868 adnotavimus.
1468 4796 1562 4851 Sic
1606 4806 1790 4850 autem
1842 4803 2018 4868 totum

443 4863 833 4926 concinnatum
885 4863 1070 4922 l‘uerat
1110 4865 1182 4920 ab
1231 4863 1483 4938 Origene,
1543 4874 1622 4932 ut,
1668 4865 1913 4934 exceptis
1953 4863 2021 4918 iis

2123 4803 2339 4885 υοξξεεθ
2373 4797 3245 4885 rssile.a'1'};,_9teradicet"
3275 4806 3380 4885 :8"-

2195 4861 2260 4916 V.
2287 4864 2339 4917 1.
2373 4861 2489 4928 ‘A.,
2513 4861 2935 4937 γλωσσόκομον.’
2953 4865 3044 4922 Sic
3087 4869 3252 4923 editio
3281 4866 3550 4924 Romana.
3581 4868 3709 4925 Haec

1592 4982 1846 5046 CAPUT
1883 4981 2221 5043 XXXVIII
2269 4981 2549 5044 EXODI.

1356 5111 1806 5191 Fragmentum
1834 5127 1913 5170 ea:
1940 5106 2077 5171 cod.
2112 5106 2382 5172 Colbcrt.
2433 5108 2610 5171 308k.

512 5239 604 5293 24.
640 5235 813 5292 Omne
839 5250 1057 5303 aurum,
1098 5234 1243 5306 quod
1271 5234 1609 5291 elaboratum
1642 5234 1813 5290 estad
1848 5248 2013 5304 opera

441 5329 741 5387 secundum
797 5343 1015 5383 omnem
1093 5327 1465 5398 Operationem
1532 5337 1868 5393 sanctorum,
1917 5325 2020 5381 fuit

442 5422 563 5477 auri
590 5419 972 5492 primitiarum.
1019 5436 1211 5475 novem
1237 5429 1292 5475 et
1336 5419 1528 5491 viginti
1570 5421 1795 5484 talenta,
1823 5427 1878 5474 et
1919 5418 2018 5473 tri-

443 5515 592 5584 ginta
623 5522 676 5568 et
711 5508 1033 5583 septingenti
1055 5512 1173 5567 sicli
1210 5513 1364 5582 juxta
1401 5513 1592 5567 siclum
1639 5522 1889 5566 sanctum
1924 5520 2020 5567 :et

446 5606 656 5675 argenti
681 5620 737 5661 σι-
772 5604 1010 5674 demptio
1039 5604 1062 5673 1
1093 5605 1187 5660 25.
1214 5606 1259 5659 A
1303 5605 1536 5660 visitatis
1565 5619 1628 5660 σε·
1670 5604 1803 5661 viris
1851 5607 1873 5674 1
1923 5605 2023 5675 Sy—

446 5712 687 5767 nagogte,
720 5708 936 5752 centum
970 5696 1192 5762 talenta,
1224 5705 1278 5751 et
1305 5698 1547 5768 quinque
1574 5706 1629 5752 ct
1661 5698 2019 5769 septuaginta,

445 5802 500 5843 et
532 5788 675 5842 mille
705 5797 755 5843 et
784 5790 1105 5858 septingenti
1149 5790 1263 5846 sicli
1286 5793 1352 5857 γι(
1386 5789 1439 5846 in
1470 5790 1605 5846 siclo
1623 5799 1807 5847 sancto
1848 5789 1868 5857 1
1900 5789 2023 5844 dra-

2191 5232 2280 5287 21.
2327 5233 2443 5286 Πᾶν
2481 5232 2544 5286 τὸ
2587 5233 2807 5304 χρύσιον
2847 5232 2876 5285 ὃ
2913 5231 3283 5304 κατειργάσθη
3328 5234 3408 5295 εἰς
3445 5231 3517 5285 τὰ
3565 5233 3701 5304 ἔργα

2122 5325 2267 5380 κατὰ
2298 5327 2477 5378 πᾶσαν
2517 5323 2614 5396 τὴν
2659 5323 2921 5395 ἐργασίαν
2956 5323 3065 5377 τῶν
3106 5324 3277 5392 ἁγίων
3317 5322 3536 5391 ἐγένετο
3572 5341 3704 5396 χρυ-

2127 5418 2242 5472 σίου
2271 5416 2363 5470 τοῦ
2396 5416 2498 5486 τῆς
2530 5417 2780 5487 ἁπαρχῆς
2809 5415 2965 5470 ἐννέα
3006 5415 3099 5469 καὶ
3120 5413 3291 5468 εἴκοσι
3321 5413 3583 5477 τάλαντα,
3613 5416 3706 5468 καὶ

2125 5513 2416 5584 τριάκοντα
2451 5510 2545 5563 καὶ
2573 5507 2885 5562 ἑπτακόσιοι
2917 5507 3087 5560 σίκλοι
3120 5505 3260 5559 κατὰ
3285 5505 3377 5559 τδν
3404 5505 3589 5558 σίκλον
3616 5506 3705 5559 τὸν

2130 5609 2314 5673 διγιονο
2345 5604 2438 5657 καὶ
2473 5600 2738 5672 ἀργυρίου
2781 5615 2843 5655 -ε-
2890 5599 3169 5669 ἀφαίρεμα
3202 5597 3223 5666 1
3272 5597 3361 5650 2'5.
3408 5596 3570 5668 Παρὰ
3598 5597 3703 5648 τῶν

2129 5699 2325 5748 ἐπεσκε
2337 5692 2553 5763 μμὲνων
2584 5708 2643 5742 -ξ-
2675 5691 2881 5761 ἁνδρῶν
2920 5690 2942 5756 1
2985 5689 3084 5758 τῆς
3129 5687 3469 5757 συναγωγῆς,
3512 5686 3704 5740 ἑκατὸν

2130 5785 2379 5849 τάλαντα,
2419 5785 2513 5837 καὶ
2542 5784 2701 5835 πέντε
2737 5784 2830 5837 καὶ
2869 5782 3254 5853 ἐϐδομήκοντα,
3293 5780 3384 5833 καὶ
3408 5778 3568 5849 χίλιοι
3612 5780 3707 5832 καὶ
