3868 6214
98 315 318 372 ’509

1490 309 1701 367 EXODI
1738 309 1893 367 CAP.
1932 307 2223 365 XXXVIII.

3388 301 3494 357 5l0

193 436 491 491 δακτύλιοι
530 437 611 501 εἰς
652 435 827 507 θήκας
858 437 972 499 τοῖς
1018 432 1403 508 ἁναφορεῦσιν,
1451 432 1595 488 ὥστε
1634 434 1800 507 αἴρειν

1916 434 2066 489 tinos
2092 433 2234 503 ejus,
2270 438 2325 485 et
2356 428 2636 485 thuribula
2663 427 2815 498 ejus,
2841 435 2897 483 et
2929 427 3154 498 cyathos
3178 426 3318 497 ejus,
3358 433 3413 480 et
3432 423 3498 478 li-

194 535 311 601 τὴν
344 530 644 603 τράπεζαν.
678 530 766 585 15.
797 528 910 584 Καὶ
942 527 1200 600 ἐποίησεν
1242 528 1368 592 τοὺς
1416 528 1712 599 ἁναφορεῖς
1745 528 1800 580 ὲκ

1916 523 2128 580 batoria
2161 523 2303 594 ejus,
2331 522 2386 576 in
2407 521 2609 592 quibus
2635 519 2846 585 libabit,
2873 519 2993 573 auri
3017 518 3160 588 puri.

196 624 391 692 ξύλων
435 624 712 695 ασήπτων,
755 622 850 676 καὶ
887 619 1306 693 κατεχρύσωσεν
1345 621 1545 684 αὐτοὺς
1584 619 1792 693 χρυσίῳ
1826 619 1968 673 ὥστε
2008 617 2187 691 αἴρειν
2230 617 2330 688 τὴν
2377 615 2677 688 τράπεζαν.
2720 613 2807 668 16.
2845 614 2954 668 Καὶ
2980 612 3204 685 ἐποίησε
3232 611 3300 667 τὰ
3329 611 3498 685 σκεύη

196 720 313 791 τῆς
339 719 639 793 τραπέζης,
670 719 739 772 τὰ
761 717 991 791 τρύϐλια
1020 717 1213 788 αὐτῆς,
1240 717 1334 771 καὶ
1366 716 1465 781 τὰς
1493 716 1723 781 θυίσκας
1755 716 1948 787 αὐτῆς,
1989 715 2084 770 καὶ
2115 715 2241 777 τοὺς
2280 712 2516 777 κυάθους
2556 711 2747 782 αὐτῆς,
2776 710 2873 764 κα)⁵
2912 709 2982 762 τὰ
3015 707 3269 762 σπονδεῖα
3304 707 3495 778 αὐτῆς,

198 814 266 866 ὲν
302 809 389 879 οἷς
423 813 630 867 σπείσει
655 815 712 867 ὲν
733 813 937 877 αὐτοῖς,
984 812 1208 884 χρυσίου
1243 811 1505 883 καθαροῦ.

282 909 379 962 17.
418 908 529 961 Καὶ
561 908 783 979 ἐποίησε
826 908 926 979 τὴν
954 906 1204 977 λυχνείαν
1231 920 1293 963 σε·
1332 906 1365 978 ἢ
1400 906 1645 976 φωτίζει,
1668 925 1801 980 χρυ-

205 1017 275 1057 -ε-
315 1002 438 1073 σ’ῆν,
481 1000 729 1072 στερεὰν,
758 1000 850 1053 τὸν
887 998 1089 1054 καῦλον
1132 1000 1229 1053 καὶ
1266 1001 1391 1063 τοὺς
1426 999 1801 1071 καλαμίσκους

206 1107 282 1148 -ιο
314 1093 377 1158 ἐξ
407 1092 729 1165 ἀμφοτέρων
770 1092 880 1146 τῶν
920 1092 1100 1164 μερῶν
1148 1093 1337 1163 αὐτῆς,
1373 1094 1438 1146 ἐκ
1477 1091 1589 1147 τῶν
1628 1094 1800 1147 καλα-

207 1200 282 1241 ct-
314 1185 527 1256 μίσκων
552 1184 721 1255 αὐτῆς
747 1185 796 1237 οἱ
825 1183 1042 1254 βλαστοὶ
1071 1183 1365 1257 ἐξέχοντες,
1392 1187 1541 1256 τρεῖς
1577 1187 1641 1238 ὲκ
1675 1183 1801 1239 τού-

210 1291 282 1333 -ε-
311 1293 430 1344 του,
472 1276 568 1331 καὶ
598 1277 749 1347 τρεῖς
790 1276 856 1329 ὲκ
895 1275 1107 1340 τούτου,
1149 1274 1486 1347 ἐξισούμενοι
1529 1276 1799 1349 ἀλλήλοις,

212 1383 280 1424 -ιι-
312 1369 410 1423 καὶ
435 1367 505 1421 τὰ
540 1367 847 1439 λαμπάδεια
874 1366 1054 1420 αὐτῶν
1083 1365 1119 1421 ἆ
1146 1369 1293 1421 ἐστιν
1320 1368 1415 1421 ἐπὶ
1442 1367 1552 1423 τῶν
1578 1368 1764 1441 ἄκρων
1782 1388 1796 1400 °

212 1476 280 1517 -ε-
316 1459 575 1532 καρυωτὰ
602 1459 662 1524 ἐξ
686 1460 866 1514 αὐτῶν
895 1460 991 1514 καὶ
1022 1458 1091 1513 τὰ
1124 1458 1356 1530 ἀνθέμια
1384 1461 1441 1513 ὲν
1471 1460 1679 1524 αὐτοῖς,
1713 1462 1802 1515 ἵνα

212 1566 281 1608 οι-
311 1546 445 1605 ὧσιν
494 1551 581 1604 ἐπ’
626 1552 807 1606 αὐτῶν
851 1553 901 1604 οί
933 1551 1150 1622 λύχνοι·
1201 1552 1297 1605 καὶ
1340 1551 1404 1604 τὸ
1451 1552 1705 1623 ἅνθὲμιον
1740 1556 1802 1608 τὸ

213 1659 283 1700 σιν-
323 1643 570 1714 εϐδομον,
609 1642 671 1696 τὸ
712 1645 800 1697 ἐπ’
835 1643 1005 1715 ἄκρου
1047 1642 1144 1697 τοῦ
1189 1643 1526 1716 λαμπαδείου
1567 1647 1661 1700 ἐπὶ
1703 1647 1803 1717 τῆς

213 1750 282 1792 -ι-
314 1738 561 1807 κορυφῆς
589 1734 796 1790 ἄνωθεν
822 1736 1065 1808 στερεὸν,
1090 1735 1211 1790 ὅλον
1239 1737 1475 1809 χρυσοῦν
1496 1754 1511 1767 ο
1539 1740 1634 1792 καὶ
1661 1740 1803 1794 ἑπτὰ

214 1843 276 1883 σι-
319 1827 549 1899 λύχνους
588 1827 760 1899 αὐτῆς
795 1829 882 1881 ἐπ’
912 1827 1104 1898 αὐτῆς,
1140 1828 1397 1900 χρυσοῦς,
1439 1830 1533 1884 καὶ
1573 1829 1672 1896 τὰς
1704 1831 1802 1886 λα-

215 1935 280 1975 σε-
313 1919 469 1983 σίδας
505 1919 676 1989 αὐτῆς
700 1920 929 1991 χρυσᾶς,
966 1919 1177 1983 καὶτὰς
1203 1920 1606 1992 ἐπαρυστρίδας
1631 1923 1803 1995 αὐτῆς

214 2026 281 2066 σι»-
311 2012 519 2083 χρυσᾶς
546 2013 610 2064 ὲκ
637 2009 860 2083 χρυσίου
883 2009 1126 2080 καθαροῦ
1152 2013 1175 2081 ζ
1205 2013 1273 2079 >θ<
1294 2013 1556 2084 τορευτὴν
1578 2014 1801 2085 ἐποίησε

212 2107 285 2173 χ
316 2105 415 2175 τὴν
444 2103 716 2174 λυχνείαν,
742 2103 835 2157 τὸν
862 2102 1061 2157 καῦλον
1095 2103 1264 2173 αὐτῆς
1293 2106 1389 2158 καὶ
1415 2108 1542 2169 τοὺς
1567 2106 1801 2176 καλαμί-

211 2197 285 2265 x
315 2212 479 2258 σκους
509 2195 697 2266 αὐτῆς,
737 2195 831 2248 καὶ
858 2195 987 2258 τοὺς
1013 2195 1295 2266 κρατῆρας
1322 2195 1510 2266 αὐτῆς,
1546 2196 1641 2249 καὶ
1664 2199 1790 2260 τοὺς

212 2290 284 2356 Χ
312 2286 704 2358 σφαιρωτῆρας
732 2286 924 2357 αὐτῆς,
954 2286 1049 2338 καὶ
1072 2285 1141 2338 τὰ
1164 2285 1324 2357 κρίνα
1351 2285 1523 2356 αὐτῆς
1549 2287 1607 2352 ἐξ
1630 2288 1801 2359 αὐτῆς

211 2372 468 2448 βῆσαν.
514 2375 601 2431 18.
648 2375 744 2443 Ἐξ
779 2375 835 2429 δὲ
882 2375 1210 2447 καλαμίσκοι
1262 2376 1691 2447 ἐκπορευόμενοι
1734 2380 1801 2431 ἐκ

214 2475 283 2539 λά
319 2470 562 2540 πλαγίων
597 2469 768 2540 αὐτῆς
791 2486 804 2499 ’
846 2472 999 2540 τρεῖς
1039 2468 1370 2539 καλαμίσκοι
1409 2469 1511 2540 τῆς
1550 2470 1800 2541 λυχνείας

216 2567 284 2630 ξε(
312 2563 376 2616 ὲκ
406 2562 500 2615 τοῦ
530 2562 745 2625 κλίτους
772 2561 941 2632 αὐτῆς
983 2560 1077 2614 τοῦ
1124 2560 1264 2625 ἑνὸς,
1310 2562 1406 2614 καὶ
1448 2565 1598 2635 τρεῖς
1630 2564 1800 2617 καλα-

218 2660 284 2725 Ἁ
313 2656 497 2727 μίσκοι
538 2657 638 2727 τῆς
677 2655 928 2727 λυχνείας
974 2658 1040 2709 ὲκ
1076 2653 1169 2709 τοῦ
1219 2655 1437 2720 κλίτους
1484 2656 1654 2727 αὐτῆς
1703 2657 1797 2711 τοῦ

214 2749 285 2813 ᾖ(
306 2745 580 2819 δευτέρου.
610 2745 695 2800 19.
729 2746 890 2817 Τρεῖς
910 2746 1184 2816 κρατῆρες
1208 2747 1646 2817 ὲκτετυπωμένοι
1671 2764 1800 2820 καρ-

214 2838 284 2905 ὶυζ
311 2836 531 2901 υἲσκους
551 2839 611 2891 ὲν
634 2835 960 2907 καλαμίσκῳ
988 2836 1065 2908 τῷ
1097 2838 1178 2890 ἐνὶ
1211 2837 1531 2910 σφαιρωτὴρ
1558 2840 1650 2892 καὶ
1679 2841 1801 2911 κρί-

215 2929 285 2995 X
313 2944 434 2992 νον,
479 2930 572 2983 καὶ
614 2931 763 3001 τρεῖς
800 2914 1077 3001 κρατῆρες
1125 2927 1566 2998 ὲκτετυπωμένοι
1611 2931 1801 3001 καρυῖ-

1978 912 2067 967 17.
2102 911 2170 968 Et
2194 910 2322 967 fecit
2350 912 2743 968 candelabrum
2771 925 2834 965 οξ-
2870 910 3019 981 quod
3053 909 3348 973 illuminat,
3393 925 3498 964 au-

1906 1021 1966 1061 -t-
1988 1021 2166 1067 reum.
2192 1007 2427 1062 solidum
2449 1046 2464 1071 ,
2499 1005 2699 1060 hastile
2725 1013 2778 1058 et
2808 1003 3136 1059 calamiscos
3159 1017 3227 1058 ex
3261 1011 3499 1072 utraque

1906 1113 1967 1153 οε-
1985 1107 2140 1168 parte
2163 1098 2283 1168 ejus
2312 1117 2325 1152 :
2356 1114 2423 1152 ex
2446 1097 2762 1153 calamiscis
2778 1097 2898 1165 ejus
2918 1096 3054 1150 rami
3069 1104 3359 1161 exeuntes;
3388 1104 3499 1150 tres

1906 1202 1968 1243 -ε-
1994 1203 2061 1243 ex
2090 1188 2213 1255 hoc,
2236 1195 2289 1242 et
2312 1196 2420 1243 tres
2441 1203 2506 1242 ex
2533 1187 2658 1253 hoc,
2679 1187 2918 1257 aequales
2945 1185 3199 1248 invicem,
3219 1194 3274 1239 et
3299 1184 3500 1252 lampa-

1905 1294 1967 1334 +
1993 1278 2090 1334 des
2108 1295 2175 1334 ex
2209 1278 2364 1349 ipsis,
2388 1294 2511 1347 quae
2544 1286 2674 1333 sunt
2711 1292 2876 1347 supra
2912 1276 3256 1332 summitates
3287 1294 3301 1330 :
3330 1289 3501 1330 nuces

1904 1387 1960 1428 σι»
1990 1387 2058 1427 ex
2090 1372 2245 1441 ipsis,
2265 1379 2319 1426 et
2343 1386 2484 1425 rosae
2504 1371 2559 1425 in
2601 1369 2756 1439 ipsis,
2786 1378 2847 1424 ut
2890 1370 3001 1423 sint
3049 1383 3213 1437 super
3242 1366 3362 1422 illas
3406 1365 3498 1421 lu-

1905 1479 1970 1520 οξ-
1992 1479 2169 1519 cernae
2202 1473 2295 1519 :et
2328 1479 2456 1517 rosa
2485 1462 2715 1532 septima
2736 1500 2751 1525 ,
2787 1476 2910 1531 qua:
2950 1467 3037 1516 est
3071 1474 3236 1530 supra
3267 1458 3501 1513 summis

1905 1571 1970 1612 οξ-
1996 1566 2162 1612 tatem
2197 1556 2485 1626 lampadis,
2521 1571 2685 1625 supra
2719 1568 2982 1609 cacumen
3029 1566 3274 1617 sursum,
3302 1550 3497 1618 solida,

1906 1662 1968 1703 σε»
1994 1657 2107 1702 tota
2129 1662 2293 1702 aurea
2322 1666 2336 1701 :
2372 1655 2426 1703 et
2447 1655 2657 1717 septem
2701 1645 2957 1700 lucernas
2980 1643 3100 1713 ejus
3133 1656 3297 1711 supra
3339 1640 3496 1705 illud,

1905 1755 1970 1796 σι-
1993 1755 2220 1803 aureas;
2248 1748 2303 1795 et
2331 1738 2566 1809 forcipes
2597 1737 2719 1808 ejus
2743 1751 2965 1801 aureos,
3010 1742 3067 1790 et
3112 1733 3323 1789 lusoria
3371 1732 3494 1802 ejus

1905 1847 1970 1888 οι-
2000 1848 2167 1887 aurea
2208 1847 2275 1887 ex
2317 1847 2453 1886 auro
2496 1846 2633 1901 puro
2670 1832 2692 1900 ζ
2726 1833 2794 1898 >ε<
2835 1828 3085 1883 lornalile
3127 1826 3254 1881 fecit
3297 1825 3499 1881 cande-

1902 1928 1971 1995 >κ
2003 1925 2257 1993 labrum,
2303 1924 2498 1981 hastile
2545 1923 2703 1992 ejus,
2757 1929 2812 1976 et
2853 1919 3177 1975 calamiscos
3218 1917 3338 1986 ejus
3367 1956 3383 1982 ,
3443 1924 3499 1971 et

1902 2018 1971 2084 3K
2002 2024 2244 2071 crateras
2270 2015 2411 2086 ejus,
2443 2023 2499 2070 et
2530 2013 2833 2084 sphmrulas
2858 2012 3009 2081 ejus;
3047 2020 3101 2065 et
3138 2009 3252 2063 lilia
3271 2008 3393 2078 ejus
3428 2021 3499 2062 ex

1904 2109 1973 2175 Χ
2009 2107 2128 2177 ipso
2153 2116 2330 2162 erant.
2364 2106 2451 2161 18.
2483 2106 2591 2161 Sex
2624 2114 2803 2159 autem
2851 2103 3132 2159 calamisci
3169 2111 3434 2156 exeuntes
3466 2114 3498 2154 e

1910 2202 1978 2268 ῖς(
1998 2200 2260 2253 lateribus
2281 2200 2400 2267 ejus
2426 2217 2439 2253 :
2472 2207 2584 2253 tres
2616 2196 2895 2253 calamisci
2926 2194 3238 2251 candelabri
3261 2209 3327 2248 ex
3359 2193 3497 2247 late-

1910 2294 1978 2361 x
2007 2308 2064 2347 re
2085 2294 2204 2363 ejus
2234 2309 2366 2358 uno,
2391 2300 2442 2347 et
2471 2301 2578 2347 tres
2602 2290 2880 2346 calamisci
2904 2287 3217 2343 candelabri
3242 2303 3307 2341 ex
3331 2288 3499 2340 latere

1906 2385 1979 2456 ,δέ
2003 2384 2119 2457 eius
2136 2385 2396 2440 secundo.
2419 2383 2505 2438 l9.
2531 2384 2667 2438 Tres
2683 2391 2923 2439 crateres
2948 2380 3238 2435 reddentes
3264 2378 3495 2433 formam

1910 2481 1981 2548 3»:
2011 2493 2237 2543 nucum,
2268 2477 2325 2531 in
2352 2478 2649 2532 calamisco
2668 2492 2780 2531 uno
2814 2475 3087 2545 sphazrula
3118 2482 3174 2527 et
3207 2473 3379 2527 lilium
3405 2489 3420 2538 ;
3444 2480 3501 2526 et

1909 2568 1977 2634 )t(
2006 2574 2114 2619 tres
2144 2575 2384 2620 crateres
2418 2565 2708 2620 reddentes
2740 2563 2973 2618 formam
3012 2577 3247 2627 nucum,
3276 2563 3331 2617 in
3355 2561 3500 2616 cala-

1908 2658 1977 2723 x
2003 2656 2176 2710 misco
2202 2672 2312 2711 uno
2336 2656 2608 2725 sphaerula
2646 2667 2700 2712 et
2732 2656 2907 2710 lilium
2942 2674 2956 2711 :
3004 2656 3084 2711 sic
3128 2671 3228 2730 sex
3271 2653 3497 2709 calami-

1908 2748 1977 2814 >ε<
1999 2747 2107 2802 scis
2128 2749 2453 2803 exeuntibus
2484 2764 2550 2803 ex
2577 2748 2924 2804 candelabro.
2960 2746 3052 2804 20.
3080 2746 3147 2801 Et
3168 2748 3220 2801 in
3241 2745 3498 2802 candela-

1908 2841 1977 2908 )a(
2012 2840 2112 2894 bro
2138 2849 2374 2910 quatuor
2409 2850 2648 2897 crateres
2678 2840 2966 2897 reddentes
2990 2841 3222 2895 formam
3248 2852 3493 2893 nucum:

1910 2934 1979 3001 >ε<
2019 2934 2305 3004 sphaarula:
2328 2934 2467 3004 ejus,
2507 2943 2561 2989 et
2586 2934 2697 2988 lilia
2730 2935 2868 3003 ejus.
2929 2931 3214 3003 Sphaerula
3251 2931 3385 2986 sub.

213 3025 285 3090 Χ
311 3040 471 3089 σκους
492 3041 506 3054 ·
544 3027 603 3079 ὲν
636 3023 714 3096 τῷ
743 3024 1070 3095 καλαμίσκῳ
1099 3023 1177 3093 τῷ
1214 3023 1294 3076 ἐνὶ
1339 3024 1657 3097 σφαιραπὴρ
1698 3028 1793 3080 καὶ
1818 3029 2003 3101 κρίνον
2026 3047 2040 3060 -
2067 3028 2243 3095 οὕτως
2272 3033 2386 3094 τοῖς
2412 3030 2471 3098 ἒξ
2498 3031 2859 3102 καλαμίσκοις
2900 3032 3013 3094 τοῖς
3044 3027 3500 3099 ἐκπορευομένοις

215 3117 285 3183 Χ
310 3117 373 3169 ὲκ
406 3117 505 3189 τῆς
544 3117 813 3188 λυχνείας.
850 3116 944 3171 20.
991 3116 1102 3170 Καὶ
1142 3118 1201 3170 ὲν
1241 3118 1309 3188 τῇ
1353 3115 1577 3189 λυχνείᾳ
1621 3118 1888 3193 τέσσαρες
1930 3123 2205 3195 κρατῆρες
2254 3124 2697 3197 ἑκτετυπωμένοι
2749 3123 3081 3195 καρυῖσκους
3105 3140 3119 3153 ·
3152 3124 3202 3176 οἱ
3246 3138 3494 3195 σφαιρίο-

217 3216 285 3280 χ
313 3211 478 3283 τῆρες
512 3212 683 3284 αὐτῆς
731 3211 827 3265 καὶ
864 3211 933 3265 τὰ
972 3211 1145 3283 ῖκρίνα
1196 3210 1367 3282 αὐτῆς
1390 3228 1405 3243 ·
1455 3213 1485 3265 ό
1516 3215 1836 3288 σφαιρωτὴρ
1868 3217 1974 3271 ὑπὸ
2013 3220 2253 3283 τοὺς.....

532 3350 938 3437 ΣΥΜΜΑΧΟΣ.
1832 3357 1913 3411 o'.
2772 3356 3172 3412 ΘΕΟΔΟΤΙΩΝ.

288 3520 345 3577 1.
1075 3552 1080 3557 -
1398 3521 1451 3577 1.
1490 3523 1760 3579 Κιϐωτόν.
2530 3528 2587 3584 1.

281 3615 338 3671 2,
1400 3613 1457 3669 2.
1483 3615 1787 3686 κυμάτων.
1837 3617 2083 3686 Ἄλλος,
2109 3619 2378 3692 χείλωμα.
2523 3620 2579 3675 2.

256 3705 341 3773 -5-
870 3768 875 3771 χ
1056 3714 1062 3741 ⁵
1399 3704 1453 3778 6.
1507 3704 1854 3778 Ἱλαστήριον.
1900 3707 2145 3776 Ἄλλος,
2193 3709 2383 3764 θυσια-
2528 3710 2582 3766 6.

1330 3777 1425 3846 στή
1436 3793 1568 3848 ριον.

288 3866 376 3922 18.
1400 3865 1483 3921 18.
1531 3866 1625 3920 Ἐκ
1653 3866 1748 3921 τοῦ
1774 3868 1989 3933 κλίτους
2017 3870 2207 3927 αὐτοῦ.
2527 3871 2617 3928 18.

531 3980 904 4041 SYMMACHU
913 3981 975 4041 S.
1512 3982 1656 4037 LXX
1686 3982 2189 4042 INTERPRETES.
2758 3981 3170 4040 THEODOTIO.

290 4100 340 4154 1.
713 4122 716 4125 ·
1407 4098 1461 4154 1.
1481 4098 1703 4155 Arcam.
2535 4102 2582 4158 l.

288 4186 345 4244 2.
1406 4190 1463 4245 2.
1528 4190 1800 4262 Cymatiur

1914 4192 2092 4253 Alius.
2138 4195 2376 4250 labrum.
2524 4192 2581 4248 2.

289 4281 343 4337 6.
1407 4280 1463 4337 6.
1490 4280 1962 4351 Propitiatorium.
1988 4284 2164 4353 Alius,
2183 4286 2372 4341 altare.
2521 4284 2575 4338 6.

294 4374 378 4430 18.
1025 4378 1033 4383 ’
1408 4371 1496 4426 18.
1521 4370 1600 4426 Ex
1631 4371 1800 4427 latere

1912 4373 2014 4428 ius.
2522 4377 2610 4433 18.

1008 4501 1187 4562 Nota)
1214 4503 1278 4560 et
1301 4494 1497 4559 varia
1523 4493 1841 4556 lectiones
1871 4494 1952 4556 ad
1982 4512 2121 4574 cap.
2151 4498 2272 4557 XX
2286 4498 2460 4558 XVII
2493 4498 2724 4560 Exodi.

220 4632 398 4694 autem
428 4622 634 4694 Aquilae
660 4623 845 4679 versio
877 4639 1044 4694 supra
1068 4625 1231 4679 etiam
1256 4624 1602 4686 observatur,
1628 4636 1679 4676 c.
1705 4621 1797 4688 25,

220 4711 271 4748 ν.
309 4692 392 4748 10.
437 4693 717 4765 Signiﬁcat
744 4706 926 4749 autem
950 4692 1369 4765 γλωσσόκομον,
1400 4694 1678 4759 scrinium,
1712 4708 1802 4746 ar-

217 4764 408 4822 culam.
428 4764 722 4831 capsulam,
747 4767 829 4819 vel
857 4766 1020 4820 etiam
1050 4764 1407 4832 marsupium.

1980 4620 2138 4704 V.n6.
2168 4623 2430 4704 :Auoc,
2472 4618 2875 4694 θυσιαστήριον.
2926 4616 3018 4672 Sic
3057 4615 3403 4671 Colbertinus
3444 4624 3501 4672 et

1908 4700 2025 4745 tres
2050 4691 2226 4761 Regii.
2725 4691 2752 4694 ’⁷

1981 4760 2046 4817 ν.
2100 4764 2189 4818 18.
2249 4763 2355 4831 ’Δ.,
2396 4763 2619 4836 μέρους.
2667 4762 2746 4816 lta
2789 4758 3139 4816 Colbertinus
3188 4764 3242 4810 et
3294 4751 3497 4826 Regius

290 4832 354 4887 ν.
387 4833 444 4888 2.
476 4835 568 4889 Sic
598 4835 944 4891 Colbertinus
985 4846 1040 4889 et
1069 4845 1179 4891 tres
1206 4831 1381 4905 Regii.
1416 4831 1801 4891 Samaritanus
1907 4848 2076 4889 unus.

220 4904 709 4977 bodiernus|ltabet
743 4914 877 4971 γ’»,
912 4906 1057 4977 quod
1087 4915 1175 4961 est
1213 4904 1439 4962 corona.

1926 4922 1944 4940 Ι

1378 5019 1627 5084 CAPUT
1665 5018 1941 5082 XXXVI
1950 5017 2005 5078 ll
2050 5012 2333 5078 EXODI.

1233 5143 1678 5222 Fragmentum
1732 5158 1812 5199 ex
1858 5137 1993 5199 cod.
2023 5135 2294 5199 Colbert.
2341 5134 2521 5198 3084.

224 5263 531 5318 ἑπτακόσιοι
560 5265 732 5320 σίκλοι
758 5269 824 5335 χ(
848 5268 908 5320 ὲν
937 5264 1018 5337 τῷ
1050 5266 1219 5339 σίκλῳ
1244 5267 1326 5338 τῷ
1355 5267 1495 5337 ἁγίῳ
1524 5266 1547 5334 ζ
1579 5265 1795 5337 δράχμη

1912 5262 2059 5317 clima
2108 5276 2216 5316 una
2262 5261 2447 5331 capiti,
2476 5259 2764 5315 dimidium
2794 5258 2914 5314 sicli
2958 5255 3259 5313 secundum
3297 5255 3491 5312 siclnm

227 5357 323 5426 μία
344 5359 410 5428 τῇ
444 5359 677 5430 κεφαλῇ,
707 5360 768 5413 τὸ
792 5360 963 5431 ἥμισυ
990 5358 1085 5413 τοῦ
1114 5358 1299 5413 σίκλου
1330 5359 1472 5412 κατὰ
1497 5358 1589 5411 τὸν
1619 5357 1800 5410 σίκλον

1912 5367 2176 5411 sanctum.
2214 5352 2406 5410 Omnis
2430 5354 2704 5409 transiens
2747 5352 3113 5407 visitationem
3155 5364 3187 5402 a
3230 5348 3496 5404 vicesimo

218 5445 312 5500 τὸν
333 5447 506 5516 ἅγιον.
532 5449 647 5513 Πᾶς
666 5451 698 5502 ὁ
719 5452 1238 5522 παραπορευόμενος
1259 5450 1358 5521 τὴν
1381 5447 1669 5518 ἐπίσκεψιν
1694 5448 1800 5501 ἀπὸ

1912 5464 2048 5503 anno
2074 5459 2334 5517 etsupra,
2373 5448 2438 5502 ad
2473 5447 2759 5516 sexaginta
2792 5444 3089 5513 myriadas,
3129 5450 3184 5495 et
3209 5448 3291 5495 ter
3343 5440 3492 5495 mille

220 5538 562 5603 εἰκοσαέτους
603 5541 699 5593 καὶ
735 5541 922 5595 ἐπάνω
959 5543 1040 5606 είς
1072 5542 1169 5606 τὰς
1213 5542 1475 5614 ἐξήκοντα
1512 5539 1798 5612 μυριάδας,

1912 5540 2183 5611 quingenti
2204 5540 2689 5610 etquinquaginta.
2709 5538 2800 5593 26.
2820 5537 2886 5590 Ει
2929 5535 3075 5591 facta
3122 5542 3486 5590 suntcentum

222 5632 313 5685 καὶ
343 5632 672 5703 τρισχιλίους
703 5635 795 5688 καὶ
839 5635 1247 5699 πεντακοσίους,
1295 5634 1392 5689 καὶ
1440 5634 1796 5704 πεντήκοντα.

1912 5636 2111 5689 talenta
2132 5634 2342 5707 argenti
2371 5635 2427 5687 in
2468 5632 2847 5688 conﬂatiouem
2893 5628 3269 5700 capitellorum
3305 5626 3493 5681 taber-

221 5725 307 5780 26.
342 5724 453 5778 Καὶ
475 5726 704 5797 ἐγενήθη
732 5727 799 5780 τὰ
826 5727 1020 5781 ἑκατὸν
1043 5727 1282 5782 τάλαντα
1306 5726 1402 5781 τοῦ
1430 5726 1691 5799 ἀργυρίου
1719 5726 1799 5788 εἰς

1912 5725 2091 5781 naculi
2116 5766 2134 5793 ,
2171 5734 2226 5781 et
2269 5726 2323 5779 in
2364 5724 2614 5795 capitella
2662 5722 2967 5780 velaminis.
2998 5720 3088 5775 27.
3124 5721 3352 5776 Centum
3396 5734 3491 5774 ca-

222 5818 316 5871 siw
368 5820 625 5885 κώνευσιν
667 5820 774 5876 τῶν
825 5822 1127 5877 κευαλξδων
1180 5822 1276 5887 τῆς
1329 5820 1550 5887 σκηνῆς,
1591 5820 1680 5875 καὶ
1722 5821 1799 5883 είς

1912 5818 2091 5888 pltella
2170 5818 2234 5875 ad
2292 5827 2508 5875 centum
2577 5817 2810 5882 talenta,
2882 5814 3147 5870 talentum
3207 5809 3483 5882 capitello.
