3868 6214
425 319 525 377 5H

421 437 512 495 28.
547 436 613 492 Et
631 437 877 508 quinque
897 447 952 494 et
981 446 1325 509 septuaginta
1358 436 1508 494 mille
1545 447 1599 492 et
1633 446 2004 509 septingentos

423 529 587 586 siclos
608 571 623 596 ,
662 527 790 584 fecit
815 530 869 584 in
896 531 1119 586 ansulas
1155 530 1466 586 columnis:
1493 538 1546 586 et
1568 529 2004 599 inauravitcapi-

419 620 547 674 tella
579 634 791 685 earum,
819 627 874 674 et
901 619 1120 674 ornavit
1140 634 1254 674 eas.
1295 620 1387 675 29.
1421 617 1489 672 Et
1515 634 1591 674 aes
1627 619 1962 689 demptionis
1985 658 2003 685 ,

422 711 765 781 septuaginta
790 712 993 766 talenta
1014 720 1068 767 et
1089 712 1173 768 bis
1195 712 1342 767 mille
1359 711 1742 782 quadringenti
1766 709 2004 766 sicli.30.

421 801 489 856 Et
528 802 779 857 fecerunt
808 818 872 858 ex
903 817 969 858 eo
1003 803 1163 859 bases
1195 803 1320 858 ostii
1368 802 1703 858 tabernaculi
1756 802 2006 857 testimo-

421 896 520 960 nii,
578 897 647 964 Χ
677 905 730 950 et
763 896 933 950 altare
957 910 1168 951 aeneum
1201 896 1224 964 ζ
1253 904 1307 951 et
1334 895 1767 951 additamentum
1789 909 2004 949 aeneum

689 1017 776 1069 T0
815 1017 1184 1070 EBPAIKON.

1009 1187 1148 1239 tam:
1184 1187 1316 1236 nam
1353 1177 1386 1232 8
1607 1178 1664 1234 8.

1119 1257 1386 1348 innuat
1600 1268 1686 1323 ει

1163 1376 1280 1450 νρε
1315 1363 1386 1418 25
1602 1359 1693 1414 25.

421 1461 521 1510 Ὅ)
579 1459 774 1514 D’XDW
830 1460 1036 1513 nsum
1109 1463 1292 1514 mann
1323 1453 1393 1506 29
1604 1451 1696 1504 29.

1259 1551 1463 1604 ΩἽΞἿΝῚ

527 1776 780 1832 VERSIO
811 1777 1136 1842 HEBRAICI
1177 1777 1384 1832 TEXT.

495 1871 547 1925 8.
577 1870 707 1936 Quae
740 1871 1084 1926 exercebant.

495 1960 586 2014 24.
613 1946 669 2014 In
698 1961 852 2015 siclo.

495 2051 586 2106 25.
619 2050 779 2105 Bcca.
1599 2050 1694 2106 25.

505 2141 594 2197 29.
638 2140 703 2195 Et
733 2157 808 2197 ass
863 2143 1200 2207 elevationis,
1247 2151 1467 2212 septua-

425 2212 572 2282 ginta
604 2213 824 2280 talenta,
852 2221 906 2268 et
939 2215 1048 2268 duo
1083 2214 1273 2267 millia.

1450 308 1925 376 HEXAPLORUM
1969 319 2136 386 QUE
2179 316 2609 374 SUPERSUNT.

1815 1015 1902 1068 ΤΟ
1942 1014 2294 1067 EBPAIKON

1742 1085 2072 1156 Ἑλληνικοῖς
2091 1084 2399 1155 γράμμασι.

1745 1775 1835 1832 VU
1849 1774 2076 1831 LGATA
2108 1772 2386 1828 LATINA.

1605 1869 1660 1924 8.
1696 1869 1828 1936 Quae
1857 1868 2220 1924 excubabant.

1601 1961 1695 2015 24.
1733 1959 1814 2015 Ad
1840 1975 2173 2016 mensuram.

3596 317 3718 372 513

2110 437 2210 500 τὰς
2241 436 2531 506 κεφαλίδας
2555 435 2650 489 τοῦ
2681 450 3188 512 καταπετασματος.
3220 435 3310 491 '27.
3356 435 3580 488 Ἐκατδν
3613 454 3720 489 κε-

2113 527 2334 598 φαλίδες
2377 529 2457 591 είς
2498 526 2566 581 τὰ
2600 526 2796 582 ἑκατὸν
2836 525 3092 590 τάλαντα,
3127 525 3385 580 τάλαντον
3415 529 3480 597 τῇ
3517 543 3715 596 κεφα-

2111 619 2236 675 λίδι.
2264 619 2355 674 28.
2388 619 2496 673 Καὶ
2518 619 2642 682 τοὺς
2672 617 2832 672 πέντε
2857 618 2952 671 καὶ
2978 616 3347 690 ἐϐδομήκοντα
3371 617 3574 688 χιλίους
3609 617 3718 670 καὶ

2111 711 2467 774 ἑπτακοσίους
2503 709 2717 773 σίκλους
2752 709 3006 780 ἐποίησεν
3048 711 3128 773 είς
3160 708 3257 772 τὰς
3301 707 3544 778 ἀγκύλας
3583 711 3716 772 τοῖς

2115 804 2348 870 στύλοις,
2380 803 2473 857 καὶ
2492 801 2905 874 κατεχρύσωσεν
2947 800 3046 864 τὰς
3081 800 3373 870 κεφαλίδας
3394 800 3573 854 αὐτῶν
3605 799 3715 853 καὶ

2112 893 2526 963 κατεκόσμησεν
2554 887 2770 954 αὐτούς.
2804 887 2894 943 29.
2920 889 3031 942 Καὶ
3060 890 3087 942 ὁ
3112 887 3309 958 χαλκὸς
3339 887 3431 941 τοῦ
3463 888 3713 943 ἀφαιοὲ-

3020 1008 3339 1078 ΑΚΥΛᾹΣΛ

2712 1170 2766 1226 8.
2790 1171 3299 1243 Στρατευσαμένων.

2712 1259 2802 1314 24.
2834 1260 2993 1313 Κατὰ,
3015 1258 3104 1312 τὸν
3134 1256 3396 1326 στατῆρα.

2720 1351 2813 1405 25.

2716 1441 2808 1497 29.

3050 1765 3331 1832 AQUILA.

2724 1860 2776 1915 8.
2820 1859 2950 1926 Quae
2976 1860 3338 1914 excubabant.

2722 1956 2814 2013 24.
2857 1955 3169 2010 Secundum
3199 1962 3474 2008 stateram.

2721 2045 2814 2100 25.

1609 2140 1703 2195 29.
1750 2139 1902 2196 Eris
1958 2154 2174 2211 quoque
2229 2139 2581 2211 oblatasunt
2722 2141 2813 2196 29.

1537 2212 1739 2266 talenta
1776 2210 2115 2280 septuaginta
2141 2212 2250 2265 duo
2303 2210 2492 2277 millia,
2527 2218 2581 2264 et

1538 2283 1919 2352 quadringenti
1956 2297 2120 2351 supra
2147 2281 2289 2336 sicli.

1183 2444 1358 2504 Notae
1387 2447 1450 2503 et
1493 2441 1683 2504 varim
1711 2441 2024 2504 lectiones
2058 2440 2136 2502 ad
2168 2458 2306 2520 cap.
2348 2441 2691 2505 XXXVIII
2722 2440 2936 2508 Exodi

493 2545 833 2602 Postremam
868 2555 1076 2601 tantum
1106 2545 1266 2614 hujus
1301 2547 1494 2615 capitis
1524 2555 1733 2616 partem
1777 2545 1997 2616 praeter;

2173 2544 2238 2618 V.
2271 2545 2324 2600 8.
2377 2546 2480 2610 Ἀ.,
2529 2545 3038 2618 στρατευσαμένων.
3075 2543 3166 2600 Sic
3190 2541 3529 2618 Basiliensis.
3572 2544 3706 2602 Nos.

423 2619 595 2688 codex
623 2617 971 2688 Colbertinus
1013 2617 1153 2671 5084
1179 2614 1475 2688 secundum
1511 2614 1820 2671 versionem
1854 2614 1998 2668 LXX
2102 2617 2368 2688 vertimus
2391 2627 2453 2670 ut
2475 2614 2728 2688 vulgatus
2761 2614 3049 2685 interpres,
3081 2633 3104 2688 ᾳ
3139 2632 3261 2685 quae
3286 2617 3690 2688 excubabant.»

425 2687 791 2759 hexaplarem.
855 2687 1057 2744 Caetera
1120 2702 1248 2741 vero
1310 2684 1473 2757 hujus
1533 2688 1730 2758 capitis
1791 2688 1997 2740 amissa

2114 2716 2174 2759 τ’
2205 2685 2434 2759 Goislin.
2463 2688 2578 2759 r’A.,
2601 2687 2685 2751 Σ.,
2703 2684 3221 2759 στρατευσαμένων,
3250 2687 3341 2741 ubi
3371 2684 3722 2743 Basiliensis.

425 2767 572 2813 sunt.

2104 2755 2159 2809 id
2191 2757 2285 2810 uni
2313 2757 2524 2827 Aquilae
2553 2755 2800 2813 ascribit.

1617 2897 1872 2958 CAPUT
1917 2896 2201 2956 XXXIX
2238 2894 2523 2957 EXODI.

1621 3021 1728 3081 Ea:
1782 3018 1920 3081 cod.
1969 3018 2245 3080 Colbcrt.
2297 3017 2478 3081 3081i.

427 3169 494 3236 χ
525 3165 575 3218 I.
595 3163 660 3220 Et
679 3165 946 3235 reliquum
967 3164 1242 3237 hyacinthi
1276 3173 1328 3219 et
1343 3179 1615 3235 purpura),
1643 3175 1697 3220 et
1719 3165 2002 3220 coccinum

425 3257 708 3325 chtum
757 3253 1004 3310 fecerunt
1044 3255 1214 3309 stolas
1277 3254 1664 3309 ministeriales
1717 3255 1783 3309 ad
1837 3253 2004 3307 mini—

428 3351 494 3416 ὶε(
511 3347 793 3402 strandum
813 3347 866 3401 in
886 3355 1074 3403 sancto
1097 3346 1118 3415 ζ
1142 3356 1194 3401 et
1209 3345 1515 3402 fecitstolas
1532 3355 1867 3411 sanctorum,
1882 3361 2004 3416 quae

425 3447 555 3494 sunt
584 3441 763 3494 Aaron
801 3453 864 3494 -ε-
898 3441 1165 3495 sacerdoti
1198 3438 1222 3507 ζ
1255 3438 1397 3494 sicut
1441 3438 1694 3507 praecepit
1743 3437 2006 3492 Dominus

427 3528 616 3602 Moysi.

493 3622 550 3678 2.
582 3621 650 3675 Et
670 3620 795 3676 fecit
815 3621 1262 3690 superbumerale
1292 3635 1360 3675 ex
1397 3635 1554 3684 auro,
1580 3629 1635 3674 et
1670 3618 2001 3690 hyacintho,

425 3721 480 3768 et
505 3729 764 3782 purpura,
797 3722 851 3768 et
876 3713 1119 3778 coccino,
1152 3719 1208 3767 et
1243 3727 1376 3767 auro
1399 3721 1548 3777 neto,
1570 3721 1624 3765 ct
1649 3712 1814 3784 bysso
1841 3719 2001 3765 torta.

426 3803 461 3857 5
510 3801 576 3857 Ει
603 3813 762 3858 sectze
784 3813 910 3858 sunt
930 3804 1145 3858 laminae
1176 3805 1318 3871 auri,
1371 3805 1554 3875 capilli
1600 3846 1615 3869 ,
1653 3813 1713 3858 ut
1747 3811 2003 3859 contexe—

425 3903 615 3949 rentur
637 3910 761 3949 cum
800 3895 1094 3964 hyacintho
1113 3903 1168 3950 et
1191 3912 1454 3966 purpura,
1480 3907 1533 3951 et
1561 3910 1728 3952 cocco
1760 3903 1886 3950 neto
1905 3935 1921 3957 ,
1951 3903 2004 3948 ct

426 3984 593 4056 bysso
626 3999 688 4040 -ι-
718 3993 858 4040 torta
890 3987 912 4056 ζ
951 4001 1091 4056 opus
1117 3988 1323 4044 textile.
1348 3991 1401 4043 4.
1431 3988 1915 4059 Superbumeralia
1937 3985 2006 4042 fe-

423 4085 618 4130 cerunt
642 4078 772 4132 illud
808 4080 1185 4134 continuantia
1206 4096 1270 4136 ex
1305 4082 1551 4152 utrisque
1577 4081 1827 4151 partibus
1859 4080 2001 4150 ejus,

422 4178 676 4223 contexta
702 4188 715 4222 :
741 4186 879 4240 opus
909 4173 1091 4227 textile
1117 4173 1184 4227 ad
1212 4172 1464 4230 invicem.
1497 4173 1550 4228 5.
1581 4172 1892 4228 Secundum
1926 4187 2004 4226 se-

421 4256 598 4330 ipsum
627 4260 936 4328 effecerunt,
969 4263 1265 4318 secundum
1297 4263 1469 4333 ipsius
1492 4263 1778 4330 facturam,
1807 4279 1873 4316 cx
1905 4278 2003 4316 au-

421 4367 506 4417 ro,
542 4361 597 4407 et
624 4352 934 4424 hyacintho,
963 4364 1016 4408 et
1038 4370 1298 4424 purpura,
1322 4364 1376 4409 et
1403 4371 1567 4411 cocco
1592 4365 1736 4422 neto,
1766 4365 1819 4409 ct
1839 4357 2004 4426 bysso

421 4452 585 4509 torta,
611 4445 751 4498 sicut
774 4446 1024 4515 praecepit
1051 4445 1314 4502 Dominus
1340 4446 1535 4519 Moysi.
1574 4448 1626 4501 6.
1656 4445 1722 4500 Et
1753 4445 2001 4501 fecerunt

421 4540 685 4601 utrosque
731 4535 936 4603 lapides
984 4537 1295 4606 smaragdi,
1334 4537 1664 4592 constrictos
1714 4536 1895 4590 ﬁbulis
1945 4544 2000 4590 et

419 4625 708 4681 conclusos
729 4641 886 4689 auro,
913 4627 1153 4696 sculptos
1189 4637 1243 4682 et
1263 4643 1495 4683 excusos
1521 4627 1816 4682 cxcusione
1835 4626 1996 4693 sigilli

420 4729 486 4768 ex
512 4716 827 4771 nominibus
870 4716 1108 4772 filiorum
1142 4717 1330 4776 Israel.
1372 4718 1421 4772 7.
1459 4718 1725 4788 Imposuit
1755 4735 1850 4773 cos
1901 4734 1996 4771 su-

419 4820 517 4874 per
546 4807 805 4862 humeros
829 4809 1317 4879 superhumcralis,
1346 4812 1554 4880 lapides
1583 4811 1994 4865 memorialisii-

401 4897 624 4953 'liorum
662 4899 849 4968 Israel,
884 4901 1023 4982 sicut
1049 4905 1302 4973 praecepit
1335 4903 1598 4958 Dominus
1624 4902 1813 4974 Moysi.

423 5007 548 5053 νους
602 4992 828 5063 χρυσίῳ,
881 4993 1286 5065 γεγλυμμένους
1334 4994 1658 5065 ὲκκόλαμμα
1707 4994 1998 5064 σφραγῖδος
2072 4993 2138 5046 ὲκ
2183 4994 2290 5047 τῶν
2331 4996 2608 5066 ὀνομάτων
2650 4997 2779 5050 υἱῶν
2860 4996 3095 5068 Ἰσραήλ.
3138 4997 3190 5048 7.

2109 3163 2176 3230 >ε<
2225 3161 2273 3214 1.
2329 3163 2440 3214 Καὶ
2487 3164 2585 3235 τὴν
2623 3165 3075 3236 καταλειφθεῖσαν
3123 3166 3372 3226 ὑάκινθον
3419 3170 3513 3221 καὶ
3555 3185 3696 3240 πορ-

2108 3255 2176 3322 ὶε(
2210 3252 2406 3325 φύραν,
2453 3256 2549 3309 καὶ
2584 3256 2646 3310 τὸ
2687 3255 2936 3311 κόκκινον
2971 3258 3032 3310 τὸ
3068 3258 3390 3329 νενησμένον
3425 3259 3710 3330 ἐποίησαν-

2108 3347 2176 3414 X
2211 3345 2402 3409 στολὰς
2435 3347 2777 3419 λιτουργικὰς
2803 3349 2945 3403 ὥστε
2985 3350 3285 3422 λιτουργεῖν
3310 3354 3366 3404 ὲν
3392 3350 3468 3421 τῷ
3491 3352 3637 3422 ἁγίῳ
3664 3353 3688 3422 ζ

2107 3438 2202 3490 καὶ
2224 3439 2478 3509 ἐποίησεν
2492 3439 2591 3502 τὰς
2610 3442 2802 3506 στολὰς
2819 3442 2928 3495 τῶν
2945 3444 3136 3512 ἁγίων,
3155 3444 3214 3495 αῖ
3227 3445 3361 3496 εἰσιν
3397 3444 3609 3515 Ἀαρὼν
3627 3459 3694 3501 -ι-

2062 3549 2064 3551 ν
2105 3527 2183 3598 τῷ
2215 3530 2395 3600 ίερείζ
2435 3530 2685 3604 καθάπερ
2733 3533 3017 3598 συνέταξεν
3054 3537 3083 3587 ὁ
3113 3535 3316 3607 Κύριος
3365 3535 3442 3605 τῷ
3492 3537 3691 3608 Μωσῇ.

2176 3619 2230 3672 2.
2263 3621 2371 3672 Καὶ
2400 3621 2655 3691 ἐποίησεν
2674 3622 2771 3694 τὴν
2795 3623 3045 3694 ἐπωμίδα
3082 3627 3148 3677 ὲκ
3173 3625 3421 3696 χρυσίου,
3460 3627 3557 3678 καὶ
3591 3627 3691 3681 ὑα-

2107 3710 2310 3775 κίνθου,
2342 3712 2439 3764 καὶ
2469 3712 2774 3785 πορφύρας,
2804 3715 2898 3768 καὶ
2921 3715 3195 3778 κοκκίνου,
3228 3718 3320 3769 καὶ
3350 3716 3576 3788 χρυσίου
3602 3735 3691 3771 νε-

2107 3802 2399 3873 νησμένου,
2435 3804 2528 3855 καὶ
2563 3802 2760 3873 βύσσου
2805 3805 3211 3877 κεκλωσμένης.
3238 3807 3290 3862 5.
3333 3808 3442 3860 Καὶ
3477 3807 3690 3881 ἐτμήθη

2105 3893 2174 3946 τὰ
2206 3893 2420 3947 πέταλα
2449 3893 2542 3947 τοῦ
2570 3895 2816 3967 χρυσίου,
2847 3898 3052 3968 τρίχες,
3085 3897 3222 3951 ὥστε
3259 3900 3559 3969 ουνυφὰναι
3593 3902 3689 3954 σὺν

2105 3988 2172 4056 τῇ
2209 3984 2484 4057 πορφύρᾳ,
2513 3989 2609 4040 καὶ
2653 3989 2748 4041 σὺν
2778 3987 2856 4059 τῷ
2892 3989 3127 4061 κοκκίνῳ
3157 3990 3233 4062 τῷ
3262 3990 3686 4064 δεανενησμένῳ,

2105 4077 2200 4130 καὶ
2229 4078 2328 4132 σὺν
2362 4080 2427 4148 τῇ
2462 4077 2646 4148 βύσσῳ
2677 4093 2739 4134 σε-
2773 4083 2836 4151 τῇ
2884 4081 3285 4156 κεκλωσμένῃζ
3330 4082 3490 4154 ἔργον
3529 4085 3686 4154 ὑφαν-

2103 4171 2215 4223 τόν.
2267 4169 2321 4223 4.
2369 4169 2678 4240 Ἐπωμίδας
2730 4172 2995 4242 ἐποίησαν
3049 4173 3200 4234 αὐτὸ,
3251 4174 3578 4245 συνεχούσας
3629 4175 3688 4241 ἐξ

2105 4260 2428 4340 ἀμφοτέρων
2463 4259 2571 4315 τῶν
2606 4261 2788 4333 μερῶν
2809 4262 2998 4328 αὐτοῦ,
3023 4263 3505 4335 συμπεπλεγμένα,
3528 4265 3686 4338 ἔργον

2106 4353 2339 4423 ὑφαντὸν
2373 4354 2452 4416 εἰς
2483 4352 2703 4424 ἄλληλα.
2751 4353 2803 4407 5.
2833 4355 2979 4408 Καθ’
3017 4355 3176 4408 ἑαυτὸ
3210 4355 3270 4422 ἐξ
3301 4357 3465 4410 αὐτοῦ
3495 4359 3684 4431 ἐποίη-

2109 4461 2208 4496 σαν
2242 4445 2381 4498 κατὰ
2413 4442 2509 4514 τὴν
2550 4445 2766 4516 ποίησιν
2789 4445 2954 4499 αὐτοῦ
2995 4448 3061 4500 ὲκ
3097 4449 3340 4520 χρυσίου,
3378 4451 3472 4502 καὶ
3500 4451 3685 4504 ὑακίνο

2107 4533 2222 4597 θου,
2249 4534 2344 4586 καὶ
2373 4535 2679 4608 πορφύρας,
2711 4537 2805 4589 καὶ
2847 4537 3100 4591 κοκκίνου
3123 4538 3563 4610 διανενησμὲνου,
3591 4542 3685 4594 καὶ

2107 4625 2306 4695 βύσσου
2362 4627 2782 4701 κεκλωσμὲνης,
2831 4629 2972 4683 καθὰ
3035 4630 3287 4694 συνέταξε
3352 4631 3558 4702 Κύριος
3607 4631 3684 4702 τῷ

2103 4719 2295 4790 Μωσῇ.
2343 4718 2396 4772 6.
2441 4721 2550 4773 Καὶ
2597 4719 2859 4791 ἐποίησαν
2929 4721 3269 4793 ἀμφοτέρους
3329 4725 3452 4786 τοὺς
3505 4722 3683 4788 λίθους

2103 4811 2416 4882 σμαράγδου
2463 4813 3053 4885 συμπεπορπημένους,
3085 4817 3179 4868 καὶ
3213 4815 3680 4885 πεοισεσιαλωμέ-

3253 4996 3548 5068 Ἐπέθηκεν
3587 4998 3682 5049 αύ-

421 5085 548 5149 τοὺς
594 5086 687 5140 ἐπὶ
724 5089 849 5151 τοὺς
892 5086 1075 5158 ὤμους
1142 5090 1239 5160 τῆς
1308 5091 1595 5161 ἐπωμίδος,
1671 5090 1850 5153 λίθους
1900 5088 2242 5160 μνημοσύνου
2287 5090 2391 5143 τῶν
2424 5091 2555 5142 υἱῶν
2601 5090 2818 5163 Ἰσραὴλ
2863 5091 3004 5145 καθὰ
3044 5090 3300 5155 συνέταξε
3350 5089 3554 5161 Κύριος
3599 5089 3675 5160 τῷ

419 5181 614 5254 Μωσῇ.

492 5275 545 5331 8.
578 5275 645 5331 Et
668 5275 796 5332 fecit
831 5279 1116 5345 rationale,
1155 5295 1294 5349 opus
1342 5281 1527 5335 textile
1574 5281 1866 5346 varietate,
1911 5296 1997 5335 se-

419 5369 659 5424 cundum
703 5386 842 5441 opus
901 5373 1400 5442 superbumeralis;
1444 5390 1509 5428 ex
1547 5389 1714 5440 auro,
1765 5383 1818 5428 et
1869 5374 1997 5445 hya-

421 5460 630 5524 cintho,
672 5468 726 5515 et
749 5476 1011 5531 purpura,
1044 5470 1098 5516 et
1122 5477 1287 5517 cocco
1321 5471 1478 5527 neto,
1517 5471 1571 5517 et
1598 5464 1761 5534 bysso
1807 5471 1944 5516 torta
1979 5481 1992 5516 :

422 5549 477 5603 9.
505 5547 948 5622 Quadrangulum
984 5555 1052 5620 )a(
1075 5561 1191 5606 erat
1219 5553 1239 5622 ζ
1271 5553 1466 5622 duplex
1521 5552 1649 5607 fecit
1685 5553 1952 5607 rationale
1979 5571 1992 5606 :

426 5637 723 5706 spithames
741 5640 1019 5714 longitudo
1043 5643 1182 5710 ejus,
1213 5654 1265 5697 et
1292 5643 1590 5712 spithames
1609 5644 1836 5698 latitudo
1856 5644 1996 5714 ejus,

427 5729 644 5795 duplex.
681 5733 762 5788 l0.
797 5735 859 5790 Et
881 5745 1131 5792 contexta
1160 5747 1240 5791 est
1285 5736 1335 5790 in
1379 5753 1443 5792 co
1494 5751 1550 5790 +
1609 5746 1820 5794 textura
1867 5737 2000 5798 lapi-

2175 5276 2227 5330 8.
2271 5277 2382 5328 Καὶ
2417 5275 2669 5346 ἐποίησεν
2710 5277 2778 5343 x
2825 5277 2886 5331 τὸ
2923 5278 2944 5346 ζ
2981 5278 3206 5348 λογεῖον,
3250 5278 3408 5350 ἔργον
3447 5281 3677 5349 ὑφαντὺν

2105 5367 2346 5438 ποικιλίᾳ
2378 5367 2518 5421 κατὰ
2551 5367 2610 5420 τὸ
2641 5368 2799 5439 ἔργον
2845 5371 2943 5442 τῆς
2980 5371 3270 5442 ἐπωμίδος,
3321 5373 3386 5424 ὲκ
3431 5374 3672 5440 χρυσίου,
3696 5419 3707 5430 .

2104 5458 2198 5513 καὶ
2242 5457 2516 5522 ὑακίνθου,
2548 5458 2642 5511 καὶ
2681 5457 2985 5531 πορφύρας,
3019 5459 3115 5513 καὶ
3147 5449 3400 5514 κοκκίνου
3444 5459 3699 5538 διειρινειιρη-⁴

2107 5551 2340 5621 σμένον,
2385 5550 2478 5604 καὶ
2525 5548 2723 5619 βύσσου
2771 5551 3174 5624 κεκλωσμένης.
3223 5551 3276 5607 9.
3328 5552 3676 5624 Τετράγωνον

2103 5646 2170 5713 ᾗ(
2211 5640 2279 5715 ἦν
2316 5643 2338 5710 ζ
2371 5643 2589 5696 διπλοῦν
2643 5643 2898 5716 ἐποίησεν
2954 5645 3015 5699 τὸ
3048 5646 3260 5714 λόγιον⁶
3309 5645 3590 5716 σπιθαμῆς
3618 5646 3676 5698 τὸ

2107 5738 2276 5800 μῆκος
2303 5735 2488 5798 αὑτοῦ,
2523 5737 2614 5790 καὶ
2645 5736 2918 5799 σπιθαμῆς
2943 5736 3004 5790 τὸ
3025 5733 3178 5796 εὖρος
3215 5734 3399 5793 αὑτοῦ.
3437 5733 3671 5789 διπλοῦν.
