3868 6214
193 290 304 343 515

196 419 374 474 ματος
400 400 766 471 ἐϐδομήκοντα
789 397 1026 453 τάλαντα
1055 400 1147 452 καὶ
1181 399 1428 468 δισχίλιοι
1453 399 1547 451 καὶ
1583 415 1777 469 τετρα-

193 497 376 550 κόσιοι
410 494 598 548 σίκλοι.
632 492 719 547 50.
748 493 859 546 Kal
881 492 1153 564 _é1:oir;aav
1179 490 1238 556 ἐξ
1270 491 1434 544 αὐτοῦ
1465 491 1563 554 τὰς
1595 490 1779 560 βάσεις

193 594 298 664 τῆς
333 592 500 664 θύρας
526 591 636 660 τῆς,
666 590 869 660 σκηνῆς
899 588 993 642 τοῦ
1037 590 1336 660 μαρτυρίου
1371 592 1439 658 Χ
1476 589 1568 640 καὶ
1599 587 1659 639 τὸ
1691 586 1784 639 θυ-

1501 283 1709 340 EXODI
1743 284 1894 342 CAP.
1920 286 2138 342 XXXIX
2151 331 2164 344 .

3355 299 3458 353 5H

1881 400 2089 466 altaris,
2119 410 2173 456 et
2201 403 2384 457 omnia
2416 419 2544 458 vasa
2565 405 2774 461 altaris.
2806 407 2895 461 51.
2927 406 2994 462 Et
3024 408 3182 464 bases
3224 409 3344 464 atrii
3374 416 3444 484 χ

1884 503 1938 546 et
1979 508 2169 548 omnes
2219 495 2449 564 paxillos
2493 496 2878 567 tabernaculi:
2913 511 2965 555 et
2991 518 3182 558 omnes
3224 507 3457 573 paxillus

1887 585 2008 639 atrii
2039 586 2095 640 in
2135 586 2390 642 circuitu.

196 688 516 757 σιαστήριον
539 685 599 738 τὸ
622 681 898 755 χαλκοῦνζ
929 685 1022 736 καὶ
1049 683 1109 736 τὸ
1136 682 1431 753 παράθεμα
1478 682 1540 734 τὸ
1577 678 1810 750 χαλκοῦν
1844 676 1938 730 τοῦ
1987 678 2393 752 θυσιαστηρίου,
2438 684 2531 735 καὶ
2595 684 2770 744 πάντα
2816 684 2883 737 τὰ
2939 687 3107 759 σκεύη
3169 689 3460 761 θυσιαστη-

197 784 344 855 ρίου.
374 783 462 837 51.
497 781 608 834 Καὶ
646 778 747 844 τὰς
780 778 966 849 βάσεις
991 778 1088 849 τῆς
1121 777 1288 849 αὐλῆς
1335 781 1402 846 >υξ
1448 776 1539 830 καὶ
1570 776 1778 838 πάντας
1813 773 1938 836 τοὺς
1971 773 2280 839 πασσάλους
2312 776 2412 848 τῆς
2441 778 2648 848 σκηνῆς
2693 779 2713 845 ζ
2766 781 2859 834 καὶ
2899 780 3108 843 πάντας
3165 784 3290 846 τοὺς
3316 800 3459 839 πασ..

195 876 398 940 σάλους
428 876 528 946 τῆς
559 874 729 946 αὐλῆς
757 873 966 944 κύκλῳ.

516 986 922 1043 ΣΥΜΜΑΧΟΣ,
1801 985 1876 1033 0'.
2736 979 3114 1035 ΘΕΟΔΟΤΙΩΝ
3122 1025 3134 1036 .

278 1151 336 1207 8.
1382 1149 1436 1202 8.
1466 1145 1886 1218 Νηστευσασῶν.
2503 1143 2556 1196 8.

262 1241 356 1296 24.
1377 1241 1465 1295 24.
1504 1239 1657 1294 Κατὰ
1685 1239 1776 1292 τὸν
1804 1237 2003 1290 σίκλον.
2498 1235 2588 1288 21.

269 1333 362 1388 25.
1377 1333 1468 1387 25.
1496 1331 1744 1402 Δράχμη.
1779 1332 2018 1394 Ἀλλος,
2039 1326 2350 1398 δίδραχμον.
2493 1326 2584 1381 25.

269 1423 364 1480 29.
1373 1423 1464 1478 29.
1481 1421 1692 1484 Χαλκὸς
1712 1420 2078 1491 ἐϐδομήκοντα
2093 1418 2348 1491 τάλαντα,
2491 1418 2580 1474 29.

1307 1493 1404 1547 καὶ
1445 1492 1707 1562 δισχίλιοι.
1753 1489 1980 1562 Ἄλλοι,
2025 1489 2346 1562 τετρακδσια

1308 1564 1400 1616 καὶ
1431 1559 1798 1631 ἐϐδομήκοντα
1837 1559 2092 1631 τάλαντα,
2122 1560 2215 1611 καὶ
2234 1559 2346 1614 δισ-

1307 1632 1483 1702 χίλιοι.
1516 1630 1756 1696 Ἀλλος,
1787 1630 2090 1700 τριακόσια.

509 1741 943 1802 SYMMACHUS.
1481 1740 1622 1794 LXX
1658 1739 1770 1794 INT

1879 1738 2158 1793 PRETES.
2746 1741 3161 1798 THEODOTIO.

274 1842 330 1894 8.
1386 1833 1445 1887 8.
1473 1832 1603 1898 Quae
1620 1832 1771 1902 jejun

1879 1839 2018 1884 rant.
2487 1835 2541 1888 8.

269 1931 364 1986 24.
1378 1921 1471 1976 24.
1505 1919 1775 1977 Secundui

1879 1919 2060 1975 iclum.
2487 1928 2577 1983 24,

271 2026 364 2080 25,
1379 2015 1470 2070 25.
1501 2014 1791 2070 Drachma.
1824 2013 1910 2066 ΑΙ.
1946 2013 2346 2069 didrachmum.
2490 2017 2581 2071 9.5.

271 2115 365 2171 29.
1378 2114 1469 2188 29.
1525 2113 1628 2188 Ais
1700 2113 2068 2188 septuaginta
2097 2090 2296 2168 talénta
2324 2155 2339 2179 ,
2482 2109 2573 2163 29.

1310 2192 1366 2240 et
1394 2186 1477 2240 bis
1520 2185 1686 2241 mille.
1723 2186 1852 2247 Alii,
1880 2185 2274 2255 quadringenta
2290 2195 2343 2239 et

1310 2256 1650 2326 septuaginta
1686 2256 1910 2318 talenta,
1954 2264 2007 2309 et
2047 2254 2136 2309 bis
2171 2254 2340 2309 mille.

1310 2326 1484 2394 Alius,
1514 2335 1775 2382 trecenta.

984 2413 1160 2474 Notas
1189 2418 1250 2473 et
1281 2415 1474 2477 variae
1500 2414 1808 2478 lectiones
1833 2412 1913 2473 ad
1941 2430 2080 2490 cap.
2112 2409 2450 2476 XXXVIII
2480 2406 2708 2468 Exodi.

192 2514 338 2613 “-1.
367 2514 1173 2613 2ιζλΑὶζ-καὶτάξτ-δνᾌστατῆρα.
1221 2511 1313 2572 Sic
1354 2517 1550 2589 Aquila
1583 2527 1768 2571 vo‘cem

213 2597 327 2647 rw
349 2587 530 2641 vertit.
564 2586 642 2640 Ex
676 2587 977 2642 Basiliensi.
1417 2586 1437 2589 “

213 2621 341 2738 _"v.
369 2658 460 2712 25.
495 2656 766 2738 HebLaico.
787 2666 969 2738 autem
1015 2657 1260 2738 tgx_tu__V.
1292 2656 1384 2738 g6.
1415 2658 1660 2738 ᾊτιλος,
1687 2656 1769 2708 δι-

194 2727 461 2798 δραχμον,
494 2742 561 2782 ex
610 2725 910 2783 Basiliensi.
933 2757 1003 2769 —
1028 2728 1255 2785 Coislin.
1298 2729 1379 2781 Ἀ.
1402 2767 1417 2793 ,
1451 2727 1767 2799 δίδραχμον.

1879 2515 1954 2584 0',
1971 2514 2222 2584 γδράχμῃ.
2245 2512 2303 2566 1η
2322 2507 2608 2584 Basiliensi
2625 2507 2942 2584 δίδραχμον,
2964 2505 3126 2561 tacito
3140 2506 3450 2584 interprete°

1941 2575 2137 2638 v.99:
2161 2575 2332 2637 Hasce
2357 2583 2540 2636 varias
2579 2575 2990 2647 supp'utationes
3027 2575 3240 2647 prmi‘ert
3280 2575 3450 2630 codex

1872 2652 2211 2708 Basiliensis.
2241 2651 2359 2706 Una
2382 2666 2510 2705 vero
2538 2644 2698 2702 LXX
2725 2644 3082 2716 lnterpretuin
3129 2645 3452 2715 llexaplaris

1872 2724 2036 2779 editio
2071 2739 2195 2778 cum
2224 2722 2488 2777 Hebraico
2523 2718 2816 2775 consentit.
2849 2717 3069 2773 Caetera:
3102 2717 3407 2772 dissonant.

1371 2869 1625 2932 CAPUT
1659 2869 1944 2930 XXXIX
1978 2866 2256 2928 EXODI.

1387 2991 1495 3052 Ea:
1550 2987 1690 3050 cod.
1751 2989 2024 3051 Colbert.
2057 2987 2238 3050 308’s.

202 3137 291 3192 10.
333 3138 442 3190 Καὶ
478 3138 784 3210 συνυφάνθη
811 3141 869 3193 ἐν
899 3139 1046 3212 αὐτῷ
1076 3156 1138 3196 οι-
1171 3141 1398 3212 ὖφασμα
1428 3137 1714 3193 κατάλιθον
1743 3137 1764 3204 ζ

197 3229 567 3301 τετράστιχον.
597 3229 772 3284 Λίθων
805 3232 1004 3303 στίχος,
1036 3233 1251 3305 σάρδιον
1279 3233 1373 3286 καὶ
1395 3229 1652 3294 τοπάζιον
1676 3229 1773 3282 καὶ

203 3321 533 3392 σμάραγδος,
562 3321 590 3372 ὁ
621 3321 800 3391 στίχος
823 3324 852 3375 ὁ
880 3318 979 3385 εἷς.
1026 3321 1109 3377 11.
1154 3321 1264 3375 Kal
1301 3324 1330 3374 ὁ
1365 3320 1542 3389 στίχος
1580 3320 1608 3371 ὁ
1653 3319 1772 3371 δεύο

199 3427 380 3480 τερος,
401 3408 623 3481 ἄνθραξ,
655 3410 749 3462 καὶ
775 3411 1072 3481 σάπφειρος
1109 3411 1202 3463 καὶ
1230 3409 1414 3472 ῐασπις
1432 3426 1444 3438 ⁸
1482 3409 1568 3463 12.
1605 3407 1716 3461 Kal
1744 3409 1774 3460 ὁ

202 3501 654 3572 στίχοςὸτρίτος,
695 3501 956 3575 λιγύριον,
1003 3502 1098 3554 καὶ
1141 3502 1380 3573 ἀχάτης,
1423 3501 1518 3554 καὶ
1563 3497 1772 3570 ἀμέθυ-

203 3609 349 3656 στος.
381 3593 469 3646 15.
517 3593 680 3645 Καὶὸ
714 3592 894 3662 στίχος
937 3593 966 3645 ὁ
1005 3593 1260 3664 τέταρτος
1281 3633 1295 3657 ,
1331 3590 1645 3663 χρυσόλιθος
1680 3589 1774 3643 καὶ

201 3683 433 3755 ὀνύχιον,
452 3683 548 3737 καὶ
581 3683 884 3755 βηρύλλιον,
903 3682 1386 3754 περικεκλωσμένα
1407 3682 1502 3735 καὶ
1533 3679 1772 3733 συνδεδε-

205 3775 348 3848 μένα
374 3775 599 3846 χρυσίῳ,
627 3776 684 3827 ἐν
715 3774 794 3846 τῷ
820 3777 1028 3846 χρυσίῳ
1059 3774 1256 3829 αὐτῶν.
1286 3775 1373 3828 14.
1414 3775 1524 3828 Kal
1551 3777 1599 3827 οἱ
1635 3773 1773 3826 λίθοι

203 3870 271 3920 ἐκ
300 3865 404 3919 τῶν
439 3866 715 3937 ὀνομάτων
743 3865 850 3919 τῶν
874 3865 1005 3919 υἱῶν
1045 3865 1263 3939 Ἰσραὴλ
1283 3861 1421 3937 ἦσαν
1441 3906 1455 3930 ,
1479 3864 1685 3919 δώδεκα
1710 3868 1774 3919 ἐκ

201 3957 314 4013 τῶν
341 3958 616 4028 ὀνομάτων
647 3956 846 4023 αὐτῶν,
868 3958 1298 4028 ἐγγεγλυμμένοι
1336 3959 1414 4021 εἰς
1453 3957 1771 4028 σφραγίδας,

201 4051 433 4111 ἕκαστος
469 4050 533 4101 ἐκ
563 4046 654 4101 τοῦ
683 4048 944 4119 ὀνόματος
982 4047 1146 4101 αὑτοῦ
1201 4050 1280 4112 εἰς
1305 4048 1402 4112 τὰς
1430 4048 1641 4103 δώδεκα
1678 4067 1777 4118 φυ-

201 4141 322 4204 λάς.
353 4139 435 4193 15.
473 4139 582 4192 Kal
612 4138 872 4210 ἐποίησαν
896 4139 989 4192 ἐπὶ
1016 4138 1075 4192 τὸ
1101 4138 1279 4208 λόγιον
1323 4141 1605 4210 κρωσσοὺς
1640 4157 1774 4210 συμ-

201 4231 631 4302 πεπλεγμένους,
666 4230 824 4303 ἔργον
858 4231 1149 4302 ἐμπλοκίου
1175 4269 1190 4295 ,
1235 4231 1301 4284 ἐκ
1337 4230 1559 4301 χρυσίου
1603 4230 1773 4284 καθα-

206 4320 325 4392 ροῦ.
365 4321 450 4375 16.
483 4322 593 4374 Καὶ
632 4321 892 4392 ἐποίησαν
937 4319 1028 4373 δύο
1068 4321 1392 4384 άσπιδίσκας
1436 4323 1642 4393 χρυσᾶς
1683 4324 1776 4377 καὶ

200 4412 299 4465 δύο
327 4411 639 4475 δακτυλίους
661 4412 914 4484 χρυσοῦς,
939 4413 1033 4466 καὶ
1067 4411 1343 4482 ἐπέθηκαν
1376 4415 1470 4466 ἐπὶ
1511 4416 1638 4478 τοὺς
1685 4414 1776 4468 δύο

201 4501 520 4566 δακτυλίους
548 4517 610 4557 +
649 4503 774 4566 τοὺς
792 4501 1027 4574 χρυσοῦς
1062 4503 1084 4570 ζ
1111 4504 1198 4555 ἐπ’
1222 4505 1538 4576 ἀμφοτέρας
1559 4505 1658 4569 τὰς
1680 4506 1778 4576 ἀρ-

203 4594 306 4665 χὰς
349 4591 440 4646 τοῦ
481 4593 711 4663 λογείου.
748 4595 834 4648 17.
857 4594 968 4647 Kal
1003 4594 1274 4665 ἐπέθηκαν
1315 4597 1384 4651 τὰ
1421 4597 1690 4667 ἐμπλόκια
1716 4600 1780 4652 ἐκ

201 4684 426 4758 χρυσίου
452 4685 543 4739 ἐπὶ
569 4687 695 4748 τοὺς
722 4683 814 4738 δύο
839 4685 1157 4750 δακτυλίους
1177 4688 1264 4740 ἐπ’
1296 4687 1626 4759 ἀμφοτέρων
1672 4689 1779 4742 τῶν

206 4773 395 4846 μερῶν
416 4773 511 4828 τοῦ
542 4773 773 4844 λογείου,
807 4777 902 4830 καὶ
927 4778 1006 4840 εἰς
1035 4777 1134 4841 τὰς
1165 4777 1258 4832 δύο
1292 4778 1564 4848 συμϐολὰς
1586 4779 1655 4833 τὰ
1687 4779 1780 4833 δύο

204 4864 494 4935 ἐμπλόκια.
512 4865 596 4920 18.
617 4867 726 4919 Kal
753 4866 1028 4939 ἐπέθηκαν
1066 4869 1156 4922 ἐπὶ
1182 4869 1281 4932 τὰς
1309 4868 1402 4922 δύο
1431 4869 1774 4934 ἀσπιδίσκας,

205 4956 302 5010 καὶ
350 4956 550 5027 ἔθηκαν
582 4956 749 5020 αὐτὰς
779 4959 870 5011 ἐπὶ
897 4961 1020 5022 τοὺς
1054 4958 1234 5030 ὤμους
1271 4960 1368 5029 τῆς
1413 4960 1681 5030 ἐπωμίδος
1720 4957 1780 5023 ἐξ

204 5046 449 5111 ἐναντίας
471 5048 612 5102 κατὰ
639 5049 926 5120 πρόσωπον
945 5050 1130 5107 αὐτοῦ.
1158 5052 1243 5106 19.
1260 5051 1370 5104 Kal
1397 5051 1659 5122 ἐποίησαν
1687 5051 1780 5104 δύο

203 5137 517 5202 δακτυλίους
539 5138 796 5210 χρυσοῦς,
823 5141 918 5195 καὶ
951 5140 1228 5212 ἐπέθηκαν
1275 5141 1369 5194 ἐπὶ
1416 5143 1483 5196 τὰ
1522 5140 1614 5195 δύο
1646 5158 1777 5195 πτε-

210 5231 375 5301 ρύγια
403 5243 464 5284 -ι-
496 5232 582 5283 ἐπ’
611 5230 784 5302 ἄκρου
815 5233 837 5302 ζ
863 5231 957 5285 τοῦ
986 5231 1222 5302 λογείου,
1257 5234 1350 5286 ἐπὶ
1380 5233 1444 5286 τὸ
1483 5233 1652 5305 ἄκρον
1682 5232 1777 5286 τοῦ

207 5319 458 5374 ὀπισθίου
491 5321 591 5393 τῆς
630 5322 903 5394 ἐπωμίδος
947 5321 1170 5378 ἔσωθεν.
1217 5325 1327 5378 Kal
1377 5325 1640 5390 ἐποίησαν
1684 5324 1778 5376 δύο

206 5413 518 5478 δακτυλίους
543 5415 792 5487 χρυσοῦς,
823 5416 920 5468 καὶ
955 5415 1157 5489 ἔθηκαν
1186 5417 1382 5480 αὐτοὺς
1422 5419 1509 5470 ἐπ’
1542 5416 1780 5487 ἀμφοτέο

211 5522 336 5577 ρους
362 5508 486 5570 τοὺς
514 5506 694 5577 ὤμους
733 5507 829 5578 τῆς
868 5508 1137 5579 ἐπωμίδος
1188 5507 1432 5564 κάτωθεν
1467 5509 1607 5563 κατά
1646 5509 1777 5582 πρό-

205 5612 388 5651 σωπον
425 5596 590 5652 αὐτοῦ
625 5599 768 5653 κατὰ
795 5599 894 5670 τὴν
926 5600 1199 5672 συμϐολὴν
1233 5601 1399 5656 αὐτοῦ
1441 5601 1648 5656 ἄνωθεν
1676 5601 1776 5670 τῆς

206 5692 446 5763 σννυφῆς
470 5692 566 5762 τῆς
591 5691 880 5762 ἐπωμίδος.
920 5692 1032 5745 Kal
1070 5693 1418 5764 συνέσφιγξεν
1469 5694 1530 5748 τὸ
1569 5693 1774 5762 λογεῖον

1877 3135 2024 3190 daris
2056 3136 2078 3204 ζ
2105 3143 2340 3204 quatuor
2365 3126 2639 3188 ordinum.
2671 3131 2934 3203 Lapidum
2959 3130 3125 3198 ordo,"
3164 3131 3382 3188 sardius
3396 3143 3451 3187 et

1877 3227 2123 3296 topazius
2158 3235 2215 3280 et
2247 3225 2592 3298 smaragdus,
2633 3224 2768 3281 ordo
2810 3241 2954 3281 unus
2993 3244 3007 3280 :
3054 3225 3142 3279 11.
3183 3224 3251 3280 Et
3315 3227 3453 3280 ordo

1878 3317 2170 3383 secundus,
2199 3315 2565 3371 carbunculus
2598 3322 2654 3369 et
2684 3316 2995 3386 sapphirus,
3023 3324 3078 3370 et
3093 3316 3270 3387 jaspis
3300 3335 3314 3372 :
3361 3317 3449 3373 12.

1877 3400 2096 3462 Et'ordo
2119 3406 2337 3472 tertius,
2353 3406 2612 3477 ligurius,
2635 3414 2691 3462 et
2718 3407 2939 3461 achates
2961 3416 3013 3461 et
3064 3406 3404 3478 amethystus
3435 3425 3450 3461 :

1878 3501 1963 3554 15.
1982 3501 2051 3554 Et
2069 3499 2202 3554 ordo
2224 3507 2475 3568 quartus,
2518 3497 2887 3568 chrysolithus
2931 3505 2986 3552 et
3028 3497 3358 3567 onychinus,
3399 3507 3454 3553 et

1875 3593 2137 3663 beryllus,
2163 3591 2503 3646 circumtorti
2531 3601 2585 3644 et
2607 3589 2844 3660 colligati
2869 3603 3022 3657 auro,
3054 3590 3107 3643 in
3142 3605 3278 3645 auro
3312 3591 3455 3660 ipso-

1876 3700 2019 3738 rum.
2057 3684 2144 3736 M.
2177 3681 2243 3736 Et
2285 3681 2490 3751 lapides
2543 3695 2610 3735 ex
2658 3679 2974 3734 nominibus
3003 3679 3239 3734 ﬁliorum
3285 3679 3450 3735 Israel

1875 3785 2051 3840 erant,
2079 3775 2363 3830 duodecim
2386 3789 2452 3828 ex
2482 3771 2796 3827 nominibus
2825 3787 3017 3826 eorum
3046 3790 3059 3826 ε
3086 3773 3364 3843 exsculpta
3395 3774 3451 3827 in

1877 3869 2092 3939 sigillis,
2137 3865 2519 3935 unusquisque
2546 3878 2613 3918 ex
2646 3877 2748 3918 suo
2787 3863 3010 3918 nomine
3058 3864 3115 3918 in
3161 3863 3449 3920 duodecim

1875 3960 2069 4014 tribus.
2113 3957 2198 4012 15.
2252 3956 2321 4010 Ει
2352 3954 2598 4010 fecerunt
2646 3970 2811 4024 supra
2859 3954 3124 4010 rationale
3170 3955 3452 4011 catenulas

1876 4050 2248 4120 complicatas,
2277 4063 2415 4118 opus
2438 4045 2894 4116 complicationis,
2921 4061 2988 4100 ex
3015 4060 3152 4100 auro
3173 4061 3331 4116 puro.
3358 4049 3447 4103 16.

1877 4142 1943 4197 Et
1967 4141 2212 4197 fecerunt
2236 4141 2373 4195 duas
2400 4139 2698 4209 aspidiscas
2731 4153 2945 4202 aureas,
2964 4147 3018 4192 et
3043 4138 3182 4192 duos
3211 4139 3448 4195 annulos

1877 4246 2074 4286 aureos
2092 4271 2107 4294 ,
2134 4238 2188 4284 et
2221 4230 2599 4298 imposuerunt
2628 4243 2794 4298 supra
2823 4227 2963 4283 duos
2993 4227 3227 4282 annulos
3256 4241 3321 4283 -ι-
3349 4244 3449 4283 au-

1879 4336 2000 4374 reos
2028 4321 2052 4389 ζ
2079 4320 2147 4374 ad
2172 4328 2400 4388 utraque
2435 4317 2702 4388 principia
2733 4317 3034 4372 rationalis.
3073 4317 3156 4371 17.
3185 4316 3252 4373 Et
3273 4319 3448 4388 impo-

1879 4420 2104 4468 suerunt
2131 4411 2574 4480 complicationes
2597 4423 2665 4463 ex
2691 4424 2827 4464 auro
2849 4424 3016 4480 super
3033 4409 3171 4466 duos
3193 4411 3446 4476 annulos,

1883 4519 2045 4573 super
2066 4511 2326 4571 utrasque
2351 4511 2533 4571 partes
2554 4500 2858 4567 rationalis,
2879 4509 2935 4556 et
2952 4501 3008 4556 in
3035 4502 3174 4558 duas
3199 4503 3452 4558 commis-

1881 4612 2039 4650 suras
2061 4594 2198 4649 duas
2217 4593 2676 4663 complicationes.
2695 4592 2779 4648 18.
2800 4591 2866 4648 Et
2887 4593 3262 4663 imposuerunt
3285 4609 3450 4665 super

1879 4688 2014 4742 duas
2027 4685 2356 4756 aspidiscas,
2381 4694 2436 4740 et
2471 4693 2771 4755 posuerunt
2799 4700 2892 4742 eas
2929 4686 2984 4740 in
3016 4685 3156 4742 duos
3191 4685 3448 4742 humeros

1881 4779 2347 4848 superhumeralis
2392 4793 2460 4832 ex
2490 4777 2720 4833 adverso
2756 4778 3056 4834 secundum
3086 4778 3280 4834 faciem
3303 4779 3444 4850 ejus.

1882 4869 1966 4924 19.
2003 4871 2066 4926 Et
2102 4870 2346 4927 fecerunt
2375 4871 2514 4926 duos
2557 4871 2792 4926 annulos
2829 4885 3046 4938 aureos,
3078 4879 3133 4927 et
3166 4871 3475 4942 imposne-3

1879 4971 2007 5016 runt
2029 4978 2194 5033 super
2217 4963 2356 5019 duas
2379 4965 2495 5019 alas
2525 4977 2587 5018 -ιν
2615 4977 2781 5032 super
2821 4962 3190 5017 summitatem
3229 4962 3253 5028 ζ
3279 4961 3449 5016 ratio-

1879 5054 2040 5118 nalis,
2070 5069 2233 5123 super
2249 5055 2616 5109 summitatem
2633 5053 2782 5109 dorsi
2800 5052 3260 5123 superhumeralis
3277 5052 3444 5115 intus.

1879 5145 1945 5200 Et
1977 5144 2222 5200 fecerunt
2246 5144 2384 5200 duos
2416 5145 2648 5200 annulos
2677 5157 2892 5206 aureos,
2926 5151 2982 5199 et
3008 5153 3309 5213 posuerunt
3349 5157 3446 5200 eos

1877 5239 1944 5293 ad
1989 5247 2251 5310 utrosque
2273 5241 2534 5294 humeros
2565 5236 3032 5307 superhumeralis
3058 5237 3127 5292 ab
3167 5236 3278 5290 imo
3301 5235 3442 5304 ejus,

1878 5331 2175 5386 secundum
2215 5331 2409 5386 faciem
2432 5330 2571 5400 ejus,
2595 5329 2663 5384 ad
2693 5330 3114 5386 commissuram
3141 5327 3262 5397 ejus
3291 5326 3445 5381 desu-

1876 5437 1972 5491 per
2011 5431 2344 5478 contextum
2373 5421 2855 5492 superhumeralis.
2896 5419 2966 5475 Et
3002 5417 3329 5474 constrinxit
3356 5431 3444 5471 ra-

1877 5512 2074 5567 tionale
2101 5513 2171 5567 ab
2201 5512 2438 5577 annalis,
2459 5511 2555 5582 qui
2590 5526 2754 5581 super
2777 5511 2978 5583 ipsum,
3004 5511 3059 5564 in
3091 5508 3323 5564 annulos
3348 5523 3443 5563 su-

1876 5601 2269 5670 perhumeralis
2299 5601 2640 5658 continentes
2672 5615 2738 5656 ex
2777 5597 3068 5671 hyacintho
3090 5593 3443 5664 complicatos

1875 5695 1943 5750 ad
1977 5703 2348 5752 contestatam
2378 5695 2856 5766 superhumeralis,
2888 5703 2948 5748 ut
2983 5705 3090 5746 non
3120 5688 3322 5744 dimuat
3356 5702 3443 5741 ra-
