3868 6214
420 289 528 345 515
1464 289 1940 346 HEXAPLOBUM

2091 289 2150 345 Ε
2193 287 2630 348 ΞΗΡΕΒδυΝΤ.
3580 299 3694 353 516

411 410 613 466 tionale
646 425 678 464 ι
727 411 1200 482 superhumerali,
1240 411 1386 467 sicut
1431 414 1684 482 praecepit
1732 412 1972 467 Dominu

2100 411 2206 466 ἀπὲ
2237 413 2343 466 ’τῶν
2369 414 2668 468 δακτυλίων
2701 415 2805 468 τῶν
2853 418 2940 469 ἐπ’
2989 419 3153 474 αὑτοῦ
3199 425 3279 486 είς
3315 423 3443 488 τοὺς
3485 425 3694 481 δακτυ-

409 502 601 574 Moysi.
634 502 721 557 56.
745 503 884 558 Vasa
915 505 1055 573 ejus,
1077 513 1130 557 et
1152 504 1330 558 oleum
1355 503 1512 558 lucis.
1542 505 1630 557 37.
1653 506 1720 571 3K
1739 503 1802 558 Et
1827 505 1972 558 altart

2099 506 2246 569 λίους
2291 515 2388 577 της
2425 508 2698 578 ἐπωμίδος
2742 513 3133 583 συνεχομένους
3181 518 3245 569 ἐκ
3296 518 3394 588 τῆς
3429 520 3692 575 ὑακίνθου

409 604 636 644 aureum
662 591 751 660 τοι
777 593 956 646 oleum
987 593 1285 656 unctionis,
1317 602 1372 646 et
1397 593 1691 663 thymiama
1721 596 1972 663 composi-

2100 597 2626 670 συμπεπλεγμένους
2654 602 2734 663 είς
2753 602 2814 655 τὸ
2836 589 3067 676 ὕφασμα
3111 607 3211 678 τῆς
3251 610 3526 680 ἐπωμίδος
3546 652 3561 676 ,
3596 612 3692 665 ἵνα

411 681 594 736 tionis.
621 683 708 737 58.
738 681 804 736 Et
836 684 1130 738 tentorium
1161 684 1284 738 ostii
1314 684 1381 752 >κ
1409 685 1743 739 tabernaculi
1771 686 1791 753 ζ
1815 687 1901 740 59.
1931 685 1971 738 Ε

2100 687 2175 759 μὴ
2205 689 2434 759 χαλᾶται
2467 692 2527 744 τὸ
2549 690 2728 758 λόγιον
2753 693 2860 747 ἀπὸ
2892 695 2992 766 τῆς
3018 699 3310 768 ἐπωμίδος,
3341 703 3484 756 καθὰ
3529 705 3690 758 συνέ-

409 773 579 828 altare
616 790 849 837 azncum,
875 785 930 830 et
963 777 1392 831 additamentum
1442 792 1652 831 aeneum
1675 818 1689 843 ,
1728 777 1872 846 quod
1911 794 1969 833 es

2096 781 2225 846 ταξε
2272 784 2470 853 Κύριος
2505 782 2582 854 τῷ
2629 784 2823 856 Μωσῇ.
2859 786 2946 842 56.
3005 791 3182 862 Σκεύη
3240 793 3445 864 αὐτῆς,
3486 796 3585 849 καὶ
3625 795 3704 854 τὸξ

688 893 775 944 ΤΟ
805 893 1172 947 EBPAIKON.

1811 887 1898 948 ΤΟ
1942 897 2289 952 ΕΒΡΑῙΚΟΝ

3009 907 3306 963 ΑΚΥΛΔΣ.

1715 966 2045 1037 Ἑλληνικοῖς
2076 969 2386 1040 γράμμασι.

867 1067 1143 1117 ἼΞΝἿἽἾΝ
1175 1067 1313 1122 κυνῆ
1346 1061 1382 1114 2
1596 1062 1652 1114 9..

854 1155 1028 1204 ΒΠΨΠ
1061 1155 1308 1205 ’ΞΖΝἽἹΝ
1347 1146 1379 1198 6
1591 1151 1645 1206 6.

1204 1249 1374 1296 ΠΞΟΓΒ

1157 1410 1378 1459 nam:

1202 1572 1302 1624 ’ἔω
1341 1565 1373 1618 8
1589 1566 1643 1620 8.

1008 1664 1265 1715 itm-nm
1303 1657 1373 1711 55
1588 1660 1677 1715 55.

812 1751 988 1804 cura
1019 1730 1277 1805 arb-nm
1311 1746 1378 1800 56
1597 1750 1685 1804 '56.

1056 1917 1278 1968 ἘΞ-ΠΜ
1311 1909 1379 1963 39
1595 1913 1684 1967 39.

514 1997 769 2056 VERSIO
804 2000 1132 2057 HEBRAICI
1167 2002 1372 2058 TEXT.

476 2095 532 2148 2.
569 2095 635 2149 Et
663 2095 787 2151 fecit
817 2097 1285 2167 superhumerale.

477 2185 531 2240 6.
557 2186 788 2257 Lapides
815 2189 1065 2260 onychis.

476 2279 874 2335 Circumdatos.
1584 2286 1871 2344 Astrictos.

476 2443 818 2498 Ocellaturis.
1584 2447 1848 2506 Inclusos.

475 2533 529 2586 8.
561 2529 740 2586 Cocci.
1591 2539 1648 2595 8.
1680 2539 1770 2594 Bis
1794 2543 1978 2598 tincto.

475 2623 564 2676 55.
595 2620 789 2679 Vectes
810 2625 948 2694 ejus.
1588 2630 1680 2685 55.
1718 2631 1934 2688 Vectes.

472 2713 560 2766 56.
584 2713 787 2769 Panem
810 2715 1092 2770 facierum.

473 2877 562 2933 '59.
597 2877 664 2932 Et
686 2878 861 2934 basim
891 2879 1028 2948 ejus.

1739 2007 2072 2066 VULGATA
2109 2011 2194 2066 LA
2204 2013 2382 2068 TINA.

1589 2102 1642 2156 2.
1676 2101 1742 2158 Et
1766 2103 1892 2159 fecit
1926 2108 2390 2177 superhumerale.

1589 2193 1641 2248 6.
1673 2194 1901 2265 Lapides
1928 2198 2251 2266 onychinos.

2705 1066 2760 1120 2.
2791 1067 2902 1120 Kal
2921 1069 3143 1140 ὲποίησε
3177 1071 3237 1124 τὸ
3258 1072 3558 1144 ὲπένδυμα.

2710 1159 2763 1214 6.
2793 1160 2932 1224 Τοὺς
2963 1159 3145 1226 λίθους
3183 1163 3391 1234 ὄνυχος.

2707 1575 2764 1630 8.
2798 1577 3082 1649 Διάφορον.

2708 1668 2798 1722 55.
2845 1669 3179 1740 Ἀναφορεῐς.

2698 1757 2788 1812 56.

2708 1918 2800 1975 59.

3022 2014 3273 2083 AQUILA
3286 2055 3300 2068 .

2703 2112 2755 2165 2.
2786 2109 2854 2166 Et
2885 2110 3012 2166 fecit
3041 2112 3611 2181 superindumentum.

2700 2201 2753 2256 6.
2780 2201 3012 2273 Lapides
3030 2204 3275 2275 onychis.

2704 2544 2755 2597 8.
2786 2541 3030 2598 Varium.

2700 2636 2790 2691 55.
2819 2633 3035 2690 Vectes.

1587 2722 1677 2776 56.
1709 2723 1846 2778 Cum
1887 2725 2120 2794 panibus
2145 2728 2550 2799 propositionis.
2701 2725 2792 2780 36.

1591 2884 1681 2940 39.
1721 2885 1858 2940 Cum
1889 2887 2009 2941 basi
2035 2903 2154 2942 sua.
2701 2887 2794 2942 '59.

1184 2975 1360 3036 Nota;
1396 2983 1457 3038 et
1489 2979 1680 3040 vnriaa
1725 2980 2035 3043 lectiones
2066 2985 2144 3044 ad
2169 2985 2612 3062 cap.XXXlX
2645 2983 2869 3044 Exodi.

453 3071 534 3154 Ex
559 3072 750 3154 eodem
779 3072 1640 3154 Colbertinoﬁtﬁt-mplius);er
1665 3078 1836 3154 βιοᾱί
1858 3096 1993 3154 pene
2095 3100 2309 3153 semper
2347 3084 2629 3154 ὲπὲνδυμα
2664 3091 2907 3137 vertunt.
2945 3081 3290 3154 hlartianteus
3332 3088 3525 3154 tamen
3561 3099 3673 3138 no-

406 3151 578 3223 totum
610 3145 878 3226 eruimus,
913 3153 972 3226 u't
1001 3151 1120 3226 erat
1153 3145 1207 3197 in
1254 3143 1514 3226 Heagplis
1551 3149 1619 3201 ab
1650 3143 1887 3226 Origene
1917 3151 1972 3204 it:

2095 3143 2302 3209 stcr'ad
2329 3154 2535 3224 Symm.
2553 3143 2773 3224 'posuit,
2799 3153 2890 3206 καὶ
2916 3153 3172 3226 ἐποίησεν
3215 3149 3407 3219 Ἐφώδ.

404 3214 792 3296 concinnatum
825 3221 886 3266 ut
922 3212 1187 3296 llebra_ico
1218 3228 1248 3267 e
1279 3212 1502 3296 largiope
1547 3219 1725 3296 posito
1754 3212 1985 3296 respon-

403 3284 575 3346 deret,
601 3297 762 3337 secus
783 3298 958 3358 quam.
980 3283 1032 3358 in
1055 3285 1142 3337 illa
1171 3283 1458 3358 xotvf],:ub'i
1485 3283 1667 3342 omnia
1688 3305 1784 3343 sus
1811 3283 1986 3358 deque

401 3368 558 3430 yersa
612 3362 761 3430 sunt,
796 3363 856 3430 ut
909 3352 1165 3430 diximus.
1221 3352 1322 3408 Ha!
1349 3355 1632 3430 lectiones,
1689 3352 1980 3430 ὲμπλόκία,

404 3421 591 3546 λήμψη
624 3431 678 3477 et
700 3423 932 3488 similes,
969 3424 1049 3477 sic
1079 3424 1349 3479 habentur
1375 3428 1429 3480 in
1464 3443 1599 3484 mss.

526 3530 542 3546 .
578 3493 631 3546 2.
687 3491 779 3546 Sic
822 3509 957 3546 mss.
998 3495 1210 3546 nostri.
1244 3496 1337 3546 ubi
1367 3496 1563 3546 Annila
1596 3525 1599 3546 ι

526 3530 542 3547 .
578 3491 631 3546 2.
687 3491 779 3548 Sic
822 3509 957 3550 mss.
998 3495 1211 3563 nostri,
1244 3496 1337 3550 ubi
1367 3496 1564 3567 Aquila
1596 3508 1650 3554 et
1686 3498 1836 3570 Sym.
1865 3508 1980 3562 15a

2161 3264 2225 3319 ν.
2260 3266 2312 3321 6.
2345 3265 2423 3321 lla
2460 3268 2563 3333 ’A.,
2584 3269 2669 3331 Σ.,
2688 3267 2775 3330 6.,
2801 3275 2861 3319 ut
2882 3281 3023 3334 saepe
3049 3266 3287 3320 vidimus
3317 3281 3503 3330 supra.
3525 3264 3672 3319 Mar-

2089 3335 2318 3392 tianaeus
2347 3346 2528 3392 tamen
2566 3347 2752 3391 noster
2785 3337 2863 3391 sic
2898 3337 3060 3390 habet
3093 3337 3197 3400 ’A.,
3222 3335 3308 3399 Θ.,
3335 3335 3461 3399 τοὺς
3484 3335 3671 3399 λίθους

2085 3407 2380 3478 ὀνυχίνους.
2416 3408 2499 3472 Σ.,
2537 3409 2660 3470 τοὺς
2688 3406 2866 3468 λίθους
2896 3406 3111 3477 ὄνυχας.

2155 3497 2290 3555 lbid.
2328 3501 2390 3553 Οἱ
2423 3498 2648 3567 λοιποὶ,
2673 3497 3155 3568 συνεσφιγμένους,
3189 3496 3264 3550 ita
3284 3494 3629 3551 Basiliensis.

1672 3705 1925 3766 CAPUT
1959 3704 2074 3764 XL
2102 3700 2386 3762 EXODI.

1716 3829 1822 3890 E1:
1869 3827 2077 3888 eodem
2132 3823 2369 3885 codice.

404 3989 458 4007 ..
485 3991 496 4004 .
521 3949 756 4006 Domino
794 3952 850 4005 in
891 3952 1141 4007 circuitu.
1170 3952 1220 4005 7.
1269 3952 1336 4008 Et
1366 3968 1535 4024 pones
1590 3953 1800 4009 labrum
1844 3954 1984 4008 inter
2089 3991 2104 4005 .
2141 3989 2157 4006 .
2195 3988 2211 4003 .
2240 3987 2256 4004 .

402 4044 814 4099 tabernaculum
837 4044 1155 4110 testimonii,
1178 4055 1231 4100 et
1254 4045 1394 4100 inter
1416 4046 1607 4109 altare,
1631 4055 1684 4100 et
1699 4045 1852 4100 dabis
1874 4045 1982 4098 illic

402 4153 620 4206 aquam.
640 4137 692 4190 8.
713 4136 780 4190 Et
801 4151 971 4206 pones
994 4137 1193 4190 atrium
1222 4138 1274 4189 in
1299 4137 1552 4192 circuitu.
1576 4136 1643 4190 Et
1664 4137 1825 4191 dabis
1845 4135 1983 4191 vela-

402 4244 526 4282 men
557 4241 728 4299 portac
759 4230 901 4283 atrii.
941 4230 994 4284 9.
1025 4227 1092 4282 Et
1126 4229 1360 4298 accipies
1385 4230 1566 4284 oleum
1599 4229 1899 4295 unctionis,
1928 4237 1982 4283 et

401 4335 573 4390 unges
617 4320 1046 4384 tabernaculum,
1078 4330 1132 4376 et
1159 4321 1344 4375 omnia
1391 4336 1514 4390 quae
1553 4322 1608 4375 in
1647 4337 1711 4377 co
1737 4328 1884 4376 sunt.
1915 4321 1982 4375 Et

401 4409 770 4465 sanctiﬁcaliis
787 4411 917 4465 illud
938 4420 993 4466 et
1006 4411 1186 4465 omnia
1206 4427 1336 4467 vasa
1356 4413 1498 4482 ejus,
1512 4424 1566 4468 et
1585 4422 1744 4468 erunt
1767 4421 1976 4468 sancta.

403 4501 492 4554 10.
516 4499 583 4553 Et
603 4501 847 4570 portabis
871 4501 937 4555 ad
968 4502 1138 4557 altare
1168 4501 1513 4560 fructuum...
1543 4502 1627 4556 12.
1658 4501 1724 4555 Et
1743 4502 1978 4559 adduces

402 4593 585 4646 Aaron
615 4601 669 4646 et
689 4593 830 4648 ﬁlios
854 4593 973 4664 ejus
1001 4593 1066 4647 ad
1092 4602 1277 4662 portas
1299 4593 1634 4648 tabernaculi
1661 4593 1975 4658 testimonii,

401 4694 458 4740 et
481 4684 684 4740 lavabis
708 4699 803 4740 eos
832 4699 992 4755 aqua.
1022 4685 1109 4739 15.
1138 4683 1206 4739 Ει
1234 4686 1425 4739 indues
1451 4685 1633 4739 Aaron
1661 4685 1829 4740 stolas
1854 4700 1979 4740 san-

401 4788 538 4844 ctas,
555 4787 609 4832 et
628 4792 798 4847 unges
815 4791 961 4843 eum,
984 4787 1038 4831 et
1053 4777 1414 4832 sanctiﬁcabis
1434 4791 1581 4840 eum,
1598 4784 1651 4829 et
1675 4776 1978 4831 sacerdotio

387 4867 657 4938 .fungetur
685 4868 838 4922 mihi.
875 4867 962 4921 14.
994 4865 1060 4920 Ει
1091 4867 1330 4921 adduces
1359 4867 1502 4920 lilios
1530 4866 1669 4935 ejus,
1703 4874 1756 4920 et
1786 4865 1976 4920 inducs

403 4971 502 5011 eos
520 4957 757 5011 tunicas.
778 4955 867 5012 15.
891 4955 957 5009 Ει
980 4971 1150 5025 unges
1179 4970 1274 5009 eos
1291 4954 1750 5024 quemadmodum
1772 4955 1977 5008 unxisti

399 5058 608 5120 patrem
634 5063 847 5112 eorum,
878 5055 932 5101 et
959 5047 1264 5101 sacerdotio
1291 5045 1584 5117 fungentur
1613 5045 1766 5100 mihi.
1795 5044 1880 5099 16.
1911 5044 1977 5100 Ει

400 5143 507 5197 erit
522 5149 586 5196 ut
615 5140 686 5195 sit
716 5139 848 5209 ipsis
870 5139 1109 5193 chrisma
1147 5137 1436 5193 sacerdotii
1480 5151 1670 5192 eorum
1708 5137 1764 5192 in
1803 5151 1975 5192 δεξιου-

399 5235 537 5299 lum,
571 5235 626 5287 in
654 5229 1031 5302 generationes
1057 5244 1266 5284 eorum.
1293 5227 1362 5282 Et
1383 5227 1514 5285 fecit
1540 5227 1752 5300 Moyses
1776 5243 1973 5284 secun-

399 5331 528 5398 dum
557 5327 740 5383 omnia
765 5341 886 5396 quae
919 5323 1174 5395 pramepit
1199 5323 1302 5394 ipsi
1330 5323 1615 5387 Dominus,
1647 5323 1727 5377 sic
1759 5320 1901 5377 fecit.

2340 3949 2561 4020 .Kupltp
2594 3947 2796 4019 κύκλῳ.
2828 3949 2880 4003 7.
2941 3949 3052 4002 Kal
3078 3948 3262 4021 Θήσεις
3291 3950 3381 4006 τὸν
3419 3951 3662 4025 λουτῆρα

2083 4041 2356 4111 ἁναμέσον
2393 4041 2492 4110 τῆς
2537 4041 2739 4110 σκηνῆς
2770 4037 2863 4092 τοῦ
2900 4039 3222 4113 μαρτυρίου,
3257 4041 3348 4093 καὶ
3385 4041 3660 4111 ἀναμέσον

2081 4132 2174 4186 τοῦ
2209 4131 2613 4203 θυσιαστηρίου,
2650 4133 2743 4184 καὶ
2772 4129 2963 4195 δώσεις
2986 4132 3100 4183 ἐκεῖ
3123 4130 3286 4202 ὕδωρ.
3313 4130 3364 4184 8.
3410 4132 3522 4185 Kal
3560 4132 3661 4203 Oﬁ-

2083 4242 2198 4289 σεις
2225 4224 2324 4294 τὴν
2376 4222 2544 4294 αὐλὴν
2572 4221 2775 4294 κύκλῳ.
2829 4222 2940 4276 Kal
2971 4221 3162 4286 δώσεις
3193 4223 3252 4276 τὸ
3283 4223 3660 4297 ὲπίσπαστρον

2080 4319 2178 4389 τῆς
2214 4317 2386 4387 πύλης
2418 4317 2515 4386 τῆς
2546 4314 2732 4386 αὐλῆς.
2758 4315 2810 4369 9.
2836 4315 2945 4368 Kal
2969 4315 3157 4387 λήμψη
3195 4316 3342 4387 (sic)
3379 4317 3442 4370 τὸ
3477 4317 3658 4373 ἔλαιον

2079 4409 2172 4463 τοῦ
2213 4409 2529 4481 χρίσματος,
2558 4407 2652 4460 καὶ
2679 4406 2886 4478 χρίσεις
2914 4406 3011 4478 τὴν
3047 4406 3284 4477 σκηνὴν,
3333 4409 3428 4462 καὶ
3476 4409 3658 4463 πάντα

2080 4502 2148 4555 τὰ
2174 4504 2232 4555 ὲν
2257 4503 2413 4572 αὐτῇ.
2447 4499 2557 4552 Kal
2588 4499 2836 4567 ἁγιάσεις
2865 4499 3032 4568 αὐτὴν
3060 4500 3152 4552 καὶ
3181 4501 3360 4554 πάντα
3385 4501 3452 4555 τὰ
3483 4502 3656 4575 σκεύη

2080 4585 2392 4663 αὐτῆς,’κα“ι
2426 4591 2578 4644 ἔσται
2603 4592 2750 4659 am.
2791 4590 2876 4646 10.
2913 4591 3022 4645 Kal
3059 4593 3210 4662 ἀρεῖς
3243 4595 3324 4657 εἰς
3366 4594 3426 4647 τὸ
3466 4595 3657 4649 Gusta-

2082 4685 2298 4754 στήριον
2333 4683 2438 4736 τῶν
2469 4683 2852 4755 καρπωμάτων
2877 4722 2890 4735 .
2929 4720 2946 4735 .
2980 4723 2992 4735 .
3031 4723 3046 4736 .
3075 4701 3184 4736 τον.
3237 4685 3323 4739 12.
3362 4687 3470 4740 Kal
3514 4707 3655 4761 προ-

2080 4775 2261 4839 σάξεις
2283 4777 2349 4842 >ο<
2379 4775 2470 4828 τὸν
2501 4774 2522 4842 ζ
2571 4776 2779 4846 Ἀαρὼν
2805 4777 2899 4829 καὶ
2924 4777 3050 4840 τοὺς
3080 4779 3226 4841 υἱοὺς
3242 4778 3406 4832 αὑτοῦ
3436 4781 3530 4832 ἐπὶ
3555 4780 3655 4845 τὰς

2079 4865 2248 4942 θύρας
2273 4868 2372 4936 τῆς
2405 4866 2607 4935 σκηνῆς
2632 4864 2724 4918 τοῦ
2745 4867 3066 4936 μαρτυρίου.
3084 4869 3195 4921 Kal
3224 4868 3432 4932 λούσεις
3453 4871 3654 4935 αὐτοὺς

2079 4957 2250 5014 ὕδατι.
2295 4958 2379 5011 15.
2411 4958 2522 5010 Kal
2552 4957 2792 5021 ὲνδύσεις
2821 4959 2888 5024 »ζ
2918 4958 3008 5011 τὸν
3039 4959 3061 5026 ζ
3107 4958 3315 5030 Ἀαρὼν
3331 4959 3428 5024 τὰς
3456 4962 3654 5027 στολὰς

2077 5048 2175 5112 τὰς
2218 5049 2412 5117 ἁγίας,
2454 5049 2549 5101 καὶ
2598 5049 2806 5119 χρίσεις
2855 5049 3035 5113 αὐτὸν,
3085 5053 3178 5103 καὶ
3210 5052 3456 5119 ἁγιάσεις
3487 5053 3653 5106 αὑτὸν

2078 5140 2173 5193 καὶ
2217 5140 2520 5212 ἱερατεύσει
2559 5159 2668 5213 μοι.
2710 5144 2795 5199 14.
2825 5146 2935 5198 Kal
2985 5145 3275 5216 προσάξεις
3323 5148 3448 5210 τοὺς
3502 5149 3653 5211 υἱοὺς

2081 5232 2268 5298 αὐτοῦ,
2296 5233 2391 5287 καὶ
2411 5234 2649 5299 ὲνδύσεις
2679 5237 2874 5302 αὐτοὺς
2896 5237 3146 5308 χιτῶνας.
3175 5239 3258 5293 15.
3284 5239 3393 5292 Kal
3407 5238 3649 5307 ἁλείψεις

2083 5323 2276 5388 αὐτοὺς
2309 5324 2368 5379 ὃν
2409 5325 2610 5396 τρόπον
2655 5327 2880 5398 ἤλειψας
2923 5329 3013 5384 τὸν
3054 5330 3267 5402 πατέρα
3307 5329 3485 5384 αὐτῶν
3505 5372 3520 5396 ,
3555 5331 3651 5387 ναὶ

401 5421 802 5499 ἰερατέύσουσίν
831 5441 938 5493 μοι.
973 5421 1060 5476 16.
1101 5420 1210 5474 Kal
1241 5419 1391 5474 ἔσται
1417 5418 1557 5472 ὥστε
1603 5414 1742 5473 εἶναι
1791 5419 1972 5484 αὐτοῖς
2007 5419 2217 5490 χρίσμα
2239 5421 2416 5475 αὐτῶν
2441 5423 2712 5494 ἰερατείας
2769 5425 2849 5488 εἰς
2904 5424 2992 5479 τὸν
3021 5414 3209 5490 αἰῶνα,
3235 5427 3315 5488 εὶς
3343 5424 3440 5488 τὰς
3455 5424 3650 5492 γενεὰς

399 5518 598 5572 αὐτῶν.
633 5517 745 5570 Kal
780 5515 1033 5586 ἐποίησεν
1075 5513 1281 5583 Μωσῆς
1313 5512 1456 5566 κατὰ
1497 5514 1675 5568 πάντα
1711 5513 1811 5566 ὅσα
1857 5513 2156 5566 ἐνετείλατο
2181 5514 2329 5584 αὐτῷ
2348 5514 2568 5584 Κύριος,
2597 5514 2766 5580 οὕτως
2789 5515 3058 5587 ἐποίησεν.

483 5613 567 5664 l7.
604 5609 668 5664 Et
693 5609 893 5666 factum
923 5620 1004 5664 cst
1032 5608 1086 5662 in
1119 5623 1305 5662 mense
1338 5609 1537 5677 primo,
1567 5623 1710 5662 anno
1731 5609 1969 5662 secundo

402 5719 461 5757 σε
492 5717 550 5772 eg
562 5701 1042 5771 redienttbusipsis
1065 5717 1127 5756 ex
1144 5699 1377 5771 Egypto
1397 5700 1418 5768 ζ
1441 5701 1494 5755 in
1523 5700 1808 5758 neomcnia
1840 5717 1972 5757 con-

2153 5610 2241 5662 17.
2270 5610 2379 5663 Kal
2412 5611 2628 5677 ἐγένετο
2656 5613 2713 5663 ὲν
2738 5611 2814 5682 τῷ
2854 5612 2982 5681 μηνὶ
3139 5611 3336 5683 πρώτῳ
3356 5651 3368 5672 ,
3403 5610 3516 5663 ἔτει
3563 5609 3647 5679 τῷ

2075 5701 2308 5772 δευτέρῳ
2331 5715 2393 5756 ot-
2424 5702 2868 5774 ἐκπορευομένων
2888 5704 3064 5758 αὐτῶν
3097 5704 3154 5771 ἐξ
3179 5702 3452 5772 Αἰγύπτου
3477 5702 3498 5769 ζ
3522 5717 3648 5755 νου-
