3868 6214
185 297 301 355 517

185 415 373 470 ῑλαιον
418 410 513 465 τοῦ
551 408 756 480 φωτός·
810 411 877 477 3(
907 406 998 461 57.
1028 405 1137 459 Kal
1182 405 1243 459 τὸ
1283 403 1667 475 θυσιαστήριον
1712 403 1773 456 τὸ

181 506 432 580 χρυσοῦν
473 506 495 574 ζ
529 504 622 557 καὶ
646 503 706 555 τὸ
737 501 916 555 ἔλαιον
939 500 1037 569 τῆς
1054 496 1307 570 κρίσεως,
1326 496 1422 550 καὶ
1434 496 1496 550 τὸ
1520 496 1773 569 θυμίαμα

1572 280 1780 339 Ε’(ΟΟΙ
1816 277 1968 335 CAP.
2009 278 2123 334 XL.

3359 280 3464 338 518

1879 430 2042 486 super
2056 424 2257 471 vectes.
2274 414 2342 470 Et
2362 416 2545 472 omnia
2558 432 2690 473 vasa
2719 418 2861 488 ejus,
2884 418 3092 473 labrum
3118 420 3187 487 Χ
3208 426 3262 474 et
3288 417 3463 473 basim

1876 502 1996 576 eius
2020 509 2043 577 ζ
2063 516 2116 563 et
2130 508 2398 563 velamina
2411 509 2557 574 atrii,
2583 520 2637 565 et
2658 510 2945 566 columnas
2958 511 3098 580 ejus,
3117 522 3172 566 et
3186 512 3462 566 bases.....

182 601 292 670 τῆς
329 598 650 660 συνθέσεως.
686 595 775 651 58.
803 595 914 648 Kal
942 594 1002 645 τὸ
1034 592 1403 662 ἐπίσπαστρον
1426 592 1524 663 τῆς
1556 593 1727 667 θύρας
1756 601 1824 667 Β(
1846 601 1949 672 τῆς
1977 601 2185 674 σκηνῆς
2211 601 2343 672 259.
2364 603 2477 656 Kal
2502 601 2564 656 τὸ
2589 602 2972 675 θυσιαστήριον
2984 602 3048 656 τὸ
3069 602 3331 674 χαλκοῦν,
3370 604 3465 656 καὶ

182 696 252 748 τὸ
282 693 577 763 παράθεμα
607 693 667 745 τὺ
693 689 924 761 χαλκοῦν
944 688 1005 741 τὸ
1037 688 1129 740 ἐπὶ
1166 688 1292 747 τοὺς
1323 689 1630 759 ἁναφορείς.
1664 693 1773 747 Καὶ
1807 696 1985 784 πάντα
2013 697 2082 750 τὰ
2115 697 2282 770 σκεύη
2316 696 2501 764 αὑτοῦ,
2530 699 2621 753 τὸν
2640 699 2882 771 λουτῆρα
2925 702 2991 767 >ε<
3029 699 3126 752 καὶ
3168 701 3266 770 τὴν
3305 697 3462 769 βάσιν

183 789 361 845 αὑτοῦ
404 792 428 861 ζ
459 787 555 842 καὶ
578 786 646 841 τὰ
679 786 822 841 ίστία
847 785 945 854 τῆς
972 781 1159 852 αὐλῆς,
1190 783 1282 834 καὶ
1315 783 1439 845 τοὺς
1462 784 1686 850 στύλους
1707 789 1901 860 αὐτῆς,
1926 781 2021 844 καὶ
2043 791 2142 856 τὰς
2175 791 2361 862 βάσεις
2378 792 2570 864 τῆς....

510 902 916 958 ΣΥΜΜΑΧΟΣ.

262 1071 322 1126 2.
352 1071 463 1125 Καὶ
490 1070 711 1140 ἐποίησε
739 1068 800 1123 τὸ
825 1067 1118 1138 ἐπένδυμα.

264 1167 319 1220 6.
356 1167 494 1231 Τοὺς
520 1166 699 1249 λίθους
726 1164 933 1235 ὄνυχος.

1803 912 1881 962 U’.

1373 1067 1427 1122 2.
1460 1068 1571 1121 Kal
1597 1069 1823 1141 ἐποίησε
1868 1071 1966 1143 τὴν
2014 1073 2284 1144 ἐπωμίδα.

1374 1161 1426 1216 6.
1452 1163 1591 1228 Τοὺς
1614 1165 1795 1230 λίθους
1833 1168 2167 1241 σμαράγδου.

2740 909 3140 963 ΘΕΟΔΟΊἹΩΝ.

2492 1074 2546 1128 2.
2582 1072 2691 1126 Kal
2711 1034 2967 1143 ἐποίησεν
2991 1070 3155 1140 sese.

2492 1167 2543 1222 6.
2574 1168 2710 1232 Τοὺς
2744 1166 2924 1230 λίθους
2949 1166 3156 1238 ὄνυχος.

1378 1260 1974 1334 Συμπεπορπημένους.
1998 1268 2063 1318 Ol
2098 1266 2297 1319 λοιποὶ
2329 1306 2344 1331 ,

1308 1333 1785 1402 συνεσφιγμένους.

1374 1428 1938 1500 Περισεσια).ωμένους
2020 1435 2083 1485 Οί
2148 1436 2335 1498 λοιπη

1304 1514 1428 1552 συνε
1436 1516 1566 1568 σφιγ
1572 1500 1762 1570 μένους
1772 1541 1785 1553 .

266 1582 321 1637 8.
357 1582 606 1653 Δίδαφον.
1373 1585 1426 1642 8.
1461 1591 1683 1661 Διανενη
1693 1591 1912 1661 σμένου.
2494 1586 2549 1641 8-

266 1674 358 1727 35.
407 1672 741 1744 ’Δναφορεῖς.
1381 1682 1469 1734 55.
1502 1684 1834 1755 Διωστῆρας.
2494 1677 2582 1733 '55.
2621 1677 2956 1747 ’Δναφορείς.

262 1766 352 1820 56.
1307 1844 1331 1851 _
1352 1848 1360 1851 Α
1505 1777 1737 1851 ’Ἄρτους

1867 1795 1894 1851 ς
1931 1797 2127 1851 προκει
2134 1780 2346 1850 μένους.
2492 1770 2578 1825 55-

1307 1844 1552 1911 "Alloq,
1581 1844 1787 1918 ’ἄρτους
1810 1848 1909 1918 τῆς
1945 1844 2275 1922 προθέσεως.

256 1926 350 1981 59-
1372 1934 1460 1989 59.
1481 1937 1648 1990 Βάσιν
1666 1938 2107 2006 αὐτοῦ.“Α.1.ίος,
2138 1943 2347 2012 γήσιον.
2494 1930 2583 1987 59-

495 2022 868 2089 SYMMACHU
879 2024 935 2078 S.

254 2118 316 2172 2.
348 2118 414 2173 Et
439 2119 567 2174 fecit
596 2119 1156 2191 superindumentum.

256 2210 313 2264 6.
347 2209 578 2282 Lapides
599 2214 853 2286 onycbis.

1471 2030 1616 2085 LXX
1645 2032 2150 2092 INTERPRETES.

1369 2125 1423 2179 2.
1448 2124 1514 2182 Ει
1544 2126 1669 2183 fecit
1697 2130 2162 2198 superhumerale.

1366 2216 1419 2271 6.
1446 2217 1679 2288 Lapides
1709 2222 2006 2292 smaragdi.

2717 2019 3136 2078 THEODOTIO.

2483 2124 2539 2178 2.
2571 2121 2637 2176 Ει
2674 2120 2803 2175 fecit
2826 2117 3037 2188 Ephod.

2488 2214 2542 2268 6.
2570 2211 2801 2283 Lapides
2833 2211 3082 2282 onycbis.

1366 2307 1706 2381 Constrictos
1723 2312 1917 2367 ﬁbulis.
1945 2312 2136 2369 Crateri
2153 2355 2168 2381 ,
2214 2329 2317 2369 con
2340 2344 2349 2351 -

1298 2378 1537 2435 strictos.

1369 2469 1878 2542 Inclusos.Reliqui,
1907 2473 2179 2530 astrictos.

257 2555 314 2609 8.
342 2553 435 2609 Bis
459 2554 716 2608 tinctum.
1370 2559 1423 2613 8.
1454 2557 1598 2614 Neti.

256 2645 349 2702 55.
377 2643 591 2702 Vectcs.

256 2738 349 2793 36.

1367 2652 1457 2706 '55.
1486 2651 1831 2723 lmpulsoria.
1871 2655 1908 2709 i.
1933 2670 1987 2711 e.
2026 2665 2226 2711 vectes.

1368 2742 1458 2797 36.
1486 2741 2018 2827 Panespropositos.
2043 2746 2221 2812 Alius,
2239 2760 2335 2815 pa-

1298 2828 1396 2868 nes
1421 2825 1831 2883 propositionis.

257 2898 349 2954 39.
1364 2901 1453 2956 59.
1480 2901 1664 2957 Basim
1694 2903 1832 2974 ejus.
1866 2904 2040 2971 Alius,
2073 2905 2303 2976 gesium.

2481 2556 2569 2700 ξύ.
2601 2643 2813 2699 Vectes.

2482 2736 2574 2791 36.

2491 2900 2584 2956 '59.

990 2988 1165 3050 Nota)
1194 2995 1253 3050 et
1280 2990 1470 3053 variae
1496 2991 1805 3056 lectiones
1830 2996 1908 3057 ad
1930 3013 2066 3075 cap.
2106 2996 2393 3057 XXXIX
2415 2990 2650 3055 Exodi.

256 3084 326 3143 ν.
355 3087 423 3160 8.
450 3089 554 3152 Ἀ.,
589 3087 861 3160 διάφορον.
892 3088 973 3152 Σ.,
1011 3088 1256 3159 δίᾶαφον.
1296 3091 1386 3147 Sic
1418 3103 1630 3149 vertere
1671 3109 1761 3150 so-

179 3168 298 3215 .ent
328 3159 382 3212 hi
412 3159 762 3229 interpretes,
783 3168 843 3212 ut
870 3173 1012 3227 saepe
1037 3160 1290 3215 vidimus.

263 3247 331 3320 V.
352 3248 441 3301 ⁸54.
477 3250 540 3301 Οὶ
567 3249 784 3312 λοιποί,
820 3249 1132 3320 ἀναφορεῖς.
1162 3246 1265 3304 Ubi
1304 3249 1469 3307 Basil.
1532 3254 1635 3318 ’A.,
1670 3253 1757 3320 Σ.,

180 3318 247 3373 Θ.
260 3357 276 3380 ,
311 3319 619 3391 ἀναφορεῖς.

257 3409 326 3464 ν.
361 3410 450 3463 56.
483 3409 563 3463 Ex
603 3408 913 3465 Basiliensi.

258 3500 324 3557 ν.
358 3502 447 3558 59.
483 3502 724 3570 Ἄλλος,
756 3503 972 3574 γήσιον,
1005 3517 1071 3558 ex
1095 3501 1405 3562 Basiliensi.

1937 3097 2057 3153 Alia
2097 3105 2253 3151 notat
2298 3094 2548 3159 Coislin.,
2585 3107 2707 3163 qua:
2756 3091 2822 3146 ad
2844 3105 3012 3163 quem
3042 3090 3223 3163 locum
3277 3091 3447 3163 perti—

1871 3178 2038 3221 neant
2100 3183 2207 3220 non
2239 3168 2310 3220 ita
2351 3166 2509 3220 facile
2532 3160 2615 3218 est
2638 3160 2894 3232 assequi;
2933 3160 3139 3226 Ἀ.,Σ.,
3175 3161 3447 3232 σφιγκτῆ-

1866 3254 1986 3308 ρας.
2020 3239 2098 3301 Ο’,
2129 3236 2481 3300 ἁσπιδίσκας.

1953 3352 2056 3415 Ἀ.,
2092 3352 2174 3415 Σ.,
2213 3348 2454 3415 ἁλύσεις,
2479 3349 2556 3411 0',
2590 3345 2879 3417 ὲμπλόκια.
2915 3343 3002 3411 8.,
3055 3343 3332 3415 χαλαστά,
3365 3344 3447 3408 0',

1753 3434 1759 3439 ’
1869 3420 2161 3491 ὑποδύτην.
2198 3419 2256 3474 In
2281 3435 2451 3489 marg.
2490 3417 2718 3488 ποδήρη.

1475 3714 1732 3778 CAPUT
1758 3716 1875 3779 XL
1900 3714 2180 3777 EXODI.

1502 3837 1608 3898 Ex
1647 3835 1854 3898 eodem
1884 3835 2116 3897 codice.

186 3955 359 4028 μηνίᾳ
390 3954 588 4026 ὲστάθη
618 3956 652 4025 ἡ
687 3957 877 4027 σκηνή.
907 3956 994 4011 18.
1026 3958 1137 4011 Kal
1171 3957 1396 4029 ἔστησεν
1437 3960 1646 4031 Μωσῆς
1666 3960 1763 4031 τὴν

185 4047 394 4119 σκηνὴν
424 4051 492 4115 X
520 4049 615 4100 καὶ
638 4045 832 4119 ἔθηκεν
864 4048 961 4112 τὰς
980 4048 1165 4119 βάσεις
1191 4050 1363 4121 αὐτῆς
1392 4049 1417 4118 ζ
1447 4051 1542 4104 καὶ
1568 4050 1762 4122 ἐπέθη-

183 4159 285 4196 κεν
307 4141 405 4204 τὰς
437 4139 728 4210 κεφαλίδας
760 4140 948 4210 αὐτῆς,
983 4141 1075 4193 καὶ
1096 4140 1349 4194 ἐνέϐαλεν
1382 4142 1507 4205 τοὺς
1531 4143 1761 4213 μοχλοὺς

182 4228 377 4298 αὐτῆς,
405 4227 499 4279 καὶ
526 4226 750 4298 ἔστησεν
779 4227 905 4292 τοὺς
922 4227 1145 4292 στύλους
1173 4228 1364 4299 αὐτῆς.
1392 4229 1478 4284 19.
1511 4230 1622 4283 Kal
1648 4230 1762 4298 ἐξέ-

181 4332 358 4370 τεινεν
379 4321 477 4381 τὰς
510 4317 738 4381 αὐλαίας
766 4319 859 4372 ἐπὶ
893 4320 1119 4390 σκηνὴν,
1154 4319 1248 4373 καὶ
1289 4319 1525 4391 ἐπέθηκε
1567 4322 1626 4375 τὸ
1657 4340 1758 4377 κα-

180 4409 520 4480 τακάλυμμα
539 4411 637 4481 τῆς
671 4411 873 4481 σκηνῆς
892 4411 978 4464 ἐπ’
997 4411 1163 4482 αὐτὴν
1178 4410 1405 4477 ἄνωθεν,
1432 4411 1573 4465 καθὰ
1606 4414 1758 4466 συνέ-

180 4501 312 4567 ταξε
346 4504 550 4573 Κύριος
600 4504 678 4575 τῷ
710 4506 904 4575 Μωσῇ.
940 4502 1028 4557 20.
1069 4506 1179 4558 Kal
1199 4504 1380 4559 λαϐὼν
1412 4505 1665 4560 ἐνέϐαλεν
1690 4508 1757 4563 τὰ

185 4594 464 4666 μαρτύρια
484 4597 566 4658 εἰς
586 4594 685 4666 τὴν
705 4595 957 4660 κιὸωτὸν,
995 4596 1091 4649 καὶ
1118 4595 1390 4669 ὑπέθηκεν
1417 4599 1542 4662 τοὺς
1563 4599 1756 4665 διαζω-

182 4678 390 4755 στῆρας
415 4686 519 4739 ὑπὸ
537 4687 635 4756 τὴν
648 4686 900 4748 κιϐωτὸν,
928 4690 996 4757 Χ
1015 4688 1109 4741 καὶ
1138 4687 1333 4760 ἔθηκεν
1360 4691 1421 4743 τὸ
1446 4690 1633 4763 ίλαστή
1644 4709 1755 4764 ριον

178 4778 277 4833 ἐπὶ
307 4777 406 4848 τῆς
438 4778 670 4833 κιϐωτοῦ
694 4779 969 4835 ὲπάνωθεν
1001 4779 1024 4848 ζ
1050 4780 1140 4834 21.
1172 4780 1283 4834 Kal
1309 4783 1624 4854 εἰσήνεγκεν
1653 4783 1753 4854 τὴν

178 4870 415 4924 κιϐωτὸν
445 4872 525 4934 είς
570 4871 671 4943 τὴν
699 4871 937 4941 σκηνήνο
980 4871 1075 4926 καὶ
1099 4869 1369 4945 ἐπέθηκεν
1402 4872 1463 4927 τὸ
1502 4874 1742 4928 κατακά-

178 4962 373 5031 λυμμα
400 4960 492 5015 τοῦ
512 4962 1025 5035 καταπετάσματος,
1056 4964 1149 5017 καὶ
1191 4963 1492 5017 ὲσκέπασεν
1530 4965 1628 5034 τὴν
1663 4980 1750 5016 κι-

178 5053 354 5105 ϐωτὸν
387 5052 482 5110 τοῦ
533 5056 852 5127 μαρτυρίου,
884 5054 944 5109 δν
976 5054 1176 5127 τρόπον
1220 5053 1506 5121 συνέταξεν
1547 5053 1750 5124 Κύριος

177 5142 259 5216 τῷ
292 5144 522 5218 Ἀωῠσῇ.
554 5146 643 5200 22.
691 5146 801 5199 Kal
832 5145 1027 5214 έθηκεν
1079 5143 1178 5215 τὴν
1208 5142 1484 5215 τράπεζαν
1517 5146 1596 5207 είς
1649 5143 1747 5215 τὴν

180 5239 389 5311 σκηνὴν
412 5237 512 5294 τοῦ
534 5237 831 5310 μαρτυρίου
859 5236 952 5290 sm
976 5236 1039 5290 τδ
1079 5236 1259 5301 κλετος
1300 5236 1400 5307 τῆς
1446 5235 1651 5307 σκηνῆς
1684 5250 1750 5290 +

177 5327 275 5382 τοῦ
312 5329 611 5402 μαρτυρίου
646 5329 669 5405 ξ
693 5329 755 5382 τὸ
780 5329 914 5400 πρὸς
943 5327 1369 5399 βορῤἄνέξωθεν
1390 5328 1483 5380 τοῦ
1512 5345 1752 5380 καταπε-

178 5419 457 5493 τάσματος
485 5420 588 5491 τῆς
618 5420 840 5492 σκηνῆς.
857 5419 946 5475 25.
967 5420 1077 5473 Kal
1109 5417 1448 5491 προσέθηκεν
1474 5419 1560 5472 ἐπ’
1583 5418 1753 5488 αὐτῆς

180 5511 379 5583 ἄρτους
392 5512 493 5584 τῆς
518 5511 843 5583 προθέσεως,
876 5510 1072 5583 ἄρτους
1098 5509 1275 5563 ἔναντι
1300 5510 1530 5582 Κυρίου,
1552 5510 1612 5565 δν
1630 5510 1755 5583 τρό-

179 5619 283 5655 πον
311 5600 569 5668 συνέταξε
613 5601 813 5674 Κύριος
844 5599 921 5671 τῷ
948 5601 1139 5671 Μωσῇ.
1171 5598 1262 5652 24.
1288 5599 1397 5651 Kal
1423 5597 1617 5669 ἔθηκεν
1649 5598 1751 5669 τὴν

180 5693 402 5764 λυχνίαν
427 5694 506 5757 είς
537 5692 636 5763 τὴν
664 5693 869 5765 σκηνὴν
905 5691 997 5746 τοῦ
1042 5690 1338 5763 μαρτυρίου
1366 5690 1446 5762 ’Χ
1481 5688 1746 5744 ἀπέναντι

1867 3961 2115 4015 stitutum
2156 3967 2237 4015 est
2268 3956 2677 4013 tabernaculum
2745 3955 2830 4010 18.
2883 3951 2951 4009 Ει
2994 3953 3185 4010 statuit
3224 3950 3437 4023 Moyses

1864 4049 2291 4114 tabernaculum,
2327 4051 2395 4118 >κ
2430 4058 2483 4105 et
2514 4048 2695 4119 posuit
2728 4047 2887 4103 bases
2924 4045 3046 4115 ejus
3083 4045 3108 4114 ζ
3148 4052 3204 4100 et
3256 4043 3436 4112 impo-

1863 4144 1973 4198 suit
2023 4142 2272 4212 capitella
2311 4141 2431 4211 ejus
2454 4180 2470 4206 ,
2518 4150 2572 4195 et
2604 4140 2788 4209 injecit
2826 4148 3008 4194 vectes
3045 4137 3196 4206 ejus,
3235 4146 3289 4189 et
3327 4144 3437 4188 sta-

1862 4234 1966 4288 tuit
1991 4235 2271 4289 columnas
2310 4233 2472 4302 ejus:
2517 4232 2604 4287 l9.
2665 4229 2732 4284 Et
2765 4229 3009 4286 extendit
3047 4227 3220 4282 aulaea
3273 4240 3435 4294 super

1861 4325 2291 4387 tabernaculum,
2317 4332 2373 4378 et
2394 4322 2654 4392 imposuit
2677 4321 3072 4392 cperimentum
3096 4316 3433 4373 tabernaculi

1862 4432 2023 4486 super
2050 4415 2184 4471 illud
2215 4413 2470 4484 desuper,
2495 4414 2639 4469 sicut
2663 4411 2920 4482 praecepit
2945 4408 3215 4465 Dominus
3238 4406 3429 4478 Moysi.

1857 4507 1946 4562 20.
1975 4507 2040 4562 Ει
2071 4522 2292 4563 sumens
2319 4507 2504 4576 injecit
2528 4504 2839 4560 testimonia
2876 4504 2931 4557 in
2965 4516 3146 4557 arcam
3176 4542 3192 4569 ,
3222 4509 3277 4556 et
3303 4514 3434 4568 sup-

1856 4597 2039 4665 posuit
2063 4605 2244 4651 vectes
2276 4595 2379 4649 sub
2410 4607 2559 4657 arca,
2594 4593 2661 4659 )t(
2695 4600 2750 4645 et
2783 4589 2965 4660 posuit
2995 4587 3432 4661 propitiatorium

1855 4704 2020 4759 super
2045 4704 2250 4756 arcam,
2283 4688 2514 4757 desuper
2549 4685 2686 4755 :21.
2719 4683 2786 4739 Et
2812 4684 3002 4739 intulit
3032 4697 3216 4738 arcam
3254 4681 3310 4735 in
3346 4688 3430 4735 ta-

1852 4780 2204 4835 bernaculum
2258 4787 2355 4834 :et
2399 4777 2659 4849 imposuit
2694 4774 3094 4846 operimentum
3122 4771 3429 4834 velaminis.

1852 4861 1905 4925 et
1928 4870 2062 4925 texit
2111 4886 2293 4925 arcam
2341 4869 2660 4947 testimonii,
2711 4865 3169 4938 quemadmodum
3224 4878 3428 4934 praece-

1850 4968 2004 5031 perat
2037 4957 2303 5014 Dominus
2337 4959 2527 5030 Moysi.
2554 4958 2644 5013 22.
2682 4956 2751 5012 Ει
2774 4957 2956 5028 posuit
2975 4968 3223 5012 mensam
3260 4954 3316 5008 in
3344 4961 3430 5009 ta-

1822 5048 2146 5104 bernaculo
2176 5048 2510 5114 testimonii,
2559 5047 2628 5103 ad
2685 5047 2831 5102 latus
2868 5045 3208 5102 tabernaculi
3238 5056 3303 5100 +
3350 5052 3428 5098 te-

1853 5140 2099 5196 stimonii
2133 5139 2156 5209 ζ
2187 5138 2257 5194 ad
2287 5139 2597 5209 aquilonem
2624 5149 2777 5194 extra
2794 5137 3038 5193 velamen
3067 5132 3421 5190 tabernaculi.

1856 5231 1946 5286 25.
1987 5230 2054 5285 Et
2083 5230 2411 5303 app'osuitin
2432 5247 2496 5286 ea
2523 5245 2694 5302 panes
2709 5228 3119 5301 propositionis,
3143 5240 3312 5298 panes
3327 5239 3426 5279 an-

1860 5332 1911 5379 te
1945 5321 2255 5389 Dominum,
2289 5322 2750 5393 quemadmodum
2788 5326 3120 5391 praeceperat
3160 5315 3423 5371 Dominus

1858 5413 2050 5485 Moysi.
2091 5415 2179 5470 24.
2200 5413 2268 5470 Et
2318 5415 2502 5485 posuit
2531 5416 2916 5471 candelabrum
2958 5413 3015 5467 in
3074 5408 3423 5466 tabernaculo

1856 5504 2154 5561 testimonii
2184 5507 2251 5574 κ(
2283 5519 2315 5560 e
2337 5506 2555 5576 regione
2585 5518 2787 5560 mensze
2836 5522 2849 5557 :
2882 5503 2949 5557 ad
2986 5502 3129 5557 latus
3170 5498 3422 5554 taberna-

1856 5594 1985 5662 culi,
2013 5595 2157 5664 quod
2184 5604 2269 5650 est
2295 5596 2364 5651 ad
2396 5604 2662 5655 austrum.
2690 5594 2779 5649 25.
2806 5591 2873 5648 Ει
2899 5590 3421 5662 imposuitluccrnas

1857 5700 1922 5744 αι-
1949 5685 2066 5759 ejus
2098 5686 2121 5754 ζ
2150 5696 2274 5743 ante
2311 5685 2623 5754 Dominum,
2662 5683 3120 5756 quemadmodum
3146 5693 3427 5760 ρτεεεειητ
