3868 6214
419 283 523 336 519

1460 281 1936 341 HEXAPLORUM
1975 283 2142 352 QUAE
2185 281 2617 341 SUPERSUNT.

3562 278 3671 336 520

411 411 499 455 rat
533 399 795 457 Dominus
819 401 1010 473 Moysi.
1051 401 1143 458 26.
1173 402 1242 458 Et
1268 403 1453 474 posuit
1481 404 1651 460 altare
1679 420 1904 460 aureum
1931 406 1985 460 in

2098 407 2190 478 τῆς
2230 405 2506 477 τραπέζης
2538 406 2560 474 ζ
2609 404 2686 466 εἰς
2724 403 2786 456 τὸ
2832 402 3014 466 κλίτος
3043 401 3142 472 τῆς
3194 399 3395 471 σκηνῆς
3441 399 3502 453 τὸ
3532 397 3672 469 πρὸς

408 489 760 546 tabernaculo
785 493 1080 547 testimonii
1109 509 1140 548 e
1165 495 1386 563 regione
1428 495 1732 551 velaminis.
1782 495 1873 549 27.
1919 494 1987 549 Et

412 581 710 636 incensavit
773 598 936 652 super
995 585 1129 641 illud
1186 586 1472 641 incensum
1533 587 1983 656 compositionis,

409 674 865 742 quemadmodum
918 688 1246 748 praeceperat
1323 679 1590 736 Dominus
1645 679 1836 752 Moysi.
1893 681 1984 735 28.

411 766 480 834 »ζ
511 764 575 823 Et
606 769 786 836 posuit
833 771 1076 826 velamen
1120 781 1289 841 portae
1322 773 1654 827 tabernaculi
1690 773 1713 843 ζ
1741 782 1796 827 et
1819 772 1989 827 altare

410 855 684 912 fructuum
702 862 880 929 posuit
895 863 959 916 ad
973 863 1198 933 januam
1217 866 1548 920 tabernaculi
1563 866 1629 934 3K
1646 866 1982 934 testimonii:

409 945 498 999 29.
534 946 598 1001 Et
634 949 895 1019 imposuit
925 969 1088 1024 super
1111 956 1244 1010 illud
1284 933 1686 1024 holocaustum,
1726 968 1779 1012 et
1819 933 2019 1012 sacris.

411 1039 618 1108 ﬁcium,
653 1044 1162 1118 sicut-praeceperat
1187 1049 1451 1106 Dominus
1483 1051 1673 1123 Moysi.
1708 1051 1796 1106 50.
1823 1052 1890 1106 Et
1910 1050 1988 1106 le-

413 1131 489 1184 cit
524 1133 734 1188 labrum
767 1139 836 1204 Χ
863 1138 1002 1192 inter
1025 1140 1431 1196 tabernaculum
1461 1141 1780 1210 testimonii,
1819 1152 1873 1198 et
1905 1143 1989 1197 in-

414 1233 496 1277 ter
523 1225 736 1294 altare:
771 1228 860 1284 51.
894 1227 961 1283 Et
979 1230 1126 1285 dedit
1161 1233 1232 1286 ibi
1264 1249 1484 1302 aquam,
1527 1242 1586 1288 ut
1631 1233 1872 1289 lavarent
1920 1252 1987 1289 ex

409 1328 477 1367 eo
508 1312 720 1385 Moyses
747 1326 800 1372 et
830 1319 1010 1374 Aaron
1038 1329 1093 1374 et
1131 1322 1225 1376 lilii
1250 1323 1368 1392 ejus
1408 1339 1604 1378 manus
1637 1339 1767 1379 suas
1799 1335 1852 1380 et
1890 1341 1986 1396 pe-

409 1405 526 1469 des,
555 1407 640 1461 52.
674 1409 1098 1479 ingredientibus
1137 1413 1270 1484 ipsis
1309 1415 1362 1468 in
1395 1416 1804 1472 tabernaculum
1833 1419 1986 1473 testi-

410 1499 602 1564 monii,
635 1509 728 1555 aut
774 1517 898 1557 cum
925 1505 1242 1560 accederent
1287 1507 1354 1560 ad
1407 1507 1576 1562 altare
1622 1523 1685 1563 σι-
1713 1509 1782 1563 ad
1820 1509 1985 1562 mini-

410 1591 690 1646 strandum
726 1592 749 1661 ζ
777 1593 1097 1650 lavabantur
1120 1612 1185 1650 ex
1209 1613 1294 1662 eo,
1314 1598 1772 1668 quemadmodum
1795 1614 1989 1670 praece'

413 1691 569 1751 perat
592 1682 857 1740 Dominus
877 1685 1067 1757 Moysi.
1098 1688 1186 1742 55.
1222 1687 1288 1742 Et
1316 1689 1509 1744 statuit
1532 1691 1731 1744 atrium
1777 1691 1833 1744 in
1878 1689 1985 1744 cir-

408 1773 557 1829 cuitu
613 1776 946 1832 tabernaculi
971 1788 1025 1833 et
1071 1780 1294 1846 altaris,
1323 1781 1392 1849 Χ
1426 1789 1480 1834 et
1524 1781 1709 1850 posuit
1741 1782 1984 1836 velamen

673 1898 760 1949 ΤΟ
791 1898 1161 1953 ΕΒΡΔΙΚΟΝ.

1820 1903 1908 1956 ΤΟ
1939 1903 2289 1958 EBPAIKON

2093 502 2266 556 νότον.
2313 501 2404 554 25.
2445 499 2558 552 Kal
2598 496 2868 568 ἐπέθηκεν
2903 496 3029 559 τοὺς
3069 493 3295 565 λύχνους
3339 507 3404 549 σε-
3443 491 3666 562 αύτῆςζ

2094 592 2272 645 Evam
2326 590 2556 658 Κυρίου,
2619 586 2678 640 ὃν
2732 586 2929 658 τρόπον
2994 583 3281 648 συνέταξεν
3337 581 3542 655 Κύριος
3593 579 3672 649 τῷ

2095 684 2289 753 Μωοῇ.
2319 681 2410 734 26.
2450 680 2561 734 Kal
2593 679 2789 750 ἔθηκεν
2825 678 2888 730 τὸ
2919 676 3303 747 θυσιαστήριον
3334 673 3395 728 τὸ
3434 671 3672 745 χρυσοῦν

2094 774 2153 826 ὲν
2181 777 2247 844 τῇ
2280 775 2452 844 σκηνῇ
2480 770 2573 825 τοῦ
2609 770 2912 842 μαρτυρίου
2936 769 3198 823 ἀπέναντι
3226 765 3319 820 τοῦ
3357 764 3672 819 καταπετά-

2097 880 2318 934 σματος.
2349 863 2438 918 27.
2471 862 2581 916 Kal
2605 862 2896 933 ἐθυμίασεν
2926 863 3014 914 ἐπ’
3035 861 3199 916 αὑτοῦ
3226 861 3287 914 τὸ
3303 859 3549 930 θυμίαμα
3571 859 3671 928 τῆς

2097 956 2418 1019 συνθέσεως,
2456 955 2709 1027 καθάπερ
2740 955 2992 1022 συνέταξε
3021 954 3226 1027 Κύριος
3247 951 3324 1024 τῷ
3352 953 3546 1023 Μωσῇ.
3574 951 3668 1005 28.

2099 1049 2164 1116 Χ
2179 1045 2288 1099 Kal
2307 1044 2472 1114 ἔθηκε
2502 1045 2563 1098 τὸ
2592 1045 2960 1116 ὲπίσπαστρον
2987 1045 3085 1116 τῆς
3106 1043 3274 1116 θύρας
3295 1043 3394 1114 τῆς
3410 1041 3617 1113 σκηνῆς
3644 1042 3668 1108 ζ

2098 1136 2260 1191 καὶτὸ
2279 1135 2655 1209 θυσιαστήριον
2673 1136 2780 1190 τῶν
2801 1155 2870 1190 κα
2878 1138 3182 1209 ρπωμάτων
3196 1136 3387 1206 έθηκεν
3408 1152 3482 1188 πα
3491 1133 3558 1206 ρὰ
3573 1132 3674 1205 τὴν

2096 1228 2264 1300 θύραν
2285 1228 2384 1298 τῆς
2402 1231 2605 1300 σκηνῆς
2640 1245 2703 1285 -ι-
2731 1229 2824 1284 τοῦ
2866 1230 3165 1303 μαρτυρίου
3203 1232 3226 1297 ζ
3257 1229 3346 1283 29.
3393 1229 3504 1282 Kal
3535 1229 3672 1298 ἁνή-

2097 1337 2287 1388 νεγκεν
2321 1322 2408 1373 ἐπ’
2451 1320 2613 1374 αὑτοῦ
2645 1321 2742 1393 τὴν
2773 1321 3134 1375 ὁλοκαύτωσιν
3171 1321 3266 1374 καὶ
3304 1319 3401 1392 τὴν
3453 1319 3667 1381 θυσίαν,

2094 1411 2236 1465 καθὰ
2262 1410 2562 1466 ἐνετείλατο
2587 1411 2789 1484 Κύριος
2812 1413 2889 1484 τῷ
2903 1415 3131 1484 Μωῦσῇ.
3157 1413 3246 1468 50.
3276 1413 3386 1465 Kal
3411 1410 3672 1480 ἐποίησεν

2095 1505 2184 1558 τὸν
2205 1505 2441 1576 λουτῆρα
2467 1509 2534 1574 >ε<
2555 1506 2828 1577 ἀναμέσον
2856 1507 2955 1578 τῆς
2980 1507 3184 1578 σκηνῆς
3206 1506 3300 1559 τοῦ
3341 1504 3667 1576 μαρτυρίου,

2095 1598 2188 1650 καὶ
2214 1597 2486 1669 ἀναμέσον
2509 1597 2601 1652 τοῦ
2634 1599 3018 1670 θυσιαστηρίου
3038 1601 3060 1668 ζ
3089 1599 3176 1655 51.
3195 1599 3305 1653 Kal
3327 1598 3523 1652 ἔδωκεν
3550 1598 3675 1651 ἐκεῖ

2093 1688 2239 1762 ὕδωρ
2273 1691 2361 1744 ἵνα
2402 1690 2697 1744 νίπτωνται
2743 1690 2802 1756 ἐξ
2853 1691 3017 1746 αὑτοῦ
3051 1692 3258 1762 Μωσῆς
3305 1692 3397 1744 καὶ
3456 1687 3673 1761 ’Δαρὼν

2093 1783 2186 1835 καὶ
2218 1783 2268 1835 οἱ
2294 1783 2398 1836 υἱοὶ
2430 1783 2593 1839 αὐτοῦ
2629 1783 2728 1848 τὰς
2752 1787 2939 1858 χεῖρας
2971 1783 3148 1838 αὐτῶν
3179 1785 3274 1837 καὶ
3300 1785 3424 1838 τοὺς

3013 1906 3309 1960 ΑΚΥΛΑΣ.

1703 1972 2033 2054 Ἑλληνικοῖς
2070 1975 2378 2046 γράμμασι.

1014 2070 1110 2119 ΒΨ
1139 2069 1304 2120 metm
1342 2061 1376 2115 5
1589 2063 1644 2118 5.

622 2139 830 2217 muDS
859 2163 998 2213 arm
1028 2162 1302 2214 rum-ni:
1341 2151 1374 2205 5
1591 2149 1644 2203 5.

1213 2394 1373 2446 ΠΠΞΠ

1173 2487 1275 2538 m2
1313 2476 1378 2531 16
1590 2476 1679 2531 16.

1127 2646 1268 2699 nam
1304 2637 1376 2692 22
1593 2635 1686 2690 22.

1153 2784 1271 2863 51m
1306 2797 1376 2852 25
1592 2798 1681 2852 25.

1124 2941 1275 3018 ’πικὲ-
1305 2957 1374 3012 26
1586 2964 1677 3018 26.

1171 3130 1270 3181 rm:
1306 3121 1372 3175 27
1590 3126 1678 3182 27.

526 3281 778 3340 VEBSIO
811 3279 1138 3338 HEBBAiCl
1167 3279 1371 3340 TEXT.

481 3377 535 3431 5.
565 3375 629 3432 Ει
653 3391 823 3446 pones
846 3376 939 3431 ibi.

428 3465 432 3470 ’
481 3471 533 3524 5.
571 3470 755 3525 Altare
783 3485 1010 3525 aureum
1053 3469 1122 3525 ad
1164 3469 1444 3525 sufﬁmen-

410 3550 547 3595 tum.
1514 3546 1661 3602 letur
1683 3549 1990 3604 incensum.

1748 3290 2079 3347 VULGATA
2115 3289 2390 3348 LATINA.

1588 3383 1641 3439 5.
1675 3383 1853 3442 Pones
1876 3385 1931 3440 in
1971 3401 2069 3443 eo.

1589 3477 1646 3533 5.
1673 3478 1860 3550 Altare
1889 3493 2139 3547 aureum,
2175 3479 2230 3534 in
2275 3494 2386 3550 quo
2427 3479 2560 3536 ado—
2701 3477 2756 3532 5.

2699 2067 2752 2123 5.
2788 2067 2900 2120 Kal
2934 2064 3120 2137 θήσεις
3143 2067 3277 2120 ἐκεῖ.

2696 2157 2751 2212 5.

2701 2481 2788 2538 16.
2826 2480 3174 2537 Ἐνετείλατο.

2699 2645 2790 2701 22.

2698 2806 2792 2862 25.

2698 2967 2790 3025 26.
2827 2968 2915 3022 Ἐν
2941 2967 3137 3040 σκέπῃ.

2700 3131 2790 3186 27.

3028 3289 3310 3358 AQUILA.

2703 3385 2757 3439 ὅ.
2784 3384 2848 3440 Et
2877 3397 3048 3455 pones
3083 3383 3179 3438 ibi.

479 3700 642 3757 Ostii.
1589 3707 1646 3761 In
1674 3708 1918 3764 introitu.

480 3797 567 3850 16.
598 3795 880 3867 Praecepit.
1589 3798 1678 3853 16.
1704 3799 2022 3870 Pmceperai

2699 3798 2789 3855 16.
2812 3797 3092 3868 Ρτεεαερὶι.

479 3890 569 3944 22.
626 3891 710 3945 Ad
761 3890 1093 3961 aquilonem.
1589 3891 1679 3945 22.
1720 3891 1778 3947 ln
1804 3904 1955 3962 parte
1988 3895 2235 3950 australi.
2704 3892 2795 3946 22.

478 4059 570 4113 25.
599 4058 906 4115 Ascendere
927 4059 1074 4115 fecit.
1588 4055 1678 4110 25.
1715 4053 1899 4108 Vacat.
2701 4053 2792 4106 25.

477 4219 569 4274 26.
604 4219 664 4274 ln
693 4219 1064 4275 tabernaculo.
1588 4213 1677 4267 26.
1709 4213 1822 4268 Sub
1853 4223 2013 4268 tecto.

478 4381 567 4434 27.
593 4380 876 4450 Praecepit.
1585 4375 1675 4430 27.
1705 4373 1967 4432 Jusserat.

2697 4217 2788 4272 26.
2825 4215 2882 4269 ln
2918 4221 3248 4284 tegumento.

2697 4376 2787 4430 27.

1279 4493 1455 4554 Nota;
1477 4495 1538 4552 et
1577 4490 1769 4552 varia
1793 4489 2103 4552 lectiones
2139 4490 2218 4553 ad
2245 4507 2380 4570 cap.
2413 4492 2526 4554 XL
2553 4489 2781 4552 Exodi.

483 4617 651 4672 Exodi
678 4623 841 4686 caput
862 4614 1113 4669 ultimum
1147 4627 1215 4668 ex
1243 4611 1434 4686 eodem
1459 4609 1775 4686 Colbcrtino
1814 4609 1979 4686 5084,

415 4690 624 4758 aliquot
665 4681 847 4758 tamen
890 4686 1139 4758 versibus
1169 4683 1512 4758 mulctatum,
1537 4682 1624 4758 edi
1670 4681 1984 4758 curavimus

414 4751 538 4816 cum
575 4757 747 4811 obelis
779 4764 833 4809 et
858 4755 1156 4818 asteriscis,
1187 4760 1438 4807 utexstat
1459 4753 1514 4805 in
1546 4751 1639 4805 illo
1663 4751 1980 4818 exemplari.

488 4826 548 4883 γ.
580 4827 633 4881 5.
669 4826 772 4889 Ἀ.,
803 4827 886 4882 Σ..
912 4824 999 4889 9.,
1027 4824 1122 4877 καὶ
1154 4821 1339 4893 θήσεις
1355 4823 1493 4876 ἐκεῖ.
1529 4818 1620 4876 Sic
1643 4820 1980 4876 Basiliensis.

2159 4609 2226 4664 ν.
2253 4613 2314 4684 5.
2337 4612 2583 4678 Ἄλλος,
2605 4610 2970 4684 θυμιατήριον
2997 4609 3069 4684 Δτρ
3105 4607 3342 4684 χρυσούν
3363 4646 3378 4672 ,
3399 4617 3563 4684 λεια..-
3586 4601 3678 4665 lbi

2092 4681 2446 4762 θυμιατήριον
2477 4675 2711 4736 sumitur
2733 4675 3011 4751 pro'altari
3037 4675 3264 4735 incensi.
3295 4677 3370 4732 Ita
3398 4675 3684 4735 Basilien"

2093 4751 2173 4806 sis
2196 4751 2391 4806 codex.

2162 4821 2299 4876 Ibid.
2335 4821 2461 4884 Th.,
2494 4821 2587 4875 ἐπὶ
2621 4820 2772 4892 παρὰ
2799 4819 2900 4891 τὴν
2931 4819 3119 4892 θύραν.
3147 4817 3225 4874 Ex
3253 4818 3562 4875 Basiliensi.

1156 5054 1280 5142 IN
1367 5047 2042 5143 LEVITICUM
2119 5046 2860 5140 ADMONITIO.

487 5279 771 5335 Lectiones
804 5274 1028 5330 Levitici
1058 5272 1246 5329 multis
1274 5271 1523 5342 partibus
1552 5271 1824 5327 auctiores
1845 5269 2196 5342 proferimus,
2227 5286 2391 5341 quam
2421 5286 2449 5323 a
2485 5268 2680 5325 Drusio
2712 5269 2886 5324 allatae
2906 5268 3141 5324 fuerant.
3189 5268 3287 5327 His
3315 5285 3482 5340 porro
3507 5274 3678 5329 codi-

415 5353 568 5407 cibus
594 5357 648 5404 et
668 5347 820 5402 libris
849 5346 1008 5400 editis
1040 5344 1127 5398 usi
1151 5357 1342 5397 Sumus
1367 5360 1380 5395 :

484 5420 619 5476 Cod.
659 5417 837 5488 Regio
865 5415 1024 5488 1825,
1063 5430 1116 5488 iu
1156 5413 1239 5488 νει
1264 5428 1341 5466 ιιι
1370 5412 1576 5477 saeculi,
1609 5411 2049 5488 membranaceo.

485 5491 623 5546 Cod.
651 5482 784 5558 Reg'.
819 5486 980 5558 ιδῃ,
1002 5484 1221 5558 eximia:
1235 5491 1410 5558 notae.
1447 5499 1482 5537 χ
1517 5482 1703 5558 saeculi
1724 5523 1740 5548 ,
1767 5482 2202 5537 membranaceo.

484 5560 621 5616 Cod.
659 5553 792 5626 Reiz.
821 5556 978 5620 1888,
1001 5553 1346 5626 bombycino,
1375 5570 1451 5626 χιι
1483 5553 1684 5609 saeculi.

487 5629 624 5686 Cod.
656 5623 933 5682 Basiliensi
964 5642 996 5679 ι
1034 5623 1238 5688 Stcculi,
1278 5625 1506 5694 egregia:
1532 5635 1692 5679 noue.

489 5699 624 5752 Cod.
652 5697 966 5752 Colbcrtino
997 5695 1158 5759 508$,

492 5767 834 5824 Theodoreto
869 5766 1012 5822 edito
1037 5781 1126 5820 an.
1161 5763 1320 5820 1642.

1234 5693 1374 5766 narti
1399 5693 1641 5764 quintive
1663 5696 1870 5764 saeculi,
1897 5694 2042 5752 unde
2067 5695 2238 5750 multa
2272 5697 2450 5763 capita
2475 5709 2597 5750 cum
2633 5693 2805 5751 obelis
2833 5705 2886 5754 et
2913 5695 3190 5754 asteriscis
3227 5695 3637 5766 decerpsimus.
