  <div class='ocr_page' id='page_1' title='image "/cluster/home/n/w/nwhite01/storage/ocr_20150623/15/nnc1.0046978852/271.png"; bbox 0 0 3868 6214; ppageno 0'>
   <div class='ocr_carea' id='block_1_1' title="bbox 395 245 505 303">
    <p class='ocr_par' dir='ltr' id='par_1_1' title="bbox 395 245 505 303">
     <span class='ocr_line' id='line_1_1' title="bbox 395 245 505 303; baseline -0.009 0"><span class='ocrx_word' id='word_1_1' title='bbox 395 245 505 303; x_wconf 73' lang='lat'><strong>525</strong></span> 
     </span>
    </p>
   </div>
   <div class='ocr_carea' id='block_1_2' title="bbox 1424 238 3655 311">
    <p class='ocr_par' dir='ltr' id='par_1_2' title="bbox 1424 238 3655 311">
     <span class='ocr_line' id='line_1_2' title="bbox 1424 238 3655 311; baseline 0.002 -14"><span class='ocrx_word' id='word_1_2' title='bbox 1424 238 1904 300; x_wconf 79' lang='lat' dir='ltr'><strong>HEXAPLORUM</strong></span> <span class='ocrx_word' id='word_1_3' title='bbox 1958 241 2130 311; x_wconf 62' lang='grc' dir='ltr'>ρυλε</span> <span class='ocrx_word' id='word_1_4' title='bbox 2173 239 2591 303; x_wconf 82' lang='lat' dir='ltr'><strong>SUPERSUNT</strong></span> <span class='ocrx_word' id='word_1_5' title='bbox 3543 246 3655 302; x_wconf 59' lang='lat' dir='ltr'><strong>52L</strong></span> 
     </span>
    </p>
   </div>
   <div class='ocr_carea' id='block_1_3' title="bbox 1643 358 2380 428">
    <p class='ocr_par' dir='ltr' id='par_1_3' title="bbox 1643 358 2380 428">
     <span class='ocr_line' id='line_1_3' title="bbox 1643 358 2380 428; baseline -0.001 -7"><span class='ocrx_word' id='word_1_6' title='bbox 1643 359 1899 428; x_wconf 83' lang='lat' dir='ltr'><strong>CAPUT</strong></span> <span class='ocrx_word' id='word_1_7' title='bbox 1937 360 1962 421; x_wconf 81' lang='grc' dir='ltr'>Ι</span> <span class='ocrx_word' id='word_1_8' title='bbox 2000 358 2380 422; x_wconf 82' lang='lat' dir='ltr'><strong>LEVITICI.</strong></span> 
     </span>
    </p>
   </div>
   <div class='ocr_carea' id='block_1_4' title="bbox 1626 482 2443 546">
    <p class='ocr_par' dir='ltr' id='par_1_4' title="bbox 1626 482 2443 546">
     <span class='ocr_line' id='line_1_4' title="bbox 1626 482 2443 546; baseline -0.001 -1"><span class='ocrx_word' id='word_1_9' title='bbox 1626 485 1734 546; x_wconf 77' lang='lat' dir='ltr'><strong>Ea:</strong></span> <span class='ocrx_word' id='word_1_10' title='bbox 1770 484 1909 546; x_wconf 83' lang='lat' dir='ltr'><strong>cod.</strong></span> <span class='ocrx_word' id='word_1_11' title='bbox 1956 482 2226 545; x_wconf 83' lang='lat' dir='ltr'><strong>Colbert.</strong></span> <span class='ocrx_word' id='word_1_12' title='bbox 2261 484 2443 546; x_wconf 58' lang='lat' dir='ltr'><strong>3081s.</strong></span> 
     </span>
    </p>
   </div>
   <div class='ocr_carea' id='block_1_5' title="bbox 455 587 1968 654">
    <p class='ocr_par' dir='ltr' id='par_1_5' title="bbox 455 587 1968 654">
     <span class='ocr_line' id='line_1_5' title="bbox 455 587 1968 654; baseline -0.003 -7"><span class='ocrx_word' id='word_1_13' title='bbox 455 593 506 647; x_wconf 81' lang='lat' dir='ltr'><strong>l.</strong></span> <span class='ocrx_word' id='word_1_14' title='bbox 540 590 606 647; x_wconf 83' lang='lat' dir='ltr'><strong>Et</strong></span> <span class='ocrx_word' id='word_1_15' title='bbox 635 589 909 647; x_wconf 77' lang='lat' dir='ltr'><strong>revocavit.</strong></span> <span class='ocrx_word' id='word_1_16' title='bbox 951 588 1154 646; x_wconf 84' lang='lat' dir='ltr'><strong>Mosem</strong></span> <span class='ocrx_word' id='word_1_17' title='bbox 1175 627 1190 654; x_wconf 92' lang='lat'><strong>,</strong></span> <span class='ocrx_word' id='word_1_18' title='bbox 1239 596 1294 646; x_wconf 87' lang='lat' dir='ltr'><strong>et</strong></span> <span class='ocrx_word' id='word_1_19' title='bbox 1322 588 1543 645; x_wconf 87' lang='lat' dir='ltr'><strong>locutus</strong></span> <span class='ocrx_word' id='word_1_20' title='bbox 1578 597 1671 644; x_wconf 84' lang='lat' dir='ltr'><strong>est</strong></span> <span class='ocrx_word' id='word_1_21' title='bbox 1702 587 1968 643; x_wconf 86' lang='lat' dir='ltr'><strong>Dominus</strong></span> 
     </span>
    </p>
   </div>
   <div class='ocr_carea' id='block_1_6' title="bbox 384 679 1970 753">
    <p class='ocr_par' dir='ltr' id='par_1_6' title="bbox 384 679 1970 753">
     <span class='ocr_line' id='line_1_6' title="bbox 384 679 1970 753; baseline -0.002 -15"><span class='ocrx_word' id='word_1_22' title='bbox 384 684 491 753; x_wconf 87' lang='lat' dir='ltr'><strong>ipsi</strong></span> <span class='ocrx_word' id='word_1_23' title='bbox 533 700 600 738; x_wconf 84' lang='lat' dir='ltr'><strong>ex</strong></span> <span class='ocrx_word' id='word_1_24' title='bbox 645 683 995 738; x_wconf 88' lang='lat' dir='ltr'><strong>tabernaculo</strong></span> <span class='ocrx_word' id='word_1_25' title='bbox 1037 681 1333 737; x_wconf 90' lang='lat' dir='ltr'><strong>testimonii</strong></span> <span class='ocrx_word' id='word_1_26' title='bbox 1376 680 1563 737; x_wconf 89' lang='lat' dir='ltr'><strong>dicens</strong></span> <span class='ocrx_word' id='word_1_27' title='bbox 1599 680 1698 735; x_wconf 85' lang='lat'><strong>:2.</strong></span> <span class='ocrx_word' id='word_1_28' title='bbox 1722 679 1970 751; x_wconf 82' lang='lat' dir='ltr'><strong>Loquere</strong></span> 
     </span>
    </p>
   </div>
   <div class='ocr_carea' id='block_1_7' title="bbox 385 772 1970 841">
    <p class='ocr_par' dir='ltr' id='par_1_7' title="bbox 385 772 1970 841">
     <span class='ocr_line' id='line_1_7' title="bbox 385 772 1970 841; baseline -0.003 -9"><span class='ocrx_word' id='word_1_29' title='bbox 385 777 515 832; x_wconf 86' lang='lat' dir='ltr'><strong>tiliis</strong></span> <span class='ocrx_word' id='word_1_30' title='bbox 540 776 729 841; x_wconf 80' lang='lat' dir='ltr'><strong>Israel,</strong></span> <span class='ocrx_word' id='word_1_31' title='bbox 760 783 814 830; x_wconf 91' lang='lat' dir='ltr'><strong>et</strong></span> <span class='ocrx_word' id='word_1_32' title='bbox 842 774 990 830; x_wconf 87' lang='lat' dir='ltr'><strong>dices</strong></span> <span class='ocrx_word' id='word_1_33' title='bbox 1012 773 1082 829; x_wconf 87' lang='lat' dir='ltr'><strong>ad</strong></span> <span class='ocrx_word' id='word_1_34' title='bbox 1108 789 1203 830; x_wconf 92' lang='lat' dir='ltr'><strong>eos</strong></span> <span class='ocrx_word' id='word_1_35' title='bbox 1241 792 1255 829; x_wconf 90' lang='lat'><strong>:</strong></span> <span class='ocrx_word' id='word_1_36' title='bbox 1288 772 1470 829; x_wconf 87' lang='lat' dir='ltr'><strong>Homo</strong></span> <span class='ocrx_word' id='word_1_37' title='bbox 1511 789 1579 829; x_wconf 78' lang='lat' dir='ltr'><strong>ex</strong></span> <span class='ocrx_word' id='word_1_38' title='bbox 1612 773 1770 829; x_wconf 75' lang='lat' dir='ltr'><strong>vobis</strong></span> <span class='ocrx_word' id='word_1_39' title='bbox 1799 774 1846 829; x_wconf 91' lang='lat' dir='ltr'><strong>si</strong></span> <span class='ocrx_word' id='word_1_40' title='bbox 1885 772 1970 828; x_wconf 80' lang='lat' dir='ltr'><strong>of-</strong></span> 
     </span>
    </p>
   </div>
   <div class='ocr_carea' id='block_1_8' title="bbox 384 864 1970 937">
    <p class='ocr_par' dir='ltr' id='par_1_8' title="bbox 384 864 1970 937">
     <span class='ocr_line' id='line_1_8' title="bbox 384 864 1970 937; baseline 0 -16"><span class='ocrx_word' id='word_1_41' title='bbox 384 867 527 922; x_wconf 84' lang='lat' dir='ltr'><strong>ferat</strong></span> <span class='ocrx_word' id='word_1_42' title='bbox 560 882 786 922; x_wconf 89' lang='lat' dir='ltr'><strong>munera</strong></span> <span class='ocrx_word' id='word_1_43' title='bbox 844 866 1076 921; x_wconf 90' lang='lat' dir='ltr'><strong>Domino</strong></span> <span class='ocrx_word' id='word_1_44' title='bbox 1123 866 1191 921; x_wconf 90' lang='lat' dir='ltr'><strong>de</strong></span> <span class='ocrx_word' id='word_1_45' title='bbox 1225 866 1537 936; x_wconf 87' lang='lat' dir='ltr'><strong>pecoribus,</strong></span> <span class='ocrx_word' id='word_1_46' title='bbox 1579 865 1647 920; x_wconf 90' lang='lat' dir='ltr'><strong>de</strong></span> <span class='ocrx_word' id='word_1_47' title='bbox 1695 864 1970 937; x_wconf 35' lang='lat' dir='ltr'><strong>bobus‘et</strong></span> 
     </span>
    </p>
   </div>
   <div class='ocr_carea' id='block_1_9' title="bbox 385 952 1969 1019">
    <p class='ocr_par' dir='ltr' id='par_1_9' title="bbox 385 952 1969 1019">
     <span class='ocr_line' id='line_1_9' title="bbox 385 952 1969 1019; baseline -0.003 -6"><span class='ocrx_word' id='word_1_48' title='bbox 385 957 453 1013; x_wconf 87' lang='lat' dir='ltr'><strong>de</strong></span> <span class='ocrx_word' id='word_1_49' title='bbox 482 957 677 1013; x_wconf 89' lang='lat' dir='ltr'><strong>ovibus</strong></span> <span class='ocrx_word' id='word_1_50' title='bbox 718 955 955 1011; x_wconf 78' lang='lat' dir='ltr'><strong>oﬂ‘eretis</strong></span> <span class='ocrx_word' id='word_1_51' title='bbox 992 970 1223 1010; x_wconf 90' lang='lat' dir='ltr'><strong>munera</strong></span> <span class='ocrx_word' id='word_1_52' title='bbox 1257 964 1459 1011; x_wconf 83' lang='lat' dir='ltr'><strong>vestra.</strong></span> <span class='ocrx_word' id='word_1_53' title='bbox 1505 954 1558 1009; x_wconf 79' lang='lat'><strong>&#39;5.</strong></span> <span class='ocrx_word' id='word_1_54' title='bbox 1604 952 1663 1008; x_wconf 88' lang='lat' dir='ltr'><strong>Si</strong></span> <span class='ocrx_word' id='word_1_55' title='bbox 1708 954 1969 1019; x_wconf 80' lang='lat' dir='ltr'><strong>holocau-</strong></span> 
     </span>
    </p>
   </div>
   <div class='ocr_carea' id='block_1_10' title="bbox 384 1047 1970 1117">
    <p class='ocr_par' dir='ltr' id='par_1_10' title="bbox 384 1047 1970 1117">
     <span class='ocr_line' id='line_1_10' title="bbox 384 1047 1970 1117; baseline -0.002 -13"><span class='ocrx_word' id='word_1_56' title='bbox 384 1059 533 1104; x_wconf 90' lang='lat' dir='ltr'><strong>toma</strong></span> <span class='ocrx_word' id='word_1_57' title='bbox 567 1063 767 1103; x_wconf 91' lang='lat' dir='ltr'><strong>munus</strong></span> <span class='ocrx_word' id='word_1_58' title='bbox 795 1047 914 1117; x_wconf 86' lang='lat' dir='ltr'><strong>ejus</strong></span> <span class='ocrx_word' id='word_1_59' title='bbox 948 1048 1015 1102; x_wconf 91' lang='lat' dir='ltr'><strong>de</strong></span> <span class='ocrx_word' id='word_1_60' title='bbox 1055 1048 1256 1110; x_wconf 85' lang='lat' dir='ltr'><strong>bobus,</strong></span> <span class='ocrx_word' id='word_1_61' title='bbox 1297 1048 1606 1102; x_wconf 87' lang='lat' dir='ltr'><strong>masculum</strong></span> <span class='ocrx_word' id='word_1_62' title='bbox 1649 1047 1970 1101; x_wconf 79' lang='lat' dir='ltr'><strong>immacula-</strong></span> 
     </span>
    </p>
   </div>
   <div class='ocr_carea' id='block_1_11' title="bbox 382 1135 1966 1206">
    <p class='ocr_par' dir='ltr' id='par_1_11' title="bbox 382 1135 1966 1206">
     <span class='ocr_line' id='line_1_11' title="bbox 382 1135 1966 1206; baseline -0.002 -12"><span class='ocrx_word' id='word_1_63' title='bbox 382 1147 499 1194; x_wconf 90' lang='lat' dir='ltr'><strong>tum</strong></span> <span class='ocrx_word' id='word_1_64' title='bbox 531 1138 783 1206; x_wconf 79' lang='lat' dir='ltr'><strong>adducet,</strong></span> <span class='ocrx_word' id='word_1_65' title='bbox 834 1138 900 1193; x_wconf 86' lang='lat' dir='ltr'><strong>ad</strong></span> <span class='ocrx_word' id='word_1_66' title='bbox 930 1138 1134 1193; x_wconf 87' lang='lat' dir='ltr'><strong>ostium</strong></span> <span class='ocrx_word' id='word_1_67' title='bbox 1176 1137 1509 1193; x_wconf 83' lang='lat' dir='ltr'><strong>tabernaculi</strong></span> <span class='ocrx_word' id='word_1_68' title='bbox 1550 1137 1849 1193; x_wconf 87' lang='lat' dir='ltr'><strong>testimonii</strong></span> <span class='ocrx_word' id='word_1_69' title='bbox 1877 1135 1966 1193; x_wconf 85' lang='lat' dir='ltr'><strong>of-</strong></span> 
     </span>
    </p>
   </div>
   <div class='ocr_carea' id='block_1_12' title="bbox 382 1226 1964 1298">
    <p class='ocr_par' dir='ltr' id='par_1_12' title="bbox 382 1226 1964 1298">
     <span class='ocr_line' id='line_1_12' title="bbox 382 1226 1964 1298; baseline -0.002 -15"><span class='ocrx_word' id='word_1_70' title='bbox 382 1227 519 1284; x_wconf 81' lang='lat' dir='ltr'><strong>feret</strong></span> <span class='ocrx_word' id='word_1_71' title='bbox 551 1229 703 1295; x_wconf 90' lang='lat' dir='ltr'><strong>illud,</strong></span> <span class='ocrx_word' id='word_1_72' title='bbox 734 1228 1067 1298; x_wconf 88' lang='lat' dir='ltr'><strong>acceptabile</strong></span> <span class='ocrx_word' id='word_1_73' title='bbox 1091 1231 1160 1297; x_wconf 75' lang='grc' dir='ltr'>&gt;κ</span> <span class='ocrx_word' id='word_1_74' title='bbox 1197 1227 1300 1297; x_wconf 91' lang='lat' dir='ltr'><strong>ipsi</strong></span> <span class='ocrx_word' id='word_1_75' title='bbox 1334 1228 1355 1297; x_wconf 74' lang='grc' dir='ltr'>ζ</span> <span class='ocrx_word' id='word_1_76' title='bbox 1399 1237 1525 1283; x_wconf 87' lang='lat' dir='ltr'><strong>ante</strong></span> <span class='ocrx_word' id='word_1_77' title='bbox 1552 1227 1865 1282; x_wconf 89' lang='lat' dir='ltr'><strong>Dominum.</strong></span> <span class='ocrx_word' id='word_1_78' title='bbox 1907 1226 1964 1281; x_wconf 71' lang='grc'><strong>4.</strong></span> 
     </span>
    </p>
   </div>
   <div class='ocr_carea' id='block_1_13' title="bbox 382 1317 1968 1391">
    <p class='ocr_par' dir='ltr' id='par_1_13' title="bbox 382 1317 1968 1391">
     <span class='ocr_line' id='line_1_13' title="bbox 382 1317 1968 1391; baseline -0.001 -17"><span class='ocrx_word' id='word_1_79' title='bbox 382 1318 451 1374; x_wconf 83' lang='lat' dir='ltr'><strong>Et</strong></span> <span class='ocrx_word' id='word_1_80' title='bbox 488 1320 729 1390; x_wconf 89' lang='lat' dir='ltr'><strong>imponet</strong></span> <span class='ocrx_word' id='word_1_81' title='bbox 773 1334 996 1374; x_wconf 88' lang='lat' dir='ltr'><strong>manum</strong></span> <span class='ocrx_word' id='word_1_82' title='bbox 1037 1321 1106 1387; x_wconf 57' lang='grc' dir='ltr'><strong>χ(</strong></span> <span class='ocrx_word' id='word_1_83' title='bbox 1148 1332 1304 1373; x_wconf 87' lang='lat' dir='ltr'><strong>suam</strong></span> <span class='ocrx_word' id='word_1_84' title='bbox 1334 1317 1358 1386; x_wconf 73' lang='grc' dir='ltr'>ζ</span> <span class='ocrx_word' id='word_1_85' title='bbox 1394 1333 1557 1388; x_wconf 87' lang='lat' dir='ltr'><strong>super</strong></span> <span class='ocrx_word' id='word_1_86' title='bbox 1598 1325 1763 1391; x_wconf 88' lang='lat' dir='ltr'><strong>caput</strong></span> <span class='ocrx_word' id='word_1_87' title='bbox 1812 1317 1968 1372; x_wconf 91' lang='lat' dir='ltr'><strong>holo-</strong></span> 
     </span>
    </p>
   </div>
   <div class='ocr_carea' id='block_1_14' title="bbox 382 1408 1966 1480">
    <p class='ocr_par' dir='ltr' id='par_1_14' title="bbox 382 1408 1966 1480">
     <span class='ocr_line' id='line_1_14' title="bbox 382 1408 1966 1480; baseline -0.001 -16"><span class='ocrx_word' id='word_1_88' title='bbox 382 1411 596 1466; x_wconf 75' lang='lat' dir='ltr'><strong>causti:</strong></span> <span class='ocrx_word' id='word_1_89' title='bbox 644 1409 973 1480; x_wconf 89' lang='lat' dir='ltr'><strong>acceptabile</strong></span> <span class='ocrx_word' id='word_1_90' title='bbox 1015 1409 1194 1479; x_wconf 88' lang='lat' dir='ltr'><strong>ipsum</strong></span> <span class='ocrx_word' id='word_1_91' title='bbox 1241 1409 1309 1464; x_wconf 87' lang='lat' dir='ltr'><strong>ad</strong></span> <span class='ocrx_word' id='word_1_92' title='bbox 1343 1408 1814 1479; x_wconf 83' lang='lat' dir='ltr'><strong>deprOpitiandum</strong></span> <span class='ocrx_word' id='word_1_93' title='bbox 1865 1421 1966 1478; x_wconf 88' lang='lat' dir='ltr'><strong>pro</strong></span> 
     </span>
    </p>
   </div>
   <div class='ocr_carea' id='block_1_15' title="bbox 382 1498 1968 1573">
    <p class='ocr_par' dir='ltr' id='par_1_15' title="bbox 382 1498 1968 1573">
     <span class='ocr_line' id='line_1_15' title="bbox 382 1498 1968 1573; baseline -0.001 -16"><span class='ocrx_word' id='word_1_94' title='bbox 382 1502 521 1573; x_wconf 89' lang='lat' dir='ltr'><strong>ipso.</strong></span> <span class='ocrx_word' id='word_1_95' title='bbox 557 1501 610 1556; x_wconf 85' lang='lat'><strong>5.</strong></span> <span class='ocrx_word' id='word_1_96' title='bbox 640 1500 706 1556; x_wconf 89' lang='lat' dir='ltr'><strong>Et</strong></span> <span class='ocrx_word' id='word_1_97' title='bbox 742 1501 1071 1573; x_wconf 82' lang='lat' dir='ltr'><strong>jugulabunt</strong></span> <span class='ocrx_word' id='word_1_98' title='bbox 1109 1499 1341 1555; x_wconf 86' lang='lat' dir='ltr'><strong>vitulum</strong></span> <span class='ocrx_word' id='word_1_99' title='bbox 1381 1507 1507 1555; x_wconf 86' lang='lat' dir='ltr'><strong>ante</strong></span> <span class='ocrx_word' id='word_1_100' title='bbox 1545 1498 1835 1555; x_wconf 88' lang='lat' dir='ltr'><strong>Dominum</strong></span> <span class='ocrx_word' id='word_1_101' title='bbox 1868 1517 1882 1554; x_wconf 92' lang='lat'><strong>:</strong></span> <span class='ocrx_word' id='word_1_102' title='bbox 1912 1506 1968 1555; x_wconf 85' lang='lat' dir='ltr'><strong>et</strong></span> 
     </span>
    </p>
   </div>
   <div class='ocr_carea' id='block_1_16' title="bbox 381 1590 1964 1662">
    <p class='ocr_par' dir='ltr' id='par_1_16' title="bbox 381 1590 1964 1662">
     <span class='ocr_line' id='line_1_16' title="bbox 381 1590 1964 1662; baseline -0.003 -13"><span class='ocrx_word' id='word_1_103' title='bbox 381 1593 610 1649; x_wconf 73' lang='lat' dir='ltr'><strong>offerent</strong></span> <span class='ocrx_word' id='word_1_104' title='bbox 637 1593 734 1648; x_wconf 85' lang='lat' dir='ltr'><strong>ﬁlii</strong></span> <span class='ocrx_word' id='word_1_105' title='bbox 760 1593 941 1648; x_wconf 86' lang='lat' dir='ltr'><strong>Aaron</strong></span> <span class='ocrx_word' id='word_1_106' title='bbox 968 1592 1278 1648; x_wconf 87' lang='lat' dir='ltr'><strong>sacerdotes</strong></span> <span class='ocrx_word' id='word_1_107' title='bbox 1312 1592 1658 1662; x_wconf 83' lang='lat' dir='ltr'><strong>sanguinem,</strong></span> <span class='ocrx_word' id='word_1_108' title='bbox 1693 1601 1748 1646; x_wconf 83' lang='lat' dir='ltr'><strong>et</strong></span> <span class='ocrx_word' id='word_1_109' title='bbox 1785 1590 1964 1647; x_wconf 78' lang='lat' dir='ltr'><strong>eﬂun-</strong></span> 
     </span>
    </p>
   </div>
   <div class='ocr_carea' id='block_1_17' title="bbox 379 1684 1963 1756">
    <p class='ocr_par' dir='ltr' id='par_1_17' title="bbox 379 1684 1963 1756">
     <span class='ocr_line' id='line_1_17' title="bbox 379 1684 1963 1756; baseline -0.003 -12"><span class='ocrx_word' id='word_1_110' title='bbox 379 1688 510 1744; x_wconf 86' lang='lat' dir='ltr'><strong>dent</strong></span> <span class='ocrx_word' id='word_1_111' title='bbox 530 1688 598 1743; x_wconf 91' lang='lat' dir='ltr'><strong>ad</strong></span> <span class='ocrx_word' id='word_1_112' title='bbox 635 1688 805 1744; x_wconf 89' lang='lat' dir='ltr'><strong>altare</strong></span> <span class='ocrx_word' id='word_1_113' title='bbox 838 1689 893 1743; x_wconf 91' lang='lat' dir='ltr'><strong>in</strong></span> <span class='ocrx_word' id='word_1_114' title='bbox 932 1687 1189 1746; x_wconf 87' lang='lat' dir='ltr'><strong>circuitu.</strong></span> <span class='ocrx_word' id='word_1_115' title='bbox 1246 1685 1392 1756; x_wconf 89' lang='lat' dir='ltr'><strong>quod</strong></span> <span class='ocrx_word' id='word_1_116' title='bbox 1429 1692 1513 1740; x_wconf 86' lang='lat' dir='ltr'><strong>est</strong></span> <span class='ocrx_word' id='word_1_117' title='bbox 1558 1699 1721 1755; x_wconf 82' lang='lat' dir='ltr'><strong>super</strong></span> <span class='ocrx_word' id='word_1_118' title='bbox 1764 1684 1963 1754; x_wconf 85' lang='lat' dir='ltr'><strong>januas</strong></span> 
     </span>
    </p>
   </div>
   <div class='ocr_carea' id='block_1_18' title="bbox 379 1774 1959 1835">
    <p class='ocr_par' dir='ltr' id='par_1_18' title="bbox 379 1774 1959 1835">
     <span class='ocr_line' id='line_1_18' title="bbox 379 1774 1959 1835; baseline -0.003 -1"><span class='ocrx_word' id='word_1_119' title='bbox 379 1779 718 1835; x_wconf 88' lang='lat' dir='ltr'><strong>tabernaculi</strong></span> <span class='ocrx_word' id='word_1_120' title='bbox 750 1778 1065 1834; x_wconf 89' lang='lat' dir='ltr'><strong>testimonii.</strong></span> <span class='ocrx_word' id='word_1_121' title='bbox 1110 1778 1164 1832; x_wconf 86' lang='lat'><strong>6.</strong></span> <span class='ocrx_word' id='word_1_122' title='bbox 1200 1774 1269 1832; x_wconf 87' lang='lat' dir='ltr'><strong>Et</strong></span> <span class='ocrx_word' id='word_1_123' title='bbox 1309 1775 1652 1832; x_wconf 87' lang='lat' dir='ltr'><strong>decoriantes</strong></span> <span class='ocrx_word' id='word_1_124' title='bbox 1692 1775 1959 1830; x_wconf 87' lang='lat' dir='ltr'><strong>holocau-</strong></span> 
     </span>
    </p>
   </div>
   <div class='ocr_carea' id='block_1_19' title="bbox 379 1867 1957 1939">
    <p class='ocr_par' dir='ltr' id='par_1_19' title="bbox 379 1867 1957 1939">
     <span class='ocr_line' id='line_1_19' title="bbox 379 1867 1957 1939; baseline -0.003 -14"><span class='ocrx_word' id='word_1_125' title='bbox 379 1880 549 1935; x_wconf 88' lang='lat' dir='ltr'><strong>toma,</strong></span> <span class='ocrx_word' id='word_1_126' title='bbox 600 1871 942 1927; x_wconf 89' lang='lat' dir='ltr'><strong>membratim</strong></span> <span class='ocrx_word' id='word_1_127' title='bbox 985 1869 1225 1926; x_wconf 82' lang='lat' dir='ltr'><strong>divident</strong></span> <span class='ocrx_word' id='word_1_128' title='bbox 1266 1869 1399 1926; x_wconf 90' lang='lat' dir='ltr'><strong>illud</strong></span> <span class='ocrx_word' id='word_1_129' title='bbox 1448 1884 1545 1939; x_wconf 91' lang='lat' dir='ltr'><strong>per</strong></span> <span class='ocrx_word' id='word_1_130' title='bbox 1607 1867 1848 1922; x_wconf 89' lang='lat' dir='ltr'><strong>membra</strong></span> <span class='ocrx_word' id='word_1_131' title='bbox 1887 1869 1957 1939; x_wconf 62' lang='grc' dir='ltr'><em>χ</em></span> 
     </span>
    </p>
   </div>
   <div class='ocr_carea' id='block_1_20' title="bbox 383 1960 1956 2034">
    <p class='ocr_par' dir='ltr' id='par_1_20' title="bbox 383 1960 1956 2034">
     <span class='ocr_line' id='line_1_20' title="bbox 383 1960 1956 2034; baseline -0.003 -15"><span class='ocrx_word' id='word_1_132' title='bbox 383 1963 505 2034; x_wconf 88' lang='lat' dir='ltr'><strong>ejus</strong></span> <span class='ocrx_word' id='word_1_133' title='bbox 535 1963 559 2033; x_wconf 72' lang='grc' dir='ltr'>ζ</span> <span class='ocrx_word' id='word_1_134' title='bbox 604 1962 656 2018; x_wconf 90' lang='lat'><strong>7.</strong></span> <span class='ocrx_word' id='word_1_135' title='bbox 684 1963 751 2020; x_wconf 86' lang='lat' dir='ltr'><strong>Et</strong></span> <span class='ocrx_word' id='word_1_136' title='bbox 793 1964 1075 2034; x_wconf 83' lang='lat' dir='ltr'><strong>imponent</strong></span> <span class='ocrx_word' id='word_1_137' title='bbox 1100 1963 1196 2018; x_wconf 84' lang='lat' dir='ltr'><strong>ﬁlii</strong></span> <span class='ocrx_word' id='word_1_138' title='bbox 1215 1963 1399 2021; x_wconf 84' lang='lat' dir='ltr'><strong>Aaron</strong></span> <span class='ocrx_word' id='word_1_139' title='bbox 1437 1960 1746 2017; x_wconf 89' lang='lat' dir='ltr'><strong>sacerdotes</strong></span> <span class='ocrx_word' id='word_1_140' title='bbox 1774 1961 1956 2030; x_wconf 79' lang='lat' dir='ltr'><strong>ignem</strong></span> 
     </span>
    </p>
   </div>
   <div class='ocr_carea' id='block_1_21' title="bbox 381 2049 1957 2125">
    <p class='ocr_par' dir='ltr' id='par_1_21' title="bbox 381 2049 1957 2125">
     <span class='ocr_line' id='line_1_21' title="bbox 381 2049 1957 2125; baseline -0.003 -14"><span class='ocrx_word' id='word_1_141' title='bbox 381 2069 546 2125; x_wconf 90' lang='lat' dir='ltr'><strong>super</strong></span> <span class='ocrx_word' id='word_1_142' title='bbox 571 2056 744 2111; x_wconf 87' lang='lat' dir='ltr'><strong>altare</strong></span> <span class='ocrx_word' id='word_1_143' title='bbox 772 2072 787 2110; x_wconf 88' lang='lat'><strong>:</strong></span> <span class='ocrx_word' id='word_1_144' title='bbox 813 2066 867 2111; x_wconf 86' lang='lat' dir='ltr'><strong>et</strong></span> <span class='ocrx_word' id='word_1_145' title='bbox 899 2062 1145 2110; x_wconf 86' lang='lat' dir='ltr'><strong>sternent</strong></span> <span class='ocrx_word' id='word_1_146' title='bbox 1170 2054 1316 2124; x_wconf 78' lang='lat' dir='ltr'><strong>ligna</strong></span> <span class='ocrx_word' id='word_1_147' title='bbox 1363 2065 1528 2123; x_wconf 85' lang='lat' dir='ltr'><strong>super</strong></span> <span class='ocrx_word' id='word_1_148' title='bbox 1571 2050 1770 2124; x_wconf 66' lang='lat' dir='ltr'><strong>ignem.</strong></span> <span class='ocrx_word' id='word_1_149' title='bbox 1811 2050 1866 2107; x_wconf 91' lang='lat'><strong>8.</strong></span> <span class='ocrx_word' id='word_1_150' title='bbox 1889 2049 1957 2106; x_wconf 89' lang='lat' dir='ltr'><strong>Et</strong></span> 
     </span>
    </p>
   </div>
   <div class='ocr_carea' id='block_1_22' title="bbox 377 2144 1957 2217">
    <p class='ocr_par' dir='ltr' id='par_1_22' title="bbox 377 2144 1957 2217">
     <span class='ocr_line' id='line_1_22' title="bbox 377 2144 1957 2217; baseline 0.001 -17"><span class='ocrx_word' id='word_1_151' title='bbox 377 2146 662 2217; x_wconf 86' lang='lat' dir='ltr'><strong>imponent</strong></span> <span class='ocrx_word' id='word_1_152' title='bbox 692 2146 790 2202; x_wconf 77' lang='lat' dir='ltr'><strong>lilii</strong></span> <span class='ocrx_word' id='word_1_153' title='bbox 812 2145 994 2203; x_wconf 87' lang='lat' dir='ltr'><strong>Aaron</strong></span> <span class='ocrx_word' id='word_1_154' title='bbox 1019 2146 1328 2201; x_wconf 85' lang='lat' dir='ltr'><strong>sacerdotes</strong></span> <span class='ocrx_word' id='word_1_155' title='bbox 1366 2144 1613 2200; x_wconf 88' lang='lat' dir='ltr'><strong>membra</strong></span> <span class='ocrx_word' id='word_1_156' title='bbox 1650 2144 1846 2213; x_wconf 86' lang='lat' dir='ltr'><strong>divisa,</strong></span> <span class='ocrx_word' id='word_1_157' title='bbox 1902 2152 1957 2201; x_wconf 87' lang='lat' dir='ltr'><strong>et</strong></span> 
     </span>
    </p>
   </div>
   <div class='ocr_carea' id='block_1_23' title="bbox 377 2238 1956 2311">
    <p class='ocr_par' dir='ltr' id='par_1_23' title="bbox 377 2238 1956 2311">
     <span class='ocr_line' id='line_1_23' title="bbox 377 2238 1956 2311; baseline -0.001 -18"><span class='ocrx_word' id='word_1_158' title='bbox 377 2247 543 2310; x_wconf 88' lang='lat' dir='ltr'><strong>caput</strong></span> <span class='ocrx_word' id='word_1_159' title='bbox 572 2248 627 2295; x_wconf 86' lang='lat' dir='ltr'><strong>et</strong></span> <span class='ocrx_word' id='word_1_160' title='bbox 655 2240 869 2311; x_wconf 88' lang='lat' dir='ltr'><strong>adipem</strong></span> <span class='ocrx_word' id='word_1_161' title='bbox 892 2255 1056 2310; x_wconf 90' lang='lat' dir='ltr'><strong>super</strong></span> <span class='ocrx_word' id='word_1_162' title='bbox 1074 2239 1243 2310; x_wconf 80' lang='lat' dir='ltr'><strong>ligna,</strong></span> <span class='ocrx_word' id='word_1_163' title='bbox 1274 2253 1396 2309; x_wconf 74' lang='lat' dir='ltr'><strong>quae</strong></span> <span class='ocrx_word' id='word_1_164' title='bbox 1413 2245 1540 2294; x_wconf 90' lang='lat' dir='ltr'><strong>sunt</strong></span> <span class='ocrx_word' id='word_1_165' title='bbox 1560 2253 1723 2309; x_wconf 88' lang='lat' dir='ltr'><strong>super</strong></span> <span class='ocrx_word' id='word_1_166' title='bbox 1754 2238 1956 2309; x_wconf 81' lang='lat' dir='ltr'><strong>ignem,</strong></span> 
     </span>
    </p>
   </div>
   <div class='ocr_carea' id='block_1_24' title="bbox 376 2326 2012 2400">
    <p class='ocr_par' dir='ltr' id='par_1_24' title="bbox 376 2326 2012 2400">
     <span class='ocr_line' id='line_1_24' title="bbox 376 2326 2012 2400; baseline 0.001 -18"><span class='ocrx_word' id='word_1_167' title='bbox 376 2344 499 2399; x_wconf 74' lang='lat' dir='ltr'><strong>quae</strong></span> <span class='ocrx_word' id='word_1_168' title='bbox 528 2338 656 2385; x_wconf 90' lang='lat' dir='ltr'><strong>sunt</strong></span> <span class='ocrx_word' id='word_1_169' title='bbox 687 2346 847 2400; x_wconf 88' lang='lat' dir='ltr'><strong>super</strong></span> <span class='ocrx_word' id='word_1_170' title='bbox 875 2330 1065 2385; x_wconf 88' lang='lat' dir='ltr'><strong>altare.</strong></span> <span class='ocrx_word' id='word_1_171' title='bbox 1091 2328 1143 2384; x_wconf 91' lang='lat'><strong>9.</strong></span> <span class='ocrx_word' id='word_1_172' title='bbox 1176 2328 1441 2383; x_wconf 89' lang='lat' dir='ltr'><strong>Intestina</strong></span> <span class='ocrx_word' id='word_1_173' title='bbox 1468 2343 1598 2383; x_wconf 82' lang='lat' dir='ltr'><strong>vero</strong></span> <span class='ocrx_word' id='word_1_174' title='bbox 1629 2330 1698 2397; x_wconf 53' lang='grc' dir='ltr'><strong>Ἀ(</strong></span> <span class='ocrx_word' id='word_1_175' title='bbox 1720 2326 1882 2396; x_wconf 69' lang='lat' dir='ltr'><strong>ejus:</strong></span> <span class='ocrx_word' id='word_1_176' title='bbox 1907 2337 1962 2383; x_wconf 90' lang='lat' dir='ltr'><strong>et</strong></span> <span class='ocrx_word' id='word_1_177' title='bbox 2009 2351 2012 2354; x_wconf 60' lang='lat'><strong><em>~</em></strong></span> 
     </span>
    </p>
   </div>
   <div class='ocr_carea' id='block_1_25' title="bbox 375 2417 1959 2492">
    <p class='ocr_par' dir='ltr' id='par_1_25' title="bbox 375 2417 1959 2492">
     <span class='ocr_line' id='line_1_25' title="bbox 375 2417 1959 2492; baseline -0.002 -16"><span class='ocrx_word' id='word_1_178' title='bbox 375 2421 542 2491; x_wconf 87' lang='lat' dir='ltr'><strong>pedes</strong></span> <span class='ocrx_word' id='word_1_179' title='bbox 567 2424 634 2492; x_wconf 60' lang='grc' dir='ltr'>χ</span> <span class='ocrx_word' id='word_1_180' title='bbox 657 2422 778 2492; x_wconf 89' lang='lat' dir='ltr'><strong>ejus</strong></span> <span class='ocrx_word' id='word_1_181' title='bbox 812 2424 834 2492; x_wconf 71' lang='grc' dir='ltr'>ζ</span> <span class='ocrx_word' id='word_1_182' title='bbox 864 2422 1122 2478; x_wconf 77' lang='lat' dir='ltr'><strong>lavabunt</strong></span> <span class='ocrx_word' id='word_1_183' title='bbox 1151 2435 1312 2491; x_wconf 86' lang='lat' dir='ltr'><strong>aqua.</strong></span> <span class='ocrx_word' id='word_1_184' title='bbox 1347 2417 1414 2474; x_wconf 88' lang='lat' dir='ltr'><strong>Et</strong></span> <span class='ocrx_word' id='word_1_185' title='bbox 1444 2419 1685 2490; x_wconf 89' lang='lat' dir='ltr'><strong>imponet</strong></span> <span class='ocrx_word' id='word_1_186' title='bbox 1705 2418 1959 2475; x_wconf 86' lang='lat' dir='ltr'><strong>sacerdos</strong></span> 
     </span>
    </p>
   </div>
   <div class='ocr_carea' id='block_1_26' title="bbox 374 2510 1959 2583">
    <p class='ocr_par' dir='ltr' id='par_1_26' title="bbox 374 2510 1959 2583">
     <span class='ocr_line' id='line_1_26' title="bbox 374 2510 1959 2583; baseline 0 -18"><span class='ocrx_word' id='word_1_187' title='bbox 374 2511 557 2566; x_wconf 89' lang='lat' dir='ltr'><strong>omnia</strong></span> <span class='ocrx_word' id='word_1_188' title='bbox 579 2528 744 2583; x_wconf 88' lang='lat' dir='ltr'><strong>super</strong></span> <span class='ocrx_word' id='word_1_189' title='bbox 772 2513 945 2567; x_wconf 88' lang='lat' dir='ltr'><strong>altare</strong></span> <span class='ocrx_word' id='word_1_190' title='bbox 975 2531 989 2567; x_wconf 90' lang='lat'><strong>:</strong></span> <span class='ocrx_word' id='word_1_191' title='bbox 1015 2512 1394 2568; x_wconf 83' lang='lat' dir='ltr'><strong>holocaustum</strong></span> <span class='ocrx_word' id='word_1_192' title='bbox 1415 2518 1500 2567; x_wconf 88' lang='lat' dir='ltr'><strong>est</strong></span> <span class='ocrx_word' id='word_1_193' title='bbox 1523 2510 1800 2576; x_wconf 77' lang='lat' dir='ltr'><strong>sacriﬁcii,</strong></span> <span class='ocrx_word' id='word_1_194' title='bbox 1826 2510 1959 2566; x_wconf 91' lang='lat' dir='ltr'><strong>odor</strong></span> 
     </span>
    </p>
   </div>
   <div class='ocr_carea' id='block_1_27' title="bbox 374 2603 932 2661">
    <p class='ocr_par' dir='ltr' id='par_1_27' title="bbox 374 2603 932 2661">
     <span class='ocr_line' id='line_1_27' title="bbox 374 2603 932 2661; baseline 0 -4"><span class='ocrx_word' id='word_1_195' title='bbox 374 2603 661 2659; x_wconf 84' lang='lat' dir='ltr'><strong>suavitatis</strong></span> <span class='ocrx_word' id='word_1_196' title='bbox 682 2603 932 2661; x_wconf 91' lang='lat' dir='ltr'><strong>Domino.</strong></span> 
     </span>
    </p>
   </div>
   <div class='ocr_carea' id='block_1_28' title="bbox 2143 587 3658 669">
    <p class='ocr_par' dir='ltr' id='par_1_28' title="bbox 2143 587 3658 669">
     <span class='ocr_line' id='line_1_28' title="bbox 2143 587 3658 669; baseline 0.007 -28"><span class='ocrx_word' id='word_1_197' title='bbox 2143 588 2193 641; x_wconf 77' lang='grc'><strong>1.</strong></span> <span class='ocrx_word' id='word_1_198' title='bbox 2227 589 2336 641; x_wconf 87' lang='lat' dir='ltr'><strong>Kal</strong></span> <span class='ocrx_word' id='word_1_199' title='bbox 2379 587 2704 642; x_wconf 83' lang='grc' dir='ltr'><strong>ἀνεκάλεσεν</strong></span> <span class='ocrx_word' id='word_1_200' title='bbox 2747 587 2981 659; x_wconf 86' lang='grc' dir='ltr'>Μωσῆν,</span> <span class='ocrx_word' id='word_1_201' title='bbox 3032 589 3125 643; x_wconf 78' lang='grc' dir='ltr'><strong>καὶ</strong></span> <span class='ocrx_word' id='word_1_202' title='bbox 3162 588 3418 664; x_wconf 83' lang='grc' dir='ltr'>ἐλάλησεν</span> <span class='ocrx_word' id='word_1_203' title='bbox 3446 595 3658 669; x_wconf 81' lang='grc' dir='ltr'>Κύριος</span> 
     </span>
    </p>
   </div>
   <div class='ocr_carea' id='block_1_29' title="bbox 2070 677 3657 761">
    <p class='ocr_par' dir='ltr' id='par_1_29' title="bbox 2070 677 3657 761">
     <span class='ocr_line' id='line_1_29' title="bbox 2070 677 3657 761; baseline 0.006 -30"><span class='ocrx_word' id='word_1_204' title='bbox 2070 677 2220 749; x_wconf 80' lang='grc' dir='ltr'>αὐτῷ</span> <span class='ocrx_word' id='word_1_205' title='bbox 2253 679 2317 732; x_wconf 83' lang='grc' dir='ltr'><strong>ἐκ</strong></span> <span class='ocrx_word' id='word_1_206' title='bbox 2341 678 2441 749; x_wconf 78' lang='grc' dir='ltr'><strong>τῆς</strong></span> <span class='ocrx_word' id='word_1_207' title='bbox 2475 679 2682 751; x_wconf 82' lang='grc' dir='ltr'><strong>σκηνῆς</strong></span> <span class='ocrx_word' id='word_1_208' title='bbox 2711 679 2806 733; x_wconf 84' lang='grc' dir='ltr'>τοῦ</span> <span class='ocrx_word' id='word_1_209' title='bbox 2840 682 3137 753; x_wconf 84' lang='grc' dir='ltr'>μαρτυρίου</span> <span class='ocrx_word' id='word_1_210' title='bbox 3152 681 3325 750; x_wconf 84' lang='grc' dir='ltr'>λέγων</span> <span class='ocrx_word' id='word_1_211' title='bbox 3344 701 3358 714; x_wconf 88' lang='grc'><strong>·</strong></span> <span class='ocrx_word' id='word_1_212' title='bbox 3392 685 3446 738; x_wconf 75' lang='lat'><strong>2.</strong></span> <span class='ocrx_word' id='word_1_213' title='bbox 3471 688 3657 761; x_wconf 82' lang='grc' dir='ltr'>Λάλη-</span> 
     </span>
    </p>
   </div>
   <div class='ocr_carea' id='block_1_30' title="bbox 2073 772 3654 850">
    <p class='ocr_par' dir='ltr' id='par_1_30' title="bbox 2073 772 3654 850">
     <span class='ocr_line' id='line_1_30' title="bbox 2073 772 3654 850; baseline 0.005 -26"><span class='ocrx_word' id='word_1_214' title='bbox 2073 788 2163 825; x_wconf 91' lang='grc' dir='ltr'><strong>σον</strong></span> <span class='ocrx_word' id='word_1_215' title='bbox 2193 774 2307 835; x_wconf 86' lang='grc' dir='ltr'>τοῖς</span> <span class='ocrx_word' id='word_1_216' title='bbox 2328 773 2465 836; x_wconf 81' lang='grc' dir='ltr'>υἱοῖς</span> <span class='ocrx_word' id='word_1_217' title='bbox 2502 772 2717 844; x_wconf 88' lang='grc' dir='ltr'>Ἰσραὴλ</span> <span class='ocrx_word' id='word_1_218' title='bbox 2737 773 2832 826; x_wconf 74' lang='grc' dir='ltr'>καὶ</span> <span class='ocrx_word' id='word_1_219' title='bbox 2858 774 3004 846; x_wconf 78' lang='grc' dir='ltr'>ἐρεῖς</span> <span class='ocrx_word' id='word_1_220' title='bbox 3036 774 3173 845; x_wconf 82' lang='grc' dir='ltr'>πρὸς</span> <span class='ocrx_word' id='word_1_221' title='bbox 3198 774 3413 840; x_wconf 77' lang='grc' dir='ltr'>αὐτούς’</span> <span class='ocrx_word' id='word_1_222' title='bbox 3438 778 3654 850; x_wconf 81' lang='grc' dir='ltr'>ἄνθρω-</span> 
     </span>
    </p>
   </div>
   <div class='ocr_carea' id='block_1_31' title="bbox 2071 864 3655 939">
    <p class='ocr_par' dir='ltr' id='par_1_31' title="bbox 2071 864 3655 939">
     <span class='ocr_line' id='line_1_31' title="bbox 2071 864 3655 939; baseline 0.005 -22"><span class='ocrx_word' id='word_1_223' title='bbox 2071 880 2172 928; x_wconf 86' lang='grc' dir='ltr'><strong>πος</strong></span> <span class='ocrx_word' id='word_1_224' title='bbox 2199 864 2258 929; x_wconf 76' lang='grc' dir='ltr'><strong>ἐξ</strong></span> <span class='ocrx_word' id='word_1_225' title='bbox 2288 864 2441 936; x_wconf 80' lang='grc' dir='ltr'>ὑμῶν</span> <span class='ocrx_word' id='word_1_226' title='bbox 2468 864 2561 919; x_wconf 74' lang='grc' dir='ltr'>ἐὰν</span> <span class='ocrx_word' id='word_1_227' title='bbox 2593 864 2839 937; x_wconf 79' lang='grc' dir='ltr'><strong>προσάγῃ</strong></span> <span class='ocrx_word' id='word_1_228' title='bbox 2862 866 3008 938; x_wconf 80' lang='grc' dir='ltr'>δῶρα</span> <span class='ocrx_word' id='word_1_229' title='bbox 3044 866 3122 937; x_wconf 83' lang='grc' dir='ltr'><strong>τῷ</strong></span> <span class='ocrx_word' id='word_1_230' title='bbox 3152 868 3343 939; x_wconf 86' lang='grc' dir='ltr'>Κυρίῳ</span> <span class='ocrx_word' id='word_1_231' title='bbox 3392 868 3500 923; x_wconf 81' lang='grc' dir='ltr'><strong>ἀπὸ</strong></span> <span class='ocrx_word' id='word_1_232' title='bbox 3541 872 3655 925; x_wconf 80' lang='grc' dir='ltr'>τῶν</span> 
     </span>
    </p>
   </div>
   <div class='ocr_carea' id='block_1_32' title="bbox 2070 952 3654 1032">
    <p class='ocr_par' dir='ltr' id='par_1_32' title="bbox 2070 952 3654 1032">
     <span class='ocr_line' id='line_1_32' title="bbox 2070 952 3654 1032; baseline 0.005 -26"><span class='ocrx_word' id='word_1_233' title='bbox 2070 952 2302 1024; x_wconf 83' lang='grc' dir='ltr'><strong>κτηνῶν,</strong></span> <span class='ocrx_word' id='word_1_234' title='bbox 2330 954 2438 1007; x_wconf 86' lang='grc' dir='ltr'><strong>ἀπὸ</strong></span> <span class='ocrx_word' id='word_1_235' title='bbox 2463 953 2569 1008; x_wconf 81' lang='grc' dir='ltr'>τῶν</span> <span class='ocrx_word' id='word_1_236' title='bbox 2600 953 2758 1024; x_wconf 86' lang='grc' dir='ltr'>βοῶν,</span> <span class='ocrx_word' id='word_1_237' title='bbox 2790 955 2882 1008; x_wconf 74' lang='grc' dir='ltr'><strong>καὶ</strong></span> <span class='ocrx_word' id='word_1_238' title='bbox 2913 956 3023 1010; x_wconf 85' lang='grc' dir='ltr'>ἀπὸ</span> <span class='ocrx_word' id='word_1_239' title='bbox 3044 956 3150 1009; x_wconf 84' lang='grc' dir='ltr'><strong>τῶν</strong></span> <span class='ocrx_word' id='word_1_240' title='bbox 3169 957 3454 1028; x_wconf 78' lang='grc' dir='ltr'>προϐάτων</span> <span class='ocrx_word' id='word_1_241' title='bbox 3476 977 3654 1032; x_wconf 84' lang='grc' dir='ltr'>προσ-</span> 
     </span>
    </p>
   </div>
   <div class='ocr_carea' id='block_1_33' title="bbox 2067 1043 3653 1124">
    <p class='ocr_par' dir='ltr' id='par_1_33' title="bbox 2067 1043 3653 1124">
     <span class='ocr_line' id='line_1_33' title="bbox 2067 1043 3653 1124; baseline 0.006 -28"><span class='ocrx_word' id='word_1_242' title='bbox 2067 1044 2241 1098; x_wconf 82' lang='grc' dir='ltr'>οίσετε</span> <span class='ocrx_word' id='word_1_243' title='bbox 2292 1043 2362 1098; x_wconf 82' lang='grc' dir='ltr'>τὰ</span> <span class='ocrx_word' id='word_1_244' title='bbox 2382 1044 2530 1117; x_wconf 85' lang='grc' dir='ltr'>δῶρα</span> <span class='ocrx_word' id='word_1_245' title='bbox 2558 1045 2712 1116; x_wconf 81' lang='grc' dir='ltr'>ὑμῶν</span> <span class='ocrx_word' id='word_1_246' title='bbox 2731 1063 2744 1076; x_wconf 89' lang='grc'><strong>·</strong></span> <span class='ocrx_word' id='word_1_247' title='bbox 2774 1047 2827 1101; x_wconf 79' lang='grc'><strong>5.</strong></span> <span class='ocrx_word' id='word_1_248' title='bbox 2866 1048 2990 1101; x_wconf 87' lang='grc' dir='ltr'>Ἐὰν</span> <span class='ocrx_word' id='word_1_249' title='bbox 3012 1047 3368 1119; x_wconf 85' lang='grc' dir='ltr'>ὁλοκαύτωμα</span> <span class='ocrx_word' id='word_1_250' title='bbox 3393 1050 3453 1104; x_wconf 82' lang='grc' dir='ltr'><strong>τὸ</strong></span> <span class='ocrx_word' id='word_1_251' title='bbox 3476 1051 3653 1124; x_wconf 85' lang='grc' dir='ltr'>δῶρον</span> 
     </span>
    </p>
   </div>
   <div class='ocr_carea' id='block_1_34' title="bbox 2069 1132 3654 1213">
    <p class='ocr_par' dir='ltr' id='par_1_34' title="bbox 2069 1132 3654 1213">
     <span class='ocr_line' id='line_1_34' title="bbox 2069 1132 3654 1213; baseline 0.005 -27"><span class='ocrx_word' id='word_1_252' title='bbox 2069 1132 2234 1186; x_wconf 74' lang='grc' dir='ltr'>αὑτοῦ</span> <span class='ocrx_word' id='word_1_253' title='bbox 2263 1135 2328 1186; x_wconf 83' lang='grc' dir='ltr'>ὲκ</span> <span class='ocrx_word' id='word_1_254' title='bbox 2359 1133 2467 1187; x_wconf 84' lang='grc' dir='ltr'>τῶν</span> <span class='ocrx_word' id='word_1_255' title='bbox 2506 1134 2663 1204; x_wconf 84' lang='grc' dir='ltr'>βοῶν,</span> <span class='ocrx_word' id='word_1_256' title='bbox 2698 1134 2865 1206; x_wconf 81' lang='grc' dir='ltr'>ἄρσεν</span> <span class='ocrx_word' id='word_1_257' title='bbox 2907 1135 3137 1208; x_wconf 78' lang='grc' dir='ltr'><strong>ἄμωμον</strong></span> <span class='ocrx_word' id='word_1_258' title='bbox 3174 1139 3468 1210; x_wconf 81' lang='grc' dir='ltr'>προσάξει,</span> <span class='ocrx_word' id='word_1_259' title='bbox 3510 1142 3654 1213; x_wconf 79' lang='grc' dir='ltr'>πρὸς</span> 
     </span>
    </p>
   </div>
   <div class='ocr_carea' id='block_1_35' title="bbox 2067 1221 3651 1298">
    <p class='ocr_par' dir='ltr' id='par_1_35' title="bbox 2067 1221 3651 1298">
     <span class='ocr_line' id='line_1_35' title="bbox 2067 1221 3651 1298; baseline 0.005 -23"><span class='ocrx_word' id='word_1_260' title='bbox 2067 1222 2165 1293; x_wconf 82' lang='grc' dir='ltr'><strong>τὴν</strong></span> <span class='ocrx_word' id='word_1_261' title='bbox 2187 1221 2358 1294; x_wconf 82' lang='grc' dir='ltr'>θύραν</span> <span class='ocrx_word' id='word_1_262' title='bbox 2383 1223 2481 1293; x_wconf 80' lang='grc' dir='ltr'>τῆς</span> <span class='ocrx_word' id='word_1_263' title='bbox 2509 1224 2712 1295; x_wconf 83' lang='grc' dir='ltr'>σκηνῆς</span> <span class='ocrx_word' id='word_1_264' title='bbox 2739 1223 2834 1276; x_wconf 84' lang='grc' dir='ltr'>τοῦ</span> <span class='ocrx_word' id='word_1_265' title='bbox 2864 1225 3162 1298; x_wconf 79' lang='grc' dir='ltr'>μαρτυρίου</span> <span class='ocrx_word' id='word_1_266' title='bbox 3195 1227 3471 1298; x_wconf 83' lang='grc' dir='ltr'>προσοίσει</span> <span class='ocrx_word' id='word_1_267' title='bbox 3492 1228 3651 1295; x_wconf 79' lang='grc' dir='ltr'>αὐτὸ,</span> 
     </span>
    </p>
   </div>
   <div class='ocr_carea' id='block_1_36' title="bbox 2065 1315 3652 1393">
    <p class='ocr_par' dir='ltr' id='par_1_36' title="bbox 2065 1315 3652 1393">
     <span class='ocr_line' id='line_1_36' title="bbox 2065 1315 3652 1393; baseline 0.004 -23"><span class='ocrx_word' id='word_1_268' title='bbox 2065 1316 2251 1371; x_wconf 85' lang='grc' dir='ltr'>δεκτὺν</span> <span class='ocrx_word' id='word_1_269' title='bbox 2285 1318 2353 1385; x_wconf 77' lang='grc' dir='ltr'>&gt;κ</span> <span class='ocrx_word' id='word_1_270' title='bbox 2400 1315 2550 1388; x_wconf 82' lang='grc' dir='ltr'>αὐτῷ</span> <span class='ocrx_word' id='word_1_271' title='bbox 2588 1317 2609 1385; x_wconf 73' lang='grc' dir='ltr'>ζ</span> <span class='ocrx_word' id='word_1_272' title='bbox 2645 1316 2822 1370; x_wconf 78' lang='grc' dir='ltr'>ἔναντι</span> <span class='ocrx_word' id='word_1_273' title='bbox 2867 1317 3094 1389; x_wconf 79' lang='grc' dir='ltr'>Κυρίου.</span> <span class='ocrx_word' id='word_1_274' title='bbox 3140 1316 3194 1371; x_wconf 70' lang='grc'><strong>4.</strong></span> <span class='ocrx_word' id='word_1_275' title='bbox 3244 1318 3355 1371; x_wconf 89' lang='lat' dir='ltr'><strong>Kal</strong></span> <span class='ocrx_word' id='word_1_276' title='bbox 3400 1320 3652 1393; x_wconf 71' lang='grc' dir='ltr'>ἐπιθήσει</span> 
     </span>
    </p>
   </div>
   <div class='ocr_carea' id='block_1_37' title="bbox 2066 1406 3651 1485">
    <p class='ocr_par' dir='ltr' id='par_1_37' title="bbox 2066 1406 3651 1485">
     <span class='ocr_line' id='line_1_37' title="bbox 2066 1406 3651 1485; baseline 0.004 -26"><span class='ocrx_word' id='word_1_277' title='bbox 2066 1406 2162 1478; x_wconf 84' lang='grc' dir='ltr'><strong>τὴν</strong></span> <span class='ocrx_word' id='word_1_278' title='bbox 2183 1410 2340 1480; x_wconf 84' lang='grc' dir='ltr'>χεῖρα</span> <span class='ocrx_word' id='word_1_279' title='bbox 2381 1410 2449 1477; x_wconf 78' lang='grc' dir='ltr'><strong>&gt;ε&lt;</strong></span> <span class='ocrx_word' id='word_1_280' title='bbox 2481 1408 2646 1463; x_wconf 80' lang='grc' dir='ltr'>αὐτοῦ</span> <span class='ocrx_word' id='word_1_281' title='bbox 2683 1410 2706 1479; x_wconf 72' lang='grc' dir='ltr'>ζ</span> <span class='ocrx_word' id='word_1_282' title='bbox 2738 1408 2831 1462; x_wconf 77' lang='grc' dir='ltr'>ἐπὶ</span> <span class='ocrx_word' id='word_1_283' title='bbox 2872 1409 2971 1480; x_wconf 87' lang='grc' dir='ltr'><strong>τὴν</strong></span> <span class='ocrx_word' id='word_1_284' title='bbox 3015 1408 3259 1481; x_wconf 84' lang='grc' dir='ltr'>κεφαλὴν</span> <span class='ocrx_word' id='word_1_285' title='bbox 3293 1410 3385 1464; x_wconf 81' lang='grc' dir='ltr'>τοῦ</span> <span class='ocrx_word' id='word_1_286' title='bbox 3416 1413 3651 1485; x_wconf 82' lang='grc' dir='ltr'>καρπώ-</span> 
     </span>
    </p>
   </div>
   <div class='ocr_carea' id='block_1_38' title="bbox 2069 1498 3655 1573">
    <p class='ocr_par' dir='ltr' id='par_1_38' title="bbox 2069 1498 3655 1573">
     <span class='ocr_line' id='line_1_38' title="bbox 2069 1498 3655 1573; baseline 0.004 -21"><span class='ocrx_word' id='word_1_287' title='bbox 2069 1517 2236 1571; x_wconf 86' lang='grc' dir='ltr'>ματος</span> <span class='ocrx_word' id='word_1_288' title='bbox 2254 1517 2267 1530; x_wconf 87' lang='grc'><strong>·</strong></span> <span class='ocrx_word' id='word_1_289' title='bbox 2302 1499 2489 1554; x_wconf 88' lang='grc' dir='ltr'>δεκτὸν</span> <span class='ocrx_word' id='word_1_290' title='bbox 2516 1499 2648 1554; x_wconf 83' lang='grc' dir='ltr'>αὐτὸ</span> <span class='ocrx_word' id='word_1_291' title='bbox 2677 1498 3060 1564; x_wconf 81' lang='grc' dir='ltr'>ὲξειλάσασθαι</span> <span class='ocrx_word' id='word_1_292' title='bbox 3087 1502 3214 1573; x_wconf 77' lang='grc' dir='ltr'>περὶ</span> <span class='ocrx_word' id='word_1_293' title='bbox 3242 1502 3428 1556; x_wconf 83' lang='grc' dir='ltr'>αὐτοῦ.</span> <span class='ocrx_word' id='word_1_294' title='bbox 3447 1504 3500 1558; x_wconf 82' lang='lat'><strong>5.</strong></span> <span class='ocrx_word' id='word_1_295' title='bbox 3536 1505 3655 1559; x_wconf 86' lang='lat' dir='ltr'><strong>Kal</strong></span> 
     </span>
    </p>
   </div>
   <div class='ocr_carea' id='block_1_39' title="bbox 2067 1591 3654 1665">
    <p class='ocr_par' dir='ltr' id='par_1_39' title="bbox 2067 1591 3654 1665">
     <span class='ocr_line' id='line_1_39' title="bbox 2067 1591 3654 1665; baseline 0.003 -20"><span class='ocrx_word' id='word_1_296' title='bbox 2067 1591 2360 1661; x_wconf 78' lang='grc' dir='ltr'>σφάξουσιν</span> <span class='ocrx_word' id='word_1_297' title='bbox 2386 1592 2478 1645; x_wconf 82' lang='grc' dir='ltr'><strong>τὸν</strong></span> <span class='ocrx_word' id='word_1_298' title='bbox 2504 1592 2702 1663; x_wconf 77' lang='grc' dir='ltr'>μόσχον</span> <span class='ocrx_word' id='word_1_299' title='bbox 2737 1591 2915 1645; x_wconf 73' lang='grc' dir='ltr'>ἔναντι</span> <span class='ocrx_word' id='word_1_300' title='bbox 2945 1592 3172 1662; x_wconf 83' lang='grc' dir='ltr'>Κυρίου.</span> <span class='ocrx_word' id='word_1_301' title='bbox 3199 1595 3310 1647; x_wconf 89' lang='lat' dir='ltr'><strong>Kal</strong></span> <span class='ocrx_word' id='word_1_302' title='bbox 3326 1595 3654 1665; x_wconf 74' lang='grc' dir='ltr'>προσοίσον-</span> 
     </span>
    </p>
   </div>
   <div class='ocr_carea' id='block_1_40' title="bbox 2066 1678 3654 1758">
    <p class='ocr_par' dir='ltr' id='par_1_40' title="bbox 2066 1678 3654 1758">
     <span class='ocr_line' id='line_1_40' title="bbox 2066 1678 3654 1758; baseline 0.001 -20"><span class='ocrx_word' id='word_1_303' title='bbox 2066 1702 2150 1738; x_wconf 88' lang='grc' dir='ltr'><strong>σιν</strong></span> <span class='ocrx_word' id='word_1_304' title='bbox 2183 1686 2230 1738; x_wconf 92' lang='grc' dir='ltr'><strong>οἱ</strong></span> <span class='ocrx_word' id='word_1_305' title='bbox 2260 1684 2366 1737; x_wconf 84' lang='grc' dir='ltr'><strong>υἱοὶ</strong></span> <span class='ocrx_word' id='word_1_306' title='bbox 2404 1682 2616 1755; x_wconf 87' lang='grc' dir='ltr'>Ἀαρὼν</span> <span class='ocrx_word' id='word_1_307' title='bbox 2662 1685 2709 1738; x_wconf 92' lang='grc' dir='ltr'><strong>οἱ</strong></span> <span class='ocrx_word' id='word_1_308' title='bbox 2734 1685 2899 1756; x_wconf 83' lang='grc' dir='ltr'>ἱερεῖς</span> <span class='ocrx_word' id='word_1_309' title='bbox 2929 1683 2990 1737; x_wconf 84' lang='grc' dir='ltr'><strong>τὸ</strong></span> <span class='ocrx_word' id='word_1_310' title='bbox 3018 1678 3178 1754; x_wconf 72' lang='grc' dir='ltr'>αἷμα,</span> <span class='ocrx_word' id='word_1_311' title='bbox 3225 1685 3319 1739; x_wconf 76' lang='grc' dir='ltr'><strong>καὶ</strong></span> <span class='ocrx_word' id='word_1_312' title='bbox 3352 1686 3654 1758; x_wconf 87' lang='grc' dir='ltr'>προσχεοῦ-</span> 
     </span>
    </p>
   </div>
   <div class='ocr_carea' id='block_1_41' title="bbox 2067 1771 3653 1847">
    <p class='ocr_par' dir='ltr' id='par_1_41' title="bbox 2067 1771 3653 1847">
     <span class='ocr_line' id='line_1_41' title="bbox 2067 1771 3653 1847; baseline -0.001 -17"><span class='ocrx_word' id='word_1_313' title='bbox 2067 1794 2151 1830; x_wconf 90' lang='grc' dir='ltr'><strong>σιν</strong></span> <span class='ocrx_word' id='word_1_314' title='bbox 2172 1778 2231 1830; x_wconf 71' lang='grc' dir='ltr'>τὸ</span> <span class='ocrx_word' id='word_1_315' title='bbox 2255 1772 2394 1847; x_wconf 77' lang='grc' dir='ltr'>αἷμα</span> <span class='ocrx_word' id='word_1_316' title='bbox 2425 1775 2517 1828; x_wconf 75' lang='grc' dir='ltr'><strong>ἐπὶ</strong></span> <span class='ocrx_word' id='word_1_317' title='bbox 2537 1772 2598 1827; x_wconf 80' lang='grc' dir='ltr'>τὸ</span> <span class='ocrx_word' id='word_1_318' title='bbox 2627 1771 3010 1846; x_wconf 83' lang='grc' dir='ltr'>θυσιαστήριον</span> <span class='ocrx_word' id='word_1_319' title='bbox 3056 1774 3240 1845; x_wconf 80' lang='grc' dir='ltr'>κύκλῳ</span> <span class='ocrx_word' id='word_1_320' title='bbox 3258 1817 3272 1841; x_wconf 86' lang='grc'><em>,</em></span> <span class='ocrx_word' id='word_1_321' title='bbox 3301 1774 3361 1828; x_wconf 84' lang='grc' dir='ltr'>τδ</span> <span class='ocrx_word' id='word_1_322' title='bbox 3402 1776 3494 1829; x_wconf 78' lang='grc' dir='ltr'>ἐπὶ</span> <span class='ocrx_word' id='word_1_323' title='bbox 3535 1774 3653 1829; x_wconf 85' lang='grc' dir='ltr'><strong>τῶν</strong></span> 
     </span>
    </p>
   </div>
   <div class='ocr_carea' id='block_1_42' title="bbox 2066 1865 3651 1941">
    <p class='ocr_par' dir='ltr' id='par_1_42' title="bbox 2066 1865 3651 1941">
     <span class='ocr_line' id='line_1_42' title="bbox 2066 1865 3651 1941; baseline -0.001 -19"><span class='ocrx_word' id='word_1_324' title='bbox 2066 1867 2245 1941; x_wconf 85' lang='grc' dir='ltr'>θυρῶν</span> <span class='ocrx_word' id='word_1_325' title='bbox 2275 1868 2373 1937; x_wconf 85' lang='grc' dir='ltr'><strong>τῆς</strong></span> <span class='ocrx_word' id='word_1_326' title='bbox 2400 1866 2607 1938; x_wconf 81' lang='grc' dir='ltr'>σκηνῆς</span> <span class='ocrx_word' id='word_1_327' title='bbox 2637 1865 2729 1919; x_wconf 82' lang='grc' dir='ltr'>τοῦ</span> <span class='ocrx_word' id='word_1_328' title='bbox 2766 1865 3083 1939; x_wconf 82' lang='grc' dir='ltr'>μαρτυρίου.</span> <span class='ocrx_word' id='word_1_329' title='bbox 3124 1865 3177 1920; x_wconf 87' lang='lat'><strong>6.</strong></span> <span class='ocrx_word' id='word_1_330' title='bbox 3222 1868 3332 1920; x_wconf 85' lang='lat' dir='ltr'><strong>Kal</strong></span> <span class='ocrx_word' id='word_1_331' title='bbox 3369 1866 3651 1939; x_wconf 85' lang='grc' dir='ltr'>δείραντες</span> 
     </span>
    </p>
   </div>
   <div class='ocr_carea' id='block_1_43' title="bbox 2062 1954 3648 2028">
    <p class='ocr_par' dir='ltr' id='par_1_43' title="bbox 2062 1954 3648 2028">
     <span class='ocr_line' id='line_1_43' title="bbox 2062 1954 3648 2028; baseline 0.001 -18"><span class='ocrx_word' id='word_1_332' title='bbox 2062 1957 2125 2011; x_wconf 83' lang='grc' dir='ltr'><strong>τὸ</strong></span> <span class='ocrx_word' id='word_1_333' title='bbox 2148 1956 2528 2028; x_wconf 86' lang='grc' dir='ltr'>ὁλοκαύτωμα,</span> <span class='ocrx_word' id='word_1_334' title='bbox 2564 1954 2836 2027; x_wconf 87' lang='grc' dir='ltr'>μελιοῦσιν</span> <span class='ocrx_word' id='word_1_335' title='bbox 2857 1956 2988 2011; x_wconf 79' lang='grc' dir='ltr'>αὐτὸ</span> <span class='ocrx_word' id='word_1_336' title='bbox 3020 1954 3161 2009; x_wconf 82' lang='grc' dir='ltr'>κατὰ</span> <span class='ocrx_word' id='word_1_337' title='bbox 3187 1956 3320 2028; x_wconf 83' lang='grc' dir='ltr'><strong>μέλη</strong></span> <span class='ocrx_word' id='word_1_338' title='bbox 3347 1958 3413 2025; x_wconf 58' lang='grc' dir='ltr'>Χ</span> <span class='ocrx_word' id='word_1_339' title='bbox 3429 1956 3596 2011; x_wconf 78' lang='grc' dir='ltr'>αὐτοῦ</span> <span class='ocrx_word' id='word_1_340' title='bbox 3621 1958 3648 2026; x_wconf 72' lang='grc' dir='ltr'>ζ</span> 
     </span>
    </p>
   </div>
   <div class='ocr_carea' id='block_1_44' title="bbox 2063 2048 3651 2123">
    <p class='ocr_par' dir='ltr' id='par_1_44' title="bbox 2063 2048 3651 2123">
     <span class='ocr_line' id='line_1_44' title="bbox 2063 2048 3651 2123; baseline -0.001 -20"><span class='ocrx_word' id='word_1_341' title='bbox 2063 2050 2116 2105; x_wconf 90' lang='lat'><strong>7.</strong></span> <span class='ocrx_word' id='word_1_342' title='bbox 2153 2051 2265 2105; x_wconf 81' lang='lat' dir='ltr'><strong>Kal</strong></span> <span class='ocrx_word' id='word_1_343' title='bbox 2297 2048 2650 2122; x_wconf 72' lang='grc' dir='ltr'>ἐπιθήσουσιν</span> <span class='ocrx_word' id='word_1_344' title='bbox 2675 2052 2723 2104; x_wconf 86' lang='grc' dir='ltr'><strong>οἱ</strong></span> <span class='ocrx_word' id='word_1_345' title='bbox 2757 2050 2863 2104; x_wconf 75' lang='grc' dir='ltr'>υἱοὶ</span> <span class='ocrx_word' id='word_1_346' title='bbox 2903 2049 3111 2123; x_wconf 82' lang='grc' dir='ltr'>Ἀαρῶν</span> <span class='ocrx_word' id='word_1_347' title='bbox 3134 2052 3183 2104; x_wconf 89' lang='grc' dir='ltr'><strong>οἱ</strong></span> <span class='ocrx_word' id='word_1_348' title='bbox 3216 2052 3381 2122; x_wconf 79' lang='grc' dir='ltr'>ἱερεῖς</span> <span class='ocrx_word' id='word_1_349' title='bbox 3409 2049 3521 2123; x_wconf 80' lang='grc' dir='ltr'>πῦρ</span> <span class='ocrx_word' id='word_1_350' title='bbox 3551 2050 3651 2103; x_wconf 73' lang='grc' dir='ltr'>ἐπὶ</span> 
     </span>
    </p>
   </div>
   <div class='ocr_carea' id='block_1_45' title="bbox 2061 2142 3646 2214">
    <p class='ocr_par' dir='ltr' id='par_1_45' title="bbox 2061 2142 3646 2214">
     <span class='ocr_line' id='line_1_45' title="bbox 2061 2142 3646 2214; baseline 0 -17"><span class='ocrx_word' id='word_1_351' title='bbox 2061 2142 2122 2197; x_wconf 85' lang='grc' dir='ltr'><strong>τὸ</strong></span> <span class='ocrx_word' id='word_1_352' title='bbox 2151 2142 2539 2214; x_wconf 85' lang='grc' dir='ltr'>θυσιαστήριον</span> <span class='ocrx_word' id='word_1_353' title='bbox 2558 2160 2571 2173; x_wconf 63' lang='grc' dir='ltr'>θ</span> <span class='ocrx_word' id='word_1_354' title='bbox 2602 2145 2694 2196; x_wconf 75' lang='grc' dir='ltr'><strong>καὶ</strong></span> <span class='ocrx_word' id='word_1_355' title='bbox 2721 2142 3093 2198; x_wconf 77' lang='grc' dir='ltr'>στοιόάσουσιν</span> <span class='ocrx_word' id='word_1_356' title='bbox 3131 2142 3266 2210; x_wconf 83' lang='grc' dir='ltr'>ξύλα</span> <span class='ocrx_word' id='word_1_357' title='bbox 3291 2142 3385 2196; x_wconf 78' lang='grc' dir='ltr'>ἐπὶ</span> <span class='ocrx_word' id='word_1_358' title='bbox 3415 2142 3477 2196; x_wconf 76' lang='grc' dir='ltr'>τὸ</span> <span class='ocrx_word' id='word_1_359' title='bbox 3509 2142 3646 2214; x_wconf 80' lang='grc' dir='ltr'>πῦρ.</span> 
     </span>
    </p>
   </div>
   <div class='ocr_carea' id='block_1_46' title="bbox 2062 2234 3653 2308">
    <p class='ocr_par' dir='ltr' id='par_1_46' title="bbox 2062 2234 3653 2308">
     <span class='ocr_line' id='line_1_46' title="bbox 2062 2234 3653 2308; baseline -0.002 -17"><span class='ocrx_word' id='word_1_360' title='bbox 2062 2236 2114 2291; x_wconf 89' lang='lat'><strong>8.</strong></span> <span class='ocrx_word' id='word_1_361' title='bbox 2151 2234 2263 2290; x_wconf 86' lang='lat' dir='ltr'><strong>Kal</strong></span> <span class='ocrx_word' id='word_1_362' title='bbox 2294 2235 2646 2307; x_wconf 77' lang='grc' dir='ltr'>ἐπιθήσουσιν</span> <span class='ocrx_word' id='word_1_363' title='bbox 2674 2237 2722 2289; x_wconf 86' lang='grc' dir='ltr'>οἱ</span> <span class='ocrx_word' id='word_1_364' title='bbox 2758 2236 2862 2289; x_wconf 72' lang='grc' dir='ltr'>υἱοὶ</span> <span class='ocrx_word' id='word_1_365' title='bbox 2898 2234 3107 2307; x_wconf 85' lang='grc' dir='ltr'>Ἀαρὼν</span> <span class='ocrx_word' id='word_1_366' title='bbox 3129 2236 3179 2289; x_wconf 92' lang='grc' dir='ltr'><strong>οἱ</strong></span> <span class='ocrx_word' id='word_1_367' title='bbox 3216 2237 3379 2308; x_wconf 84' lang='grc' dir='ltr'>ἱερεῖς</span> <span class='ocrx_word' id='word_1_368' title='bbox 3410 2234 3477 2289; x_wconf 81' lang='grc' dir='ltr'>τὰ</span> <span class='ocrx_word' id='word_1_369' title='bbox 3502 2234 3653 2305; x_wconf 82' lang='grc' dir='ltr'>διχο-</span> 
     </span>
    </p>
   </div>
   <div class='ocr_carea' id='block_1_47' title="bbox 2063 2322 3651 2401">
    <p class='ocr_par' dir='ltr' id='par_1_47' title="bbox 2063 2322 3651 2401">
     <span class='ocr_line' id='line_1_47' title="bbox 2063 2322 3651 2401; baseline -0.002 -20"><span class='ocrx_word' id='word_1_370' title='bbox 2063 2322 2356 2400; x_wconf 80' lang='grc' dir='ltr'>τομήματα</span> <span class='ocrx_word' id='word_1_371' title='bbox 2383 2367 2398 2393; x_wconf 89' lang='grc'><em>,</em></span> <span class='ocrx_word' id='word_1_372' title='bbox 2455 2328 2552 2382; x_wconf 80' lang='grc' dir='ltr'><strong>καὶ</strong></span> <span class='ocrx_word' id='word_1_373' title='bbox 2600 2328 2698 2401; x_wconf 86' lang='grc' dir='ltr'>τὴν</span> <span class='ocrx_word' id='word_1_374' title='bbox 2731 2327 2970 2399; x_wconf 83' lang='grc' dir='ltr'>κεφαλὴν</span> <span class='ocrx_word' id='word_1_375' title='bbox 3001 2328 3095 2382; x_wconf 79' lang='grc' dir='ltr'>καὶ</span> <span class='ocrx_word' id='word_1_376' title='bbox 3129 2327 3188 2381; x_wconf 83' lang='grc' dir='ltr'><strong>τὸ</strong></span> <span class='ocrx_word' id='word_1_377' title='bbox 3220 2327 3386 2399; x_wconf 82' lang='grc' dir='ltr'>στέαρ</span> <span class='ocrx_word' id='word_1_378' title='bbox 3440 2326 3535 2378; x_wconf 72' lang='grc' dir='ltr'><strong>ἐπὶ</strong></span> <span class='ocrx_word' id='word_1_379' title='bbox 3576 2329 3651 2379; x_wconf 73' lang='grc' dir='ltr'>τὰ</span> 
     </span>
    </p>
   </div>
   <div class='ocr_carea' id='block_1_48' title="bbox 2014 2416 3643 2497">
    <p class='ocr_par' dir='ltr' id='par_1_48' title="bbox 2014 2416 3643 2497">
     <span class='ocr_line' id='line_1_48' title="bbox 2014 2416 3643 2497; baseline -0.002 -24"><span class='ocrx_word' id='word_1_380' title='bbox 2014 2488 2021 2497; x_wconf 33' lang='grc'><strong>⁸</strong></span> <span class='ocrx_word' id='word_1_381' title='bbox 2068 2418 2222 2487; x_wconf 84' lang='grc' dir='ltr'>ξύλα,</span> <span class='ocrx_word' id='word_1_382' title='bbox 2257 2420 2326 2475; x_wconf 84' lang='grc' dir='ltr'>τὰ</span> <span class='ocrx_word' id='word_1_383' title='bbox 2361 2420 2453 2474; x_wconf 75' lang='grc' dir='ltr'><strong>ἐπὶ</strong></span> <span class='ocrx_word' id='word_1_384' title='bbox 2473 2418 2565 2474; x_wconf 82' lang='grc' dir='ltr'>τοῦ</span> <span class='ocrx_word' id='word_1_385' title='bbox 2595 2419 2786 2493; x_wconf 81' lang='grc' dir='ltr'>πυρὸς,</span> <span class='ocrx_word' id='word_1_386' title='bbox 2822 2418 2889 2472; x_wconf 82' lang='grc' dir='ltr'>τὰ</span> <span class='ocrx_word' id='word_1_387' title='bbox 2915 2420 3008 2473; x_wconf 74' lang='grc' dir='ltr'><strong>ἐπὶ</strong></span> <span class='ocrx_word' id='word_1_388' title='bbox 3027 2419 3120 2473; x_wconf 84' lang='grc' dir='ltr'>τοῦ</span> <span class='ocrx_word' id='word_1_389' title='bbox 3142 2417 3549 2490; x_wconf 85' lang='grc' dir='ltr'>θυσιαστηρίου.</span> <span class='ocrx_word' id='word_1_390' title='bbox 3585 2416 3643 2472; x_wconf 89' lang='lat'><strong>9.</strong></span> 
     </span>
    </p>
   </div>
   <div class='ocr_carea' id='block_1_49' title="bbox 2067 2509 3644 2583">
    <p class='ocr_par' dir='ltr' id='par_1_49' title="bbox 2067 2509 3644 2583">
     <span class='ocr_line' id='line_1_49' title="bbox 2067 2509 3644 2583; baseline -0.002 -17"><span class='ocrx_word' id='word_1_391' title='bbox 2067 2511 2149 2567; x_wconf 84' lang='grc' dir='ltr'><strong>Τὰ</strong></span> <span class='ocrx_word' id='word_1_392' title='bbox 2173 2512 2230 2566; x_wconf 84' lang='grc' dir='ltr'><strong>δὲ</strong></span> <span class='ocrx_word' id='word_1_393' title='bbox 2264 2512 2513 2583; x_wconf 80' lang='grc' dir='ltr'>ἐγκοίλια</span> <span class='ocrx_word' id='word_1_394' title='bbox 2543 2514 2611 2583; x_wconf 66' lang='lat' dir='ltr'>X</span> <span class='ocrx_word' id='word_1_395' title='bbox 2635 2511 2796 2567; x_wconf 84' lang='grc' dir='ltr'>αὑτοῦ</span> <span class='ocrx_word' id='word_1_396' title='bbox 2827 2512 2963 2581; x_wconf 72' lang='grc' dir='ltr'>ζκαὶ</span> <span class='ocrx_word' id='word_1_397' title='bbox 2987 2513 3113 2576; x_wconf 83' lang='grc' dir='ltr'>τοὺς</span> <span class='ocrx_word' id='word_1_398' title='bbox 3144 2511 3309 2576; x_wconf 85' lang='grc' dir='ltr'>πόδας</span> <span class='ocrx_word' id='word_1_399' title='bbox 3331 2514 3399 2581; x_wconf 66' lang='grc' dir='ltr'><strong>&gt;ο&lt;</strong></span> <span class='ocrx_word' id='word_1_400' title='bbox 3430 2509 3595 2565; x_wconf 74' lang='grc' dir='ltr'>αὑτοῦ</span> <span class='ocrx_word' id='word_1_401' title='bbox 3617 2510 3644 2579; x_wconf 74' lang='grc' dir='ltr'>ζ</span> 
     </span>
    </p>
   </div>
   <div class='ocr_carea' id='block_1_50' title="bbox 2066 2598 3648 2675">
    <p class='ocr_par' dir='ltr' id='par_1_50' title="bbox 2066 2598 3648 2675">
     <span class='ocr_line' id='line_1_50' title="bbox 2066 2598 3648 2675; baseline -0.004 -16"><span class='ocrx_word' id='word_1_402' title='bbox 2066 2603 2358 2660; x_wconf 82' lang='grc' dir='ltr'>πλυνοῦσιν</span> <span class='ocrx_word' id='word_1_403' title='bbox 2391 2603 2573 2659; x_wconf 77' lang='grc' dir='ltr'>ὕδατι·</span> <span class='ocrx_word' id='word_1_404' title='bbox 2615 2604 2709 2659; x_wconf 73' lang='grc' dir='ltr'><strong>καὶ</strong></span> <span class='ocrx_word' id='word_1_405' title='bbox 2733 2601 2982 2675; x_wconf 79' lang='grc' dir='ltr'>ἐπιθήσει</span> <span class='ocrx_word' id='word_1_406' title='bbox 3008 2605 3037 2658; x_wconf 87' lang='grc' dir='ltr'>ὁ</span> <span class='ocrx_word' id='word_1_407' title='bbox 3064 2604 3242 2675; x_wconf 80' lang='grc' dir='ltr'>ἱερεὺς</span> <span class='ocrx_word' id='word_1_408' title='bbox 3263 2601 3330 2657; x_wconf 78' lang='grc' dir='ltr'>τὰ</span> <span class='ocrx_word' id='word_1_409' title='bbox 3348 2601 3525 2656; x_wconf 85' lang='grc' dir='ltr'>πάντα</span> <span class='ocrx_word' id='word_1_410' title='bbox 3544 2598 3648 2654; x_wconf 76' lang='grc' dir='ltr'><strong>ἐπὶ</strong></span> 
     </span>
    </p>
   </div>
   <div class='ocr_carea' id='block_1_51' title="bbox 373 2687 2417 2770">
    <p class='ocr_par' dir='ltr' id='par_1_51' title="bbox 373 2687 2417 2770">
     <span class='ocr_line' id='line_1_51' title="bbox 373 2687 2417 2770; baseline -0 -18"><span class='ocrx_word' id='word_1_411' title='bbox 373 2695 435 2752; x_wconf 71' lang='grc' dir='ltr'>τὸ</span> <span class='ocrx_word' id='word_1_412' title='bbox 468 2696 870 2770; x_wconf 85' lang='grc' dir='ltr'>θυσιαστήριον.</span> <span class='ocrx_word' id='word_1_413' title='bbox 911 2696 1208 2768; x_wconf 85' lang='grc' dir='ltr'>Κάρπωμά</span> <span class='ocrx_word' id='word_1_414' title='bbox 1238 2698 1386 2750; x_wconf 72' lang='grc' dir='ltr'>ἐστιν</span> <span class='ocrx_word' id='word_1_415' title='bbox 1402 2693 1614 2761; x_wconf 84' lang='grc' dir='ltr'>θυσίας,</span> <span class='ocrx_word' id='word_1_416' title='bbox 1648 2693 1792 2766; x_wconf 82' lang='grc' dir='ltr'><strong>ὀσμὴ</strong></span> <span class='ocrx_word' id='word_1_417' title='bbox 1823 2694 2050 2761; x_wconf 83' lang='grc' dir='ltr'>εὐωδίας</span> <span class='ocrx_word' id='word_1_418' title='bbox 2104 2687 2417 2770; x_wconf 63' lang='grc' dir='ltr'>τῷᾘυρὶῳ.</span> 
     </span>
    </p>
   </div>
   <div class='ocr_carea' id='block_1_52' title="bbox 447 2787 1953 2862">
    <p class='ocr_par' dir='ltr' id='par_1_52' title="bbox 447 2787 1953 2862">
     <span class='ocr_line' id='line_1_52' title="bbox 447 2787 1953 2862; baseline -0.003 -15"><span class='ocrx_word' id='word_1_419' title='bbox 447 2792 538 2847; x_wconf 78' lang='grc'><strong>10.</strong></span> <span class='ocrx_word' id='word_1_420' title='bbox 571 2790 630 2847; x_wconf 90' lang='lat' dir='ltr'><strong>Si</strong></span> <span class='ocrx_word' id='word_1_421' title='bbox 660 2801 839 2848; x_wconf 90' lang='lat' dir='ltr'><strong>autem</strong></span> <span class='ocrx_word' id='word_1_422' title='bbox 863 2793 930 2849; x_wconf 92' lang='lat' dir='ltr'><strong>de</strong></span> <span class='ocrx_word' id='word_1_423' title='bbox 959 2792 1153 2847; x_wconf 82' lang='lat' dir='ltr'><strong>ovibus</strong></span> <span class='ocrx_word' id='word_1_424' title='bbox 1176 2790 1382 2847; x_wconf 88' lang='lat' dir='ltr'><strong>donum</strong></span> <span class='ocrx_word' id='word_1_425' title='bbox 1410 2789 1528 2862; x_wconf 88' lang='lat' dir='ltr'><strong>ejus</strong></span> <span class='ocrx_word' id='word_1_426' title='bbox 1564 2801 1628 2844; x_wconf 75' lang='grc' dir='ltr'><strong>σι-</strong></span> <span class='ocrx_word' id='word_1_427' title='bbox 1654 2787 1887 2844; x_wconf 91' lang='lat' dir='ltr'><strong>Domino</strong></span> <span class='ocrx_word' id='word_1_428' title='bbox 1928 2789 1953 2858; x_wconf 72' lang='grc' dir='ltr'>ζ</span> 
     </span>
    </p>
   </div>
   <div class='ocr_carea' id='block_1_53' title="bbox 2138 2782 3651 2861">
    <p class='ocr_par' dir='ltr' id='par_1_53' title="bbox 2138 2782 3651 2861">
     <span class='ocr_line' id='line_1_53' title="bbox 2138 2782 3651 2861; baseline -0.001 -19"><span class='ocrx_word' id='word_1_429' title='bbox 2138 2788 2227 2844; x_wconf 82' lang='grc'><strong>10.</strong></span> <span class='ocrx_word' id='word_1_430' title='bbox 2269 2788 2392 2843; x_wconf 81' lang='grc' dir='ltr'>Ἐάν</span> <span class='ocrx_word' id='word_1_431' title='bbox 2423 2785 2481 2842; x_wconf 81' lang='grc' dir='ltr'><strong>δὲ</strong></span> <span class='ocrx_word' id='word_1_432' title='bbox 2506 2786 2616 2843; x_wconf 83' lang='grc' dir='ltr'><strong>ἀπὸ</strong></span> <span class='ocrx_word' id='word_1_433' title='bbox 2647 2785 2758 2842; x_wconf 83' lang='grc' dir='ltr'><strong>τῶν</strong></span> <span class='ocrx_word' id='word_1_434' title='bbox 2784 2787 3073 2861; x_wconf 77' lang='grc' dir='ltr'>προϐάτων</span> <span class='ocrx_word' id='word_1_435' title='bbox 3098 2785 3160 2840; x_wconf 84' lang='grc' dir='ltr'>τὺ</span> <span class='ocrx_word' id='word_1_436' title='bbox 3187 2784 3357 2858; x_wconf 82' lang='grc' dir='ltr'>δῶρον</span> <span class='ocrx_word' id='word_1_437' title='bbox 3383 2782 3547 2840; x_wconf 74' lang='grc' dir='ltr'>αὑτοῦ</span> <span class='ocrx_word' id='word_1_438' title='bbox 3575 2795 3651 2841; x_wconf 84' lang='grc' dir='ltr'><strong>-ι-</strong></span> 
     </span>
    </p>
   </div>
   <div class='ocr_carea' id='block_1_54' title="bbox 648 2902 1996 2964">
    <p class='ocr_par' dir='ltr' id='par_1_54' title="bbox 648 2906 1996 2964">
     <span class='ocr_line' id='line_1_54' title="bbox 648 2906 1996 2964; baseline -0.002 -1"><span class='ocrx_word' id='word_1_439' title='bbox 648 2909 737 2964; x_wconf 90' lang='grc' dir='ltr'><strong>ΤΟ</strong></span> <span class='ocrx_word' id='word_1_440' title='bbox 766 2908 1137 2964; x_wconf 80' lang='grc' dir='ltr'><strong>ΕΒΡᾹῘΚΟΝ.</strong></span> <span class='ocrx_word' id='word_1_441' title='bbox 1765 2908 1854 2960; x_wconf 86' lang='grc' dir='ltr'><strong>ΤΟ</strong></span> <span class='ocrx_word' id='word_1_442' title='bbox 1891 2906 1996 2960; x_wconf 87' lang='lat' dir='ltr'><strong>EB]</strong></span> 
     </span>
    </p>
   </div>
   <div class='ocr_carea' id='block_1_55' title="bbox 2072 2902 3266 2964">
    <p class='ocr_par' dir='ltr' id='par_1_55' title="bbox 2072 2902 3266 2960">
     <span class='ocr_line' id='line_1_55' title="bbox 2072 2902 3266 2960; baseline -0.003 -1"><span class='ocrx_word' id='word_1_443' title='bbox 2072 2906 2245 2960; x_wconf 85' lang='lat' dir='ltr'><strong>[KON</strong></span> <span class='ocrx_word' id='word_1_444' title='bbox 2966 2902 3266 2958; x_wconf 71' lang='grc' dir='ltr'><strong>ᾹΚΥΛΔΣ.</strong></span> 
     </span>
    </p>
   </div>
   <div class='ocr_carea' id='block_1_56' title="bbox 1677 2976 2343 3049">
    <p class='ocr_par' dir='ltr' id='par_1_56' title="bbox 1677 2976 2343 3049">
     <span class='ocr_line' id='line_1_56' title="bbox 1677 2976 2343 3049; baseline 0.002 -19"><span class='ocrx_word' id='word_1_445' title='bbox 1677 2976 2004 3049; x_wconf 79' lang='grc' dir='ltr'>Ἑλληνικοῖς</span> <span class='ocrx_word' id='word_1_446' title='bbox 2033 2977 2343 3048; x_wconf 82' lang='grc' dir='ltr'>γράμμασι.</span> 
     </span>
    </p>
   </div>
   <div class='ocr_carea' id='block_1_57' title="bbox 1102 3067 2730 3156">
    <p class='ocr_par' dir='ltr' id='par_1_57' title="bbox 1102 3067 2730 3156">
     <span class='ocr_line' id='line_1_57' title="bbox 1102 3067 2730 3156; baseline -0.001 -29"><span class='ocrx_word' id='word_1_447' title='bbox 1102 3067 1285 3156; x_wconf 48' lang='lat' dir='ltr'><strong>mpii</strong></span> <span class='ocrx_word' id='word_1_448' title='bbox 1307 3067 1336 3121; x_wconf 77' lang='grc'><strong>1</strong></span> <span class='ocrx_word' id='word_1_449' title='bbox 1508 3146 1515 3151; x_wconf 33' lang='grc'><strong><em>“</em></strong></span> <span class='ocrx_word' id='word_1_450' title='bbox 1557 3070 1611 3124; x_wconf 74' lang='grc'><strong>1.</strong></span> <span class='ocrx_word' id='word_1_451' title='bbox 1645 3074 1875 3141; x_wconf 87' lang='grc' dir='ltr'>υυικρα.</span> <span class='ocrx_word' id='word_1_452' title='bbox 2677 3069 2730 3125; x_wconf 76' lang='grc'><strong>1.</strong></span> 
     </span>
    </p>
   </div>
   <div class='ocr_carea' id='block_1_58' title="bbox 1121 3158 1996 3249">
    <p class='ocr_par' dir='ltr' id='par_1_58' title="bbox 1121 3158 1609 3249">
     <span class='ocr_line' id='line_1_58' title="bbox 1121 3158 1609 3249; baseline -0.006 -32"><span class='ocrx_word' id='word_1_453' title='bbox 1121 3167 1268 3249; x_wconf 64' lang='lat' dir='ltr'><strong>pjp</strong></span> <span class='ocrx_word' id='word_1_454' title='bbox 1304 3158 1341 3213; x_wconf 90' lang='lat'><strong>2</strong></span> <span class='ocrx_word' id='word_1_455' title='bbox 1552 3159 1609 3214; x_wconf 97' lang='lat'><strong>2.</strong></span> 
     </span>
    </p>
   </div>
   <div class='ocr_carea' id='block_1_59' title="bbox 2072 3158 3090 3249">
    <p class='ocr_par' dir='ltr' id='par_1_59' title="bbox 2669 3158 3090 3231">
     <span class='ocr_line' id='line_1_59' title="bbox 2669 3158 3090 3231; baseline 0 -18"><span class='ocrx_word' id='word_1_456' title='bbox 2669 3159 2724 3213; x_wconf 84' lang='lat'><strong>2.</strong></span> <span class='ocrx_word' id='word_1_457' title='bbox 2750 3158 3090 3231; x_wconf 74' lang='grc' dir='ltr'>Προσφοράν.</span> 
     </span>
    </p>
   </div>
   <div class='ocr_carea' id='block_1_60' title="bbox 1158 3234 2722 3317">
    <p class='ocr_par' dir='ltr' id='par_1_60' title="bbox 1158 3234 2722 3317">
     <span class='ocr_line' id='line_1_60' title="bbox 1158 3234 2722 3317; baseline -0.004 -6"><span class='ocrx_word' id='word_1_458' title='bbox 1158 3234 1268 3317; x_wconf 66' lang='lat' dir='ltr'><strong>nS&#39;y</strong></span> <span class='ocrx_word' id='word_1_459' title='bbox 1304 3250 1338 3305; x_wconf 78' lang='lat'><strong>5</strong></span> <span class='ocrx_word' id='word_1_460' title='bbox 1555 3252 1613 3311; x_wconf 69' lang='grc' dir='ltr'><strong>δ.</strong></span> <span class='ocrx_word' id='word_1_461' title='bbox 2666 3250 2722 3304; x_wconf 77' lang='lat'><strong>5.</strong></span> 
     </span>
    </p>
   </div>
   <div class='ocr_carea' id='block_1_61' title="bbox 900 3406 2721 3496">
    <p class='ocr_par' dir='ltr' id='par_1_61' title="bbox 900 3406 2721 3496">
     <span class='ocr_line' id='line_1_61' title="bbox 900 3406 2721 3496; baseline 0 -27"><span class='ocrx_word' id='word_1_462' title='bbox 900 3417 1056 3496; x_wconf 52' lang='lat' dir='ltr'><strong>apart</strong></span> <span class='ocrx_word' id='word_1_463' title='bbox 1081 3415 1263 3481; x_wconf 68' lang='lat' dir='ltr'><strong>mm</strong></span> <span class='ocrx_word' id='word_1_464' title='bbox 1302 3406 1337 3462; x_wconf 71' lang='grc' dir='ltr'>δ</span> <span class='ocrx_word' id='word_1_465' title='bbox 1545 3412 1601 3470; x_wconf 79' lang='lat'><strong>5.</strong></span> <span class='ocrx_word' id='word_1_466' title='bbox 2284 3442 2293 3451; x_wconf 64' lang='lat'><strong>.</strong></span> <span class='ocrx_word' id='word_1_467' title='bbox 2667 3414 2721 3469; x_wconf 78' lang='lat'><strong>5.</strong></span> 
     </span>
    </p>
   </div>
   <div class='ocr_carea' id='block_1_62' title="bbox 1185 3571 1338 3652">
    <p class='ocr_par' dir='ltr' id='par_1_62' title="bbox 1185 3571 1338 3652">
     <span class='ocr_line' id='line_1_62' title="bbox 1185 3571 1338 3652; baseline 0 -28"><span class='ocrx_word' id='word_1_468' title='bbox 1185 3571 1338 3652; x_wconf 65' lang='lat' dir='ltr'><strong>wp-m</strong></span> 
     </span>
    </p>
   </div>
   <div class='ocr_carea' id='block_1_63' title="bbox 1040 3643 2723 3717">
    <p class='ocr_par' dir='ltr' id='par_1_63' title="bbox 1040 3643 2723 3717">
     <span class='ocr_line' id='line_1_63' title="bbox 1040 3643 2723 3717; baseline -0.001 -1"><span class='ocrx_word' id='word_1_469' title='bbox 1040 3643 1268 3717; x_wconf 59' lang='lat'><strong>131139511</strong></span> <span class='ocrx_word' id='word_1_470' title='bbox 1303 3654 1337 3711; x_wconf 87' lang='lat'><strong>6</strong></span> <span class='ocrx_word' id='word_1_471' title='bbox 1552 3643 1608 3701; x_wconf 78' lang='lat'><strong>6-</strong></span> <span class='ocrx_word' id='word_1_472' title='bbox 2667 3661 2723 3716; x_wconf 86' lang='lat'><strong>6.</strong></span> 
     </span>
    </p>
   </div>
   <div class='ocr_carea' id='block_1_64' title="bbox 1092 3805 2717 3879">
    <p class='ocr_par' dir='ltr' id='par_1_64' title="bbox 1092 3805 2717 3879">
     <span class='ocr_line' id='line_1_64' title="bbox 1092 3805 2717 3879; baseline 0.002 -6"><span class='ocrx_word' id='word_1_473' title='bbox 1092 3822 1267 3879; x_wconf 47' lang='lat' dir='ltr'><strong>.‘D‘N‘l</strong></span> <span class='ocrx_word' id='word_1_474' title='bbox 1301 3811 1333 3865; x_wconf 89' lang='lat'>7</span> <span class='ocrx_word' id='word_1_475' title='bbox 1542 3805 1595 3860; x_wconf 89' lang='lat'><strong>7.</strong></span> <span class='ocrx_word' id='word_1_476' title='bbox 2663 3821 2717 3876; x_wconf 88' lang='grc'><strong>7.</strong></span> 
     </span>
    </p>
   </div>
   <div class='ocr_carea' id='block_1_65' title="bbox 1099 4033 2718 4112">
    <p class='ocr_par' dir='ltr' id='par_1_65' title="bbox 1099 4033 2718 4112">
     <span class='ocr_line' id='line_1_65' title="bbox 1099 4033 2718 4112; baseline -0.001 -2"><span class='ocrx_word' id='word_1_477' title='bbox 1099 4054 1264 4112; x_wconf 63' lang='lat' dir='ltr'><strong>mat</strong></span> <span class='ocrx_word' id='word_1_478' title='bbox 1295 4048 1330 4104; x_wconf 92' lang='lat'><strong>9</strong></span> <span class='ocrx_word' id='word_1_479' title='bbox 1547 4033 1603 4092; x_wconf 83' lang='lat'><strong>9-</strong></span> <span class='ocrx_word' id='word_1_480' title='bbox 2662 4052 2718 4110; x_wconf 87' lang='lat'><strong>9.</strong></span> 
     </span>
    </p>
   </div>
   <div class='ocr_carea' id='block_1_66' title="bbox 1225 4188 2867 4283">
    <p class='ocr_par' dir='ltr' id='par_1_66' title="bbox 1225 4188 2867 4283">
     <span class='ocr_line' id='line_1_66' title="bbox 1225 4188 2867 4283; baseline -0.001 -16"><span class='ocrx_word' id='word_1_481' title='bbox 1225 4188 1337 4270; x_wconf 67' lang='grc' dir='ltr'>τὸν</span> <span class='ocrx_word' id='word_1_482' title='bbox 2663 4210 2867 4283; x_wconf 81' lang='grc' dir='ltr'>Δῶρον.</span> 
     </span>
    </p>
   </div>
   <div class='ocr_carea' id='block_1_67' title="bbox 1180 4299 3075 4367">
    <p class='ocr_par' dir='ltr' id='par_1_67' title="bbox 1180 4299 3075 4367">
     <span class='ocr_line' id='line_1_67' title="bbox 1180 4299 3075 4367; baseline -0.002 -8"><span class='ocrx_word' id='word_1_483' title='bbox 1180 4305 1333 4360; x_wconf 73' lang='grc' dir='ltr'>Πτιέ</span> <span class='ocrx_word' id='word_1_484' title='bbox 2674 4299 3075 4367; x_wconf 82' lang='grc' dir='ltr'>’Δναπαύσεως.</span> 
     </span>
    </p>
   </div>
   <div class='ocr_carea' id='block_1_68' title="bbox 471 4388 3256 4467">
    <p class='ocr_par' dir='ltr' id='par_1_68' title="bbox 471 4388 3256 4467">
     <span class='ocr_line' id='line_1_68' title="bbox 471 4388 3256 4467; baseline 0.001 -15"><span class='ocrx_word' id='word_1_485' title='bbox 471 4394 726 4452; x_wconf 78' lang='lat' dir='ltr'><strong>VERSIO</strong></span> <span class='ocrx_word' id='word_1_486' title='bbox 757 4392 1077 4450; x_wconf 78' lang='lat' dir='ltr'><strong>HEBRAICI</strong></span> <span class='ocrx_word' id='word_1_487' title='bbox 1115 4392 1325 4449; x_wconf 83' lang='lat' dir='ltr'><strong>TEXT.</strong></span> <span class='ocrx_word' id='word_1_488' title='bbox 1685 4388 2019 4447; x_wconf 80' lang='lat' dir='ltr'><strong>VULGATA</strong></span> <span class='ocrx_word' id='word_1_489' title='bbox 2056 4389 2337 4449; x_wconf 78' lang='lat' dir='ltr'><strong>LATINA.</strong></span> <span class='ocrx_word' id='word_1_490' title='bbox 2977 4396 3256 4467; x_wconf 79' lang='lat' dir='ltr'><strong>AQUILA.</strong></span> 
     </span>
    </p>
   </div>
   <div class='ocr_carea' id='block_1_69' title="bbox 439 4483 2711 4547">
    <p class='ocr_par' dir='ltr' id='par_1_69' title="bbox 439 4483 2711 4547">
     <span class='ocr_line' id='line_1_69' title="bbox 439 4483 2711 4547; baseline -0.004 -1"><span class='ocrx_word' id='word_1_491' title='bbox 439 4493 491 4547; x_wconf 77' lang='lat' dir='ltr'><strong>l.</strong></span> <span class='ocrx_word' id='word_1_492' title='bbox 520 4490 587 4546; x_wconf 89' lang='lat' dir='ltr'><strong>Et</strong></span> <span class='ocrx_word' id='word_1_493' title='bbox 612 4491 847 4547; x_wconf 80' lang='lat' dir='ltr'><strong>vocavit.</strong></span> <span class='ocrx_word' id='word_1_494' title='bbox 878 4489 1010 4545; x_wconf 79' lang='lat' dir='ltr'><strong>Heb.</strong></span> <span class='ocrx_word' id='word_1_495' title='bbox 1047 4490 1169 4547; x_wconf 81' lang='lat' dir='ltr'><strong>lect.</strong></span> <span class='ocrx_word' id='word_1_496' title='bbox 1211 4486 1397 4545; x_wconf 87' lang='lat' dir='ltr'><strong>Uicra.</strong></span> <span class='ocrx_word' id='word_1_497' title='bbox 1544 4484 1599 4540; x_wconf 80' lang='grc'><strong>1.</strong></span> <span class='ocrx_word' id='word_1_498' title='bbox 1628 4483 1857 4541; x_wconf 79' lang='lat' dir='ltr'><strong>Vocavit</strong></span> <span class='ocrx_word' id='word_1_499' title='bbox 1883 4493 2086 4542; x_wconf 84' lang='lat' dir='ltr'><strong>autem.</strong></span> <span class='ocrx_word' id='word_1_500' title='bbox 2658 4493 2711 4547; x_wconf 73' lang='grc' dir='ltr'><strong>ί,</strong></span> 
     </span>
    </p>
   </div>
   <div class='ocr_carea' id='block_1_70' title="bbox 432 4580 3118 4661">
    <p class='ocr_par' dir='ltr' id='par_1_70' title="bbox 432 4580 3118 4661">
     <span class='ocr_line' id='line_1_70' title="bbox 432 4580 3118 4661; baseline 0.001 -23"><span class='ocrx_word' id='word_1_501' title='bbox 432 4585 488 4639; x_wconf 88' lang='lat'><strong>2.</strong></span> <span class='ocrx_word' id='word_1_502' title='bbox 515 4584 1128 4655; x_wconf 84' lang='lat' dir='ltr'><strong>Appropinquationem.</strong></span> <span class='ocrx_word' id='word_1_503' title='bbox 1539 4582 1595 4637; x_wconf 92' lang='lat'><strong>2.</strong></span> <span class='ocrx_word' id='word_1_504' title='bbox 1630 4580 1899 4661; x_wconf 87' lang='lat' dir='ltr'><strong>Hostiam.</strong></span> <span class='ocrx_word' id='word_1_505' title='bbox 2658 4583 2715 4638; x_wconf 85' lang='lat'><strong>2.</strong></span> <span class='ocrx_word' id='word_1_506' title='bbox 2755 4582 3118 4641; x_wconf 83' lang='lat' dir='ltr'><strong>Oblattonem.</strong></span> 
     </span>
    </p>
   </div>
   <div class='ocr_carea' id='block_1_71' title="bbox 437 4674 2711 4737">
    <p class='ocr_par' dir='ltr' id='par_1_71' title="bbox 437 4674 2711 4737">
     <span class='ocr_line' id='line_1_71' title="bbox 437 4674 2711 4737; baseline 0.003 -7"><span class='ocrx_word' id='word_1_507' title='bbox 437 4677 491 4730; x_wconf 80' lang='grc'><strong>5.</strong></span> <span class='ocrx_word' id='word_1_508' title='bbox 521 4676 802 4732; x_wconf 81' lang='lat' dir='ltr'><strong>Ascensio.</strong></span> <span class='ocrx_word' id='word_1_509' title='bbox 996 4704 999 4705; x_wconf 53' lang='grc' dir='ltr'><strong>ν</strong></span> <span class='ocrx_word' id='word_1_510' title='bbox 1544 4677 1600 4735; x_wconf 81' lang='lat'><strong>&#39;5.</strong></span> <span class='ocrx_word' id='word_1_511' title='bbox 1634 4676 2051 4737; x_wconf 82' lang='lat' dir='ltr'><strong>Holocaustum.</strong></span> <span class='ocrx_word' id='word_1_512' title='bbox 2657 4674 2711 4731; x_wconf 77' lang='lat'><strong>3.</strong></span> 
     </span>
    </p>
   </div>
   <div class='ocr_carea' id='block_1_72' title="bbox 427 4833 2710 4896">
    <p class='ocr_par' dir='ltr' id='par_1_72' title="bbox 427 4833 2710 4896">
     <span class='ocr_line' id='line_1_72' title="bbox 427 4833 2710 4896; baseline 0.002 -6"><span class='ocrx_word' id='word_1_513' title='bbox 427 4835 482 4890; x_wconf 85' lang='lat'><strong>5.</strong></span> <span class='ocrx_word' id='word_1_514' title='bbox 504 4833 702 4890; x_wconf 86' lang='lat' dir='ltr'><strong>Filium</strong></span> <span class='ocrx_word' id='word_1_515' title='bbox 731 4833 903 4891; x_wconf 85' lang='lat' dir='ltr'><strong>bovis.</strong></span> <span class='ocrx_word' id='word_1_516' title='bbox 1542 4837 1596 4894; x_wconf 80' lang='lat'><strong>5.</strong></span> <span class='ocrx_word' id='word_1_517' title='bbox 1634 4836 1892 4894; x_wconf 78' lang='lat' dir='ltr'><strong>Vitulum.</strong></span> <span class='ocrx_word' id='word_1_518' title='bbox 2655 4836 2710 4896; x_wconf 83' lang='lat'><strong>5.</strong></span> 
     </span>
    </p>
   </div>
   <div class='ocr_carea' id='block_1_73' title="bbox 432 4992 2011 5076">
    <p class='ocr_par' dir='ltr' id='par_1_73' title="bbox 432 4992 2011 5076">
     <span class='ocr_line' id='line_1_73' title="bbox 432 4992 2011 5076; baseline 0.006 -26"><span class='ocrx_word' id='word_1_519' title='bbox 432 4992 504 5052; x_wconf 86' lang='lat' dir='ltr'><strong>Et</strong></span> <span class='ocrx_word' id='word_1_520' title='bbox 527 5004 805 5068; x_wconf 76' lang='lat' dir='ltr'><strong>spargent.</strong></span> <span class='ocrx_word' id='word_1_521' title='bbox 1539 4998 1869 5058; x_wconf 83' lang='lat' dir='ltr'><strong>Fundentes.</strong></span> <span class='ocrx_word' id='word_1_522' title='bbox 2002 5067 2011 5076; x_wconf 48' lang='grc'><em>,</em></span> 
     </span>
    </p>
   </div>
   <div class='ocr_carea' id='block_1_74' title="bbox 429 5086 2719 5170">
    <p class='ocr_par' dir='ltr' id='par_1_74' title="bbox 429 5086 2719 5170">
     <span class='ocr_line' id='line_1_74' title="bbox 429 5086 2719 5170; baseline 0.005 -28"><span class='ocrx_word' id='word_1_523' title='bbox 429 5086 486 5142; x_wconf 86' lang='grc'><strong>6.</strong></span> <span class='ocrx_word' id='word_1_524' title='bbox 524 5086 960 5159; x_wconf 81' lang='lat' dir='ltr'><strong>Etexspoliabit.</strong></span> <span class='ocrx_word' id='word_1_525' title='bbox 1542 5092 1595 5147; x_wconf 81' lang='grc'><strong>6.</strong></span> <span class='ocrx_word' id='word_1_526' title='bbox 1634 5093 1997 5168; x_wconf 86' lang='lat' dir='ltr'><strong>Detractaque</strong></span> <span class='ocrx_word' id='word_1_527' title='bbox 2028 5098 2190 5170; x_wconf 88' lang='lat' dir='ltr'><strong>pelle.</strong></span> <span class='ocrx_word' id='word_1_528' title='bbox 2666 5097 2719 5154; x_wconf 90' lang='lat'><strong>6.</strong></span> 
     </span>
    </p>
   </div>
   <div class='ocr_carea' id='block_1_75' title="bbox 434 5247 2712 5331">
    <p class='ocr_par' dir='ltr' id='par_1_75' title="bbox 434 5247 2712 5331">
     <span class='ocr_line' id='line_1_75' title="bbox 434 5247 2712 5331; baseline 0.008 -29"><span class='ocrx_word' id='word_1_529' title='bbox 434 5248 486 5304; x_wconf 84' lang='lat'><strong>7.</strong></span> <span class='ocrx_word' id='word_1_530' title='bbox 512 5247 581 5305; x_wconf 87' lang='lat' dir='ltr'><strong>Et</strong></span> <span class='ocrx_word' id='word_1_531' title='bbox 611 5248 960 5306; x_wconf 88' lang='lat' dir='ltr'><strong>ordinabunt.</strong></span> <span class='ocrx_word' id='word_1_532' title='bbox 1542 5254 1597 5329; x_wconf 85' lang='lat'><strong>_7.</strong></span> <span class='ocrx_word' id='word_1_533' title='bbox 1630 5253 1790 5313; x_wconf 89' lang='lat' dir='ltr'><strong>Strue</strong></span> <span class='ocrx_word' id='word_1_534' title='bbox 1815 5259 2143 5331; x_wconf 88' lang='lat' dir='ltr'><strong>composita.</strong></span> <span class='ocrx_word' id='word_1_535' title='bbox 2660 5256 2712 5314; x_wconf 79' lang='lat'><strong>7-</strong></span> 
     </span>
    </p>
   </div>
   <div class='ocr_carea' id='block_1_76' title="bbox 429 5406 2709 5478">
    <p class='ocr_par' dir='ltr' id='par_1_76' title="bbox 429 5406 2709 5478">
     <span class='ocr_line' id='line_1_76' title="bbox 429 5406 2709 5478; baseline 0.004 -16"><span class='ocrx_word' id='word_1_536' title='bbox 429 5408 484 5463; x_wconf 89' lang='lat'><strong>9.</strong></span> <span class='ocrx_word' id='word_1_537' title='bbox 513 5407 836 5464; x_wconf 84' lang='lat' dir='ltr'><strong>lntestinum</strong></span> <span class='ocrx_word' id='word_1_538' title='bbox 869 5406 1008 5478; x_wconf 89' lang='lat' dir='ltr'><strong>ejus.</strong></span> <span class='ocrx_word' id='word_1_539' title='bbox 1539 5414 1595 5469; x_wconf 88' lang='lat'><strong>9.</strong></span> <span class='ocrx_word' id='word_1_540' title='bbox 1630 5413 1926 5474; x_wconf 88' lang='lat' dir='ltr'><strong>lntestinis.</strong></span> <span class='ocrx_word' id='word_1_541' title='bbox 2658 5416 2709 5473; x_wconf 88' lang='lat'><strong>9.</strong></span> 
     </span>
    </p>
   </div>
   <div class='ocr_carea' id='block_1_77' title="bbox 431 5498 2894 5565">
    <p class='ocr_par' dir='ltr' id='par_1_77' title="bbox 431 5498 2894 5565">
     <span class='ocr_line' id='line_1_77' title="bbox 431 5498 2894 5565; baseline 0.005 -14"><span class='ocrx_word' id='word_1_542' title='bbox 431 5498 715 5555; x_wconf 85' lang='lat' dir='ltr'><strong>Ascensio.</strong></span> <span class='ocrx_word' id='word_1_543' title='bbox 1543 5501 1956 5565; x_wconf 84' lang='lat' dir='ltr'><strong>Holocaustum.</strong></span> <span class='ocrx_word' id='word_1_544' title='bbox 2376 5520 2381 5529; x_wconf 84' lang='lat'>‘</span> <span class='ocrx_word' id='word_1_545' title='bbox 2658 5510 2894 5564; x_wconf 90' lang='lat' dir='ltr'><strong>Donum.</strong></span> 
     </span>
    </p>
   </div>
   <div class='ocr_carea' id='block_1_78' title="bbox 429 5659 2906 5742">
    <p class='ocr_par' dir='ltr' id='par_1_78' title="bbox 429 5659 2906 5742">
     <span class='ocr_line' id='line_1_78' title="bbox 429 5659 2906 5742; baseline 0.005 -27"><span class='ocrx_word' id='word_1_546' title='bbox 429 5659 659 5727; x_wconf 82' lang='lat' dir='ltr'><strong>Quietis.</strong></span> <span class='ocrx_word' id='word_1_547' title='bbox 1542 5663 1777 5726; x_wconf 84' lang='lat' dir='ltr'><strong>Suavem</strong></span> <span class='ocrx_word' id='word_1_548' title='bbox 1805 5668 2048 5727; x_wconf 85' lang='lat' dir='ltr'><strong>odorem.</strong></span> <span class='ocrx_word' id='word_1_549' title='bbox 2661 5668 2906 5742; x_wconf 79' lang='lat' dir='ltr'><strong>Requiei.</strong></span> 
     </span>
    </p>
   </div>
  </div>
