3868 6214
267 307 374 362 525

1623 305 1919 363 LEVlTlCl
1955 307 2104 364 CAP.
2143 307 2184 362 1.

3415 312 3520 368 5‘26

1538 424 1790 487 CAPUT
1815 427 1840 487 Ι
1869 425 2243 486 LEVITICI.

1496 552 1601 613 Ex
1630 551 1766 615 cod.
1800 553 2072 615 Colbert.
2105 552 2284 614 308’s.

262 657 342 728 τῷ
359 657 546 729 Κυρίῳ
578 658 599 725 ζ
628 657 734 711 ἀπό
769 675 825 710 τε
872 656 977 710 τῶν
1016 656 1225 727 ἁρνῶν,
1261 655 1355 709 καὶ
1384 655 1491 709 τῶν
1518 658 1722 727 ἐρίφων
1755 660 1830 722 εἰς

1942 659 2006 712 de
2039 657 2214 727 agnis,
2263 665 2317 710 et
2350 655 2417 710 de
2456 654 2626 710 haedis
2672 655 2728 709 in
2776 654 3173 721 holocaustum,
3212 654 3522 712 masculum

259 748 638 820 ὁλοκαύτωμα,
675 749 839 820 ἄρσεν
884 749 1112 818 ἄμωμον
1149 749 1403 820 τροσάξει
1452 749 1602 802 αὑτό.
1648 751 1732 804 1-1.
1768 765 1828 805 σε·

258 842 374 895 Καὶ
405 842 652 914 ἐπιθήσει
686 842 780 913 τὴν
807 844 963 912 χεῖρα
990 841 1080 894 ἐπί¹
1107 841 1204 912 τὴν
1231 840 1472 912 κεφαλὴν
1495 842 1656 894 αὐτοῦ
1680 842 1702 909 ζ
1738 844 1832 895 καὶ

261 933 554 1001 σφάξουσιν
599 934 726 987 αὐτὸ
775 935 838 985 ἐκ
874 933 1118 1001 πλαγίων
1149 932 1240 985 τοῦ
1285 933 1669 1004 θυσιαστηρίου
1697 933 1832 1005 πρὸς

259 1025 462 1096 βορρᾶν
487 1025 664 1078 ἔναντι
692 1025 920 1096 Κυρίου,
955 1027 1048 1076 καὶ
1074 1024 1429 1094 προηεοῦσιν
1459 1027 1506 1077 οἱ
1556 1026 1661 1078 υἱοὶ
1709 1027 1832 1079 ’Λα-

262 1115 370 1187 ρῶν
402 1119 450 1170 οἱ
501 1119 665 1188 ἱερεῖς
717 1117 778 1169 τὸ
825 1111 961 1187 αἷμα
995 1116 1180 1179 αὑτοῦ,
1217 1115 1308 1168 ἐπὶ
1354 1117 1413 1168 τὸ
1451 1117 1832 1188 θυσιαστήριον

257 1207 460 1279 κύκλῳ.
496 1208 584 1261 12.
617 1209 726 1262 Καὶ
753 1207 1012 1262 διελοῦσιν
1042 1207 1173 1260 αὐτὸ
1204 1207 1342 1260 κατὰ
1367 1207 1500 1278 μέλη
1522 1211 1589 1277 >ε<
1613 1207 1777 1260 αὑτοῦ
1806 1209 1826 1276 ζ

259 1300 354 1352 καὶ
377 1300 474 1371 τὴν
501 1299 741 1370 κεφαλὴ)
770 1303 835 1367 γε(
869 1298 1032 1352 αὐτοῦ
1067 1299 1088 1367 ζ
1127 1300 1220 1353 καὶ
1242 1300 1302 1352 τὸ
1336 1299 1519 1369 στέαρ.
1573 1301 1683 1352 Καὶ
1711 1302 1832 1352 ἐπι-

257 1391 637 1445 στοιδάσουσιν
659 1392 709 1444 οἱ
747 1393 909 1462 ἱερεῖς
942 1393 1080 1444 αὐτὰ
1116 1393 1208 1444 ἐπὶ
1243 1391 1309 1444 τὰ
1339 1390 1472 1458 ξύλα
1513 1391 1580 1444 τὰ
1615 1391 1707 1443 ἐπὶ
1738 1391 1831 1444 τοῦ

256 1482 450 1553 πυρὸς,
485 1482 552 1535 τὰ
585 1483 676 1535 ἐπὶ
698 1482 788 1534 τοῦ
819 1482 1223 1554 θυσιαστηρίου.
1264 1483 1346 1536 15.
1369 1483 1480 1535 Καὶ
1501 1481 1568 1534 τὰ
1593 1482 1838 1550 ἐγκοίλια

254 1575 353 1628 καὶ
385 1575 510 1636 τοὺς
533 1574 698 1636 πόδας
720 1573 1005 1626 πλυνοῦσιν
1031 1573 1201 1628 ὕδατι.
1238 1573 1350 1627 Καὶ
1393 1573 1721 1645 προσοίσειὸ
1756 1576 1834 1626 ἰε-

258 1665 388 1737 ρεὺς
437 1665 504 1718 τὰ
535 1665 731 1728 πάντα,
783 1664 878 1718 καὶ
907 1665 1156 1737 ἐπιθήσει
1205 1666 1298 1718 ἐπί
1328 1665 1386 1718 τὸ
1428 1665 1826 1736 θυσιαστήριον.

256 1757 552 1828 Κάρπωμὰ
581 1759 726 1810 ἐστιν
752 1756 930 1820 θυσία,
955 1757 1098 1828 ὀσμὴ
1135 1758 1358 1821 εὐωδίας
1379 1758 1587 1828 Κυρίῳ.

329 1854 417 1907 14.
435 1855 560 1908 Ἐὰν
573 1853 628 1906 δὲ
641 1854 748 1907 ἀπὸ
762 1855 868 1907 τῶν
885 1852 1132 1925 πετηνῶν
1147 1853 1425 1925 κάρπωμα
1441 1851 1724 1924 προσφέρῃ
1738 1851 1833 1906 δῶ·

257 1964 352 2020 ρον
369 1945 533 2000 αὐτοῦ
551 1945 627 2016 τῷ
646 1947 854 2018 Κυρίῳ,
875 1947 970 2000 καὶ
987 1947 1264 2016 προσοίσει
1282 1946 1387 1999 ἀπὸ
1402 1944 1509 1999 τῶν
1530 1946 1830 2018 τρυγόνων,

251 2039 289 2110 ἢ
337 2040 444 2092 ἀπὺ
473 2039 578 2092 τῶν
609 2039 1024 2113 περιστερίδεων
1062 2039 1122 2092 τὸ
1157 2039 1328 2110 δῶρον
1371 2038 1555 2093 αὐτοῦ.
1597 2039 1682 2093 15.
1719 2040 1832 2092 Καὶ

252 2131 530 2202 προσοίσει
575 2133 705 2185 αὐτὸ
738 2134 766 2184 ὁ
794 2132 970 2203 ἱερεὺς
1009 2131 1144 2202 πρὸς
1187 2131 1246 2184 τὺ
1291 2130 1702 2204 θυσιαστήριον,
1737 2133 1831 2186 καὶ

253 2225 538 2279 ἁποκνίσει
569 2225 667 2296 τὴν
698 2224 940 2295 κεφαλὴν
984 2223 1146 2276 αὐτοῦ
1169 2265 1184 2289 ,
1221 2224 1316 2277 καὶ
1352 2225 1602 2296 ἐπιθήσει
1641 2227 1733 2279 ἐπὶ
1771 2225 1830 2279 τὸ

253 2314 671 2388 θυσιαστήριον,
691 2319 790 2372 καὶ
815 2333 877 2370 στ
887 2316 1135 2389 ραγγίσει
1153 2316 1211 2368 τὸ
1223 2311 1361 2386 αἷμα
1386 2316 1550 2369 αὑτοῦ
1578 2317 1713 2389 πρὸς
1727 2318 1827 2391 τὴν

255 2408 412 2479 βάσιν
443 2408 845 2480 θυσιαστηρίου.
873 2409 960 2463 16.
991 2409 1099 2462 Καὶ
1115 2408 1304 2476 ἀφελεῖ
1317 2409 1406 2461 τὸν
1432 2408 1694 2481 πρόλοϐον
1731 2411 1830 2464 αὐ-

249 2500 348 2554 τοῦ
375 2501 469 2554 σὺν
491 2503 604 2565 τοῖς
617 2504 834 2573 πτεροῖς
861 2500 1042 2565 αὐτοῦ,
1073 2501 1161 2554 καὶ
1184 2500 1404 2554 ἐκϐαλεῖ
1435 2501 1565 2555 αὐτὸ
1588 2501 1740 2574 παρὰ
1770 2503 1830 2555 τὸ

252 2593 638 2666 θυσιαστήριον
661 2593 801 2648 κατὰ
829 2593 1089 2657 ἀνατολὰς
1123 2594 1202 2657 εἰς
1231 2593 1322 2646 τὸν
1355 2593 1516 2647 τόπον
1558 2594 1651 2648 τοῦ
1696 2612 1828 2648 σποψ

249 2685 367 2740 δοῦ.
396 2686 481 2740 17.
509 2687 619 2740 Καὶ
643 2686 896 2740 ἐκκλάσει
924 2685 1054 2739 αὐτὸ
1084 2687 1148 2738 ἐκ
1179 2683 1284 2738 τῶν
1308 2685 1614 2757 πτερύγων,
1642 2688 1736 2740 καλ¹
1767 2687 1828 2740 οὐ

249 2777 432 2832 διελεῖ.
463 2779 570 2832 Καὶ
602 2778 853 2848 ἐπιθήσει
883 2777 1013 2832 αὐτὸ
1049 2779 1078 2831 ὁ
1110 2778 1289 2848 ἱερεὺς
1313 2778 1405 2831 ἐπὶ
1441 2777 1504 2831 τὸ
1541 2777 1831 2849 θυσιαστή-

258 2886 372 2940 ριον
405 2869 496 2922 ἐπὶ
529 2868 596 2922 τὰ
622 2868 754 2935 ξύλα
782 2867 851 2921 τὰ
880 2869 972 2921 ἐπὶ
1003 2867 1094 2922 τοῦ
1129 2868 1321 2940 πυρός.
1349 2867 1644 2939 Κάρπωμά
1687 2869 1836 2921 ἐστιν
1873 2867 2054 2935 ουσία,
2087 2867 2230 2940 ὀσμὴ
2262 2869 2489 2935 εὐωδίας
2513 2868 2591 2942 τῷ
2614 2869 2824 2942 Κυρίῳ.

1941 749 2354 802 immaculatum
2388 747 2618 801 adducet
2652 743 2806 809 illud,
2832 747 2917 800 11.
2955 760 3015 800 -ε-
3049 745 3114 799 Ει
3136 746 3376 815 imponet
3397 761 3518 800 ma-

1943 857 2075 895 num
2114 856 2275 910 super
2304 849 2466 909 caput
2492 839 2612 908 ejus
2642 838 2664 906 ζ
2705 847 2759 893 et
2781 837 3110 907 jugulabunt
3135 837 3262 892 illud
3298 853 3327 892 a
3350 838 3521 894 latere

1941 931 2127 986 altaris
2147 932 2213 985 ad
2246 931 2572 1000 Aquilonem
2607 920 3051 984 ante—Dominum
3097 947 3109 982 :
3145 937 3200 983 et
3241 929 3522 986 eﬂ‘umlent

1939 1024 2033 1078 ﬁlii
2061 1025 2240 1076 Aaron
2281 1022 2590 1078 sacerdotes
2636 1021 2957 1091 sanguinem
2998 1021 3119 1090 ejus
3165 1035 3328 1091 super
3349 1022 3525 1078 altare

1939 1118 1992 1171 in
2018 1116 2267 1171 circuitu.
2316 1115 2404 1168 12.
2454 1113 2520 1168 Et
2553 1115 2795 1169 divident
2845 1113 2978 1168 illud
3024 1129 3121 1183 per
3161 1115 3408 1169 membra
3451 1117 3522 1185 Χ

1937 1209 2057 1278 ejus
2093 1209 2113 1277 ζ
2147 1216 2202 1262 et
2221 1216 2385 1277 caput
2407 1209 2475 1275 Ἀ(
2500 1208 2618 1277 ejus
2649 1207 2672 1275 ζ
2700 1214 2753 1261 et
2781 1206 3013 1276 adipem.
3050 1205 3116 1260 Et
3131 1207 3521 1277 constipabunt

1941 1315 2004 1354 ea
2037 1301 2349 1356 sacerdotes
2395 1316 2559 1370 super
2588 1301 2757 1371 ligna,
2801 1315 2923 1368 quae
2961 1314 3125 1368 super
3161 1299 3363 1369 ignem,
3398 1315 3522 1370 qua:

1938 1406 2100 1460 super
2123 1392 2314 1448 altare.
2335 1392 2422 1446 15.
2446 1391 2510 1446 Et
2531 1391 2785 1445 intestina
2803 1399 2856 1445 et
2882 1391 3044 1460 pedes
3061 1391 3318 1446 lavabunt
3342 1407 3518 1462 aqua:

1944 1492 1998 1538 ct
2029 1484 2218 1539 offeret
2239 1484 2492 1540 sacerdos
2523 1483 2728 1548 omnia,
2759 1491 2814 1536 et
2839 1481 3081 1551 imponet
3113 1499 3276 1553 super
3302 1485 3517 1540 altare:

1941 1575 2325 1632 holocaustum
2367 1587 2452 1633 est
2495 1578 2851 1642 sacriﬁcium,
2887 1576 3023 1632 odor
3085 1575 3370 1631 suavitatis
3412 1575 3521 1632 Do-

1941 1682 2109 1722 mino.

2010 1853 2098 1907 M.
2130 1850 2186 1907 Si
2229 1860 2408 1909 autem
2439 1853 2506 1909 de
2545 1853 2858 1910 volatilibus
2901 1853 3283 1910 holocaustum
3323 1852 3521 1909 oﬂ‘erat

1938 1960 2140 2002 munus
2176 1961 2340 2002 suum
2383 1946 2635 2016 Domino,
2669 1957 2724 2004 et
2761 1947 2950 2004 otl'eret
2973 1947 3041 2002 de
3076 1947 3384 2002 turturibus
3433 1945 3522 2002 vel

1937 2039 2010 2104 def
2020 2039 2287 2096 columbis
2308 2055 2510 2097 munus
2527 2055 2705 2096 suum.
2721 2040 2809 2095 15.
2834 2039 2900 2094 Ει
2915 2037 3103 2095 oﬂeret
3117 2038 3246 2094 illud
3264 2037 3521 2094 sacerdos

1939 2134 2005 2189 ad
2026 2135 2217 2204 altare;
2239 2142 2293 2190 et
2307 2136 2644 2208 retorquebit
2663 2144 2827 2206 caput
2846 2134 2987 2206 ejus,
3015 2143 3069 2189 et
3091 2134 3333 2204 imponet
3353 2145 3520 2202 super

1939 2227 2130 2283 altare.
2161 2237 2217 2281 et
2246 2227 2540 2283 exstillabit
2566 2228 2886 2296 sanguinem
2915 2227 3033 2297 ejus
3062 2227 3131 2282 ad
3163 2225 3340 2282 basim
3381 2225 3518 2279 alta-

1938 2317 2034 2373 ris.
2072 2317 2156 2372 16.
2203 2317 2270 2374 Et
2307 2317 2519 2376 auferet
2562 2321 2858 2376 vesiculam
2900 2318 3134 2391 gutturis
3186 2319 3338 2390 ejus,
3384 2329 3513 2371 cum

1936 2411 2138 2481 plumis
2161 2412 2280 2481 ejus
2308 2431 2321 2466 :
2343 2423 2396 2468 et
2418 2413 2666 2483 projiciet
2691 2427 2812 2469 eam
2837 2412 2904 2467 ad
2933 2413 3104 2468 altare
3123 2425 3315 2466 versus
3335 2407 3521 2464 Orien-

1936 2511 2048 2558 tem
2081 2503 2138 2558 in
2165 2504 2348 2560 locum
2382 2505 2602 2560 cineris.
2637 2506 2724 2560 17.
2763 2505 2832 2560 Et
2863 2504 3111 2576 effringet
3135 2518 3254 2558 eam
3287 2502 3355 2556 ab
3381 2499 3517 2566 alis,

1937 2603 1992 2651 et
2016 2611 2126 2652 non
2155 2595 2359 2652 dividet
2389 2616 2404 2652 :
2437 2606 2492 2653 et
2532 2597 2784 2668 imponet'
2809 2613 2928 2653 eam
2961 2595 3217 2653 sacerdos
3245 2607 3407 2664 super
3434 2591 3516 2646 al-

1940 2695 2076 2755 tare,
2117 2701 2284 2758 super
2323 2688 2490 2758 ligna,
2525 2703 2648 2759 quae
2681 2703 2843 2760 super
2865 2688 3046 2760 ignem
3075 2706 3088 2745 :
3122 2684 3518 2742 Holocaustum

1937 2788 2022 2834 est
2043 2779 2394 2844 sacriﬁcium,
2428 2779 2564 2835 odor
2587 2780 2873 2837 suavitatis
2902 2778 3154 2835 Domino.

2797 2981 3200 3039 ΘΕΟΔΟΤΙΩΝ.

567 2974 968 3034 ΣΥΜΜΑΧΟΣ.
1856 2984 1934 3037 θ’.

325 3148 378 3200 1.
1437 3147 1488 3200 1.
1521 3147 1631 3202 Καὶ
1659 3146 2005 3202 ἀνεκάλεσεν.
2559 3153 2612 3206 1.

323 3239 379 3295 2.
409 3237 752 3311 Προσφοράν.
1434 3239 1486 3291 2.
1525 3237 1703 3311 Δῶρα.
1963 3271 1966 3273 λ
2552 3242 2606 3298 2.

325 3330 380 3384 3.
1435 3329 1488 3382 5.
1523 3329 1830 3401 _'0).oxa'3'cw

1992 3333 2217 3396 Ἀλλος
2235 3372 2251 3397 ,
2294 3331 2411 3385 ὀλο-
2554 3332 2610 3384 '5.

1362 3397 1718 3468 καυτὼματα.

323 3489 379 3545 5.
1430 3489 1624 3562 ζίηΤὸν
1657 3560 1665 3562 _
1694 3491 1914 3562 μόσχον.
1996 3495 2198 3557 Αλλος
2219 3533 2232 3557 ,
2291 3492 2408 3546 υἱὸν
2554 3493 2612 3546 5.

1362 3557 1457 3611 τοῦ
1493 3557 1790 3630 βουκολίου.

1434 3651 1790 3723 Προηεοῦσι.
1815 3655 2058 3719 Ἀλλος,
2075 3654 2402 3707 ἀκοντιοῦσι.

327 3741 384 3799 6.
1435 3741 1486 3796 6.
1539 3744 1925 3815 Ἐκδείραντες.
1983 3747 2236 3813 Ἀλλος,
2298 3745 2406 3798 δεί-
2549 3743 2604 3798 6.

1366 3829 1576 3882 ραντες.
1613 3816 1860 3880 Ἀλλος,
1895 3815 2129 3870 ἐκδόσει.

323 3902 379 3958 7.
1369 3973 1373 3974 ν
1434 3903 1486 3974 7.
1542 3905 2066 3960 Ἐπιστοιϐἀσουσιν.
2140 3908 2404 3974 Ἀλλος,
2557 3903 2608 3956 7.

1361 3973 1727 4094 ἐπῖθήσουσιν,
1761 3977 2002 4042 Ἄλλος,
2037 3973 2407 4033 στοιϐάσουσιν

1362 4060 1414 4094 οι
1462 4060 1624 4107 ερεις.

322 4135 378 4192 9.
1435 4098 1504 4188 9..
1521 4098 1603 4186 Td;
1655 4133 1830 4202 ἐγκοίλ

1983 4137 2205 4202 Ἀλλος
2231 4175 2246 4201 ,
2305 4137 2401 4200 τὰ,
2552 4136 2610 4190 9.

411 4225 424 4238 -
1363 4202 1590 4266 κοιλίας.

322 4295 527 4370 Δῶρον.
1433 4293 1748 4365 Κάρπωμα.
1767 4295 2011 4360 Ἀλλος,
2031 4293 2404 4366 ὀλοκαύτωμα.
2552 4295 3000 4368 Εὐαρεστήσεως.

335 4386 734 4450 ’Δναπαύσεωᾳ
1433 4384 1692 4448 Εὐωδίας.

557 4471 1002 4532 SYMMACHUS.
1103 4510 1107 4514 -
1543 4471 1688 4528 LXX
1722 4473 1830 4528 INT

1942 4473 2231 4530 PRETES.
2795 4471 3213 4538 THEODOTIO.

327 4573 385 4628 1.
1441 4567 1495 4622 1.
1527 4564 1593 4620 Et
1627 4581 1830 4621 revoca

2561 4570 2612 4625 1.

323 4665 380 4718 2.
409 4659 767 4718 Oblationem.
1437 4657 1493 4712 2.
1527 4659 1698 4712 Dona.

2555 4662 2609 4715 2.

331 4757 387 4812 '5.
1435 4749 1488 4804 5.
1533 4748 1946 4804 Holocaustum.
1997 4749 2186 4814 Alius,
2253 4747 2409 4803 holo-
2555 4753 2607 4807 3.

1367 4829 1575 4876 causta.

329 4915 364 4970 5
1097 4984 1112 4996 ο
1369 4912 1490 5034 Ι..5.
1534 4909 1798 4967 Vitulum.
1831 4909 2006 4973 Alius,
2045 4907 2215 4987 ﬁlium
2239 4907 2410 4962 buco-
2554 4912 2605 4966 5.

1389 4998 1445 5034 ιι.

1431 5021 1743 5127 έσυηάεηῐ.
1781 5071 1954 5133 Alius,
2000 5068 2404 5137 jaculabuntur.

323 5171 380 5225 θ,
1436 5160 1488 5214 6.
1521 5159 2085 5224 Decoriantes.Alius,
2119 5160 2408 5214 excorian-
2554 5161 2606 5218 6.

1365 5239 1466 5284 tes.
1497 5230 1673 5284 Alius.
1696 5238 1875 5284 exuet.

227 5389 230 5394 .
325 5329 379 5386 7ο
1518 5269 1936 5394 Οοιιέιῖροὶνυηι.
1985 5320 2138 5374 Alius
2168 5319 2404 5394 ,_impo-
2554 5322 2605 5375 7.

227 5390 231 5442 ζ
1371 5401 1515 5445 nent.
1548 5391 1725 5456 Alius,
1758 5399 2002 5445 sternent
2031 5390 2362 5446 sacerdotes.

328 5490 383 5546 9.
1433 5480 1486 5535 9.
1521 5479 1802 5535 Intestina.
1827 5480 2002 5547 Alius,
2039 5489 2273 5537 ventres.
2559 5484 2606 5541 9.

324 5581 560 5638 Donum.
1433 5572 1730 5628 Fructuum
1763 5574 1987 5631 oblatio.
2040 5575 2214 5642 Alius,
2245 5573 2400 5630 holo-

1363 5655 1635 5702 caustum.

318 5739 576 5812 nequis“
1436 5734 1845 5794 Suaveolentia.
2533 5729 2885 5801 Bencplaciti.
