3868 6214
350 366 449 421 551

346 555 510 619 male,
537 563 598 609 ut
619 554 882 607 odoratur
916 551 1166 606 Drusius.

416 623 577 695 lilii,
610 623 1095 695 napirbvfroi’xov.
1127 620 1216 695 lta_
1245 620 1413 683 Basil.
1485 642 1491 695 ς

418 692 484 748 ν.
519 694 606 750 16.
641 690 715 749 lla
743 690 1085 760 Basiliensis,
1109 693 1314 762 optime
1340 733 1357 762 ,
1382 708 1451 749 ex
1481 690 1811 764 Symmacho
1864 703 1919 749 et

1390 361 1871 423 HEXAPLORUM
1903 365 2070 434 QUAE
2113 362 2545 423 SUPERSUNT.

349 486 417 540 ad
434 497 621 540 vocem
661 464 849 548 ἥττω,
899 494 1022 552 qua
1047 481 1244 552 legitur
1274 494 1438 537 versu
1479 481 1568 550 17,
1597 481 1759 538 infra.
1812 481 1918 541 Sed
1975 482 1981 488 ’

3492 364 3602 420 552

2023 483 2416 540 'lheodotione.
2448 481 2506 537 ln
2534 480 2665 538 edit.
2695 479 2855 535 Rom.
2885 479 3084 551 legitur
3113 479 3274 543 male,
3299 480 3412 551 _‘t‘l]V
3436 480 3602 551 φύσιν

2022 571 2122 625 pro
2156 554 2255 626 τὴν
2289 554 2487 624 φῦσαν,
2511 552 2781 626 Δεειῐιοιιιὶε
2802 549 3078 626 dehvésica
3109 549 3597 626 gutturisgagitur.

2020 619 2130 682 iion
2166 619 2233 680 de
2258 619 2472 682 natura.
2508 623 2611 685 ’A.,
2633 619 2731 692 τὴν
2762 620 3095 684 σιτίζουσαν,
3125 621 3282 692 quasi
3312 620 3461 674 dicas
3482 619 3602 692 [ru-

2021 695 2193 750 menti
2217 694 2642 765 receptaculum,
2680 690 2733 746 id
2758 699 2859 758 est,
2903 692 3143 747 vesicam
3170 691 3236 746 ad
3275 705 3444 761 grana
3483 690 3605 745 fru-

1607 798 1862 868 CAPUT
1897 807 1955 868 II
1991 806 2365 868 LEVlTlCl.

421 910 477 965 1.
519 905 579 962 Si
601 921 732 962 vero
763 906 946 962 anima
969 902 1163 960 oﬁ‘erat
1207 918 1412 959 munus
1456 902 1789 959 sacriﬁcium
1822 903 1927 960 Do-

347 1000 522 1069 mino,
556 999 738 1056 simila
780 998 886 1054 erit
930 1012 1133 1052 munus
1162 995 1325 1066 ejus;
1380 1003 1435 1049 et
1477 992 1717 1049 eﬁ‘undet
1761 1009 1927 1064 super

347 1093 480 1148 illud
511 1091 712 1157 oleum,
737 1101 793 1143 et
829 1087 1068 1157 imponet
1096 1101 1260 1156 super
1293 1084 1425 1140 illud
1446 1083 1593 1139 thus.
1619 1086 1674 1138 2.
1706 1082 1774 1138 Et
1797 1084 1927 1139 aﬁ'e-

347 1192 432 1240 ret
458 1185 529 1254 ὶ(
552 1182 686 1238 illud
718 1183 743 1252 ζ
773 1180 840 1236 ad
856 1179 998 1238 ﬁlios
1023 1178 1210 1232 Aaron
1234 1175 1544 1233 sacerdotes
1568 1191 1582 1228 :
1611 1182 1665 1230 et
1702 1190 1926 1231 sumens

348 1276 419 1330 de
443 1289 505 1330 ea
540 1273 760 1343 plenum
779 1269 1040 1341 pugillum
1069 1270 1137 1337 >ε<
1155 1267 1276 1338 ejus
1300 1268 1322 1336 ζ
1356 1266 1422 1321 de
1453 1264 1635 1320 simila
1657 1267 1725 1335 >ε<
1752 1265 1868 1336 ipsa
1895 1264 1919 1334 ζ

348 1382 475 1424 cum
500 1366 623 1420 oleo
656 1366 724 1432 Ἀ(
756 1362 877 1434 ejus
907 1360 931 1428 ζ
963 1369 1017 1414 et
1047 1372 1211 1415 omne
1237 1358 1366 1413 thus
1392 1355 1511 1426 ejus
1541 1372 1558 1410 :
1590 1363 1646 1410 et
1682 1354 1926 1424 imponet

347 1457 607 1515 sacerdos
628 1452 949 1509 memoriale
978 1450 1098 1521 ejus
1134 1463 1299 1519 super
1326 1447 1499 1503 altare
1527 1462 1541 1499 :
1594 1445 1922 1502 sacriﬁcium

347 1550 483 1606 odor
514 1546 799 1604 suavitatis
830 1543 1080 1599 Domino.
1117 1541 1171 1596 5.
1213 1540 1280 1594 Ει
1320 1539 1593 1608 reliquum
1622 1540 1688 1592 de
1710 1535 1925 1592 εδει-ἰῆς

347 1644 434 1699 cio
457 1649 543 1698 est
584 1639 769 1693 Aaron
798 1645 853 1692 et
883 1635 1006 1692 ﬁliis
1038 1634 1159 1706 ejus
1181 1674 1196 1701 ,
1227 1641 1479 1694 sanctum
1512 1639 1829 1688 sanctorum
1852 1628 1923 1686 de

348 1732 635 1791 sacriﬁciis
666 1728 907 1786 Domini.

417 1936 474 1993 4.
506 1933 567 1989 Si
594 1944 772 1988 autem
825 1930 1016 1985 oﬂ‘erat
1039 1942 1260 1993 munus,
1318 1924 1649 1981 sacriﬁcium
1701 1934 1917 1979 coctum

348 2027 408 2083 in
434 2026 672 2090 clibano,
703 2038 770 2079 ex
794 2023 975 2079 simila
1026 2036 1194 2091 panes
1216 2033 1439 2090 azymos
1482 2031 1809 2087 conspersos
1863 2016 1919 2070 in

346 2118 490 2186 oleo,
512 2126 567 2171 et
593 2117 785 2186 lagana
811 2127 1000 2184 azyma
1032 2118 1293 2181 peruncta
1322 2108 1376 2162 in
1404 2106 1544 2162 oleo.

421 2208 475 2263 5.
505 2207 564 2262 Si
596 2212 775 2261 autem
795 2201 1122 2259 sacriﬁcium
1138 2199 1205 2256 de
1220 2197 1496 2269 sartagine
1518 2212 1720 2252 munus
1744 2204 1920 2266 tuum,

347 2299 527 2357 simila
553 2310 847 2365 conspersa
876 2294 931 2347 in
954 2293 1095 2356 oleo,
1134 2305 1326 2363 azyma
1356 2296 1533 2344 erunt.
1571 2288 1625 2342 6.
1669 2287 1737 2342 Et
1772 2303 1923 2342 com-

346 2393 565 2447 minucs
594 2404 656 2445 ea
687 2389 743 2443 in
777 2385 972 2449 frusta,
1002 2393 1058 2439 et
1081 2381 1327 2439 eﬁundes
1351 2395 1515 2451 super
1545 2380 1662 2450 ipsa
1693 2380 1875 2435 oleum
1903 2398 1917 2434 :

351 2482 683 2540 sacriﬁcium
718 2495 781 2541 -ι-
805 2488 891 2535 est
922 2480 945 2549 ζ
979 2477 1230 2532 Domino.

419 2574 470 2629 7.
510 2573 568 2630 Si
585 2581 770 2629 autem
792 2569 1121 2627 sacriﬁcium
1146 2569 1212 2623 de
1228 2565 1493 2622 craticula
1524 2579 1724 2620 munus
1743 2571 1918 2631 tuum,

348 2666 526 2723 simila
562 2665 619 2720 in
670 2664 790 2719 oleo
822 2662 934 2718 ﬁet.
967 2661 1018 2716 8.
1054 2659 1120 2715 Et
1158 2658 1349 2714 offeret
1384 2657 1714 2713 sacriﬁcium
1747 2655 1921 2725 quod-

351 2770 572 2826 cunque
613 2752 807 2810 fecerit
830 2751 899 2807 de
927 2751 1015 2806 his
1042 2748 1276 2804 Domino
1302 2767 1316 2804 :
1350 2756 1406 2803 et
1430 2746 1617 2802 aﬂ‘eret
1639 2748 1707 2817 )|(
1734 2745 1869 2800 illud
1894 2746 1917 2815 ζ

348 2847 418 2903 ad
446 2846 805 2904 sacerdotem.
860 2844 914 2899 9.
946 2842 1015 2897 Et
1058 2842 1321 2898 accedens
1351 2840 1418 2895 ad
1462 2839 1634 2894 altare
1658 2877 1674 2903 ,
1709 2836 1920 2893 auferet

348 2937 604 2995 sacerdos
645 2936 711 2991 de
737 2935 1008 2991 sacriﬁcio
1031 2931 1347 2988 memoriale
1392 2929 1547 3001 ejus:
1595 2937 1650 2985 et
1678 2929 1921 2996 imponet

614 3026 704 3083 ΤΟ
732 3026 1096 3082 EBPAIKON.

1745 3022 1832 3073 ΤΟ
1871 3016 2216 3071 ΕΒΡΑΙΚΟΝ

2090 905 2141 958 1.
2191 905 2317 958 Ἐὰν
2353 903 2411 957 δὲ
2439 904 2585 975 ψυχὴ
2633 901 2919 976 προσφέρῃ
2950 900 3121 973 δῶρον
3150 901 3341 956 θυσίαν
3370 900 3449 973 τῷ
3482 903 3603 956 Κυ-

2028 998 2148 1070 ρίῳ,
2176 995 2442 1081 σιμίᾷαλις
2465 995 2616 1048 ἔσται
2646 994 2706 1048 τὸ
2736 993 2908 1065 δῶρον
2940 993 3129 1059 αὑτοῦ,
3157 995 3252 1048 καὶ
3274 997 3485 1065 ὲπιχεεῖ
3513 996 3605 1049 ἐπ’

1986 1132 1990 1139 .
2024 1088 2172 1160 αὐτῷ
2198 1089 2394 1153 ἔλαιον,
2426 1087 2520 1141 καὶ
2556 1086 2802 1158 ἐπιθήσει
2844 1087 2931 1140 ἐπ’
2961 1085 3091 1139 αὐτὸ
3131 1085 3363 1143 λίϐανον.
3402 1087 3456 1141 2.
3489 1088 3608 1142 Καὶ

2024 1182 2163 1235 οἴσει
2195 1183 2263 1250 Ξ(
2301 1180 2430 1234 αὐτὸ
2460 1181 2482 1249 ζ
2509 1178 2645 1250 πρὸς
2674 1180 2800 1243 τοὺς
2826 1180 2975 1242 υἱοὺς
3009 1178 3218 1250 Ἀαρὼν
3244 1181 3368 1244 τοὺς
3396 1181 3562 1252 ἱερεῖς
3585 1196 3602 1213 ο

2025 1273 2119 1328 καὶ
2160 1271 2492 1344 δραξάμενος
2519 1271 2612 1324 ἀπ’
2647 1272 2815 1343 αὐτῆς
2847 1270 3028 1343 πλήρη
3059 1269 3157 1342 τὴν
3193 1270 3368 1343 δράκα
3397 1273 3464 1340 3K
3500 1271 3605 1324 αὐ-

2023 1361 2118 1421 τοῦ
2156 1362 2179 1430 ζ
2225 1360 2333 1414 ἀπὸ
2360 1361 2459 1432 τῆς
2488 1361 2810 1432 σιμιδάλεως
2836 1362 2904 1430 Χ
2934 1360 3105 1430 αὐτῆς
3139 1360 3162 1429 ζ
3200 1361 3296 1415 σὺν
3324 1359 3402 1430 τῷ
3438 1360 3607 1431 ἐλαίῳ

2024 1457 2094 1523 >ε<
2119 1454 2287 1525 αὐτῆς
2314 1452 2337 1522 ζ
2380 1453 2475 1507 καὶ
2513 1453 2691 1508 πάντα
2719 1452 2807 1506 τὸν
2840 1452 3057 1507 λίϐανον
3099 1453 3289 1523 αὐτῆς.
3336 1452 3446 1506 Καὶ
3478 1455 3605 1507 ἐπι-

2024 1545 2180 1617 θήσει
2204 1546 2233 1597 ὀ
2262 1545 2439 1614 ἱερεὺς
2464 1542 2526 1596 τὸ
2557 1544 2898 1615 μνημόσυνον
2927 1543 3096 1614 αὐτῆς
3117 1543 3210 1595 ἐπὶ
3236 1542 3297 1595 τὺ
3319 1540 3609 1614 θυσιαστή-

2025 1655 2159 1709 ριον,
2197 1637 2357 1692 θυσία
2396 1639 2538 1711 ὀσμὴ
2578 1636 2805 1701 εὐωδίας
2838 1637 3049 1709 Κυρίῳ.
3086 1638 3139 1692 5.
3173 1638 3283 1690 Kal
3322 1636 3384 1690 τὸ
3414 1636 3607 1693 λοιπὸν

2022 1730 2129 1784 ἀπὸ
2162 1730 2260 1800 τῆς
2301 1729 2493 1793 θυσίας
2528 1728 2738 1801 Ἀαρὼν
2783 1730 2876 1783 καὶ
2914 1731 3027 1794 τοῖς
3055 1729 3191 1793 υἱοῖς
3218 1729 3405 1797 αὐτοῦ,
3446 1730 3607 1799 ἆγιον

2023 1820 2130 1875 τῶν
2162 1821 2335 1888 ἁγίων
2363 1818 2471 1873 ἀπὸ
2501 1820 2611 1873 τῶν
2653 1818 2850 1873 θυσιῶν
2878 1819 3106 1891 Κυρίου.

2091 1913 2143 1967 4.
2197 1911 2322 1965 Ἐὰν
2363 1911 2422 1965 δὲ
2458 1910 2746 1983 προσφέρῃ
2808 1908 2980 1982 δῶρον
3022 1909 3211 1965 θυσίαν
3245 1928 3606 1983 πεπεμμενην

2019 2005 2078 2058 ὲν
2100 2003 2387 2075 κλειϐἀνῳ,
2404 2004 2468 2055 ὲκ
2481 2002 2802 2073 σιμιδάλεως
2822 2000 3018 2073 ἄρτους
3036 2002 3274 2074 ἀζύμους
3289 2003 3608 2075 πεφυραμέ-

2021 2113 2142 2160 νους
2162 2097 2217 2149 ὲν
2240 2095 2425 2165 ἐλαίῳ,
2454 2094 2549 2147 καὶ
2575 2093 2783 2162 λάγανα
2805 2093 2986 2165 ἄζυμα
3002 2094 3333 2165 κεχρισμένα
3347 2096 3404 2148 ὲν
3416 2095 3604 2167 ἐλαίῳ.

1996 2186 2001 2191 ⁴
2098 2188 2148 2241 5.
2190 2185 2314 2240 Ἐὰν
2356 2186 2414 2239 δὲ
2450 2185 2608 2238 θυσία
2651 2184 2758 2238 ἀπὸ
2797 2186 3031 2255 τηγάνου
3074 2185 3134 2240 τὸ
3175 2185 3346 2257 δῶρόν
3378 2202 3492 2250 σου,
3525 2204 3610 2240 σι-

2032 2273 2243 2346 μίδαλις
2272 2272 2629 2345 πεφυραμένη
2660 2275 2717 2325 ὲν
2755 2272 2940 2343 ἐλαίῳ,
2971 2273 3153 2345 ἄζυμα
3192 2274 3363 2327 ἔσται.
3401 2274 3454 2329 6.
3494 2276 3609 2329 Καὶ

2028 2364 2341 2437 διαθρύψεις
2379 2365 2517 2419 αὐτὰ
2564 2364 2868 2438 κλάσματα,
2904 2367 2998 2420 καὶ
3047 2368 3286 2437 ὲπιχεείς
3319 2368 3406 2420 ἐπ’
3458 2367 3602 2422 αὐτὰ

2031 2460 2229 2524 ἔλαιον,
2254 2459 2413 2514 θυσία
2444 2475 2506 2515 —:—
2542 2459 2691 2513 ἐστὶν
2729 2460 2750 2528 ζ
2778 2459 2988 2531 Κυρίῳ.

2096 2553 2151 2606 7.
2193 2552 2317 2605 Ἐὰν
2350 2552 2408 2605 δὲ
2436 2550 2596 2605 Θυσία
2635 2551 2742 2605 ἀπὸ
2773 2552 3010 2624 ἐσχάρας
3034 2551 3094 2604 τὸ
3120 2550 3293 2623 δῶρόν
3318 2568 3435 2615 σου,
3462 2551 3611 2624 σιμι-

2023 2644 2174 2708 δαλις
2215 2645 2272 2696 ὲν
2318 2641 2480 2713 ἐλαίῳ
2520 2642 2896 2713 ποιηθήσεται.
2944 2642 2997 2698 8.
3037 2644 3147 2696 Kal
3195 2643 3472 2716 προσοίσει
3509 2643 3609 2717 τὴν

2024 2741 2214 2797 θυσίαν
2241 2740 2306 2810 ἢν
2333 2739 2398 2794 ἂν
2439 2741 2636 2813 ποιήσῃ
2666 2743 2731 2794 ὲκ
2756 2739 2959 2794 τούτων
2985 2739 3061 2811 τῷ
3085 2740 3294 2812 Κυρίῳ,
3321 2742 3414 2793 καὶ
3437 2756 3612 2811 προσ-

2022 2835 2154 2888 οίσει
2191 2834 2259 2902 Β(
2283 2831 2415 2885 αὐτὸ
2451 2830 2473 2899 ζ
2508 2831 2644 2903 πρὸς
2679 2832 2770 2886 τὸν
2817 2832 2983 2904 ἱερέα.
3011 2831 3063 2887 9.
3100 2833 3211 2886 Kal
3239 2831 3610 2903 προσεγγίσας

2027 2925 2164 2998 πρὸς
2193 2923 2255 2977 τὸ
2299 2922 2705 2994 θυσιαστήριον,
2733 2921 2924 2992 ἀφελεῖ
2958 2924 2987 2977 ὁ
3029 2921 3207 2994 ἱερεὺς
3238 2921 3343 2974 ἀπὸ
3390 2920 3488 2993 τῆς
3515 2917 3612 2974 Ou—

2950 3012 3045 3066 ΑΚ
3053 3012 3250 3068 ΥΛΑΣ.

1652 3090 1979 3164 Ἑλληνικοῖς
2002 3087 2312 3161 γράμμασι.

1091 3200 1257 3277 1:an
1291 3189 1318 3277 1
1536 3189 1563 3242 1
1575 3228 1590 3244 .

948 3286 1100 3361 ἰντερ
1135 3261 1258 3336 ιιδῄ
1290 3275 1326 3332 2
1537 3282 1592 3341 2.
1632 3322 1640 3329 .

926 3518 1046 3572 mm
1081 3502 1248 3570 tum
1283 3509 1318 3563 5
1534 3515 1588 3568 5.

1129 3610 1261 3661 nun
1286 3600 1321 3654 4
1534 3604 1591 3661 4.

827 3747 996 3826 η’)πὲι
1025 3774 1158 3824 rem
1188 3747 1327 3824 rubri

1132 3869 1320 3944 ῬΨ-Π

2654 3180 2705 3235 1.

2647 3273 2701 3330 2.

2646 3501 2698 3557 3.
2737 3501 2868 3554 Ἀπὸ
2890 3501 2998 3554 τῶν
3030 3498 3214 3571 πυρῶν
3241 3495 3471 3570 Κυρίου.

2648 3593 2701 3646 4.

2647 3751 2821 3809 Κολλύ
2830 3769 2927 3824 ρας
2956 3748 3436 3822 ἀναπεφυρμένας.

1100 3937 1248 4012 εει-ιι)
1286 3950 1319 4005 6
1537 3944 1591 3999 ϐ’.

2646 3940 2699 3995 6.
2731 3937 2990 4009 Ψωμούς.

1117 4056 1247 4106 num
1284 4045 1318 4099 9
1537 4036 1591 4090 9-

2643 4032 2695 4086 9.
2726 4030 2960 4101 Πύρρον.

935 4150 1069 4224 wit:
1097 4121 1213 4224 ’ἦρ
1254 4135 1323 4189 i4
1538 4128 1634 4182 14..
2648 4121 2733 4224 14.
2763 4122 3131 4224 Ιίεὶφρυγμενα
3150 4115 3308 4224 ρτυρί.

1017 4204 1186 4294 Lm-D'
1200 4240 1322 4289 m3
2655 4211 2863 4269 ’Δπαλὰ
2898 4210 3105 4281 λάχανα
3140 4204 3438 4280 ὀσπριώδη.

576 4378 583 4388 ,
1001 4331 1219 4411 ἾἺῸΡΠῚ
1254 4321 1321 4377 16
1546 4317 1632 4373 16.
1661 4409 1778 4411 ῃ--ᾏ
1817 4408 1841 4411 λ
1899 4407 1939 4411 _
2034 4405 2056 4411 _
2126 4405 2188 4411 __
2649 4303 2717 4361 16

436 4421 695 4481 .VERSIO
731 4417 1054 4476 IIEBRAICI
1093 4390 1306 4472 'II‘EXT.
1346 4436 1349 4439 λ
1660 4407 1989 4465 VULGATA
2033 4405 2310 4465 LATINA.
2959 4390 3235 4461 AQUILA.

422 4521 475 4572 1.
509 4513 974 4586 Appropinquatiu
1007 4511 1144 4581 ejus.
1537 4506 1589 4560 1.
1621 4502 1751 4573 Ejus
1783 4502 2003 4557 oblatio.
2969 4484 2977 4495 ’

424 4609 482 4662 2.
516 4584 742 4664 Plenum
765 4605 1027 4676 pugillum
1052 4617 1237 4658 suum.
1537 4596 1593 4649 2.
1622 4593 1895 4665 Pugillum
1920 4592 2163 4663 plenum.
2650 4584 2705 4643 2.

422 4843 476 4896 3.
503 4839 576 4911 Dc
611 4837 971 4911 ignitionibus
1004 4836 1243 4893 Domini.

421 4912 475 4966 4.
508 4910 743 4965 Clibani.

422 5003 690 5059 Placcuta:
708 5001 1102 5058 infermentata
1130 4998 1330 5055 mistae.

1538 4919 1591 4974 4.
1624 4917 1683 4973 ln
1706 4919 1939 4974 clibano.

1470 5097 1583 5138 805s

1542 5172 1785 5242 Lagana.

1540 5265 1593 5320 6.
1617 5264 1944 5320 Minutatint.

424 5166 493 5222 Et
513 5168 731 5238 lagana.

430 5263 484 5316 θ.
513 5259 735 5316 Frusta.

423 5357 478 5411 9.
514 5352 729 5425 lgnitio.

1539 4827 1593 4882 5.
1623 4827 1701 4882 De
1723 4824 2094 4883 oblationibus
2125 4820 2362 4879 Domini.

1538 5009 1717 5067 Panes
1734 5010 1941 5080 absque
1964 5005 2231 5063 fermento
2248 5018 2509 5076 consper-

1540 5360 1595 5414 9.
1636 5357 1840 5418 Vacat,
1898 5355 1989 5411 sed
2040 5354 2419 5425 subjungitur:
2449 5352 2512 5409 in.

2645 4817 2697 4871 5.
2733 4812 2814 4868 Ab
2840 4810 3058 4884 ignibus
3098 4807 3339 4865 Domini.

2647 4901 2701 4955 4.
3117 4924 3121 4928 ι

2651 4998 2902 5070 Collyras
2922 5006 3224 5066 respersas.

2648 5250 2701 5306 6.
2734 5247 3009 5303 Frustula.

2648 5342 2709 5398 9..
2732 5339 2991 5412 ignitum.

1472 5430 1694 5485 odorem
1727 5427 2010 5483 suavitatis
2038 5425 2293 5482 Domino.

346 5592 349 5595 _
426 5521 514 5578 i4.
548 5517 775 5576 Tostam
806 5518 862 5574 in
894 5517 1037 5587 igne.

351 5682 407 5741 di
427 5611 695 5668 Triticum
722 5620 1016 5668 contusum
1052 5607 1215 5668 spica:
1262 5604 1390 5663 viri—

411 5700 458 5739 s.

428 5776 516 5837 ib.
549 5778 615 5836 Et
644 5773 826 5833 suﬁire
849 5773 1030 5833 faciet.

1540 5522 1627 5576 l4.
1661 5519 1797 5592 lgni.

1537 5768 1623 5825 16.
1650 5768 1920 5825 Adolebit.

1534 5605 1606 5663 Et
1641 5605 1957 5678 confringes
1981 5605 2037 5663 in
2063 5602 2289 5663 modum
2317 5601 2500 5661 farris.

2650 5509 2737 5563 M.
2773 5502 3087 5562 Torrelacta
3113 5501 3248 5573 igni.

2650 5597 2863 5656 Tenera
2884 5598 3033 5657 olera
3060 5590 3323 5667 legumini
3347 5584 3576 5649 similia.

2648 5759 2737 5817 16.
