3868 6214
233 371 338 429 533

235 480 403 540 menti
459 479 784 550 recipienda.

235 534 430 619 ἓέὲὶῶ,
459 534 642 606 minus
671 557 835 619 recte,
875 547 932 600 ni
953 534 1148 619 fallor.
1173 572 1258 619 —_
1283 543 1400 619 Ἀ...
1424 539 1508 618 ξ,
1542 537 1641 607 τὴν
1668 534 1808 619 σιτί-

234 609 454 699 ζουσαν.
487 609 1011 699 Θ.,Ε’.,τὴνὀὀσφὺν
1027 615 1094 685 ἢν
1127 614 1288 699 misit;
1313 609 1804 699 καλοῦειενιιρυραχ.

236 675 465 750 ῖὶὸίείίιι.
491 675 614 763 quae
642 675 978 761 suspicione
1000 675 1181 739 ιηέηᾶἱ
1206 696 1314 736 non
1343 675 1554 734 vacant.
1588 675 1721 730 lbid.
1750 675 1806 728 in

1505 353 1798 411 LEV’ITICI
1838 350 1991 406 CAP.
2029 347 2095 401 ll.

850 475 1152 532 Hcsvchius
1199 473 1252 525 in
1300 469 1593 523 Leviticum
1645 465 1806 519 habet

1933 475 2031 532 nec
2059 455 2225 532 verba
2244 453 2350 507 τῶν
2379 454 2434 532 ρ’
2447 453 2551 532 σὺν
2575 453 2686 514 τοῖς
2711 451 2950 522 πτεροῖς,
2969 454 3198 528 notatur
3221 444 3277 498 in
3299 458 3471 514 marg.

3370 325 3476 382 55-1

1913 529 2030 609 ἅμα
2163 525 2320 609 σιῦρέρ
2337 523 2532 609 gift-715,
2562 537 2733 609 incum
2768 517 3016 589 congerie
3039 517 3178 589 ejus.
3205 534 3225 567 ι

1990 591 2151 657 Ιυίύξ.
2189 597 2215 646 ὲ
2246 591 2436 646 ’6⁷αλεί.
2461 591 2541 646 Ex
2567 591 2735 645 Basil.

1983 668 2047 722 ν.
2084 667 2170 722 17.
2195 613 2273 717 F5;
2296 663 2462 718 Basil.

1491 789 1747 854 CAPUT
1777 787 1830 849 ll
1860 781 2231 847 LEVITICI.

240 907 362 970 σίας
383 905 448 959 τὸ
477 891 814 977 μνημόσυνον
845 898 1042 968 αὐτῆςο
1076 897 1172 952 καὶ
1201 894 1454 965 ἐπιθήσει
1487 893 1581 945 ἐπὶ
1611 882 1812 942 τὸθυ-

243 997 571 1068 σιαστήριον,
603 990 922 1065 (κάρπωμα)
949 987 1094 1058 ὀσμὴ
1123 986 1347 1048 εὐωδίας
1378 983 1586 1053 Κυρίῳ.
1617 978 1703 1033 10.
1737 977 1814 1030 Τὸ

239 1093 299 1146 δὲ
321 1087 678 1158 καταλειφθὲν
701 1083 808 1138 ἀπὸ
829 1082 927 1152 τῆς
950 1079 1158 1142 θυσίας,
1194 1075 1400 1148 ’Λαρὼν
1421 1075 1516 1128 καὶ
1540 1075 1650 1136 τοῖς
1678 1073 1812 1133 υἱοῖς

242 1185 428 1250 αὐτοῦ,
461 1185 592 1252 ἅγια
628 1179 738 1234 τῶν
766 1174 935 1245 ἁγίων
975 1172 1083 1226 ἀπὸ
1120 1170 1229 1224 τῶν
1269 1169 1654 1241 καρπωμάτων
1695 1167 1812 1218 Κυ-

247 1279 383 1349 ρίου.

308 1411 393 1466 11.
439 1411 626 1463 Πᾶσαν
670 1405 858 1460 θυσίαν
898 1404 965 1476 ἢν
1011 1403 1076 1457 ἃν
1119 1397 1462 1471 προσφέρητε
1505 1392 1718 1464 Κυρίῳ,
1752 1391 1814 1442 οὐ

244 1505 496 1575 ποιήσετε
525 1498 767 1570 ζυμωτόν
787 1514 801 1527 ο
838 1497 1016 1550 πᾶσαν
1049 1491 1157 1564 γὰρ
1196 1490 1374 1560 ζύμην
1421 1486 1514 1539 καὶ
1542 1485 1648 1536 πᾶν
1695 1481 1817 1553 μέλι

244 1598 304 1650 οὐ
349 1592 664 1664 προσοίσετε
705 1589 797 1642 ἀπ’
839 1586 1026 1649 αὑτοῦ,
1069 1581 1361 1654 καρπῶσαι
1407 1577 1594 1647 Κυρίῳ
1623 1574 1812 1646 δῶρον.

247 1687 334 1740 12.
375 1686 493 1736 Ἀπ’
532 1681 706 1753 ἀρχῆς
747 1678 1062 1748 προσοίσετε
1101 1673 1239 1728 αὐτὰ
1284 1671 1493 1742 Κυρίῳ,
1539 1670 1630 1722 ἐπὶ
1661 1667 1717 1720 δὲ
1755 1665 1817 1718 τὸ

247 1774 628 1844 θυσιαστήριον
659 1771 757 1823 οὐκ
796 1767 1151 1821 ἁναὸιὸάσετε
1195 1762 1290 1834 [αι.
1325 1761 1423 1813 οὐκ
1458 1754 1813 1828 ἀναϐήσεται]

247 1869 327 1931 εἰς
356 1864 528 1935 ὀσμὴν
557 1861 780 1923 εὐωδίας
814 1859 1022 1930 Κυρίῳ.

320 1978 406 2032 13.
451 1976 562 2029 Καὶ
607 1975 714 2027 πᾶν
751 1970 921 2041 δῶρον
968 1968 1154 2030 θυσίας
1202 1965 1352 2036 ὑμῶν
1404 1961 1491 2016 ἁλὶ
1535 1956 1819 2030 ἁλισθήσε-

243 2088 336 2123 ται
359 2087 372 2099 ·
409 2068 469 2121 οὐ
514 2065 838 2120 διαπαύσετε
869 2061 972 2116 ἆλα
1012 2059 1274 2129 διαθήκης
1315 2054 1450 2108 Θεοῦ
1484 2051 1590 2106 ἀπὸ
1628 2051 1816 2103 θυσια-

249 2162 469 2233 σμάτων
485 2158 656 2229 ὑμῶν·
678 2158 770 2211 ἐπὶ
785 2155 985 2220 παντὸς
1002 2152 1172 2224 δώρου
1192 2151 1220 2201 ὑ
1230 2148 1343 2219 μῶν
1358 2163 1462 2216 προ
1470 2143 1677 2198 σοίσετε
1690 2141 1814 2196 ἆλα.

315 2271 404 2326 14.
449 2270 574 2324 Ἐὰν
620 2268 677 2321 δὲ
720 2265 1032 2341 προσφέρῃς
1073 2260 1259 2315 θυσίαν
1309 2257 1819 2331 πρωτογενημάτων

247 2360 325 2430 τῷ
368 2361 578 2431 Κυρίῳ,
613 2360 710 2413 νέα
755 2355 1110 2428 πεφρυγμένα
1159 2352 1314 2424 χίδρα
1356 2346 1549 2421 ὲρικτὰ
1587 2344 1666 2416 τῷ
1711 2346 1824 2398 Κυ-

251 2454 382 2524 ρίῳ·
423 2453 516 2506 καὶ
552 2452 856 2523 προσοίσεις
884 2449 982 2520 τὴν
1012 2447 1200 2502 θυσίαν
1245 2444 1352 2496 τῶν
1400 2437 1826 2513 πρωτογενημά-

247 2562 356 2597 των
381 2560 493 2596 σου.
524 2542 608 2596 15.
641 2543 753 2595 Καὶ
791 2542 1028 2611 ἐπιχεεῖς
1051 2538 1137 2590 ἐπ’
1162 2536 1330 2605 αὐτῆς
1359 2533 1555 2594 ἔλαιον,
1582 2530 1675 2582 καὶ
1716 2529 1831 2580 ἐπι-

251 2638 437 2708 θήσεις
469 2637 556 2688 ὲπ*
588 2635 756 2706 αὐτὴν
781 2633 1014 2686 λίϐανον.
1043 2630 1214 2683 Θυσία
1239 2627 1405 2680 ἐστίν.
1439 2623 1522 2677 16.
1549 2622 1659 2674 Καὶ⁸
1685 2619 1825 2672 ἀνοί-

253 2730 382 2781 σειὸ
409 2728 586 2798 ἱερεὺς
611 2726 670 2778 τὸ
697 2723 1035 2796 μνημόσυνον
1058 2721 1226 2790 αὐτῆς
1247 2718 1354 2772 ἀπὸ
1378 2715 1487 2769 τῶν
1506 2714 1702 2785 χίδρων
1727 2711 1822 2764 σὺν

1914 896 2078 951 super
2104 881 2272 934 altare
2301 876 2704 942 holocaustum,
2739 873 2874 930 odor
2902 871 3188 928 suavitatis
3227 871 3478 926 Domino.

1914 974 2002 1030 10.
2045 972 2201 1040 Quod
2235 978 2417 1025 autem
2450 969 2722 1037 reliquum
2746 967 2849 1021 erit
2873 967 2940 1022 de
2977 965 3268 1029 sacriﬁcio,
3298 965 3484 1018 Aaron

1913 1076 1967 1122 et
1996 1065 2121 1121 ﬁliis
2167 1064 2286 1135 ejus
2317 1102 2332 1128 ,
2357 1072 2548 1119 sancta
2576 1069 2890 1118 sanctorum
2928 1059 2994 1115 de
3018 1056 3349 1114 holocaustis
3374 1053 3484 1108 Do-

1915 1173 2070 1213 mlnl.

1989 1380 2076 1434 11.
2106 1376 2280 1433 Omne
2313 1373 2643 1431 sacriﬁcium
2679 1372 3043 1442 quodcunque
3096 1367 3336 1424 oﬁ‘eratis
3380 1365 3488 1421 Do-

1917 1469 2089 1530 mino,
2137 1481 2249 1520 non
2295 1464 2506 1519 facietis
2547 1462 2968 1526 fermentatum;
3006 1474 3169 1514 omne
3201 1459 3346 1512 enim
3375 1457 3486 1510 fer-

1919 1567 2161 1612 mentum
2191 1563 2246 1610 et
2282 1569 2445 1610 omne
2479 1553 2588 1606 mel
2619 1567 2724 1604 non
2753 1549 2990 1604 oﬁerctis
3032 1549 3100 1602 de
3129 1563 3214 1612 eo,
3249 1547 3318 1601 ad
3357 1545 3490 1600 offe-

1918 1651 2145 1705 rendum
2173 1647 2406 1702 Domino
2428 1660 2648 1700 munus.
2675 1643 2761 1696 12.
2786 1641 2860 1695 De
2883 1639 3138 1709 primitiis
3162 1639 3398 1694 oﬂeretis
3424 1655 3488 1693 ea

1921 1741 2172 1804 Domino,
2209 1752 2373 1807 super
2423 1737 2591 1789 altare
2631 1743 2811 1787 autem
2845 1748 2954 1786 non
3011 1730 3379 1801 importabitis
3430 1730 3489 1783 in

1919 1829 2139 1884 odorem
2170 1825 2456 1881 suavitatis
2487 1822 2738 1876 Domino.

1991 1941 2076 1995 15.
2119 1939 2185 1994 Et
2206 1954 2364 1995 omne
2389 1953 2590 1993 munus
2617 1935 2869 1991 sacriﬁcii
2890 1935 3056 1990 vestri
3099 1934 3211 1988 sale
3239 1935 3481 1988 salietur.

1919 2031 2038 2090 Non
2059 2032 2318 2087 omittetis
2354 2030 2520 2085 salem
2553 2029 2857 2083 testamenti
2893 2027 2983 2081 Dei
3011 2042 3040 2081 a
3077 2026 3364 2082 sacriﬁciis
3396 2041 3488 2080 ve-

1921 2125 2048 2181 stris
2073 2141 2086 2176 :
2120 2139 2282 2194 super
2308 2133 2470 2177 Omne
2503 2105 2976 2175 munus’vestrum
3001 2118 3238 2173 oﬂ‘eretis
3263 2116 3452 2172 salem.
3504 2155 3510 2178 .

1992 2237 2078 2291 14.
2112 2234 2168 2289 Si
2202 2242 2384 2290 autem
2434 2232 2633 2289 oﬁ‘eras
2683 2233 3012 2288 sacriﬁcium
3041 2234 3340 2303 primarum
3374 2233 3492 2287 fru-

1923 2345 2050 2402 gum
2100 2328 2348 2391 Domino,
2404 2342 2571 2384 novas
2630 2326 2952 2381 torrefactas
2999 2327 3178 2396 spicas
3223 2327 3490 2396 vigentes,

1927 2419 2293 2477 comminutas
2320 2409 2565 2472 Domino.
2589 2437 2602 2472 :
2626 2427 2680 2472 et
2707 2419 2901 2472 oﬁ'eres
2927 2417 3258 2473 sacriﬁcium
3289 2417 3493 2487 prima-

1929 2529 2052 2568 rum
2078 2512 2296 2582 frugum
2323 2521 2560 2565 tuarum.
2611 2511 2695 2565 15.
2728 2509 2792 2565 Et
2850 2510 3092 2565 eﬁ‘undes
3149 2525 3310 2578 super
3359 2509 3494 2563 illud

1928 2603 2130 2668 oleum,
2153 2612 2202 2656 et
2227 2602 2472 2670 imponcs
2494 2616 2657 2670 super
2680 2600 2808 2654 illud
2833 2600 2958 2654 thus
2984 2618 2997 2654 :
3025 2600 3354 2654 sacriﬁcium
3387 2606 3489 2652 est.

1932 2693 2017 2747 16.
2057 2691 2124 2745 Et
2155 2691 2343 2747 offeret
2367 2691 2619 2746 sacerdos
2654 2690 2967 2745 memoriale
3013 2688 3132 2758 ejus
3156 2689 3222 2743 de
3257 2687 3493 2742 fari-ibus

363 2779 541 2887 ελαίῳ,
564 2779 670 2870 ’καὶ
697 2779 890 2870 ’πάἶέτα
930 2815 1020 2868 τὸν
1049 2779 1272 2870 ,λίϐανον
1315 2779 1816 2877 αὑτῆςξτκάρπωμα

1933 2800 2055 2841 cum
2085 2784 2226 2851 oleo,
2255 2793 2310 2839 et
2334 2798 2496 2866 omne
2526 2785 2651 2838 thus
2685 2783 2804 2854 ejus
2834 2801 2846 2836 :
2875 2782 3049 2838 hostia
3098 2779 3350 2836 Domino.

253 2909 332 2978 τῷ
365 2909 574 2981 Κυρίῳ.

567 3001 968 3057 ΣΥΜΜΑΧΟΣ.

327 3168 378 3222 1.

326 3261 382 3314 2.

1852 2990 1928 3043 0'.

1396 3187 1401 3191 ι
1431 3156 1480 3209 1.
1510 3155 1691 3226 Δῶρον
1715 3150 1899 3206 αὐτοῦ.

1431 3250 1486 3303 2.
1533 3249 1719 3320 Πλήρη
1768 3247 1864 3317 τὴν
1907 3245 2103 3320 δράκα.
2150 3245 2392 3320 Ἀλλ-ος,

2781 2985 3180 3041 ΘΕΟΔΟΤΙΩΝ.

2536 3153 2589 3205 1.

2537 3242 2592 3296 2.

1360 3319 1573 3442 πλήσει.
1597 3313 1840 3383 ’Ᾰλζλος,
1866 3313 2160 3402 πληρώσει.
2192 3316 2255 3367 Ol
2273 3317 2394 3368 λοι-

1360 3406 1437 3442 πο
1466 3429 1481 3442 .
1512 3389 1722 3442 πλήρης
1754 3387 1851 3442 τὴν
1881 3387 2075 3442 δρακα.

1359 3389 1481 3455 ποῖ,
1512 3389 1722 3460 πλήρης
1754 3389 1851 3458 τὴν
1881 3389 2075 3456 δράκα.

326 3488 517 3546 5.Ἀπδ
531 3490 640 3544 τῶν
664 3487 1044 3560 καοπωμάτων
1062 3488 1284 3560 Κυρίου.

334 3581 388 3636 4.
1431 3581 1484 3626 4.
1525 3581 1528 3584 ’

1361 3640 1528 3714 ϐάνῳ.

331 3742 503 3795 Κολλύ
513 3759 610 3812 ρας
640 3741 1111 3813 ἀναπεφυρμένας.

1430 3481 1482 3536 5.
1525 3481 1655 3533 Ἀπὸ
1679 3479 1786 3533 τῶν
1815 3477 2013 3532 θυσιῶν
2027 3477 2252 3549 Κυρίου.

1431 3573 1484 3626 4.
1525 3573 1619 3625 Ἐκ
1645 3570 1914 3625 κλιδάνου.
1941 3571 2182 3633 Ἄλλος,
2207 3570 2264 3620 ὲν
2291 3567 2396 3620 κλι-

1442 3735 1672 3805 ΙἌρτους
1697 3730 1937 3803 ἀζύμους
1965 3727 2362 3802 πεφυρμένους.

1433 3829 1673 3897 Λάγανα.
1704 3830 1946 3892 Ἀλλος,
1983 3823 2186 3878 ἁπαλά.

2535 3475 2589 3531 3.
2633 3472 2763 3528 Ἀπὸ
2790 3474 2898 3528 τῶν
2925 3471 3018 3528 τοῦ
3045 3472 3212 3546 πυρὸς
3235 3471 3460 3543 Κυρίου.

2531 3567 2588 3622 4.

2536 3727 2820 3806 Κολλύραςι
2843 3725 3309 3797 ἁναπεφυρμένας.

327 3928 381 3985 6.
414 3929 669 4002 Ψωμούς.
1433 3924 1485 3978 6.
1514 3923 1836 3994 Κλάσματα.
2539 3915 2592 3970 6.
2627 3912 2882 3984 Ψωμούς.

331 4017 387 4075 9.
1432 4015 1485 4069 9.
1519 4016 1827 4085 Κάρπωμα.
2539 4009 2591 4062 9.
2631 4008 2862 4077 Πύρρον.

333 4111 418 4167 14.
450 4111 812 4184 Πεφρυγμένα
845 4112 996 4184 πυρί.
1436 4109 1522 4162 14.
1556 4105 1942 4178 Πειρρυγμὲνα.
2547 4101 2633 4153 14.
2731 4115 2738 4122 ·

341 4203 548 4260 ’Λπαλὰ
576 4203 779 4273 λάχανα
806 4202 1098 4275 ὀσπριώδη.
1433 4198 1605 4270 Χίδρα
1639 4199 1850 4268 ὲρικτά.
2544 4193 2692 4244 Πῖον.
2752 4201 2754 4205 ’

330 4293 418 4349 16.
1437 4288 1526 4343 16.
1562 4287 1809 4342 Ἀνοίσει.
1847 4287 2089 4352 Ἄλλος,
2132 4286 2399 4356 ἐπιθήσει.
2547 4282 2634 4336 16.

559 4383 1008 4441 SYMMACHUS.
1558 4378 1700 4433 LXX
1734 4377 2230 4433 INTERPRETES.
2787 4364 3203 4424 T-HEODOTIO.

334 4479 386 4534 1.
1439 4471 1489 4524 1.
1518 4469 1727 4525 Donum
1757 4470 1816 4539 θ]ι

2546 4464 2596 4518 1.

336 4575 392 4629 2.
1436 4563 1490 4616 2.
1520 4561 1746 4616 Plenum
1772 4558 2262 4630 pugillum._Alius,
2286 4563 2393 4630 im-
2538 4554 2589 4609 2.

1366 4632 1552 4702 plebit.
1583 4633 1753 4702 Alius,
1774 4627 2264 4699 'replebitﬂeliqui,
2282 4628 2398 4697 ple-

1367 4701 1471 4758 iius
1502 4701 1703 4772 pugillo
1733 4716 1855 4755 suo.

1438 4793 1491 4846 5.
1516 4790 1593 4844 De
1627 4788 1907 4844 sacriﬁciis
1933 4786 2169 4842 Domini.

1437 4886 1490 4939 4.
1523 4885 1601 4939 Ex
1623 4885 1857 4938 clibano.
1883 4883 2057 4947 Alius,
2086 4882 2138 4934 in
2161 4881 2394 4937 clibano.

1439 4977 1614 5032 Panes
1643 4989 1863 5046 azymos
1891 4987 2232 5042 conspersos.

340 4805 394 4859 '5.
419 4803 494 4859 De
530 4801 894 4856 oblationibus
922 4798 1153 4854 Domini.

337 4894 582 5056 ἔδυνε-δε
610 4997 905 5054 respersas.

2541 4783 2680 4839 ’5.Α1)
2700 4783 2765 4837 iis
2777 4797 2897 4853 quae
2911 4791 3037 4839 sunt
3050 4781 3115 4838 dc
3131 4781 3251 4853 igne
3269 4780 3502 4840 Domini.

2534 4879 2586 4932 4.

2539 4967 2782 5038 Collyras
2812 4981 3106 5036 respersas.

1439 5137 1677 5208 Lagana.
1710 5134 1882 5201 Alius,
1911 5141 2115 5186 tenera.

338 5235 391 5290 6.
417 5231 693 5289 Frustula.
1438 5229 1492 5285 6.
1518 5227 1733 5281 Frusta.

339 5326 391 5378 9.

343 5488 431 5543 14.
463 5486 774 5544 Torrefacta
807 5485 942 5558 igni.

341 5575 548 5634 Tenera
579 5579 726 5636 olera
756 5577 1010 5652 legumini
1047 5575 1268 5635 similia.

341 5734 430 5794 16.

1438 5320 1488 5374 9.
1522 5316 1734 5373 Oblatio
1767 5315 2064 5371 fructuum.

1440 5484 1527 5538 11.
1547 5478 1910 5536 Torrei'actas.

1443 5573 1632 5644 Spicas
1654 5571 1911 5634 virentes,
1942 5567 2326 5623 comminutas.

1446 5733 1533 5789 16.
1562 5731 1777 5790 Oﬂ'eret.
1795 5731 1968 5801 Alius,
2001 5731 2259 5801 imponet.

2544 5221 2598 5277 6.
2631 5221 2906 5275 Frustula.

2544 5313 2597 5367 9.
2636 5313 2886 5384 Ignitum.

2546 5475 2637 5532 14.

2540 5563 2765 5636 Pingue.

2542 5724 2634 5782 16.
