3868 6214
363 296 474 356 535

627 415 718 472 T0
747 415 1098 472 EBPAIKON
1106 456 1118 470 .

1425 291 1904 350 HEXAPLORUM
1945 291 2112 359 QUAE
2154 289 2591 348 SUPERSUNT.

1651 406 1656 411 ’
1759 415 1846 469 ΤΟ
1877 415 2224 468 EBPAtKON

2949 412 3246 467 ΔΚΥΛΑΣ.
3255 435 3264 483 ὲ

1652 483 1981 558 Ἑλληνικοῖς
2018 484 2331 556 γράμμασι.

1122 586 1334 638 mna:

1203 752 1333 802 rma

465 813 718 912 vensm
751 856 1072 913 HEBBAlCl
1103 856 1310 913 τεχτ.

431 975 506 1030 De
527 976 804 1034 frumento
829 987 1060 1036 contuso
1093 979 1233 1050 ejus.

427 1132 624 1202 lgnitio
1548 1140 1736 1197 Vacat.

1689 858 2025 914 VULGATA
2061 857 2336 913 LATINA.

1541 979 1751 1036 Partem
1782 981 1943 1037 farris
1968 981 2144 1038 fracti.

2652 733 2886 806 Πύρρον.

2977 846 3253 916 ΔρυηιΔ.

2653 1135 2904 1216 Ignitum.

1225 1273 1401 1334 Nota)
1430 1280 1490 1334 et
1521 1273 1712 1336 variae
1741 1273 2051 1338 lectiones
2089 1280 2164 1340 ad
2197 1297 2333 1359 cap.
2361 1283 2417 1344 11
2453 1287 2744 1352 Levitici.

425 1415 485 1470 In
512 1417 767 1492 versione
789 1416 930 1472 LXX
957 1417 1314 1492 interpretum
1348 1423 1626 1492 hexaplari
1653 1439 1777 1478 cum
1810 1425 1931 1479 obe-

354 1487 423 1541 lis
446 1496 498 1541 et
526 1489 822 1558 asteriscis,
850 1490 1062 1558 qualem
1093 1487 1337 1546 eruimus
1365 1507 1429 1546 ex
1457 1487 1578 1548 cod.
1613 1494 1929 1550 Colbertino

354 1572 521 1628 num.
538 1556 678 1628 5087.1
727 1556 939 1628 semper
970 1561 1163 1628 legitur
1207 1562 1496 1628 σιμίδαλις,
1528 1573 1588 1617 ut
1618 1563 1802 1619 videas
1840 1582 1932 1619 su-

353 1643 472 1702 pra.
505 1625 748 1702 ln‘editis
777 1625 906 1702 vero
931 1625 1225 1701 σεμίδαλις.
1259 1625 1390 1686 Ibid.
1420 1625 1544 1688 vers
1574 1634 1639 1686 12
1661 1635 1855 1702 legitur
1877 1637 1932 1689 in

353 1697 1074 1774 Colbertino,_ava6fjasrat,
1117 1718 1282 1774 supra
1309 1719 1438 1774 vero
1469 1697 1792 1758 emendatur
1821 1707 1935 1774 pri-

353 1783 441 1821 ma
474 1783 660 1832 manu,
692 1768 1048 1823 ἀναϐιϐάσετε
1072 1788 1083 1822 :
1109 1768 1239 1827 editi
1267 1773 1535 1841 hodierni,
1571 1768 1938 1846 ἀναϐιϐασθῆ-

355 1854 785 2031 ζὲἒϊέὁάβῆρ
823 1911 899 1975 0',
937 1911 1127 1983 δῶρον.
1170 1913 1395 1968 Coislin.
1440 1914 1495 1968 in
1543 1930 1716 1986 marg.
1771 1915 1936 1971 habet

353 1994 656 2049 προσφορά.

430 2047 488 2102 ν.
517 2051 668 2124 ‘2.__0l
697 2052 920 2124 λοιποὶ,
944 2051 1158 2123 πλήρης
1183 2053 1280 2123 τὴν
1304 2054 1500 2123 δράκα,
1545 2074 1563 2106 ί
1602 2055 1792 2124 plenus
1814 2073 1932 2112 ma»

351 2135 516 2194 nu.__i_
554 2119 706 2194 Hanc
743 2119 1190 2178 lectioncm'cum
1229 2119 1698 2194 sequentibus-ex
1745 2127 1930 2182 codice

351 2187 640 2246 Basiliensi
673 2201 1006 2247 mutuamur.

2038 1426 2287 1507 Qoisﬂn;
2301 1435 2356 1486 οὶ
2379 1436 2602 1507 λοιποὶ,
2626 1434 2963 1507 κολλυρίδας,
2992 1435 3085 1490 ubi
3113 1433 3429 1491 Basiliensis
3455 1434 3623 1492 habet

2253 1501 2314 1576 Θ.
2341 1503 2629 1576 κολλύρας,
2659 1515 2763 1561 etc.

2041 1569 2381 1692 Balsliiijtuigi?
2422 1569 2518 1643 δ”.
2554 1569 2682 1642 Th"
2728 1575 2994 1648 κολλύρας
3031 1575 3511 1647 ἀναπεφυρμένην
3548 1591 3621 1633 εἰ

2086 1655 2329 1696 aSlllt‘IISI
2343 1683 2354 1698 .

2110 1707 2175 1788 Υ-
2209 1711 2260 1788 εξ,
2303 1714 2404 1788 ’ᾼη
2432 1715 2514 1788 Σε,
2542 1714 2631 1788 θ..
2666 1715 2912 1788 ψωμούς.
2949 1715 3037 1788 εχ
3061 1715 3365 1788 Basiliensi.

2121 1779 2178 1834 ν.
2225 1783 2276 1834 9.
2323 1785 2425 1848 Ἀ.,
2458 1779 2521 1838 Θ.
2564 1779 2790 1858 πύρρον.
2833 1779 2925 1842 Sic
2963 1787 3141 1841 solent
3170 1787 3619 1858 interpretesiisti

2040 1861 2252 1931 vertere
2280 1868 2467 1931 vocem
2483 1855 2653 1931 farm,
2673 1855 3096 1931 ut_saepe_vide_as
3122 1856 3283 1931 infra.
3316 1855 3396 1909 Ex
3421 1857 3618 1912 eodem

2043 1918 2351 1998 Basiliensi,
2371 1925 2703 1998 _—_Coislin.
2743 1918 2944 1998 1.1.18.
2973 1928 3164 1998 πύρον.
3198 1925 3308 1982 Sic.

2115 1989 2175 2042 ν.
2213 1994 2300 2046 14.
2340 1995 2417 2047 Ἀ.
2458 1995 2516 2047 ὲν
2551 1997 2707 2068 πυρί.
2738 1997 2819 2051 Ex
2851 1989 3156 2052 Basiliensi.

2107 2083 2330 2150 Ibidem,
2362 2086 2436 2140 ita
2478 2095 2588 2142 tres
2625 2103 2759 2143 mss.
2809 2088 2983 2160 Regii,
3009 2104 3244 2160 quorum
3273 2105 3419 2144 unus
3450 2089 3620 2146 habet

2033 2173 2260 2267 λάγανα.
2305 2176 2474 2233 Totus
2510 2179 2664 2235 locus
2697 2178 2966 2236 llebraice
3007 2181 3086 2236 sic
3131 2181 3296 2236 habet
3325 2165 3442 2267 ηενρ
3473 2189 3620 2241 ι’ἒκ

354 2329 364 2340 ,
416 2258 485 2344 _v.
514 2261 567 2313 4.
600 2263 847 2344 fama
883 2264 942 2315 ὲν
983 2245 1242 2344 κλιβάνῳ.
1278 2263 1368 2344 sic
1397 2264 1732 2344 Basiliensis,
1759 2267 1924 2322 tacito

2042 2273 2183 2328 ’D‘D
2218 2279 2342 2344 W7:
2370 2280 2522 2335 tam,
2559 2273 2596 2327 i.
2631 2289 2682 2329 e.
2721 2291 2739 2323 ι
2777 2273 3039 2328 Teneram
3065 2275 3271 2344 spicam
3314 2252 3513 2330 tosiam
3561 2277 3615 2330 in

351 2335 666 2400 interprete,
717 2348 880 2402 quem
943 2336 1190 2404 sequitur
1236 2335 1485 2406 vulgatus
1533 2336 1820 2406 interpres.
1852 2367 1924 2377 —
2025 2337 2150 2407 igne
2185 2358 2200 2394 :
2235 2341 2474 2396 triticum
2504 2352 2797 2400 contusum
2842 2345 3031 2400 viridis
3075 2335 3256 2416 spica.
3299 2365 3320 2398 ι
3352 2343 3623 2418 Hierony-

1583 2520 1843 2583 CAPUT
1897 2521 1986 2583 lII
2023 2523 2398 2586 LEYlTlCl.

420 2662 472 2716 1.
515 2661 573 2717 Si
609 2670 790 2719 autem
826 2665 1157 2720 sacriﬁcium
1186 2667 1444 2723 salutaris
1468 2683 1670 2724 munus
1701 2667 1822 2739 ejus
1855 2681 1923 2724 οε·-

354 2755 588 2810 Domino
614 2754 639 2824 1
675 2758 722 2811 si
753 2756 973 2826 quidem
997 2774 1062 2812 ex
1092 2758 1270 2816 bobus
1304 2760 1421 2815 suis
1467 2760 1776 2825 adduxerit,
1813 2761 1930 2815 sive

349 2853 657 2908 masculum
699 2851 814 2906 sive
863 2849 1185 2905 femininum
1207 2893 1222 2915 ,
1254 2851 1666 2905 immaculatum
1696 2851 1930 2906 adducet

350 2944 483 2999 illud
515 2953 638 2999 ante
661 2942 972 2998 Dominum.
1004 2943 1060 2998 2.
1087 2942 1154 2996 Et
1176 2943 1418 3012 imponet
1449 2958 1648 2998 manus
1677 2958 1807 2997 suas
1833 2957 1928 2996 su-

347 3052 446 3105 per
471 3044 636 3106 caput
664 3036 906 3091 muneris
929 3039 995 3104 >κ
1014 3035 1097 3090 sui
1125 3037 1148 3105 1
1179 3044 1232 3090 et
1248 3035 1520 3104 jugulabit
1548 3039 1613 3103 )a(
1647 3035 1778 3090 illud
1805 3036 1826 3104 1
1862 3035 1928 3089 ad

346 3130 546 3199 januas
606 3128 942 3183 tabernaculi
1003 3127 1347 3184 testimonii:
1391 3136 1446 3183 et
1498 3126 1778 3182 effundent
1831 3127 1930 3182 ﬁlii

349 3222 536 3272 Aaron
576 3220 886 3274 sacerdotes
915 3217 1237 3289 sanguinem
1269 3233 1434 3287 super
1473 3217 1643 3272 altare
1677 3231 1739 3272 σιν
1778 3219 1932 3272 holo—

352 3318 671 3365 caustorum
705 3309 728 3378 1
762 3309 819 3364 in
848 3310 1106 3365 circuitu.
1156 3310 1210 3364 5.
1253 3308 1320 3364 Et
1341 3309 1570 3365 offerent
1610 3309 1676 3364 de
1716 3309 1928 3364 sacriﬁ-

351 3402 439 3456 cio
465 3401 724 3456 salutaris
757 3401 1092 3457 oblationem
1134 3401 1362 3457 Domino
1383 3441 1398 3465 ,
1423 3401 1639 3471 adipem
1680 3401 1775 3472 qui
1801 3417 1929 3456 coo—

351 3493 492 3562 perit
542 3502 805 3560 ventrem,
864 3502 920 3547 et
965 3479 1189 3548 Iamnem
1250 3493 1462 3563 adipem
1511 3494 1606 3562 qui
1653 3502 1738 3549 est
1766 3508 1931 3563 super

353 3595 618 3640 ventrem.
670 3586 724 3640 4.
786 3585 850 3640 Et
875 3587 1015 3642 duos
1047 3601 1227 3650 renes,
1287 3595 1342 3641 et
1374 3585 1586 3656 adipem
1643 3586 1738 3656 qui
1765 3600 1931 3656 super

352 3679 522 3749 ipsos,
549 3678 643 3749 qui
667 3693 835 3749 super
867 3677 1094 3746 femora,
1113 3687 1166 3734 et
1190 3693 1432 3748 pennam
1450 3694 1572 3748 quae
1589 3693 1753 3747 super
1777 3678 1932 3747 jecur

350 3783 478 3823 cum
511 3769 733 3824 renibus
759 3767 988 3823 auferet.
1038 3768 1090 3823 5.
1149 3767 1217 3822 Et
1241 3768 1470 3824 offerent
1519 3783 1581 3823 ea
1617 3768 1714 3822 ﬁlii
1743 3769 1931 3824 Aaron

351 3876 516 3931 super
568 3862 758 3924 altare,
810 3877 975 3931 super
1019 3861 1500 3928 holocautomata,
1546 3877 1711 3931 super
1761 3861 1928 3930 ligna,

350 3967 474 4021 quae
506 3969 668 4023 super
695 3954 873 4024 ignem
906 3969 919 4005 :
947 3953 1154 4009 oblatio
1181 3954 1318 4008 odor
1357 3955 1644 4010 suavitatis
1678 3955 1925 4012 Domino.

353 4057 517 4111 ματα,
545 4042 638 4094 ἐπὶ
659 4042 726 4095 τὰ
752 4040 882 4106 ξύλα
909 4042 976 4096 τὰ
1014 4044 1106 4096 ἐπὶ
1131 4042 1224 4096 τοῦ
1250 4044 1420 4115 πυρός
1442 4061 1456 4074 ·
1486 4043 1767 4116 κάρπωμα
1787 4043 1930 4115 ὀσμὴ

419 4137 474 4191 6.
518 4137 577 4191 Si
624 4145 804 4192 autem
850 4137 919 4193 de
950 4139 1144 4194 ovibus
1176 4156 1377 4194 munus
1425 4140 1544 4209 ejus
1591 4140 1926 4195 sacriﬁcium

352 4231 612 4286 salutaris
643 4231 896 4296 Domino,
928 4233 1234 4288 masculum
1256 4243 1350 4287 aut
1371 4232 1699 4287 femininum
1733 4235 1929 4288 imma-

351 4323 591 4377 culatum
620 4324 810 4379 offeret
834 4324 988 4379 illud.
1016 4325 1067 4378 7.
1101 4323 1162 4378 Si
1188 4340 1388 4396 agnum
1414 4325 1702 4379 adduxerit
1726 4340 1927 4380 munus

273 4473 295 4500 ι
352 4431 536 4482 suum,
566 4415 755 4470 offeret
806 4416 939 4470 illud
985 4426 1111 4471 ante
1137 4416 1450 4472 Dominum.
1500 4416 1553 4471 8.
1585 4415 1653 4470 Et
1685 4417 1926 4486 imponet

293 4501 303 4522 ‘
350 4523 578 4562 manum
631 4511 699 4576 )K
746 4523 902 4562 suam
939 4507 962 4576 1
1013 4523 1176 4579 super
1209 4517 1372 4578 caput
1417 4509 1662 4564 muneris
1706 4508 1835 4563 sui:
1871 4516 1924 4562 et

345 4596 619 4666 jugulabit
653 4597 786 4652 illud
815 4597 882 4652 ad
911 4598 1109 4668 januas
1141 4599 1477 4654 tabernaculi
1511 4599 1830 4655 testimonii.
1869 4598 1923 4652 9.

349 4688 418 4742 Et
445 4688 722 4744 effundent
753 4689 848 4744 ﬁlii
882 4689 1064 4746 Aaron
1094 4706 1157 4746 οξ-
1187 4691 1497 4746 sacerdotes
1529 4692 1551 4761 1
1602 4691 1926 4762 sanguinem

352 4783 422 4846 )ι(
459 4781 580 4850 ejus
616 4784 638 4852 1
669 4797 831 4851 super
855 4783 1029 4838 altare
1062 4785 1117 4839 in
1145 4784 1397 4841 circuitu.
1428 4785 1494 4840 Et
1527 4784 1716 4840 oﬂ‘eret
1743 4785 1811 4839 de
1837 4801 1926 4842 sa-

2104 2668 2154 2723 1.
2201 2668 2326 2723 Ἐὰν
2367 2669 2424 2722 δὲ
2464 2669 2624 2724 θυσία
2662 2671 2932 2742 σωτηρίου
2959 2670 3022 2724 τὸ
3045 2669 3216 2745 δῶρον
3250 2669 3416 2723 αὐτού
3444 2682 3509 2725 -t-
3539 2665 3620 2740 τῷ

2031 2762 2222 2834 Κυρίῳ
2251 2761 2274 2830 1
2305 2761 2400 2815 ἐὰν
2441 2762 2539 2833 μὲν
2568 2765 2632 2816 ὲκ
2673 2761 2783 2816 τῶν
2822 2761 2961 2833 βοῶν
2992 2760 3158 2816 αὐτοῦ
3205 2762 3480 2832 προσάγῃ,
3515 2759 3616 2815 ὲάν

2030 2869 2090 2904 τε
2118 2853 2305 2924 ἄρσεν,
2339 2853 2433 2906 ὲάν
2464 2869 2524 2906 τε
2550 2853 2708 2924 θῆλυ,
2730 2855 2958 2926 ἄμωμον
2987 2851 3249 2924 προσάξει
3269 2853 3403 2906 αὐτὸ
3434 2852 3620 2906 ἔναντι

2032 2943 2262 3014 Κυρίου.
2298 2943 2371 2997 2.‘
2393 2946 2504 2999 Καὶ
2546 2945 2794 3017 ἐπιθήσει
2822 2945 2923 3009 τὰς
2963 2947 3153 3017 χεῖρας
3180 2943 3346 2997 αὑτοῦ
3382 2943 3475 2996 ἐπὶ
3514 2943 3618 3014 τὴν

2033 3033 2274 3106 κεφαλήν
2302 3034 2397 3088 τοῦ
2428 3035 2601 3108 δώρου
2637 3039 2704 3106 με
2738 3036 2906 3090 αὐτοῦ
2933 3037 2956 3107 1
2991 3036 3085 3090 καὶ
3110 3033 3304 3105 σφάξει
3329 3037 3397 3103 x
3424 3034 3559 3088 αὐτό
3589 3035 3613 3103 1

2032 3125 2184 3196 παρὰ
2232 3124 2332 3189 τὰς
2379 3125 2548 3197 θύρας
2591 3128 2690 3198 τῆς
2740 3128 2944 3199 σκηνῆς
2979 3126 3074 3181 τοῦ
3136 3127 3469 3198 μαρτυρίου·
3523 3126 3618 3179 καὶ

2032 3218 2391 3290 προσχεοῢσιν
2418 3221 2469 3271 οἱ
2493 3219 2599 3273 υἱοὶ
2631 3217 2841 3291 Ἀαρὼν
2883 3221 2934 3272 οἱ
2974 3221 3140 3292 ἱερεῖς
3163 3219 3225 3272 τὸ
3265 3212 3403 3288 αἷμα
3432 3217 3529 3270 ἐπὶ
3553 3217 3618 3272 τὸ

2033 3308 2417 3382 θυσιαστήριον
2462 3323 2526 3364 —:—
2570 3309 2680 3363 τῶν
2725 3310 3186 3380 ὁλοκαυτωμάτων
3233 3311 3254 3380 1
3306 3309 3511 3380 κύκλῳ.
3558 3309 3614 3364 5.

2031 3401 2144 3454 Kal.
2170 3401 2535 3472 προσάξουσιν
2571 3401 2678 3454 ἀπὸ
2704 3402 2801 3472 τῆς
2828 3401 3018 3464 θυσίας
3043 3400 3138 3454 τοῦ
3178 3399 3448 3472 σωτηρίου
3478 3401 3620 3471 κάρ-

2032 3510 2202 3564 πωμα
2238 3493 2451 3566 Κυρίῳ,
2489 3493 2550 3545 τὸ
2595 3493 2760 3563 στέαρ
2797 3492 2858 3546 τὸ
2901 3491 3321 3546 κατακαλύπτον
3366 3493 3466 3562 τὴν
3503 3508 3621 3545 κοι-

2032 3583 2174 3648 λίαν,
2210 3586 2304 3639 καὶ
2349 3587 2456 3640 πᾶν
2487 3585 2548 3638 τὸ
2577 3584 2742 3656 στέαρ
2774 3584 2834 3638 τὸ
2865 3585 2958 3637 ἐπὶ
3003 3583 3102 3654 τὴν
3150 3583 3379 3638 κοιλίαν.
3410 3583 3463 3637 4.
3506 3583 3619 3638 Καὶ

2032 3675 2158 3738 τοὺς
2195 3674 2290 3728 δύο
2333 3675 2584 3748 νεφροὺς,
2631 3675 2723 3728 καὶ
2764 3675 2827 3728 τὸ
2877 3675 3043 3746 στέαρ
3085 3675 3146 3727 τὸ
3187 3675 3273 3727 ἐπ’
3312 3674 3513 3740 αὐτῶν,
3554 3675 3617 3728 τὸ

2033 3770 2128 3822 ἐπὶ
2159 3767 2267 3820 τῶν
2303 3768 2532 3838 μηρίων,
2562 3769 2771 3822 καὶτὸν
2807 3767 2961 3822 λόϐον
2999 3768 3091 3821 τὸν
3132 3769 3224 3821 ἐπὶ
3265 3767 3360 3820 τοῦ
3402 3768 3616 3837 ἥπατος

2037 3862 2133 3914 σὺν
2161 3862 2274 3923 τοῖς
2307 3864 2526 3932 νεφροῖς
2555 3862 2812 3933 περιελεῖ.
2842 3861 2896 3915 5.
2928 3862 3038 3914 Καὶ
3065 3861 3370 3914 ἀνοίσουσιν
3398 3860 3540 3914 αὐτὰ
3564 3861 3616 3914 ot

2035 3954 2142 4006 υἱοὶ
2177 3952 2388 4024 Ἀαρὼν
2413 3953 2506 4005 ἐπὶ
2546 3955 2607 4006 τὸ
2647 3953 3031 4024 θυσιαστήριον
3072 3953 3166 4006 ἐπὶ
3195 3953 3263 4006 τά
3305 3951 3618 4005 ὁλοκαυτώ-

1967 4043 2193 4106 εύωδίας
2219 4044 2429 4114 Κυρίῳ.

2104 4138 2159 4192 6.
2206 4138 2332 4192 Ἐάν
2359 4138 2416 4192 δὲ
2449 4138 2556 4192 ἀπὸ
2587 4139 2696 4192 τῶν
2723 4139 3010 4211 προῦάτων
3034 4138 3097 4192 τὸ
3120 4137 3292 4208 δῶρον
3318 4138 3484 4192 αὑτοῦ
3523 4138 3618 4192 θυ-

2033 4232 2154 4285 σίαν
2208 4231 2475 4302 σωτηρίου
2527 4230 2604 4301 τῷ
2657 4232 2868 4303 Κυρίῳ,
2903 4232 3068 4304 ἄρσεν
3109 4232 3142 4302 ἢ
3193 4231 3326 4302 θῆλυ
3381 4232 3616 4303 ἄμωμον

2033 4323 2312 4394 προσοίσει
2351 4323 2504 4376 αύτό’
2538 4324 2591 4379 7.
2639 4324 2762 4376 Ἐὰν
2791 4325 2930 4396 ἄρνα
2959 4325 3209 4395 προσάγῃ
3235 4324 3295 4376 τὸ
3318 4323 3488 4394 δῶρον
3517 4325 3616 4378 αύ-

2027 4418 2144 4481 τού,
2175 4417 2453 4490 προσοίσει
2483 4417 2615 4470 αὐτὸ
2649 4416 2829 4471 ἔναντι
2857 4418 3087 4489 Κυρίου.
3125 4417 3178 4471 8.
3209 4418 3318 4469 Καὶ
3360 4415 3616 4487 ἐπιθήσει

2026 4510 2126 4579 τὴν
2154 4511 2311 4580 χεῖρα
2361 4510 2429 4575 >ε<
2463 4506 2681 4574 αὐτούς
2731 4507 2823 4560 ἐπὶ
2863 4508 2964 4578 τὴν
3013 4507 3251 4578 κεφαλὴν
3299 4505 3395 4560 τοῦ
3436 4505 3614 4578 δώρου

2026 4602 2194 4656 αὐτοῦ
2214 4619 2228 4632 ·
2266 4601 2361 4655 xat
2389 4600 2579 4669 σφάξει
2607 4600 2740 4653 αὐτὸ
2766 4601 2918 4672 παρὰ
2954 4599 3052 4663 τὰς
3076 4599 3244 4672 θύρας
3272 4599 3374 4668 τῆς
3404 4599 3617 4671 σκηνῆς

2025 4693 2120 4746 τοῦ
2170 4691 2490 4765 μαρτυρίου.
2521 4692 2575 4745 9.
2617 4691 2730 4744 Καὶ
2769 4692 3128 4763 προσχεοῖωιν
3169 4694 3218 4744 οί
3262 4692 3366 4745 υἱοὶ
3401 4689 3618 4762 Ἀαρὼν

2031 4798 2095 4839 σε-
2130 4785 2180 4836 οί
2213 4785 2376 4854 ἱερεῖς
2407 4782 2431 4850 1
2467 4783 2530 4835 τὸ
2564 4778 2702 4854 αἷμα
2745 4784 2812 4851 3b:
2846 4781 3011 4836 αὐτοῦ
3041 4784 3061 4853 1
3106 4783 3198 4836 ἐπὶ
3236 4782 3296 4835 τὸ
3323 4781 3618 4856 θυσιαστή-

352 4871 562 4933 criticio
592 4874 850 4930 salutaris
888 4875 1222 4932 oblationem
1272 4876 1503 4933 Domino
1530 4915 1547 4943 ,
1603 4876 1817 4946 adipem
1876 4885 1932 4930 et

2042 4891 2144 4944 ptov
2181 4873 2388 4946 κύκλῳ.
2435 4876 2548 4930 Καὶ
2581 4873 2860 4946 προσοίσει
2893 4874 3003 4929 ἀπὸ
3029 4874 3130 4944 τῆς
3162 4873 3351 4938 θυσίας
3382 4872 3619 4927 106cm-

623 4993 711 5046 ΤΟ
750 4994 1118 5047 ΕΒΡΑΙΚΟΝ.

1746 4993 1833 5044 ΤΟ
1868 4991 2217 5044 ΕΒΡΑῘΚΟΝ

2940 4986 3242 5044 ΑΚΥΛΑΣ.

1646 5059 1970 5134 Ἑλληνικοῖς
2003 5061 2311 5133 γράμμασι.

1051 5143 1253 5222 τινών]
1293 5161 1319 5214 t
1539 5162 1593 5214 1.

1125 5261 1256 5312 ΠτΰΝ
1292 5253 1326 5306 5
1540 5255 1594 5308 5.

1044 5326 1254 5402 whom
1291 5344 1324 5398 4
1538 5346 1591 5399 4.

457 5459 712 5519 VERSIO
750 5462 1074 5522 HEBRAICI
1103 5466 1309 5523 ΤΕΧΤ.

426 5581 478 5635 1.
513 5579 890 5639 Paciﬁcorum.

425 5677 477 5729 5.
516 5675 728 5745 lgnitio.

427 5767 481 5820 4.
510 5767 622 5822 lliu.
1530 5767 1584 5824 4.
1616 5768 1732 5823 Ilia.

1670 5463 1997 5522 VULGATA
2039 5463 2312 5520 LATINA.

1535 5583 1580 5634 1.
1612 5579 1993 5636 Paciﬁcorum.

1538 5679 1591 5730 5.
1625 5674 1684 5730 ln
1711 5675 2064 5733 oblationem.
2646 5666 2700 5720 3-

2643 5155 2696 5211 1.
2721 5153 3043 5226 Εἰρηνικὼν.

2649 5249 2701 5303 3.

2647 5344 2699 5397 4.

2955 5457 3234 5524 Αρυιω.

2653 5572 2701 5626 1.
2738 5571 3112 5629 Paciﬁcorum.

2620 5755 2702 5855 ‘4.
