3868 6214
399 289 506 345 543

395 422 612 463 omnem
635 405 953 478 sanguinem
1000 405 1153 460 vituli
1194 404 1434 462 eﬂ'undet
1480 407 1548 463 ad
1579 410 1755 466 basim
1782 411 1968 468 altaris

395 497 698 554 holocausti
721 539 735 562 ,
783 495 931 566 quod
980 504 1066 551 est
1099 496 1165 550 ad
1197 496 1397 566 januas
1432 497 1773 554 tabernaculi
1812 501 1970 555 testi-

394 589 587 646 monii.
628 589 685 644 8.
726 587 793 643 Et
832 601 1052 642 omnem
1111 587 1328 657 adipem
1375 588 1529 642 vituli
1589 605 1688 658 pro
1744 599 1968 660 peccato

393 679 604 736 auferet
655 679 724 734 ab
779 694 880 743 eo,
933 679 1146 749 adipem
1206 679 1542 749 operientem
1596 681 1879 747 intestina,
1916 689 1972 736 et

391 787 610 828 omnem
642 771 878 840 adipem,
905 772 998 840 qui
1024 779 1108 825 est
1137 786 1302 840 super
1327 772 1624 826 intestina:
1659 772 1712 826 9.
1747 769 1968 828 Etduos

391 878 572 926 renes.
603 871 658 917 et
693 862 905 931 adipem
930 862 1025 930 qui
1069 875 1232 930 super
1262 861 1432 930 ipsos,
1463 862 1557 931 qui
1591 870 1676 916 est
1703 877 1868 932 super
1893 861 1972 916 fe-

309 1000 326 1018 .
391 970 569 1020 mora,
609 962 665 1010 et
711 969 946 1024 pennam
1002 969 1126 1024 qua:
1179 968 1345 1022 super
1378 953 1534 1024 jecur
1579 969 1704 1009 cum
1747 955 1972 1010 renibus

391 1044 604 1100 auferct
628 1045 826 1116 ipsam,
873 1044 960 1099 10.
1001 1045 1460 1115 quemadmodum
1517 1045 1766 1101 aufertur
1795 1046 1912 1116 ipsa
1939 1060 1972 1100 a

389 1138 561 1192 vitulo
591 1136 844 1192 sacrificii
873 1137 1152 1200 salutaris,
1188 1145 1243 1191 et
1295 1135 1485 1190 offeret
1514 1137 1689 1208 ipsam
1714 1137 1970 1193 sacerdos

391 1248 552 1302 super
587 1231 757 1286 altare
782 1231 1111 1285 bolocausti.
1144 1230 1232 1284 11.
1269 1230 1333 1285 Ει
1357 1229 1552 1300 pellem
1585 1230 1744 1284 vituli
1771 1239 1825 1285 et
1847 1246 1970 1284 om-

392 1339 514 1380 nem
547 1326 664 1395 ejus
696 1340 914 1379 carnem
944 1340 1070 1379 cum
1119 1321 1295 1395 capite
1352 1324 1493 1394 ejus,
1529 1332 1583 1378 et
1613 1323 1974 1378 extremitati-

391 1418 515 1480 bus,
556 1425 609 1471 et
641 1425 850 1483 ventre,
875 1425 929 1469 et
954 1417 1103 1470 limo.
1132 1416 1220 1470 12.
1255 1414 1322 1469 El
1367 1414 1594 1472 eﬂerent
1632 1424 1804 1471 totum
1831 1416 1974 1469 vitu-

391 1509 504 1561 lum
534 1516 686 1562 extra
724 1519 904 1562 castra
934 1507 988 1561 in
1018 1508 1200 1562 locum
1227 1507 1524 1586 mundum,
1557 1508 1650 1562 ubi
1689 1508 1975 1564 effundunt

391 1597 647 1662 cinerem,
689 1606 744 1652 et
768 1599 1089 1652 comburent
1131 1598 1285 1652 illum
1349 1613 1513 1667 super
1545 1599 1691 1670 ligna
1714 1601 1767 1653 in
1804 1599 1969 1672 igne:

395 1705 561 1759 super
597 1691 864 1746 effusione
892 1691 1094 1746 cineris
1117 1691 1469 1747 cremabitur.

1423 292 1906 352 HEXAPLORUM
1943 291 2111 362 QUAE
2155 291 2595 350 SUPERSUNT.

3542 296 3664 361 ιιι

2071 409 2371 474 συνθέσεως
2398 408 2575 463 ἔναντι
2600 407 2828 480 Κυρίου,
2888 408 2918 462 ὃ
2964 407 3112 463 ἔστιν
3147 407 3206 462 ὲν
3230 409 3298 480 τῇ
3327 410 3498 481 σκηνῇ
3550 410 3662 464 τοῦ

2071 501 2394 574 μαρτυρίου.
2426 501 2535 556 Kal
2569 501 2676 554 πᾶν
2707 501 2767 554 τὸ
2799 493 2940 572 αἷμα
2977 498 3073 554 τοῦ
3113 499 3313 571 μόσχου
3335 502 3515 571 ὲκχεεῖ
3543 517 3668 555 πα.-

2072 590 2142 661 ρὰ
2171 589 2267 660 τὴν
2294 589 2450 659 βάσιν
2483 587 2576 641 τοῦ
2603 587 2993 660 θυσιαστηρίου
3033 589 3132 660 τῆς
3159 587 3606 654 ὁλοκαυτώσεως,
3632 591 3667 645 δ

2069 682 2217 733 ἐστιν
2249 680 2400 751 παρὰ
2446 679 2545 742 τὰς
2578 678 2748 750 θύρας
2793 679 2892 750 τῆς
2925 679 3132 749 σκηνῆς
3183 678 3276 732 τοῦ
3325 679 3662 750 μαρτυρίου.

2070 773 2121 827 8.
2154 773 2264 826 Kal
2296 774 2404 826 πᾶν
2431 773 2493 826 τὸ
2521 771 2686 844 στέαρ
2715 771 2808 825 τοῦ
2855 771 3055 843 μόσχου
3089 769 3184 825 τοῦ
3217 771 3317 842 τῆς
3354 771 3662 843 ἁμαρτίας,

2071 865 2313 936 περιελεῖ
2355 865 2449 919 ἀπ’
2501 863 2689 930 αὐτοῦ,
2731 864 2790 918 τὸ
2842 865 3008 936 στέαρ
3037 864 3097 917 τὸ
3123 865 3535 920 κατακαλύπτον
3589 867 3667 920 τὰ

2070 958 2338 1022 ὲνδόσθια,
2393 957 2487 1012 καὶ
2519 959 2626 1011 πᾶν
2673 957 2734 1010 τὸ
2765 956 2928 1030 στέαρ
2960 957 3020 1012 τὸ
3067 958 3161 1011 ἐπὶ
3192 957 3300 1011 τῶν
3342 957 3665 1023 ὲνδοσθίων,

2070 1051 2123 1106 9.
2158 1050 2268 1103 Kal
2293 1049 2420 1112 τοὺς
2445 1047 2538 1101 δύο
2565 1049 2817 1120 νεφροὺς,
2880 1049 2974 1102 καὶ
3006 1048 3069 1101 τὸ
3121 1048 3286 1120 στέαρ
3318 1048 3379 1100 τὸ
3430 1049 3520 1100 ἐπ’
3557 1047 3671 1099 αὑ-

2072 1141 2201 1206 τῶν,
2232 1142 2260 1194 ὅ
2282 1141 2429 1195 ἐστιν
2464 1140 2557 1193 ἐπὶ
2591 1141 2698 1193 τῶν
2726 1139 2960 1211 μηρίων,
2990 1139 3085 1192 καὶ
3135 1139 3226 1192 τὸν
3248 1139 3402 1191 λόεον
3436 1138 3529 1191 τὸν
3561 1136 3668 1188 ὲ.πὶ

2072 1232 2164 1286 τοῦ
2199 1233 2428 1303 ἥπατος,
2457 1233 2552 1286 σὺν
2577 1233 2690 1296 τοῖς
2718 1233 2933 1300 νεφροῖς
2963 1229 3204 1302 περιελεῖ
3251 1230 3404 1293 αὐτὸ,
3439 1229 3524 1283 10.
3558 1229 3667 1280 Ὃν

2071 1327 2271 1396 τρόπον
2325 1326 2641 1396 άπαιρεῖται
2697 1323 2804 1377 ἀπὸ
2838 1322 2930 1376 τοῦ
2962 1323 3161 1394 μόσχου
3193 1322 3288 1376 τοῦ
3333 1323 3430 1393 τῆς
3463 1321 3667 1386 θυσίας

2072 1418 2165 1470 τοῦ
2189 1417 2475 1489 σωτηρίου.
2503 1418 2614 1469 Kal
2658 1415 2860 1469 ἀνοίσει
2905 1416 3038 1468 αὐτὸ
3070 1416 3098 1467 ὁ
3142 1417 3321 1486 ἱερεὺς
3347 1415 3438 1467 ἐπὶ
3468 1415 3530 1468 τὸ
3558 1414 3666 1467 θυ-

2076 1510 2389 1580 σιαστήριον
2418 1509 2515 1579 τῆς
2574 1506 2931 1579 καρπώσεως.
2987 1508 3071 1562 11.
3111 1507 3222 1559 Kal
3274 1507 3335 1559 τὸ
3364 1506 3538 1577 δέρμα
3559 1503 3665 1558 τοῦ

2079 1601 2301 1672 μόσχου,
2334 1601 2429 1654 καὶ
2452 1601 2631 1654 πᾶσαν
2663 1599 2826 1653 αὐτοῦ
2876 1597 2973 1670 τὴν
3011 1599 3190 1670 σάρκα
3228 1599 3324 1651 σὺν
3350 1600 3418 1669 τῇ
3443 1596 3665 1668 κεφαλῇ

2081 1689 2266 1753 αὐτοῦ,
2297 1689 2394 1742 καὶ
2453 1692 2566 1752 τοῖς
2599 1688 2948 1759 ἀκροτηρίοις
2976 1687 3070 1740 καὶ
3125 1690 3192 1758 τῇ
3251 1686 3428 1757 κοιλίᾳ
3469 1686 3562 1740 καὶ
3587 1687 3667 1756 τῇ

391 1783 603 1854 κόπρῳ.
637 1783 723 1836 12.
761 1783 872 1836 Kal
913 1783 1209 1850 ἐξοίσουσιν
1241 1784 1362 1837 ὅλον
1405 1785 1497 1838 τὸν
1543 1785 1741 1855 μόσχον
1783 1785 1888 1852 ἔξω
1921 1785 2022 1854 τῆς
2062 1781 2413 1853 παρεμϐολῆς
2459 1783 2539 1845 είς
2591 1781 2755 1834 τόπον
2812 1780 3072 1852 καθαρὸν,
3110 1775 3172 1833 οὗ
3228 1779 3508 1850 ἐκχεοῦσιν
3557 1781 3669 1852 τὴν

396 1874 641 1938 σποδιὰν,
658 1875 752 1928 καὶ
771 1876 1209 1930 κατακαύσουσιν
1237 1877 1401 1931 αὐτὸν
1427 1878 1520 1930 ἐπὶ
1541 1876 1712 1944 ξύλων
1739 1878 1796 1930 ὲν
1814 1877 1968 1946 πυρίο
2009 1877 2101 1928 ἐπὶ
2130 1874 2227 1946 τῆς
2251 1873 2524 1943 ὲκχύσεως
2544 1873 2645 1943 τῆς
2689 1872 2911 1935 σποδιᾶς
2931 1872 3280 1942 καυθήσεται.

466 1969 556 2023 15.
592 1967 649 2023 Si
676 1979 855 2024 autem
892 1970 1072 2026 omnis
1105 1968 1387 2042 Synagoga
1414 1973 1582 2027 Israel
1619 1973 1970 2042 ignoraverit,

395 2071 450 2118 et
477 2063 942 2118 latueritverbum
973 2064 1040 2118 ab
1083 2064 1258 2121 oculis
1306 2067 1628 2136 Synagogze,
1661 2074 1714 2120 et
1743 2066 1975 2122 fecerint

399 2169 570 2210 unum
594 2156 660 2209 de
684 2155 942 2209 omnibus
969 2157 1243 2212 mandatis
1288 2155 1522 2223 Domini,
1553 2159 1697 2228 quod
1725 2173 1834 2213 non
1859 2158 1971 2222 ﬁet,

399 2253 455 2302 et
483 2246 812 2316 deliquerint
856 2265 868 2299 :
925 2247 1013 2301 M.
1072 2246 1138 2301 Et
1195 2248 1495 2303 innotuerit
1537 2249 1616 2304 eis
1664 2259 1970 2319 peccatum,

396 2337 545 2407 quod
575 2346 936 2408 peccaverunt
963 2339 1014 2392 in
1048 2353 1115 2393 eo
1145 2347 1234 2393 :et
1257 2339 1487 2395 adducet
1515 2339 1799 2412 Synagoga
1829 2341 1972 2396 vitu-

400 2431 510 2484 lum
535 2443 601 2483 ex
640 2430 816 2484 bobus
855 2444 916 2485 -ι-
982 2431 1395 2485 immaculatum
1424 2431 1447 2499 ζ
1485 2446 1586 2500 pro
1622 2440 1845 2500 peccato
1878 2451 1891 2487 :
1920 2441 1974 2488 et

395 2519 646 2574 adducet
690 2534 817 2573 eum
869 2520 937 2574 ad
992 2521 1193 2575 ostium
1250 2521 1586 2576 tabernaculi
1649 2523 1970 2579 testimonii.

397 2610 487 2665 15.
513 2608 579 2664 Ει
604 2609 886 2680 imponent
909 2611 1154 2666 seniores
1179 2609 1477 2684 Synagoga:
1498 2627 1697 2669 manus
1725 2629 1856 2668 suas
1881 2629 1975 2669 su-

394 2717 493 2771 per
515 2711 679 2771 caput
707 2701 864 2757 vituli
896 2711 1021 2760 ante
1052 2701 1366 2767 Dominum,
1393 2703 1794 2773 etjugulabunt
1832 2705 1976 2759 vitu-

396 2794 510 2849 lum
542 2803 669 2850 ante
696 2793 1010 2851 Dominum.
1042 2794 1130 2849 16.
1170 2794 1236 2850 Et
1267 2796 1466 2852 inferet
1509 2797 1787 2852 sacerdos.
1866 2837 1881 2854 .
1961 2836 1975 2851 .

436 2993 1974 3040 euc._...............

436 2995 1972 3051 ευς.θ..............

400 2995 434 3048 ρ
471 3071 558 3125 17.
687 3073 953 3143 sanguine
984 3072 1135 3126 vituli
1175 3090 1188 3126 :
1219 3080 1274 3127 et
1315 3079 1566 3143 asperget
1598 3070 1800 3141 septies
1845 3079 1972 3127 ante

400 3162 692 3220 Dominum
719 3167 784 3222 ad
813 3164 1006 3221 faciem
1039 3163 1324 3221 velaminis
1349 3179 1414 3221 σι-
1436 3165 1610 3221 sancti
1647 3165 1668 3233 ζ
1701 3165 1787 3221 18.
1814 3162 1882 3221 Ει
1905 3165 1974 3221 de

1815 3348 1904 3402 ΤΟ
1935 3347 2286 3402 EBPAIKON

2155 1971 2243 2024 15.
2293 1969 2419 2023 Ἐὰν
2471 1969 2527 2021 δὲ
2561 1970 2713 2022 πᾶσα
2769 1970 3061 2042 συναγωγὴ
3115 1969 3324 2041 Ἰσραὴλ
3387 1971 3664 2042 ἀγνοήσῃς

2080 2065 2173 2119 καὶ
2217 2063 2356 2138 λάθῃ
2388 2064 2538 2136 ῥῆμα
2594 2061 2654 2127 ἐξ
2707 2062 2998 2133 ὀφθαλμῶν
3027 2061 3141 2132 τῆς·
3188 2062 3530 2134 συναγωγῆς,
3564 2064 3667 2116 καὶ

2081 2159 2346 2230 ποιήσωσι
2378 2156 2506 2226 μίαν
2529 2155 2636 2208 ἀπὸ
2667 2154 2853 2208 πασῶν
2907 2154 3015 2207 τῶν
3042 2153 3274 2232 ῥντολῶν
3300 2154 3506 2226 Κυρίου
3535 2155 3569 2224 ἢ
3597 2154 3668 2208 οὐ

2080 2245 2459 2316 ποιηθήσεται,
2493 2245 2588 2298 καὶ
2644 2243 3100 2315 πλημμελήσωσι,
3129 2245 3218 2300 14.
3254 2245 3363 2298 Kal
3411 2244 3666 2316 ἐγνώσθη

2079 2337 2263 2400 αὐτοῖς
2290 2337 2324 2406 ἡ
2349 2337 2594 2408 ἁμαρτία
2652 2337 2719 2406 ἢν
2745 2337 2991 2407 ἥμαρτον
3019 2338 3076 2390 ἐν
3101 2336 3264 2408 αὐτῇ.
3315 2336 3427 2390 Kal
3485 2354 3666 2409 προσ-

2081 2428 2198 2494 άξει
2223 2431 2257 2499 ἡ
2291 2427 2577 2498 συναγωγὴ
2605 2427 2804 2498 μόσχον
2831 2431 2896 2482 ὲκ
2928 2427 3065 2498 βοῶν
3099 2442 3162 2484 -ε-
3199 2427 3430 2499 ἄμωμον
3467 2429 3490 2498 ζ
3533 2429 3669 2500 ’περὶ

2080 2521 2180 2591 τῆς
2213 2520 2508 2592 ἁμαρτίας.
2541 2521 2654 2574 Kal
2677 2520 2940 2592 προσάξει
2971 2521 3134 2575 αὐτὸν
3171 2521 3320 2593 παρὰ
3352 2521 3450 2593 τὴν
3490 2519 3667 2592 θύραν

2079 2614 2182 2685 τῆς
2211 2615 2418 2686 σκηνῆς
2440 2614 2536 2667 τοῦ
2564 2612 2889 2684 μαρτυρίου.
2945 2614 3034 2668 15.
3065 2614 3175 2668 Kal
3217 2612 3567 2684 ἐπιθήσουσιν
3613 2611 3666 2664 οἱ

2081 2703 2443 2776 πρεσϐύτεροι
2475 2704 2573 2775 τῆς
2616 2704 2940 2776 συναγωγῆς
3000 2703 3099 2768 τὰς
3147 2707 3332 2775 χεῖρας
3363 2703 3540 2756 αὐτῶν
3568 2702 3669 2756 ἐπὶ

2085 2797 2184 2870 τὴν
2217 2797 2460 2869 κεφαλὴν
2483 2797 2576 2851 τοῦ
2605 2798 2804 2869 μόσχου
2834 2796 3012 2852 ἔναντι
3027 2797 3254 2868 Κυρίου,
3283 2795 3378 2850 καὶ
3400 2796 3668 2866 σφάξουσι

2086 2889 2180 2943 τὸν
2238 2888 2437 2961 μόσχον
2488 2888 2668 2943 ἔναντι
2720 2889 2953 2961 Κυρίου.
2989 2886 3074 2943 16.
3107 2887 3219 2942 Kal
3266 2886 3488 2941 εἰσοίσει
3527 2887 3557 2938 ὁ
3591 2893 3671 2938 ιε-

2152 3075 2242 3128 17.
2405 3076 2638 3147 αἵματος
2679 3075 2775 3129 τοῦ
2822 3075 3044 3146 μόσχου.
3084 3074 3198 3157 Kal
3241 3074 3394 3144 ρανεῖ
3437 3071 3670 3137 ἑπτάκις

2079 3165 2260 3221 ἔναντι
2294 3167 2502 3239 Κυρίου
2545 3169 2667 3222 κατ’
2693 3165 2923 3222 ἐνώπιον
2955 3165 3048 3221 τοῦ
3077 3167 3570 3237 καταπετάσματος
3594 3179 3668 3222 -ι-

2982 3347 3281 3403 ΔΚΥΛΑΣ.

1701 3416 2029 3490 Ἑλληνικοῖς
2062 3419 2375 3491 γράμμασι.

667 3346 753 3399 ΤΟ
779 3345 1145 3399 ΕΒΡΑῙΚΟΝ.

1119 3511 1372 3572 τωωε
1583 3514 1638 3567 2.

919 3613 1041 3666 nan
1085 3586 1302 3660 mum
1339 3603 1374 3657 3
1586 3606 1639 3660 5.

1169 3681 1374 3759 nmm‘:

1141 3863 1302 3914 mam
1343 3856 1378 3908 4
1589 3861 1644 3916 4.

905 3958 1058 4011 m‘tD
1099 3958 1306 4010 urna
1342 3951 1375 4004 6
1590 3954 1642 4008 6.

1111 4195 1294 4248 amor
1346 4188 1376 4240 7
1589 4187 1644 4244 7.

1236 4335 1384 4417 n‘rm

1153 4569 1382 4646 τιον-Βκ

514 4769 652 4826 VEB
661 4769 766 4826 SlO
801 4769 1123 4829 HEBRAICI
1160 4772 1362 4830 TEXT.

482 4885 538 4942 9.
568 4885 626 4940 ιιι
654 4885 985 4956 ignorantia.

482 4983 537 5035 5.
565 4980 645 5035 Ad
677 4978 934 5034 delictum
962 4979 1168 5049 populi.

483 5071 542 5126 ln
577 5080 884 5142 peccatum.
1602 5072 1707 5126 Pro
1741 5079 1981 5140 peccato.

1719 4770 1760 4825 Υ
1773 4765 2053 4826 ULGATA
2091 4764 2366 4821 LATINA.

1593 4888 1648 4941 2.
1693 4887 1794 4940 Per
1825 4881 2209 4953 ignorantiam.

1599 4983 1651 5036 5.
1696 4979 2017 5048 Delinquere
2051 4974 2256 5030 faciens
2278 4973 2559 5045 populum.

2699 3514 2755 3570 2.
2793 3514 2881 3568 Ἐν
2903 3512 3114 3584 ἀγνοίᾳ.

2699 3605 2753 3659 3.
2787 3605 2884 3669 Είς
2915 3603 3300 3676 πλημμέλησιν
3330 3601 3425 3656 τοῦ
3454 3599 3610 3656 λαοῦ.

2685 3821 2760 3911 ἰ.

2700 3949 2757 4006 6.

2707 4181 2760 4238 7.

3032 4756 3310 4826 AQUILA.

2679 4855 2683 4860 ’
2710 4875 2762 4930 2.
2796 4874 2857 4930 In
2885 4873 3216 4945 ignorantia.

2711 4968 2764 5022 3.
2797 4965 2877 5022 Ad
2899 4965 3155 5022 delictum
3185 4961 3393 5036 populi.

485 5167 538 5220 4.
573 5164 642 5219 Et
670 5163 876 5218 afferet.
1605 5166 1658 5219 4.
1703 5164 1971 5218 Adducet.

2715 5149 2748 5202 4

487 5257 542 5312 6.
573 5255 711 5311 Cum
746 5253 992 5312 faciebus
1024 5257 1148 5312 veli.
1600 5254 1653 5307 6.
1696 5252 1900 5307 Contra
1927 5251 2127 5306 velum.
2714 5239 2767 5295 6ο

423 5366 428 5380 ι
490 5348 544 5404 7.
571 5347 922 5403 Aromatum.
1603 5345 1653 5400 7.
1679 5345 2075 5416 Thymiamatis
2106 5340 2426 5414 gratissimi.
2709 5327 2743 5384 7

485 5507 860 5567 Ascensionis.
1606 5505 1941 5562 Holocausti.

490 5672 571 5730 Ad
601 5673 1036 5732 fundamentum.
1604 5665 1663 5725 In
1701 5667 1898 5725 basim.
