3868 6214
154 292 268 350 545

151 409 252 465 τοῦ
281 409 439 480 ἁγίου
476 410 498 478 1
536 408 624 465 {8.
662 408 775 464 Kal
799 406 910 463 ἀπὸ
933 404 1029 462 τοῦ
1059 406 1292 479 αἷματος
1330 410 1582 484 ἐπιθήσει
1621 426 1683 468 οι-
1712 414 1742 466 6

152 503 342 575 ἱερεὺς
374 503 396 572 1
427 502 520 555 ἐπὶ
551 501 619 554 τά
639 501 845 573 κέρατα
866 499 962 554 τοῦ
990 501 1374 575 θυσιαστηρίου
1407 503 1515 556 τῶν
1547 503 1743 575 θυμια-

154 595 349 664 μάτων
377 607 440 648 -t-
462 593 568 664 ,τῆς
607 592 909 656 συνθέσεως
951 592 975 661 1
1028 594 1056 647 ὃ
1082 595 1230 646 ἐστιν
1257 593 1484 648 ἐνώπιον
1513 595 1741 667 Κυρίου,

150 689 182 742 ὅ
206 691 360 741 ἐστιν
390 686 482 740 ἐπὶ
509 687 608 758 τῆς
635 687 838 757 σκηνῆς
881 685 976 740 τοῦ
1030 687 1352 760 μαρτυρίου.
1388 688 1499 742 Καὶ¹
1541 689 1602 742 τὸ
1636 690 1743 743 πᾶν

153 773 301 850 αἷμα
329 779 510 849 ὲκχεεί
537 779 673 849 πρὸς
704 779 808 849 τὴν
860 777 1017 848 βάσιν
1066 779 1160 834 τοῦ
1206 779 1588 852 θυσιαστηρίου
1637 780 1744 834 τῶν

153 872 571 943 καρπωμάτων,
605 870 666 923 τὸ
715 869 774 924 ὃν
816 871 954 943 πρὸς
1009 873 1076 943 τῇ
1109 870 1250 943 θύρᾳ
1276 872 1375 943 τῆς
1411 873 1616 944 σκηνῆς
1646 873 1741 926 τοῦ

158 961 484 1032 μαρτυρίου.
511 960 596 1015 19.
625 960 738 1015 Καὶ
765 962 824 1015 τὸ
854 964 960 1017 πᾶν
1000 962 1167 1034 στέαρ
1194 962 1358 1016 αὐτοῦ
1386 964 1628 1035 περιελεῖ
1648 965 1742 1018 ἀπ’

154 1050 352 1113 αὑτοῦ,
401 1053 494 1106 καὶ
542 1053 745 1106 ἀνοίσει
796 1053 891 1106 ἐπὶ
943 1054 1003 1107 τὸ
1056 1054 1459 1126 θυσιαστήριον.
1513 1054 1605 1110 20.
1634 1056 1745 1109 Καὶ

153 1145 380 1215 ποιήσει
421 1142 514 1197 τὸν
551 1144 770 1215 μόσχον.
853 1183 868 1199 .
951 1185 966 1198 .
1049 1185 1062 1198 .
1146 1186 1159 1199 .
1244 1185 1257 1198 .
1341 1185 1354 1197 .
1437 1183 1452 1198 .
1533 1181 1549 1197 .
1631 1186 1644 1198 .
1729 1186 1742 1199 .

157 1330 259 1382 καὶ
289 1329 594 1396 ὲξιλάσεται
624 1330 754 1402 περὶ
779 1331 960 1385 αὐτῶν
989 1334 1018 1386 6
1065 1331 1264 1405 ἱερεὺς,
1299 1330 1391 1384 καὶ
1415 1331 1747 1402 ἀφεθήσεται

158 1424 352 1488 αὐτοῖς
379 1439 440 1479 σε·
465 1426 499 1494 ἡ
526 1424 768 1494 ἁμαρτία
805 1426 827 1493 1
855 1425 946 1477 21.
977 1423 1090 1477 Καὶ
1115 1421 1409 1476 ἐξοίσουσιν
1433 1421 1523 1475 τὸν
1550 1421 1748 1492 μόσχον

163 1531 232 1570 οε-
268 1515 389 1569 ὄλον
417 1515 441 1583 1
470 1513 575 1581 ἔξω
624 1516 724 1586 τῆς
753 1516 1127 1590 παρεμϐολῆς.
1167 1515 1289 1569 ’Καὶ
1317 1514 1749 1569 κατακαύσουσιν

158 1605 256 1657 τὸν
288 1606 505 1676 μόσχον,
533 1607 591 1659 ὃν
645 1607 845 1678 τρόπον
898 1605 1244 1661 κατέκαυσαν
1293 1609 1382 1663 τὸν
1434 1608 1634 1680 μόσχον
1659 1606 1747 1660 τὸν

161 1697 452 1769 πρότερον·
485 1698 759 1769 ἁμαρτίας
784 1700 1101 1770 συναγωγῆς
1131 1702 1298 1755 ἐστιν.

235 1788 329 1842 22.
368 1789 492 1843 Ἐὰν
515 1789 573 1842 δὲ
603 1791 632 1842 6
664 1790 846 1862 ἄρχων
871 1791 1093 1867 ἁμάρτῃ
1117 1794 1211 1845 καὶ
1250 1792 1450 1864 ποιήσῃ
1483 1792 1610 1862 μίαν
1641 1793 1750 1847 ἀπὺ

161 1880 360 1933 πασῶν
383 1880 490 1934 τῶν
531 1879 757 1934 ἐντολῶν
805 1880 1012 1952 Κυρίου
1057 1879 1151 1934 τοῦ
1200 1882 1334 1936 Θεοῦ
1392 1882 1578 1947 αὐτοῦ,
1619 1884 1653 1954 ἢ
1687 1884 1748 1937 οὐ

163 1971 548 2043 τυοιηθήσεται,
605 1972 894 2036 ἀκουσίως,
930 1973 1026 2026 καὶ
1081 1973 1470 2046 πλημμεληθῇ.
1516 1974 1606 2029 25.
1639 1974 1750 2028 Καὶ

162 2064 384 2136 γνωσθῇ
415 2065 565 2136 αὐτῷ
611 2069 643 2136 ή
692 2065 938 2136 ἁμαρτία
977 2067 1044 2137 ἢν
1091 2067 1336 2139 ἥμαρτεν
1376 2069 1434 2120 ὲν
1462 2067 1620 2138 αὐτῇ
1653 2066 1750 2120 καὶ

163 2156 448 2225 προσοίσει
472 2153 533 2207 τὸ
556 2153 726 2225 δῶρον
749 2153 909 2208 αὑτοῦ
942 2155 1194 2227 χίμαρον.
1243 2195 1256 2209 .
1338 2195 1354 2209 .
1434 2197 1449 2211 .
1532 2196 1546 2210 .
1631 2196 1646 2210 .
1730 2195 1745 2210 .

236 2338 333 2393 24.
443 2335 538 2392 τοῦ
559 2338 815 2410 χιμάρου,
843 2340 937 2392 καὶ
962 2339 1254 2408 σφάξουσιν
1270 2339 1432 2393 αὐτὸν
1447 2341 1503 2393 ὲν
1518 2339 1666 2410 τόπῳ
1685 2331 1748 2393 οὗ

167 2428 463 2498 σφάζουσιν
487 2430 554 2484 τὰ
580 2430 1005 2501 ὁλοκαυτώματα
1034 2432 1264 2486 ἐνώπιον
1307 2432 1533 2502 Κυρίου·
1565 2433 1746 2503 ἀμαρ-

165 2523 290 2584 τίας
318 2523 484 2574 ἐστιν’
515 2520 606 2574 25.
627 2521 738 2573 Καὶ
769 2521 1020 2592 ἐπιθήσει
1071 2522 1099 2574 ὁ
1131 2523 1308 2594 ἱερεὺς
1341 2521 1450 2576 ἀπὸ
1472 2521 1566 2576 τοῦ
1588 2523 1751 2593 αἵμα-

166 2630 259 2677 τος
286 2612 379 2666 τοῦ
405 2612 505 2682 τῆς
533 2611 806 2682 ἁμαρτίας
831 2610 908 2683 τῷ
939 2611 1186 2684 δακτύλῳ
1209 2612 1396 2677 αὐτοῦ,
1427 2614 1521 2666 καὶ
1552 2628 1612 2669 οι-
1642 2613 1747 2668 δώ-

170 2721 254 2758 σει
289 2703 314 2772 1
362 2705 454 2756 ἐπὶ
477 2702 547 2756 τὰ
574 2703 781 2773 κέρατα
826 2702 920 2756 τοῦ
949 2703 1336 2775 θυσιαστηρίου
1385 2703 1494 2759 τῶν
1521 2704 1751 2758 ὁλοκαυ-

168 2795 458 2866 τωμάτων,
485 2795 580 2850 καὶ
608 2795 715 2847 πᾶν
743 2794 804 2847 τὸ
830 2790 972 2865 αἷμα
1019 2794 1183 2850 αὐτοῦ
1210 2798 1392 2866 ὲκχεεῖ
1444 2795 1596 2867 παρά
1648 2794 1748 2866 τὴν

170 2887 331 2957 βάσιν
356 2887 450 2940 τοῦ
479 2887 865 2958 θυσιαστηρίου
893 2886 1000 2941 τῶν
1027 2887 1512 2960 ὁλοκαυτωμάτων,
1526 2886 1619 2944 26.
1637 2887 1749 2942 Καὶ

167 2980 280 3032 πᾶν
306 2977 369 3031 τδ
396 2979 561 3052 στέαρ
598 2978 761 3033 αὐτοῦ
815 2978 1018 3034 ἀνοίσει
1071 2980 1164 3033 ἐπὶ
1215 2981 1277 3034 τὺ
1330 2979 1746 3052 θυσιαστήριον,

165 3069 361 3141 ὥσπερ
411 3070 472 3124 τὺ
523 3070 688 3141 στέαρ
727 3069 916 3135 θυσίας
950 3070 1242 3144 σωτηρίου.
1299 3071 1750 3149 Καὶέξιλάσεται

165 3163 1743 3235 περί................

1400 291 1706 352 ιενιτιοι
1743 294 1898 351 CAP.
1940 293 2029 352 IV.

3298 296 3407 356 διο

1846 412 2110 484 sanguine
2143 412 2386 482 imponet
2414 426 2477 468 -ι-
2507 412 2765 472 sacerdos
2793 411 2818 484 1
2854 428 3018 484 super
3037 427 3242 469 cornua
3276 414 3418 468 alta-

1845 507 1922 560 ris
1952 503 2368 574 thymiamatum
2395 516 2458 559 -ι-
2497 503 2910 574 composition'is
2967 503 2991 571 1
3039 504 3184 574 quod
3210 512 3296 558 est
3323 519 3420 558 co.

1844 612 1962 651 ram
1994 594 2248 661 Domino,
2277 596 2420 666 quod
2465 603 2549 651 est
2591 595 2652 650 in
2698 595 3050 649 tabernaculo
3101 594 3418 652 testimonii.

1844 684 1913 740 Et
1944 701 2160 740 omnem
2191 686 2512 757 sanguinem
2537 684 2777 740 effundet
2805 684 2872 739 ad
2895 684 3072 740 basim
3105 685 3292 740 altaris
3318 686 3420 740 hoc

1846 778 2242 842 locaustorum,
2263 778 2408 847 quod
2428 786 2512 834 est
2534 777 2676 848 apud
2700 777 2904 832 ostium
2927 778 3260 832 tabernaculi
3277 779 3422 833 testi-

1845 869 2036 933 monii.
2067 869 2154 924 l9.
2190 869 2256 923 Et
2285 884 2502 924 omnem
2529 869 2742 938 adipem
2774 869 2986 924 auferet
3015 870 3134 939 ejus
3157 869 3226 924 ab
3248 884 3336 936 eo,
3366 878 3422 925 et

1846 963 2036 1018 offeret
2057 978 2221 1032 super
2248 963 2441 1018 altare.
2473 962 2566 1018 20.
2593 962 2660 1018 Et
2685 961 2848 1018 faciet
2883 963 3137 1017 vitulum.
3212 999 3228 1015 .
3307 999 3321 1014 .
3401 999 3417 1014 .

1846 1162 1901 1209 et
1928 1153 2314 1225 depropitiabit
2343 1167 2444 1224 pro
2491 1153 2573 1208 eis
2609 1151 2870 1208 sacerdos
2924 1159 2978 1204 et
3004 1148 3308 1204 dimittetur
3340 1146 3424 1204 eis

1851 1259 1915 1300 οε-
1944 1255 2224 1316 peccatum
2271 1246 2292 1314 1
2335 1245 2425 1299 21.
2461 1243 2528 1298 Ει
2577 1244 2804 1299 efferent
2830 1242 3059 1296 vitulum
3088 1254 3152 1296 ot—
3183 1247 3354 1295 totum
3396 1240 3419 1309 1

1848 1343 2001 1388 extra
2023 1341 2223 1389 castra.
2250 1333 2318 1388 Et
2339 1333 2660 1388 comburent
2681 1331 2936 1397 vitulum,
2960 1330 3422 1401 quemadmodum

1848 1421 2270 1475 combusserunt
2298 1420 2528 1476 vitulum
2559 1420 2794 1491 priorem
2825 1438 2839 1474 :
2875 1419 3085 1491 peccati
3122 1418 3423 1490 Synagogaa

1849 1521 1953 1567 est.

1920 1795 2010 1849 22.
2043 1794 2097 1849 Si
2124 1803 2303 1850 autem
2330 1794 2584 1866 princeps
2607 1795 2932 1866 peccaverit,
2963 1804 3019 1852 et
3044 1795 3236 1852 fecerit
3254 1810 3426 1851 unum

1850 1886 1918 1942 de
1940 1886 2194 1942 omnibus
2222 1886 2494 1941 mandatis
2517 1884 2732 1941 Domini
2755 1885 2851 1942 Dei
2872 1888 2981 1955 sui,
3005 1887 3150 1958 quod
3179 1902 3290 1942 non
3311 1886 3425 1951 fiet,

1851 1993 1959 2032 non
1995 1987 2206 2047 sponte,
2239 1985 2294 2032 et
2328 1977 2640 2048 deliquerit,
2676 1978 2764 2033 23.
2802 1977 2868 2034 Et
2899 1979 3201 2034 innotuerit
3223 1979 3274 2034 ei
3295 1993 3426 2049 pec-

1850 2080 2052 2138 catum,
2086 2071 2230 2140 quod
2264 2070 2507 2141 peccavit
2527 2071 2583 2125 in
2615 2086 2700 2139 eo,
2733 2080 2786 2126 et
2821 2071 3009 2127 oﬂ‘eret
3037 2087 3240 2127 munus
3266 2085 3427 2126 suum

1849 2161 2084 2217 hircum.
2175 2201 2191 2216 .
2272 2202 2287 2217 .
2366 2203 2381 2217 .

1918 2346 2055 2403 24...
2082 2346 2242 2411 hirci,
2260 2354 2315 2401 et
2332 2345 2660 2418 jugulabunt
2675 2361 2799 2402 eum
2818 2347 2872 2401 in
2899 2346 3042 2412 loco,
3060 2345 3153 2400 ubi
3175 2345 3432 2416 jugulant

1850 2432 2292 2488 bolocautomata
2324 2448 2509 2488 coram
2544 2433 2774 2490 Domino
2809 2452 2823 2489 :
2856 2434 3069 2505 peccati
3111 2443 3214 2490 est.
3241 2434 3334 2490 25.
3365 2433 3430 2492 Et

1849 2519 2093 2589 imponet
2120 2520 2376 2576 sacerdos
2405 2520 2472 2576 de
2502 2523 2792 2594 sanguine,
2825 2523 2921 2593 qui
2963 2525 3172 2594 peccati
3206 2533 3311 2589 est,
3343 2523 3429 2580 di-

1849 2608 1963 2679 gito
1997 2623 2118 2673 suo,
2153 2619 2207 2665 et
2231 2624 2293 2666 +
2319 2610 2471 2667 dabit
2520 2612 2541 2680 1
2592 2628 2758 2684 super
2806 2629 3014 2670 cornua
3061 2615 3250 2670 altaris
3277 2615 3433 2670 holo-

1849 2709 2222 2756 cautomatum
2259 2720 2272 2757 :
2303 2711 2358 2758 et
2405 2718 2626 2758 omnem
2693 2707 3017 2776 sanguinem
3076 2705 3197 2776 ejus
3255 2705 3434 2762 effun-

1851 2791 1940 2846 det
1967 2791 2034 2846 ad
2059 2792 2235 2848 basim
2270 2793 2460 2849 altaris
2514 2794 3014 2850 holocautomatum
3053 2813 3067 2851 :
3095 2795 3186 2851 26.
3207 2793 3275 2850 Et
3310 2811 3431 2850 om-

1851 2897 1977 2938 nem
2004 2883 2218 2954 adipcm
2241 2883 2362 2952 ejus
2389 2883 2579 2940 offeret
2610 2901 2774 2956 super
2815 2886 3006 2954 altare,
3037 2887 3182 2943 sicut
3207 2887 3424 2958 adipem

1855 2976 2112 3033 sacriﬁcii
2145 2977 2422 3034 salutaris.
2447 2977 2516 3034 Et
2537 2977 3062 3051 depropitiabitpro.
3125 3021 3142 3036 .
3219 3021 3235 3038 .
3317 3019 3334 3035 .

1821 3202 1836 3218 ο
1919 3203 1934 3218 ο
2016 3200 2030 3215 ο
2115 3202 2127 3215 ι
2210 3200 2225 3214 0
2308 3203 2322 3217 ο
2407 3201 2422 3217 0
2504 3200 2519 3215 ο
2599 3200 2617 3218 0
2700 3202 2714 3217 ο
2797 3205 2808 3216 ι
2893 3202 2908 3217 ο
2989 3201 3004 3218 0
3087 3206 3102 3221 ο
3183 3204 3200 3221 0
3281 3203 3298 3221 0
3373 3202 3409 3222 ο·

488 3345 891 3400 ΣΥΜΜΑΧΟΣ.
1777 3343 1852 3395 0’.
2413 3404 2434 3418 Ι
2712 3341 3114 3399 ΘΕΟΔΟΤΙΩΝ.

241 3510 298 3564 2.
344 3511 430 3564 Ἐν
461 3510 675 3583 ἀγνοίᾳ.
1349 3508 1405 3563 2.
1447 3507 1757 3570 Ἀκουσίως.
2465 3504 2523 3562 2.

246 3602 301 3656 5.
1353 3600 1408 3654 3.
1440 3598 1546 3652 Τοῦ
1571 3599 1660 3652 τὸν
1688 3599 1746 3652 λα

1853 3598 2122 3669 ἱμαρτεῖν.
2468 3599 2521 3654 5.

1354 3687 1492 3758 Περὶ
1516 3687 1614 3756 τῆς
1639 3686 1934 3758 ἁμαρτίας.
1980 3685 2225 3750 Ἀλλος,
2241 3684 2324 3747 είς

1293 3757 1382 3830 τὴν
1411 3757 1706 3829 ἁμαρτίαν.

248 3852 308 3912 4.
1350 3846 1406 3900 4.
1434 3845 1721 3919 Προσάξει.
1746 3845 1991 3910 Ἀλλος,
2023 3843 2320 3916 προσοίσει.
2464 3850 2518 3908 4,

247 3945 305 4002 6ο
1352 3935 1406 3990 6.
1430 3935 1586 3988 Κατὰ
1631 3934 1694 3987 τὸ
1740 3933 2156 4002 καταπέτασμα.
2192 3934 2327 3987 Ἀλ-
2466 3941 2515 3999 6,

1283 4009 1413 4072 λος,
1455 4005 1549 4059 σὺν
1578 4003 1655 4075 τῷ
1705 4003 1981 4077 προσώπῳ
2028 4001 2122 4056 τοῦ
2159 4019 2326 4057 κατα-

1284 4077 1654 4146 πετάσματος.

248 4171 308 4233 7.
1353 4167 1408 4221 7.
1434 4169 1545 4237 Τῆς
1585 4165 1908 4228 συνθέσεως.
1943 4168 2186 4231 Ἄλλος,
2216 4165 2324 4218 τῶν
2465 4169 2520 4226 7,

1285 4237 1615 4310 ἀρωμάτων.

1358 4337 1481 4391 Τῶν
1534 4335 2017 4406 ὁλοκαυτωμάτων.
2077 4335 2322 4406 Ἄλλος,

1283 4407 1383 4478 τῆς
1434 4404 1868 4494 όλοκαυτώσεως.
1918 4407 2160 4470 Ἄλλος,
2225 4404 2326 4474 τῆς

1285 4495 1356 4530 κα
1364 4494 1642 4548 ρπωσεως.

1359 4568 1546 4639 Παράῌ
1571 4566 1668 4638 τὴν
1735 4566 1910 4636 βάσιν.
1945 4565 2191 4630 Ἄλλος,
2221 4563 2315 4616 ἐπὶ

1285 4637 1376 4691 τὸν
1401 4637 1669 4709 θεμέλιον.

477 4754 856 4814 SYMMACHU
866 4754 926 4812 S.
1455 4754 1598 4810 LXX
1632 4754 1746 4810 lNT

1853 4721 2135 4810 annus.
2697 4751 3092 4814 THEODOTIO

253 4873 309 4930 2.
346 4873 406 4929 ln
443 4876 768 4947 ignorantia.
1354 4873 1410 4958 2.
1432 4871 1550 4927 Non
1583 4885 1795 4944 sponte.
2468 4869 2523 4924 2.

255 4965 311 5022 5.
1356 4963 1411 5017 3.
1448 4960 1521 5016 Ut
1551 4964 1785 5032 populus
1815 4971 2085 5033 peccaret.
2463 4965 2519 5023 3.

1356 5051 1464 5108 Pro
1484 5065 1722 5124 peccato.
1742 5055 1916 5118 Alius,
1942 5054 1995 5108 in
2013 5062 2314 5124 peccatum.

250 5145 305 5198 4.
1358 5146 1415 5200 4.
1439 5146 1704 5201 Adducet.
1729 5146 1906 5213 Alius,
1931 5145 2156 5201 adferet.
2463 5143 2520 5200 ι.

252 5232 307 5288 6.
1359 5233 1509 5290 6.Ad
1523 5236 2027 5302 velum.Atius,cum
2045 5235 2183 5293 facie
2193 5236 2318 5294 veli.
2462 5235 2517 5293 6.

267 5320 331 5384 Ἰ.
1289 5404 1304 5411 Δ
1360 5324 1873 5396 7.Compositionis.
1902 5327 2078 5394 Alius,
2106 5343 2319 5385 aroma-
2457 5325 2515 5411 7.

1286 5404 1428 5454 tum.

1362 5484 1843 5542 Holocaustorum.
1872 5487 1986 5554 AL,
2022 5489 2317 5547 oblationis

1282 5555 1612 5612 holocausti.
1644 5558 1822 5628 Alius,
1847 5559 2158 5617 oblationis.

1353 5646 1436 5700 Ad
1499 5645 1697 5710 basim.
1753 5649 1927 5719 Alius,
1989 5650 2059 5707 ad
2119 5649 2321 5711 funda-
