3868 6218
447 288 549 335 om

1431 276 1911 332 llEXAPLORUM
1959 274 2123 342 QUAS
2167 275 2482 331 SUPEItSU
2500 280 2604 330 NF.

450 400 633 453 domo.
663 397 752 451 56.
783 395 849 451 Et
872 394 1144 465 praecipiet
1182 393 1434 449 sacerdos
1470 394 1616 449 vasis
1646 408 1881 448 vacuare
1928 394 2025 447 do-

452 505 625 554 mum,
652 488 970 557 priusquam
998 487 1276 556 ingressus
1306 486 1561 541 sacerdos
1590 486 1770 540 videat
1800 496 2024 550 tactum,

450 589 506 634 et
539 594 649 634 non
682 580 793 634 sint
825 579 1107 633 immunda
1141 594 1479 648 quaacunque
1513 576 1714 632 fuerint
1750 578 1802 631 in
1838 576 2023 630 domo.

454 672 519 726 Et
546 681 672 742 post
697 672 811 726 ιιωο
843 672 1181 740 ingredietur
1204 672 1460 727 sacerdos
1492 671 1557 725 ad
1589 669 2024 740 cognoscendam

451 766 695 818 domum.
743 764 833 818 57.
875 763 943 817 Et
976 764 1203 834 aspiciet
1235 772 1438 819 tactum
1468 782 1481 817 :
1516 749 1584 818 et.
1603 779 1730 818 ecce
1761 772 1937 817 tactus
1968 762 2022 815 in

451 853 751 923 parietibus
788 852 1005 915 domus,
1061 853 1322 909 caritates
1376 854 1674 909 viridantes
1729 853 1810 907 vel
1863 854 2024 907 rube-

453 953 688 1008 scentes,
718 952 773 998 et
800 953 1054 1014 aspectus
1079 958 1269 999 eorum
1302 944 1559 998 humilior
1582 944 1904 1014 parietibus.
1933 942 2021 998 58.

452 1036 518 1093 Et
545 1052 797 1107 egressus
826 1039 1079 1093 sacerdos
1118 1053 1149 1093 e
1180 1039 1343 1093 domo
1388 1038 1454 1093 od
1488 1040 1690 1093 ostium
1720 1039 1939 1100 domus,
1973 1045 2027 1092 et

453 1128 759 1198 segregabit
814 1128 1073 1183 sacerdos
1104 1128 1327 1182 domum
1380 1137 1584 1197 septem
1636 1128 1771 1182 dies.
1826 1128 1911 1182 59.
1967 1126 2032 1180 Ει

451 1218 647 1272 redibit
666 1217 920 1272 sacerdos
943 1218 1030 1271 die
1052 1217 1301 1286 septimo,
1330 1226 1383 1271 et
1404 1217 1631 1287 aspiciet
1655 1230 1716 1272 σε·
1742 1217 1965 1271 domum
2001 1217 2022 1285 ζ

451 1319 506 1365 et
537 1326 661 1366 ecce
691 1311 921 1367 diﬂ‘usus
950 1320 1034 1366 est
1063 1320 1240 1366 tactus
1272 1312 1323 1364 in
1357 1310 1657 1380 parietibus
1687 1311 1902 1364 domus.
1936 1308 2025 1362 40.

452 1405 520 1458 Et
552 1405 827 1474 praecipiet
856 1405 1131 1470 sacerdos,
1162 1414 1214 1457 et
1246 1412 1438 1458 eruent
1480 1402 1687 1471 lapides
1720 1402 1774 1455 in
1824 1401 2027 1471 quibus

450 1507 537 1553 est
562 1506 763 1562 tactus,
794 1507 847 1551 et
870 1497 1091 1566 ejicient
1117 1512 1212 1551 eos
1254 1508 1407 1550 extra
1443 1494 1716 1549 civitatem
1756 1494 1808 1547 in
1840 1493 2021 1547 locum

453 1591 823 1647 immundum.
847 1591 937 1644 41.
986 1589 1053 1645 Et
1101 1591 1326 1645 domum
1373 1589 1566 1644 radent
1596 1587 1940 1642 extrinsecus
1974 1585 2027 1638 in

451 1682 704 1746 circuitu,
735 1692 788 1737 et
826 1682 1103 1738 eﬂ‘undent
1132 1682 1409 1752 pulverem
1446 1683 1513 1748 )s(
1542 1693 1702 1749 quem
1727 1687 1979 1732 raserunt
2005 1677 2027 1744 ζ

452 1783 603 1828 extra
636 1776 912 1829 civitatem
964 1775 1016 1828 in
1057 1774 1239 1829 locum
1290 1772 1659 1828 immundum.
1708 1768 1798 1825 42.
1835 1767 1901 1822 Et
1940 1782 2033 1822 su—

452 1875 604 1922 ment
656 1868 862 1937 lapides
898 1881 962 1923 -t—
1001 1870 1205 1938 rasos:
1239 1866 1395 1933 alios,
1432 1873 1490 1920 et
1518 1871 1719 1935 ponent
1768 1876 1866 1931 pro
1900 1859 2037 1928 lapi-

453 1959 657 2028 dibus;
705 1970 759 2015 et
790 1961 1070 2031 pulverem
1122 1961 1291 2015 alium
1322 1967 1561 2023 sument,
1615 1965 1668 2011 et
1714 1956 1906 2010 linient
1935 1952 2033 2006 do-

3652 286 3759 340 θῦε

2138 409 2301 481 οἰκίᾳ.
2337 408 2425 464 56.
2457 409 2567 462 Καὶ
2596 407 2890 479 προστάξει
2920 406 2949 459 ὁ
2983 407 3162 477 ἱερεὺς
3208 407 3601 463 ἀποσκευασαι
3642 411 3753 481 τὴν

2137 502 2313 554 οἰκίαν
2344 500 2451 572 πρὸ
2481 500 2574 553 τοῦ
2609 498 2918 552 εἰσελθόντα
2941 499 3033 552 τὸν
3081 499 3231 570 ἱερέα
3265 498 3391 552 ἰδεῖν
3428 500 3530 572 τὴν
3561 502 3752 574 ἁφὴν,

2137 593 2229 645 καὶ
2253 594 2314 645 ού
2346 592 2420 663 μὴ
2445 591 2731 662 ἀκάθαρτα
2761 591 2986 662 γένηται
3012 590 3113 644 ὅσα
3135 590 3228 644 ἐὰν
3252 592 3310 643 ἐν
3326 593 3392 661 τῇ
3418 592 3600 664 οἰκίᾳ..
3630 594 3753 646 Καὶ

2140 687 2277 755 μετὰ
2323 684 2498 738 ταῦτα
2544 682 2912 736 εἰσελεύσεται
2942 684 2970 736 ὁ
3025 683 3204 753 ἱερεὺς
3245 682 3596 753 καταμαθεῖν
3643 685 3755 755 τὴν

2135 777 2331 831 οἰκίαν.
2367 777 2456 833 57.
2490 776 2599 829 Καὶ
2628 776 2821 845 ὄψεται
2849 775 2947 844 τὴν
2988 774 3156 845 ἁφὴν,
3184 775 3278 828 καὶ
3310 774 3420 828 ἰδοὺ
3455 777 3492 846 ἡ
3527 776 3656 845 ἁφὴ
3688 778 3752 827 ὲν

2135 874 2246 934 τοῖς
2274 871 2475 940 τοίχοις
2502 869 2602 939 τῆς
2630 869 2828 935 οἰκίας,
2860 867 3111 930 κοιλάδας
3129 866 3505 939 χλωριζούσας
3534 871 3569 940 ἥ
3604 872 3755 940 mf.-

2138 961 2413 1034 ριζούσας,
2446 962 2542 1014 καὶ
2566 963 2599 1031 ή
2636 959 2759 1029 ὄψις
2780 958 2962 1013 αὐτῶν
2983 959 3345 1030 ταπεινοτέρα
3370 958 3484 1013 τῶν
3509 961 3750 1031 τοίχων.

2136 1055 2223 1109 58.
2258 1056 2368 1108 Καὶ
2396 1052 2626 1119 ἐξελθὼν
2658 1055 2686 1105 ὁ
2722 1053 2901 1125 ἱερεὺς
2931 1053 2995 1105 ὲκ
3022 1052 3123 1123 τῆς
3157 1051 3333 1117 οἰκίας
3370 1053 3466 1106 ἐπὶ
3499 1054 3613 1125 τὴν
3646 1051 3751 1104 θύ-

2141 1165 2238 1219 ραν
2266 1148 2363 1217 τῆς
2390 1146 2587 1211 οἰκίας,
2611 1147 2704 1201 καὶ
2732 1145 2951 1216 ἀφοριεῖ
2976 1147 3004 1197 ὁ
3036 1145 3215 1216 ἱερεὺς
3245 1146 3342 1217 τὴν
3370 1146 3557 1205 οἰκίαν
3594 1146 3750 1198 ἐπτὰ

2135 1237 2366 1309 ἡμέρας.
2399 1237 2484 1292 ⁸59.
2512 1237 2622 1290 Καὶ
2645 1235 2904 1309 ἐπανήξει
2947 1236 2977 1289 ὁ
3015 1236 3195 1308 ἱερεὺς
3216 1239 3280 1309 τῇ
3314 1237 3505 1309 ἡμέρᾳ
3544 1239 3621 1309 τῇ
3656 1238 3751 1290 ἐδ-

2136 1328 2294 1400 δόμῃ,
2318 1329 2412 1383 καὶ
2445 1328 2633 1398 ὄψεται
2669 1342 2730 1384 -ι-
2767 1328 2867 1399 τὴν
2914 1327 3091 1383 οἰκίαν
3126 1328 3272 1396 ζκαί
3300 1327 3407 1383 ἰδοὺ
3435 1328 3679 1400 διεχύθη
3714 1333 3749 1400 ἡ

2137 1422 2249 1493 ἁφὴ
2283 1424 2340 1474 ὲν
2368 1425 2480 1485 τοῖς
2513 1422 2712 1492 τοίχοις
2744 1422 2843 1492 τῆς
2875 1421 3070 1485 οἰκίας.
3099 1420 3191 1476 40.
3224 1420 3335 1476 Καὶ
3361 1421 3682 1491 προστάξει
3720 1425 3751 1475 ὁ

2141 1515 2340 1585 ἱερεὺς,
2372 1514 2466 1568 καὶ
2495 1511 2735 1580 ἐξελοῦσι
2758 1515 2884 1578 τοὺς
2912 1513 3093 1578 λίθους
3121 1516 3180 1567 ὲν
3213 1507 3295 1578 οἷς
3322 1514 3471 1568 ἐστιν
3522 1516 3559 1586 ἡ
3602 1514 3746 1585 ἁφὴ,

2138 1607 2232 1660 καὶ
2266 1606 2586 1661 ἐκϐαλοῦσιν
2640 1608 2836 1670 αὐτοὺς
2869 1604 2974 1671 ἔξω
3026 1606 3126 1677 τῆς
3159 1605 3367 1669 πόλεως
3418 1608 3503 1670 εἰς
3563 1606 3746 1659 τόπον

2134 1698 2464 1769 ἀκάθαρτον,
2500 1698 2590 1752 41.
2628 1700 2738 1753 Καὶ
2761 1698 2859 1769 τὴν
2901 1698 3084 1752 οἰκίαν
3126 1696 3490 1762 ἀποξύσουσιν
3530 1696 3747 1762 ἔξωθεν

2134 1792 2339 1862 κύκλῳ.
2380 1794 2493 1846 Καὶ
2524 1792 2774 1863 ἐκχεοῦσι
2804 1793 2895 1846 τὸν
2922 1791 3051 1863 χοῦν
3082 1795 3149 1860 >ς<
3176 1791 3236 1845 ὃν
3269 1789 3549 1857 ἀπέξυσαν
3577 1791 3603 1860 ζ
3635 1791 3745 1854 ἔξω

2131 1885 2230 1954 τῆς
2264 1883 2469 1947 πόλεως
2493 1886 2572 1947 εἰς
2601 1885 2763 1937 τόπον
2795 1884 3122 1957 ἀκάθαρτον.
3154 1883 3247 1939 42.
3276 1884 3383 1938 Καὶ
3419 1882 3741 1954 λήμψονται

2132 1972 2311 2038 λίθους
2358 1989 2417 2029 ἐν
2454 1973 2868 2046 άπεξυσμένους
2906 1975 2929 2042 ζ
2966 1975 3186 2047 ἐτέρους
3210 1975 3305 2029 καί
3343 1973 3740 2045 άντιθήσουσιν

455 2066 627 2106 mum.
658 2053 749 2107 45.
800 2053 855 2107 Si
891 2059 1074 2107 autem
1106 2052 1329 2107 redierit
1362 2066 1583 2105 rursum
1630 2055 1826 2110 tactus,
1858 2054 1912 2099 et
1944 2060 2026 2098 re-

2134 2067 2253 2119 ἀντὶ
2281 2066 2387 2120 τῶν
2419 2065 2602 2131 λίθων,
2653 2068 2747 2119 καὶ
2779 2066 2906 2137 χοῦν
2928 2067 3114 2139 ἕτερον
3144 2067 3447 2138 λήμψονται
3484 2066 3585 2121 καὶ
3648 2065 3737 2131 ἑξ-

455 2142 737 2212 pullularit
760 2146 814 2198 in
845 2144 1012 2200 domo
1043 2153 1331 2216 postquam
1363 2142 1504 2199 eruti
1549 2141 1770 2196 fuerunt
1798 2136 2026 2206 lapides,

721 2428 811 2483 ΤΟ
841 2429 1209 2484 ΕΒΡΑΙΚΟΝ.

1204 2602 1349 2655 ΝΕἾΞ
1389 2596 1423 2649 5

1168 2692 1353 2741 ιον-πεῖ
1390 2683 1425 2735 4

1104 2760 1279 2838 m‘m
1304 2784 1426 2834 um

1215 2876 1355 2926 τινι-ιη
1392 2867 1425 2920 6

960 2968 1124 3018 mum
1161 2941 1354 3021 uri-5:7
1393 2957 1423 3008 7

1166 3131 1322 3179 i'il'lJD
1360 3120 1425 3173 10

1146 3196 1317 3271 Du’s'v
1359 3212 1424 3264 12

1224 3358 1428 3434 15mm

1220 3475 1320 3525 ΝἺΠ
1360 3466 1427 3518 15

1167 3639 1322 3716 qum
1359 3630 1430 3682 2-i-

1256 3729 1425 3780 n'lB'lJI'l

1044 3795 1321 3899 pnis-5m
1359 3810 1428 3864 33

1148 3955 1327 4033 mna‘)
1362 3972 1433 4026 5-4

547 4158 796 4218 VERSIO
833 4159 1158 4215 HEBRAICI
1192 4159 1400 4214 ΤΕΧΤ.

526 4281 581 4338 5.
619 4281 854 4338 Sanatus
880 4292 983 4337 est.

528 4456 586 4499 4.
629 4449 913 4502 Passeres.

529 4537 767 4593 Coccum
790 4537 1092 4593 vermiculi.

531 4630 584 4681 6.
618 4627 832 4683 Vivum.

537 4720 587 4777 7.
635 4720 810 4791 Super
843 4720 1012 4778 facies
1045 4723 1181 4794 agri.

536 4885 625 4942 10.
663 4885 879 4943 Munus.

538 5048 625 5101 12.
652 5046 710 5102 In
733 5048 1012 5105 delictum.

536 5138 672 5210 Log.

537 5233 625 5287 15.
662 5232 779 5302 lpse

536 5329 628 5384 24.
664 5329 952 5385 Motitabit.

535 5421 958 5479 Hotitationem.

539 5583 631 5637 55.
670 5582 735 5638 Et
762 5583 968 5638 Aaron.

539 5675 629 5730 54.
668 5673 725 5729 1η
767 5675 1187 5743 possessionem.

1691 2275 1944 2340 CAPUT
1975 2270 2123 2334 XIV

1848 2423 1935 2475 ΤΟ
1973 2415 2322 2473 ΕΒΡΑΙΚΟΝ

1756 2493 2087 2563 Ἑλληνικοῖς
2114 2487 2429 2559 γράμμασι.

1639 2594 1695 2647 5.

1642 3810 1731 3863 55.

1644 3972 1731 4025 51.

1784 4158 2111 4215 VULGATA

1650 4285 1701 4337 5.
1745 4283 1880 4338 Esse
1914 4282 2255 4337 mundalam.

1650 4447 1703 4499 4.
1731 4444 2008 4499 Passeres.

1653 4536 2136 4607 Vcrmiculumquc

1649 4633 1702 4687 6.
1745 4632 1960 4687 Vivum.
2086 4612 2101 4627 ⁸

1654 4727 1703 4781 7.
1736 4727 1791 4780 ln
1827 4742 2038 4797 agrum.

1652 4889 1742 4944 10.
1777 4887 2136 4944 Sacriﬁcium.

1654 5049 1741 5105 12.
1780 5049 1886 5104 Pro
1913 5049 2126 5105 delicto.

1656 5142 1984 5198 Sextarium.

1654 5238 1740 5291 15.
1780 5235 1893 5292 Est.

1656 5330 1746 5382 24.
1791 5327 2031 5384 Levabit.

1668 5420 1853 5473 Vacat.

1656 5585 1745 5637 55.
1789 5582 1855 5637 Et
1881 5583 2086 5637 Aaron.

1653 5675 1740 5729 54.
1783 5673 1840 5729 In
1871 5673 2294 5746 possessionem.

2132 2155 2418 2227 αλείψουσι
2449 2157 2550 2229 τὴν
2571 2157 2773 2213 οἰκίαν.
2797 2158 2887 2213 45.
2905 2157 3030 2212 Ἐὰν
3050 2158 3107 2211 δὲ
3128 2157 3334 2231 ἐπέλθῃ
3356 2157 3517 2212 πάλιν
3537 2160 3571 2229 ἡ
3592 2158 3733 2229 ἁφὴ,

2158 2265 2539 2328 LEVITICI.

3044 2419 3349 2506 ‘AKYAAE.

2797 2763 3017 2836 ιάφορον
3052 2764 3351 2837 σκώληκος.
3404 2744 3407 2747 ἱ

2754 2581 2809 2636 5.

2750 2673 2803 2727 4.

2752 2766 2809 2817 Δι

2753 2862 2807 2916 ϐ.

2766 2973 2782 3004 ι

2753 3115 2776 3168 1

2760 3207 2782 3258 1

2164 4154 2441 4213 LATlNA.
3083 4149 3361 4217 AQUILA.

2814 4526 2990 4584 arium
3019 4528 3322 4585 vermiculi.

2768 4271 2820 4325 5.

2763 4413 2817 4465 4.

2766 4526 2823 4581 V:

2765 4618 2820 4674 6.

2782 4735 2823 4766 ι.

2769 4876 2853 4933 10.

2771 5041 2858 5095 12.

2766 5222 2854 5277 15.

2767 5570 2800 5622 5

2765 5663 2800 5717 ’5

2804 5571 2853 5624 5.

2801 5664 2853 5717 4.
