3868 6218
103 230 211 288 609

100 349 196 403 καὶ
227 346 480 418 ἀνατειλῃ
503 348 562 401 ὲν
589 350 655 419 τῇ
681 349 830 421 οἰκίᾳ
853 351 989 421 μετά
1012 353 1071 406 τὸ
1088 352 1289 419 ἐξελεῖν
1317 356 1443 418 τοὺς
1470 354 1674 418 λίθους,

99 441 195 493 καὶ
231 439 368 511 μετά
411 440 471 493 τὸ
496 439 866 511 ἀποξυσθῆναι
898 444 996 514 τὴν
1047 446 1244 509 οἰκίαν,
1302 448 1396 501 καὶ
1432 447 1567 518 μετά
1618 449 1679 501 τὸ

97 530 499 601 ἐξαλειφθῆναι,
529 530 619 586 44.
648 533 757 586 Καὶ
775 533 1138 589 εἰσελεύσεται
1159 539 1188 590 6
1212 539 1413 609 ἱερεὺς,
1444 539 1539 590 καὶ
1560 537 1681 607 ὅψε-

96 640 188 675 ται
224 624 273 675 εἰ
295 622 605 693 διακέχυται
636 627 670 696 ή
700 626 813 697 ἁφὴ
842 629 900 680 ὲν
930 630 997 699 τῇ
1024 629 1191 702 οἰκίᾳ,
1236 630 1413 702 λέπρα
1444 630 1677 702 ἕμμονός

94 716 246 767 ἐστιν
274 715 334 767 ὲν
363 717 429 786 τῇ
462 715 641 787 οἰκίᾳ·
669 717 975 790 ἀκάθαρτος
1017 720 1185 775 ἐστιν.
1229 721 1319 776 43.
1357 724 1467 775 Καὶ
1511 723 1677 777 καθε-

93 805 281 859 λοῦσιν
302 806 400 879 τὴν
430 807 606 863 οἰκίαν
641 810 732 863 καὶ
761 813 887 876 τοὺς
909 812 1088 878 λίθους
1121 815 1313 886 αὐτῆς,
1344 815 1440 869 καὶ
1460 816 1526 868 τὰ
1550 815 1680 881 ξύλα

94 899 285 969 αὐτῆς,
313 900 407 953 καὶ
435 901 613 955 πάντα
635 902 725 957 τὸν
752 904 881 974 χοῦν
903 906 1003 976 τῆς
1027 907 1204 969 οἰκίας
1250 907 1548 973 ἐξοίσουσιν
1575 908 1678 972 ἔξω

90 991 193 1062 τῆς
218 990 427 1056 πόλεως
463 996 543 1059 εἰς
574 996 737 1049 τόπον
760 997 1090 1070 ἀκάθαρτον.
1142 998 1231 1055 46.
1271 1002 1383 1054 Kal
1427 1001 1455 1052 6
1496 1001 1681 1053 εἰσπο-

94 1081 388 1152 ρευόμενος
416 1084 497 1147 εἰς
527 1084 627 1156 τὴν
660 1087 835 1140 οἰκίαν
855 1088 1034 1151 πάσας
1060 1088 1157 1153 τάς
1184 1088 1417 1159 ἡμέρας,
1443 1087 1508 1151 ἃς
1537 1089 1680 1156 ἀφω-

92 1173 326 1245 ρισμένη
365 1176 511 1228 ἐστὶν
534 1216 548 1241 ,
596 1177 906 1249 ἀκάθαρτος
960 1181 1109 1233 ἐστιν
1140 1158 1243 1242 ἕως
1274 1158 1532 1252 ἑσπέρας.
1585 1178 1673 1232 47.
1706 1158 1711 1163 ⁵

91 1265 203 1317 Kal
234 1268 264 1319 6
296 1256 634 1338 κοιμώμενος
684 1270 744 1323 ὲν
773 1273 839 1341 τῇ
871 1270 1019 1341 οἰκίᾳ
1053 1272 1245 1325 πλυνεῖ
1269 1270 1339 1324 τά
1363 1271 1558 1343 ἱμάτια.
1578 1270 1679 1323 αύ-

88 1356 186 1410 τοῦ
238 1372 302 1413 σε·
345 1359 440 1412 καὶ
486 1359 796 1434 ἀκάθαρτος
836 1362 990 1416 ἔσται
1036 1365 1142 1427 ἓως
1178 1361 1418 1435 ἑσπέρας
1454 1362 1476 1431 ζ
1513 1363 1609 1415 καὶ
1652 1363 1681 1414 6

91 1453 294 1507 ἐσθίων
333 1455 391 1507 ἐν
422 1457 491 1526 τῇ
543 1456 691 1529 οἰκίᾳ
730 1457 919 1512 πλυνεῖ
943 1458 1013 1512 τά
1050 1457 1241 1530 ἱμάτια
1289 1456 1452 1511 αὐτοῦ
1496 1471 1557 1512 οι-
1585 1457 1681 1509 καὶ

87 1544 401 1617 ἀκάθαρτος
427 1547 579 1603 ἔσται
603 1549 709 1613 ἕως
744 1550 983 1622 ἑσπέρας
1009 1552 1033 1620 ζ
1060 1550 1149 1605 48.
1198 1550 1323 1604 Ἑάν
1362 1549 1419 1602 δὲ
1446 1565 1683 1620 παραγε-

88 1637 316 1708 νόμενος
347 1639 561 1713 εἰσέλθῃ
594 1644 624 1695 6
653 1643 852 1714 ἱερεὺς,
890 1643 985 1696 καὶ
1013 1643 1096 1715 ῐδῃ
1116 1684 1130 1708 ,
1163 1644 1256 1696 καὶ
1293 1642 1402 1697 ἰδοὺ
1446 1642 1508 1693 ού
1557 1641 1673 1693 δια-

88 1728 246 1799 λύσει
282 1730 544 1802 διαχεῖται
584 1734 617 1803 ἡ
651 1732 762 1805 ἁφὴ
798 1735 854 1787 ὲν
896 1736 962 1805 τῇ
997 1734 1144 1805 οἰκίᾳ.
1166 1774 1180 1796 ,
1213 1732 1352 1804 μετά
1379 1731 1439 1785 τὸ
1464 1730 1671 1796 ἐξαλει-

89 1820 291 1891 φθῆναι
316 1822 412 1894 τὴν
445 1822 642 1888 οἰκίαν,
683 1824 778 1877 καὶ
802 1824 1054 1895 καθαριεῖ
1081 1825 1109 1877 6
1140 1824 1318 1895 ἱερεὺς
1353 1823 1449 1893 τὴν
1469 1820 1667 1883 οἰκίαν,

1411 237 1706 295 LEVITICI
1742 240 1893 296 CAP.
1941 240 2078 295 XIV.

3246 243 3352 298 610

1779 365 1843 429 et.
1863 366 2152 427 postquam
2186 356 2383 411 domus
2420 355 2584 409 fuerit
2614 369 2757 419 rasa,
2787 364 2841 410 et
2870 364 3157 426 postquam
3193 357 3348 412 linita

1781 448 1964 504 fuerit.
2014 449 2104 503 44.
2142 447 2209 503 Et
2239 446 2570 518 ingredietur
2604 447 2876 513 sacerdos,
2928 455 2983 500 et
3030 446 3256 516 aspiciet
3301 448 3347 503 si

1779 537 2009 592 diffusus
2034 548 2116 592 est
2155 521 2331 593 tactus
2360 537 2412 591 in
2456 537 2660 601 domo;
2695 536 2843 605 lepra
2895 550 3219 606 permanens
3263 545 3349 592 est

1780 630 1838 683 in
1866 630 2031 684 domo
2060 648 2074 683 :
2129 630 2408 683 immunda
2441 637 2545 682 est.
2582 628 2670 682 45.
2716 627 2780 681 Et
2814 627 3094 683 destruent
3124 628 3347 682 domum

1778 730 1833 775 et
1868 721 2075 790 lapides
2110 722 2247 794 ejus,
2284 727 2338 776 et
2365 720 2513 791 ligna
2543 719 2685 789 ejus,
2726 729 2780 773 ct
2813 734 3028 787 omnem
3071 720 3345 789 pulverem

1778 811 1978 866 domus
2020 812 2264 868 ed‘erent'
2295 821 2448 866 extra
2498 810 2771 865 civitatem
2810 810 2864 864 in
2896 810 3077 865 locum
3111 810 3349 864 immun-

1779 905 1931 960 dum.
1976 905 2066 959 46.
2116 904 2183 959 Et
2205 905 2300 975 qui
2350 903 2650 974 ingreditur
2696 904 2752 957 in
2806 903 3027 957 domum
3094 903 3349 957 omnibus

1780 998 2000 1060 diebus,
2034 997 2236 1066 quibus
2265 1004 2546 1066 segregata
2573 1003 2674 1060 est,
2706 994 3020 1049 immundus
3046 994 3150 1049 erit
3176 1010 3350 1066 usque

1780 1086 1847 1141 ad
1887 1102 2187 1156 vesperam.
2224 1087 2314 1140 47.
2364 1085 2429 1139 Et
2462 1086 2555 1155 qui
2605 1084 2807 1140 dormit
2852 1086 2906 1139 in
2955 1086 3116 1141 domo
3150 1085 3352 1140 lawabit

1779 1180 2104 1235 vestimenta
2133 1194 2231 1233 sua
2262 1193 2323 1233 -ε-
2352 1187 2405 1233 et
2433 1177 2749 1233 immundus
2778 1178 2881 1233 erit
2926 1194 3102 1248 usque
3145 1178 3209 1233 ad
3257 1193 3351 1232 ve-

1781 1272 2040 1342 speram:
2074 1280 2127 1325 et
2154 1271 2248 1340 qui
2282 1270 2577 1325 manducat
2619 1270 2672 1324 in
2703 1270 2886 1331 domo.
2934 1269 3136 1324 lavabit
3182 1270 3344 1324 vesti-

1781 1373 1961 1418 menta
1980 1378 2078 1417 sua
2102 1376 2162 1417 -ι-
2188 1370 2239 1416 et
2263 1362 2574 1417 immundus
2599 1362 2702 1416 erit
2726 1375 2900 1430 usque
2925 1361 2991 1415 ad
3020 1360 3342 1431 vesperam:

1782 1455 1874 1510 48.
1911 1455 1967 1509 Si
1994 1463 2177 1510 autem
2210 1455 2474 1509 accedens
2503 1452 2786 1507 intraverit
2815 1452 3089 1516 sacerdos,
3118 1460 3173 1507 et
3201 1452 3349 1507 vide-

1781 1549 1873 1612 rit,
1925 1557 1979 1603 et
2032 1563 2158 1603 ecce
2207 1548 2496 1602 diﬂusione
2544 1545 2775 1601 diﬂ‘usus
2822 1561 2928 1600 non
2965 1555 3048 1601 est
3079 1553 3261 1600 tactus
3293 1546 3346 1599 in

1775 1637 1965 1702 domo,
2014 1645 2307 1706 postquam
2352 1635 2505 1690 linita
2560 1634 2659 1691 fuit
2686 1636 2923 1690 domus:
2982 1642 3037 1688 et
3066 1634 3349 1689 mundabit

1772 1729 2028 1784 sacerdos
2058 1729 2303 1795 domum,
2332 1726 2460 1797 quia
2502 1738 2725 1782 sanatus
2773 1735 2857 1782 est
2906 1733 3103 1782 tactus.
3157 1726 3247 1783 i9.
3280 1723 3350 1779 Et

1771 1818 2312 1888 sumetadpuril‘..
2398 1859 2411 1872 .
2490 1859 2503 1871 .
2583 1856 2598 1871 .
2676 1856 2693 1873 .
2772 1859 2786 1873 .
2864 1856 2880 1872 .
2961 1859 2974 1873 .
3052 1859 3066 1873 .
3144 1856 3159 1871 .
3237 1854 3254 1870 .
3329 1856 3343 1871 .

93 1913 563 1986 ὅτιίάθηὴάφή.
600 1915 1119 1988 49.Καὶλήμψεται
1170 1917 1374 1986 ἀφαγνι
1411 1956 1423 1968 .
1470 1954 1484 1968 .
1530 1952 1543 1965 .
1590 1953 1605 1966 .
1651 1951 1664 1964 .
1776 1953 1789 1966 .
1882 1952 1900 1966 .
1996 1952 2009 1965 .
2104 1950 2119 1963 .
2202 1949 2216 1963 .
2293 1951 2308 1966 .
2386 1951 2400 1964 .
2482 1950 2494 1962 .
2575 1949 2588 1962 .

410 2046 422 2059 ο
502 2048 517 2063 ο
598 2047 613 2064 ο
688 2047 709 2064 ο
786 2046 804 2064 ο
880 2051 896 2066 ο
977 2050 990 2064 l
1070 2048 1084 2061 α
1166 2050 1179 2062 ο
1262 2049 1274 2062 ο
1358 2048 1369 2060 ι
1452 2048 1464 2060 ο
1546 2046 1560 2059 ο
1642 2044 1654 2054 ο

1323 2240 1576 2302 CAPUT
1616 2238 1762 2298 XIV
1810 2231 2183 2295 LEVlTlCI.

405 2386 808 2444 ΣΥΜΜΔΧΟΣ.
1692 2388 1768 2440 0'.
2633 2375 3028 2428 ΘΕΟΔΟΤΙΩΝ.

156 2547 210 2600 δ’
1271 2558 1324 2610 5.
1371 2556 1554 2609 ’1ἄται.
1589 2556 1823 2617 Ἄλλος,
1853 2546 2036 2621 ἦρται.
2385 2545 2437 2597 5.

155 2647 210 2692 6ο
1270 2647 1318 2699 4.
1372 2643 1628 2717 Ὀρνίθια.
1659 2645 1893 2706 Ἄλλος,
1917 2635 2191 2709 στρουθία.
2384 2642 2435 2694 4.

158 2729 401 2801 Δίόαφον
427 2733 698 2792 κόκκινον.
1271 2740 1664 2810 Κεκλωσμένον
1691 2738 1964 2791 κόκκινον.
2384 2733 2647 2787 Κόκκινον
2667 2728 3062 2801 ἀλλοιούμενον.

158 2820 215 2875 (⁵ο
1271 2832 1324 2886 6.
1354 2831 1428 2884 Τδ
1452 2830 1580 2894 ζῶν.
1621 2831 1868 2893 Ἄλλος,
1903 2825 1963 2879 τὸ
1993 2823 2115 2888 ἔξω.
2386 2824 2438 2878 6.

168 2910 221 2964 ⁷·
1271 2926 1326 2980 7.
1372 2927 1468 2989 Εἰς
1495 2925 1555 2979 τὸ
1582 2923 1787 2977 πεδίον.
1840 2920 2093 2985 Ἀλλος,
2149 2915 2241 2969 ἐπὶ
2394 2935 2442 2973 ι,

1200 2997 1488 3068 πρόσωπον
1507 2993 1600 3048 τοῦ
1628 2991 1819 3075 ἀγροῦ.

164 3071 249 3126 ίθ·
1274 3092 1359 3146 10.
1376 3071 1855 3156 Θυσίαν.”Αλλος,
1874 3085 2238 3141 κατάπαυσιν.
2397 3076 2481 3130 10-

166 3164 256 3217 12-
1272 3179 1359 3232 ιε.
1402 3179 1529 3249 Τῆς
1558 3176 1955 3249 πλημμελείας.
1998 3175 2240 3237 Ἄλλος,
2387 3171 2476 3226 12.

1201 3250 1329 3321 περὶ
1356 3249 1453 3319 τῆς
1472 3248 1873 3318 πλημμελείας.

1268 3338 1533 3409 Κοτύλην.
1566 3339 1782 3402 Ἄλλος
1798 3376 1814 3401 ,
1843 3334 2065 3404 λόγγην.

160 3418 250 3474 13·
1240 3430 1356 3511 -15.
1404 3431 1557 3483 Ἐστι
1582 3428 1678 3499 τῷ.
1710 3430 1945 3493 Ἄλλος,
1972 3425 2067 3480 καὶ
2092 3422 2243 3478 ἔσται
2390 3421 2474 3475 15.

164 3578 257 3635 24.
1211 3517 1356 3638 .ρέἰὼ
1376 3582 1929 3655 Ἐπιθήσει.”Αλλος,
1966 3581 2239 3654 ἀφορίσει.
2388 3580 2479 3633 Ξι.

1280 3674 1562 3745 Ἐπίθεμα.
1600 3674 1844 3740 Ἄλλος,
1868 3673 2169 3744 ἀφορισμα.

157 3759 254 3817 33.
1264 3766 1353 3821 55.
1413 3764 1521 3819 Kal
1556 3765 1677 3835 ’Δαε

1198 3835 1420 3891 λοιποί.

1778 3805 1784 3818 .
1830 3763 1992 3817 Οὕτω
2020 3845 2025 3849 ε
2052 3762 2151 3817 καί
2189 3765 2243 3816 οἱ
2385 3764 2466 3819 55.

158 3920 229 3977 ³⁸
1269 3932 1359 3985 54.
1398 3932 1484 3984 Ἐν
1510 3896 1988 4001 κτήσειίἌλλος,
2021 3928 2079 3982 ὲν
2107 3928 2239 4000 κλη-
2383 3926 2473 3979 51.

1205 4001 1300 4074 ρῷ.
1346 4000 1607 4066 Ἀλλος,
1631 4002 1710 4063 εἰς
1731 4000 2079 4069 κατάσχεσιν.

387 4106 833 4170 SYMMACHUS.
1379 4117 1521 4171 LXX
1556 4116 1620 4170 ΙΝ
1628 4114 2054 4170 TERPRETES.
2628 4107 3041 4167 THEODOTIO.

155 4223 215 4279 5.
1360 4233 1596 4289 Sanatus
1634 4242 1735 4289 est.
1777 4232 1950 4300 Alius,
1991 4232 2237 4288 sublatus
2392 4233 2447 4285 5.

1200 4322 1257 4358 es
1287 4345 1300 4357 .

1200 4322 1300 4360 85L

153 4384 212 4438 4.
1271 4398 1322 4451 6.
1357 4397 1628 4452 Aviculas.
1665 4430 1677 4449 Α

1778 4413 1840 4461 ιε,
1875 4410 2149 4466 passeres.
2388 4395 2439 4448 4.

160 4475 256 4533 Bis
290 4477 515 4537 tinctum
558 4484 860 4540 coccinum.

1272 4487 1497 4541 Tol-tum
1528 4485 1834 4541 coccinum.

2384 4479 2679 4536 Coccinum
2711 4476 3071 4545 variegatum.

155 4567 216 4623 θ’
1270 4584 1322 4639 6.
1346 4583 1647 4639 Viventem.
1673 4582 1785 4648 AL,
1807 4591 1956 4635 extra
1974 4580 2237 4650 positum.
2382 4571 2434 4627 6.

151 4658 209 4713 7ο
1237 4674 1322 4755 ⁸7.
1363 4673 1419 4728 lu
1452 4689 1727 4755 campum.
1753 4671 1927 4734 Atius,
1964 4686 2125 4741 super
2151 4667 2237 4723 fa-
2382 4665 2436 4721 7.

1200 4760 1339 4799 clem
1364 4761 1499 4815 agri.

157 4818 252 4873 10.
1206 4911 1238 4922 Α
1272 4841 1358 4895 10.
1393 4838 1751 4894 Sacriﬁcium.
1796 4836 1981 4899 Alius,
2020 4833 2237 4904 requie-
2387 4828 2475 4883 1οι

1201 4919 1428 4965 tionem.
1792 4928 1795 4931 '

156 4979 249 5033 1‘2-
1271 5000 1357 5054 η.
1387 5000 1596 5057 Delicti.
1626 5001 1796 5062 Alius.
1828 5012 1929 5069 pro
1957 4995 2173 5052 delicto.
2387 4990 2475 5044 12.

1269 5088 1536 5160 Cotylam.
1578 5090 1750 5156 Alius,
1785 5090 2002 5160 longen.

158 5159 252 5214 43-
1270 5182 1357 5235 ιδ.
1378 5159 1501 5237 Est.
1542 5183 1677 5235 Alia:

1778 5182 1863 5235 rit.
1890 5159 1894 5160 ί
2387 5178 2474 5232 ιδ.

154 5250 253 5305 ἳιο
1265 5276 1357 5329 24,
1397 5275 1662 5344 lmponet.
1693 5275 1866 5338 Alius,
1898 5278 2189 5345 separabit.
2381 5274 2475 5329 9L

1267 5364 1694 5435 lmpositionem.
1722 5364 1899 5431 Ὰιὶιω,
1935 5370 2238 5437 separatio-

1194 5451 1339 5491 "CIII.

149 5500 245 5557 35-
1268 5526 1355 5579 33.
1387 5524 1453 5579 Et
1479 5525 1684 5581 Aaron.
1750 5526 1964 5591 ςωεετί,
1999 5529 2073 5583 id.
2380 5530 2468 5584 εδ.

156 5592 251 5647 ⁵⁸⁸
1270 5619 1358 5672 54.
1417 5617 1475 5691 _ln
1531 5634 1677 5690 possr

1778 5635 1895 5675 one.
1948 5622 2138 5691 Alius,
2181 5623 2235 5677 in
2378 5621 2466 5675 54.

1202 5697 1364 5744 sorte.
1392 5689 1563 5755 Alius;
1593 5691 1647 5745 in
1673 5692 2032 5755 adeptionem.
