3868 6218
423 339 526 398 619

422 470 542 509 esse
568 452 852 508 inferatur.
931 439 947 465 ⁸

495 523 557 578 V.
588 525 641 578 7.
671 525 870 582 Ἀλλ..
894 521 991 588 τῆς
1025 516 1246 588 σαρκός.
1271 514 1353 588 Ex
1381 512 1689 588 Basiliensi.

498 593 559 647 V.
591 594 643 648 8.
683 595 758 645 Ἀ.
783 591 900 662 [ἐὰν
926 584 1250 662 ἐ’πιπτύσῃ.]
1271 585 1419 638 Hanc
1449 584 1753 662 versionem
1776 594 1997 662 expres-

426 665 599 718 simus
641 679 704 717 ex
749 648 938 716 Latina
984 648 1199 727 Aquilae.
1223 648 1692 727 interpretatione,
1720 667 1884 720 quam
1915 648 1998 702 af-

426 735 529 788 fert
560 733 804 803 lsychius
838 731 941 803 sic,
975 723 1188 803 Aquila:
1223 728 1281 803 si
1303 723 1676 803 ιςιιρςιχίςριιιενίίξ

497 790 674 856 v.13.
719 804 792 854 Τὸ
828 790 986 870 σῶμα
1019 790 1182 852 αὐτοῦ
1224 790 1375 850 ὕδατι
1409 790 1591 857 ζῶντι.
1639 791 1716 845 Ex
1763 790 1996 845 editione

431 874 690 929 ﬂuuiana.

1485 321 1954 379 HEXAPLORUM
1997 318 2160 386 QUAE
2204 315 2635 374 SUPERSUNT.

3570 304 3677 358 69.0

2169 435 2233 490 ν.
2292 436 2378 488 19.
2425 435 2625 495 Ἀλλ.,
2676 431 3038 502 μετακινήσει.
3092 426 3170 481 Ex
3213 424 3524 502 Basiliensi.
3562 423 3679 502 ,διι-

2097 515 2328 577 quentes
2364 519 2489 577 vero
2523 493 2786 577 lectiones
2817 493 3001 577 Graece
3048 497 3422 577 expressimus
3461 493 3680 577 exulnsy-

2097 564 2224 632 chio
2247 617 2260 638 ,
2295 575 2387 644 qui
2429 575 2510 630 sic
2553 574 2718 627 habet
2743 589 2763 644 :7
2791 590 2810 624 ‹
2842 571 2998 644 Quid
3031 564 3207 622 dixit:
3241 567 3449 644 Septem
3487 564 3676 644 diebus

2099 636 2768 716 separab'itur?quod_alii
2791 681 2806 706 ,
2837 643 2961 716 Erit
2980 641 3035 694 in
3063 640 3375 716 purgatione
3413 652 3530 688 sua.

2098 705 2227 772 vero
2259 705 2602 784 interpretes,
2637 713 2702 766 In
2730 705 3072 782 separatione
3085 705 3383 781 iitiquitatis
3413 723 3544 761 sure.
3566 705 3677 759 Alii

2099 796 2302 848 autem,
2343 783 2572 837 Miseria:
2629 783 2933 838 ediderunt.
2971 800 2989 832 ι

2173 855 2236 911 ν.
2279 855 2469 910 ’ΞΟ-25.
2521 854 2838 916 Lectiones,
2869 867 2990 922 quae
3017 850 3264 905 eamdem
3294 862 3485 904 vocem
3536 855 3679 907 arm

988 1034 1229 1090 CAPUT
1264 1031 1404 1087 XVI
1435 1026 1802 1092 LEVITICI,
1839 1024 1937 1078 EX
1970 1022 2231 1079 EODEM
2271 1021 2550 1078 CODICE
2576 1017 2933 1076 COLBERT.
2962 1015 3123 1072 5081.

500 1182 551 1235 1.
595 1181 660 1234 Et
699 1180 914 1236 locutus
945 1187 1032 1234 est
1061 1177 1322 1233 Dominus
1364 1175 1430 1230 ad
1459 1173 1678 1245 Moysen
1710 1180 1999 1242 postquam

429 1272 668 1328 defuncti
701 1280 828 1327 sunt
854 1270 964 1325 duo
994 1269 1090 1324 lilii
1119 1269 1337 1335 Aaron,
1372 1282 1497 1322 cum
1533 1264 1788 1320 offerrent
1819 1263 1999 1332 ignem

429 1367 665 1421 alienum
693 1372 820 1420 ante
853 1362 1168 1425 Dominum,
1201 1371 1253 1416 et
1278 1359 1475 1414 mortui
1503 1366 1649 1412 sunt.
1690 1356 1744 1409 2.
1773 1355 1837 1409 Et
1867 1353 2004 1408 dixit

430 1455 694 1510 Dominus
742 1454 810 1508 ad
855 1452 1072 1525 Moysen
1126 1470 1140 1506 :
1190 1450 1439 1522 Loquere
1469 1449 1535 1504 ad
1563 1449 1745 1502 Aaron
1779 1445 2000 1500 fratrem

433 1561 608 1617 tuum,
636 1557 690 1604 et
718 1564 786 1603 ne
814 1547 1149 1619 ingrediatur
1189 1546 1339 1600 omni
1366 1547 1499 1600 hora
1535 1544 1601 1599 ad
1631 1550 1880 1598 sanctum
1915 1542 2003 1595 in-

431 1641 604 1697 terius
645 1639 932 1694 velaminis
971 1638 1038 1692 ad
1085 1637 1278 1692 faciem
1307 1635 1692 1707 propitiatorii,
1746 1632 1890 1703 quod
1921 1640 2005 1687 est

433 1747 598 1802 super
629 1746 814 1786 arcam
842 1745 902 1785 -ι-
942 1730 1240 1786 testimonii
1271 1731 1294 1799 ζ
1332 1738 1385 1783 et
1414 1743 1522 1783 non
1554 1728 1841 1782 morietur.
1868 1723 2002 1779 Nam

435 1824 491 1876 in
539 1821 683 1877 nube
713 1821 985 1892 apparebo
1017 1835 1180 1890 super
1207 1819 1662 1890 propitiatorium.
1704 1819 1757 1872 5.
1798 1816 1889 1872 Sic
1922 1816 2005 1870 in-

435 1912 710 1982 gredietur
734 1913 915 1965 Aaron
945 1911 999 1964 in
1032 1919 1281 1966 sanctum
1316 1910 1370 1963 in
1406 1909 1570 1963 vitulo
1601 1923 1664 1964 ex
1709 1908 1880 1962 bobus
1906 1921 2006 1977 pro

436 2011 679 2072 peccato,
703 2010 756 2056 et
783 2002 1008 2056 arietem
1038 2002 1092 2055 in
1119 2001 1497 2055 holocaustum
1535 2017 1549 2053 ι
1587 1999 1640 2053 4.
1669 1996 1734 2051 Et
1765 1997 2004 2051 tunicam

437 2098 634 2151 lineam
660 2095 1052 2151 sanctificatam
1075 2094 1281 2160 indunt,
1302 2102 1358 2147 et
1383 2092 1647 2148 femorale
1677 2091 1881 2146 lineum
1903 2091 2007 2145 erit

437 2200 598 2256 super
632 2200 832 2255 corpus
853 2184 995 2254 ejus,
1027 2192 1080 2239 et
1105 2197 1240 2236 zona
1277 2181 1420 2236 linea
1453 2180 1722 2250 cingetur,
1771 2187 1826 2232 et
1855 2177 2006 2232 cida-

435 2280 539 2332 rim
582 2277 783 2333 lineam
830 2277 1205 2345 circumponet
1230 2292 1244 2329 :
1274 2273 1594 2328 vestimenta
1626 2278 1812 2325 sancta
1857 2277 2004 2323 sunt.

439 2370 504 2426 Et
529 2370 733 2425 lavabit
769 2384 910 2440 aqua
941 2375 1114 2431 totum
1144 2380 1345 2436 corpus
1379 2346 1563 2429 suum,
1593 2370 1651 2418 et
1674 2360 1862 2416 induet
1893 2375 1956 2414 ea
1990 2377 2002 2412 :

437 2463 492 2517 5.
527 2461 595 2516 Et
619 2476 650 2516 a
679 2475 950 2532 synagoga
986 2459 1222 2514 ﬁliorum
1249 2456 1414 2513 lsrael
1465 2454 1696 2524 accipiet
1723 2453 1862 2507 duos
1889 2450 2006 2505 bir-

438 2570 533 2609 cos
555 2569 623 2608 ex
654 2554 832 2623 capris
866 2567 967 2623 pro
993 2559 1235 2622 peccato,
1284 2557 1341 2604 et
1367 2547 1593 2603 arietem
1620 2561 1791 2600 unum
1817 2544 1883 2597 ad
1909 2543 2008 2598 ho-

439 2647 763 2700 locaustum.
827 2643 881 2698 6.
911 2644 978 2699 Et
1021 2642 1210 2697 oﬂ’eret
1249 2640 1430 2694 Aaron
1476 2639 1737 2702 vitulum,
1773 2638 1865 2708 qui
1911 2651 2008 2706 pro

439 2739 662 2801 peccato
693 2745 794 2786 suo
823 2747 837 2784 :
869 2737 924 2784 et
950 2728 1188 2798 expiabit
1211 2740 1310 2798 pro
1337 2741 1396 2782 se
1417 2735 1472 2781 et
1496 2725 1661 2780 domo
1687 2739 1806 2780 sua.
1860 2722 1909 2775 7.
1945 2719 2010 2774 Et

439 2823 670 2892 accipiet
702 2822 840 2876 duos
873 2821 1079 2886 hircos,
1115 2832 1168 2876 et
1201 2827 1400 2876 statuet
1431 2833 1527 2874 eos
1571 2826 1695 2872 ante
1724 2812 2008 2870 Dominum

440 2917 507 2969 ad
559 2915 758 2972 ostium
813 2913 1148 2970 tabernaculi
1198 2911 1512 2968 testimonii.
1569 2909 1622 2964 8.
1661 2907 1727 2962 Et
1771 2909 2013 2976 imponet

441 3012 621 3064 Aaron
646 3022 809 3077 supra
837 3008 975 3062 duos
1007 3006 1191 3068 hircos
1218 3012 1392 3060 sortes
1439 3022 1454 3058 :
1486 3011 1687 3057 sortem
1719 3015 1882 3054 unam
1911 2997 2013 3051 Do-

443 3097 615 3162 mino,
668 3106 722 3150 et
778 3103 980 3149 sortem
1031 3108 1196 3148 unam
1253 3091 1554 3148 emissario.
1617 3089 1670 3145 9.
1718 3088 1782 3143 Et
1825 3087 2012 3142 oll‘eret

443 3191 626 3245 Aaron
674 3187 884 3242 hircum
921 3201 1085 3256 super
1131 3200 1291 3256 quem
1347 3182 1659 3252 supervenit
1689 3196 1851 3248 super
1884 3194 2008 3233 eum

444 3294 567 3335 sors
600 3277 852 3342 Domino,
884 3286 938 3332 et
961 3276 1147 3330 oﬂeret
1178 3289 1274 3344 pro
1301 3283 1522 3344 peccato
1549 3291 1562 3327 :
1593 3272 1677 3326 10.
1708 3271 1773 3326 Et
1797 3268 2011 3324 hircum

445 3388 610 3443 super
655 3387 815 3443 quem
847 3370 1156 3440 supervenit
1201 3383 1364 3437 super
1393 3382 1518 3422 eum
1551 3381 1672 3422 sors
1719 3363 2009 3426 emissarii,

445 3472 649 3519 statuet
681 3463 947 3518 viventem
985 3468 1111 3515 ante
1139 3459 1451 3523 Dominum,
1486 3467 1546 3512 ut
1573 3457 1892 3527 propitietur
1917 3471 2010 3510 su-

443 3571 543 3627 per
567 3569 667 3621 eo;
700 3554 772 3609 ita
805 3561 864 3608 ut
895 3551 1106 3608 emittat
1125 3564 1249 3605 eum
1281 3550 1335 3604 in
1365 3549 1716 3604 emissionem
1744 3560 1806 3601 σι-
1831 3545 2014 3600 dimit-

446 3656 522 3702 tet
549 3662 672 3702 eum
723 3647 746 3715 ζ
795 3645 848 3699 in
879 3645 1171 3700 desertum.
1232 3643 1320 3700 11.
1352 3642 1419 3698 Et
1443 3641 1632 3696 oﬂ‘eret
1663 3641 1841 3694 Aaron
1871 3638 2010 3692 vitu-

445 3740 560 3794 lum
581 3754 763 3802 suum,
783 3738 875 3806 qui
904 3751 1004 3806 pro
1033 3743 1277 3806 peccato,
1306 3743 1361 3790 et
1385 3733 1625 3804 expiabit
1643 3746 1741 3803 pro
1760 3747 1818 3785 se
1836 3739 1890 3784 et
1917 3744 2016 3798 pro

445 3835 608 3887 domo
632 3848 750 3887 sua.
787 3831 1138 3901 Etjugulabit
1165 3830 1393 3884 vitulum
1421 3843 1602 3890 suum,
1642 3826 1733 3896 qui
1761 3841 1858 3894 pro
1889 3839 2017 3893 pecv

448 3931 591 3980 cato.
651 3923 736 3976 ιε.
778 3921 840 3975 Ει
869 3931 1044 3977 sumet
1102 3920 1440 3974 thuribulum
1475 3919 1690 3985 plenum
1717 3915 2015 3969 carbonum

451 4015 594 4086 ignis
625 4015 694 4068 ab
728 4013 910 4078 altari,
941 4013 1088 4083 quod
1115 4020 1199 4066 est
1220 4025 1404 4066 coram
1432 4008 1685 4063 Domino.
1741 4005 1807 4060 Et
1831 4005 2019 4074 imple-

450 4110 528 4163 hit
562 4117 757 4162 manus
806 4121 936 4160 suas
983 4105 1207 4158 incenso
1255 4099 1668 4170 compositionis
1697 4097 1945 4160 subtilis,
1969 4105 2022 4150 et

453 4199 648 4255 inferet
675 4199 816 4252 intra
847 4198 1112 4252 velamen.
1151 4197 1237 4250 15.
1267 4195 1332 4249 Ει
1361 4194 1601 4264 imponet
1625 4192 1905 4246 incensum
1937 4204 2024 4242 su-

453 4309 548 4363 per
575 4294 753 4362 ignem
784 4301 908 4347 ante
937 4289 1225 4344 Dominum
1261 4306 1274 4342 :
1306 4295 1360 4342 et
1385 4286 1591 4356 operiet
1611 4298 1780 4352 vapor
1809 4280 2019 4335 incensi

451 4383 913 4456 propitiatorium,
949 4384 1092 4452 quod
1125 4389 1210 4436 est
1253 4394 1415 4450 super
1458 4363 1789 4440 testimonia,
1825 4380 1880 4427 et
1910 4386 2021 4425 non

453 4477 737 4532 morietur.
775 4475 861 4528 14.
890 4473 956 4526 Et
975 4480 1153 4527 sumet
1180 4472 1247 4526 de
1273 4469 1538 4540 sanguine
1555 4467 1707 4522 vituli
1739 4485 1751 4519 :
1776 4472 2026 4534 etasper‘

453 4576 543 4637 get
585 4567 754 4635 digito
804 4581 906 4620 suo
963 4579 1127 4630 super
1172 4561 1605 4633 propitiatorium
1639 4559 1706 4613 ad
1736 4559 2023 4623 orientem,

454 4661 753 4716 secundum
787 4657 977 4713 faciem
1018 4654 1402 4727 pr0pitiatorii.
1455 4652 1520 4706 Et
1551 4659 1800 4720 asperget
1827 4651 2026 4719 septies

453 4752 521 4805 de
550 4749 814 4819 sanguine
844 4747 1012 4818 digito
1037 4761 1157 4800 suo.
1197 4747 1282 4801 15.
1308 4744 1371 4797 Ει
1393 4742 1663 4813 jugulabit
1685 4742 1897 4796 hircum
1929 4748 2026 4809 p'ro

454 4853 702 4912 peccato,
752 4856 875 4896 eum
906 4840 1048 4908 quia
1073 4838 1270 4908 populo
1286 4844 1369 4891 est
1385 4850 1445 4892 οι-
1467 4845 1592 4889 ante
1609 4833 1902 4888 Dominum
1930 4833 1953 4902 ζ
1974 4841 2028 4886 et

456 4932 651 4989 inferet
666 4933 732 4987 de
759 4931 1022 5001 sanguine
1037 4929 1156 4998 ejus
1185 4929 1324 4982 intra
1348 4927 1611 4981 velamen.
1632 4924 1698 4978 Et
1725 4925 2022 4978 facietsan-

457 5027 674 5096 guinem
691 5023 810 5094 ejus
823 5021 1276 5093 quemadmodum
1291 5017 1417 5074 fecit
1432 5018 1751 5088 sanguinem
1763 5015 1918 5070 vituli
1939 5035 1950 5069 :
1970 5023 2022 5069 et

456 5125 706 5188 asperget
721 5115 1038 5185 sanguinem
1055 5113 1174 5182 ejus
1191 5127 1352 5181 super
1369 5108 1801 5180 propitiatorium
1825 5123 2022 5162 secun-

456 5209 586 5263 dum
608 5205 800 5262 faciem
820 5203 1204 5278 pr0pitiatorii.
1241 5201 1326 5256 16.
1352 5201 1418 5255 Et
1435 5200 1932 5270 expiabitsanctum
1953 5199 2022 5253 ab

456 5293 819 5349 immunditiis
863 5292 1098 5348 ﬁliorum
1130 5290 1314 5357 Israel,
1345 5301 1399 5346 et
1426 5291 1494 5345 ab
1521 5290 1804 5360 injustitiis
1832 5305 2023 5346 eorum

455 5403 556 5456 pro
570 5386 830 5442 omnibus
842 5385 1076 5454 peccatis
1091 5397 1278 5438 eorum
1299 5402 1312 5438 :
1329 5392 1381 5438 et
1403 5384 1482 5438 sic
1501 5381 1660 5437 faciet
1679 5384 2027 5438 tabernaculo

457 5477 778 5540 testimonii,
801 5476 946 5547 quod
976 5475 1300 5531 aediﬁcatum
1347 5476 1501 5529 estin
1532 5476 1632 5539 eis,
1653 5476 1704 5529 in
1725 5476 1901 5530 medio
1920 5475 2025 5528 im-

457 5569 736 5624 munditiae
753 5583 964 5623 eorum.
982 5567 1067 5620 17.
1087 5565 1151 5618 Ει
1167 5565 1344 5620 omnis
1363 5566 1526 5620 homo
1543 5582 1652 5620 non
1664 5567 1769 5621 erit
1785 5569 1838 5620 in
1857 5567 2029 5624 taber-

461 5661 656 5714 naculo
687 5659 1003 5723 testimonii,
1037 5659 1372 5730 ingrediente
1414 5659 1506 5712 illo
1525 5658 1590 5713 ad
1607 5658 1940 5728 expiandum
1973 5661 2030 5713 in

461 5761 668 5818 sancto,
699 5751 870 5808 donec
901 5751 1094 5807 exierit
1113 5760 1194 5807 :et
1223 5751 1463 5821 expiabit
1492 5767 1590 5822 pro
1614 5752 1816 5822 seipso,
1850 5761 1901 5806 et
1931 5765 2030 5820 pro

2174 1168 2222 1220 1.
2255 1167 2364 1219 Kal
2399 1164 2626 1234 ἐλάλησε
2670 1164 2872 1233 Κύριος
2914 1161 3050 1230 πρὸς
3077 1157 3284 1225 Μωσῆν
3339 1154 3474 1227 μετὰ
3504 1155 3565 1207 τὸ
3590 1171 3682 1206 τε-

2101 1257 2357 1324 λευτῆσαι
2379 1254 2506 1316 τοὺς
2533 1253 2624 1305 δύο
2648 1253 2797 1315 υἱοὺς
2840 1247 3048 1320 Ἀαρὼν
3107 1250 3164 1299 ἐν
3197 1244 3275 1314 τῷ
3305 1247 3681 1316 προσαγαγεῖν

2101 1349 2300 1410 αὐτοὺς
2333 1346 2448 1418 πῦρ
2478 1345 2752 1416 ἀλλότριον
2783 1343 2961 1396 ἔναντι
2995 1340 3224 1411 Κυρίου,
3265 1339 3360 1391 καὶ
3394 1337 3683 1407 ἐτελεύτη-

2104 1458 2222 1494 σαν.
2256 1440 2310 1493 2.
2336 1440 2444 1492 Kal
2466 1435 2616 1491 εἶπεν
2635 1437 2832 1508 Κύριος
2857 1434 2991 1505 πρὸς
3022 1432 3247 1502 Μωσῆν·
3269 1429 3512 1500 Λάλησον
3546 1427 3688 1500 πρὸς

2117 1530 2324 1601 Ἀαρὼν
2351 1532 2443 1584 τὸν
2469 1529 2693 1599 ἀδελφόν
2727 1545 2839 1590 σου,
2873 1526 2967 1579 καὶ
3010 1525 3082 1596 μὴ
3135 1521 3539 1594 εἱσπορευέσθω
3574 1522 3687 1574 πᾶ-

2109 1641 2207 1678 σαν
2238 1622 2384 1693 ὤραν
2417 1623 2497 1685 εἰς
2521 1622 2582 1674 τὸ
2617 1621 2770 1688 ἅγιον
2819 1617 3085 1687 ἐσώτερον
3117 1615 3212 1669 τοῦ
3252 1616 3687 1685 καταπετάσμα-

2103 1733 2194 1779 τος
2221 1717 2300 1778 εἱς
2338 1715 2624 1786 πρόσωπον
2650 1711 2743 1766 τοῦ
2806 1709 3137 1782 ἱλαστηρίου,
3194 1709 3222 1762 ὃ
3267 1710 3412 1761 ἐστιν
3465 1706 3559 1760 ἐπὶ
3581 1706 3688 1776 τῆς

2106 1805 2339 1861 κιϐωτοῦ
2377 1821 2440 1862 +
2491 1806 2584 1859 τοῦ
2623 1803 2969 1877 μαρτυρίουζ
3005 1803 3100 1855 καὶ
3150 1803 3250 1856 οὐκ
3303 1801 3685 1856 ἀποθανεῖται.

2117 1903 2206 1954 Ἐν
2263 1900 2371 1972 γὰρ
2424 1899 2621 1971 νεφέλῃ
2694 1897 3001 1968 ὀφθήσομαι
3055 1895 3146 1948 ἐπὶ
3193 1893 3288 1948 τοῦ
3347 1891 3686 1964 ἱλαστηρίου.

2106 1993 2159 2044 5.
2186 1989 2372 2053 υῦτως
2402 1989 2767 2042 εἰσελεύσεται
2805 1987 3012 2055 Ἀαρὼν
3045 1989 3123 2050 εἱς
3151 1986 3213 2038 τὸ
3234 1985 3388 2054 ἅγιον
3420 1985 3477 2037 ἐν
3498 1984 3690 2055 μόσχῳ

2107 2082 2171 2134 ἐκ
2195 2081 2334 2150 βοῶν
2367 2081 2496 2150 περὶ
2534 2078 2836 2150 ἁμαρτίας,
2865 2077 2959 2131 καὶ
3010 2077 3163 2148 κριὸν
3191 2079 3269 2139 εἱς
3301 2073 3684 2146 όλοκαύτωμα.

2107 2175 2162 2228 4.
2197 2176 2308 2227 Kal
2353 2173 2556 2244 χιτῶνα
2617 2170 2797 2225 λινοῦν
2848 2170 3182 2241 ἡγιασμένον
3238 2167 3536 2231 ἐνδύσεται,
3589 2169 3691 2220 καὶ

2108 2266 2422 2338 περισκελές
2455 2264 2632 2318 λινοῦν
2684 2264 2834 2316 ἔσται
2883 2263 2976 2316 ἐπὶ
3003 2261 3096 2314 τοῦ
3128 2259 3336 2332 χρωτὸς
3365 2258 3550 2324 αὐτοῦ,
3589 2277 3667 2313 κα

2110 2361 2255 2434 ζώνῃ
2281 2361 2399 2430 λινῇ
2423 2359 2674 2426 ζώσεται,
2726 2358 2821 2412 καὶ
2851 2356 3064 2428 κίδαριν
3107 2356 3259 2424 λινῆν
3307 2352 3687 2424 περιθήσεται,

2114 2458 2304 2527 ἱμάτια
2333 2454 2467 2523 ἅγιά
2495 2455 2644 2506 ἐστι’
2677 2453 2770 2506 καὶ
2819 2450 3069 2505 λούσεται
3101 2447 3252 2502 ὕδατι
3303 2449 3412 2502 πᾶν
3442 2447 3503 2500 τὸ
3525 2446 3691 2518 σῶμα

2109 2549 2294 2612 αὑτοῦ,
2326 2549 2420 2601 καὶ
2442 2547 2717 2600 ἐνδύσεται
2742 2543 2901 2598 αύτάο
2953 2543 3006 2597 5.
3043 2541 3153 2595 Kal
3201 2541 3352 2612 παρὰ
3410 2543 3510 2612 τῆς
3557 2557 3688 2593 συν-

2109 2640 2330 2710 αγωγῆς
2364 2637 2470 2690 τῶν
2491 2637 2622 2691 υἱῶν
2682 2635 2897 2708 Ἰσραὴλ
2921 2635 3192 2706 λήμψεται
3215 2633 3308 2687 δύο
3337 2634 3603 2706 χιμάρους
3629 2633 3692 2697 ἐξ

2111 2732 2280 2802 αἱγών
2302 2731 2427 2802 περὶ
2457 2731 2749 2802 ἁμαρτίας,
2788 2728 2882 2782 καὶ
2920 2729 3072 2799 κριὸν
3089 2726 3185 2779 ἕνα
3209 2728 3288 2789 εἱς
3307 2724 3689 2795 όλοκαύτωμα.

2110 2825 2161 2878 6.
2195 2824 2303 2876 Καὶ
2333 2823 2590 2894 προσάξει
2648 2820 2858 2894 Ἀαρὼν
2901 2821 2993 2874 τόν
3051 2821 3250 2892 μόσχον
3303 2819 3396 2874 τὸν
3427 2822 3555 2892 περὶ
3587 2821 3692 2890 τῆς

2111 2915 2384 2986 ἁμαρτίας
2416 2914 2600 2981 αὑτοῦ,
2632 2916 2726 2968 καὶ
2769 2913 3072 2978 ἐξιλάσεται
3100 2915 3228 2985 περὶ
3255 2913 3442 2978 αὐτοῦ,
3478 2914 3690 2968 καὶτοῦ

2111 3009 2258 3060 οἴκου
2295 3006 2478 3060 αὐτοῦ.
2529 3007 2581 3061 7.
2639 3007 2749 3060 Kal
2801 3006 3072 3077 λήμψεται
3111 3007 3236 3068 τοὺς
3265 3006 3358 3058 δύο
3397 3007 3691 3076 χιμάρους,

2115 3101 2209 3153 καὶ
2244 3102 2426 3170 στήσει
2460 3100 2654 3162 αὐτοὺς
2686 3099 2864 3152 ἔναντι
2904 3098 3110 3170 Κυρίου
3171 3097 3324 3168 παρὰ
3366 3097 3464 3168 τὴν
3523 3097 3694 3166 θύραν

2114 3193 2216 3262 τῆς
2252 3193 2455 3263 σκηνῆς
2480 3191 2572 3245 τοῦ
2608 3190 2929 3262 μαρτυρίου.
2961 3190 3013 3242 8.
3047 3189 3157 3242 Καὶ
3188 3188 3436 3258 ἐπιθήσει
3480 3186 3694 3257 ’Δαρὼν

2112 3285 2206 3337 ἐπὶ
2227 3284 2352 3345 τοὺς
2376 3281 2468 3336 δύο
2499 3283 2764 3354 χιμάρους
2791 3281 3043 3352 κλήρους·
3094 3281 3290 3351 κλῆρον
3316 3279 3412 3332 ἕνα
3466 3278 3545 3348 τῷ
3577 3279 3697 3331 Κυ-

2115 3375 2235 3447 ρίῳ,
2268 3377 2362 3428 καὶ
2393 3375 2590 3446 κλῆρον
2631 3374 2726 3427 ἕνα
2744 3373 2822 3443 τῷ
2849 3372 3240 3442 ἀποπομπαίῳ.
3269 3373 3321 3426 9.
3373 3372 3483 3424 Kal
3524 3387 3700 3440 προσο

2115 3468 2229 3531 ags:
2268 3467 2472 3538 Ἀαρὼν
2499 3466 2589 3519 τὸν
2615 3467 2844 3537 χίμαρον
2895 3465 2980 3534 ἐφ’
3009 3465 3067 3518 ὃν
3094 3463 3327 3534 ἐπῆλθεν
3349 3463 3438 3514 ἐπ’
3469 3462 3635 3516 αὐτὸν
3665 3465 3695 3515 ό

2114 3559 2315 3628 κλῆρος
2353 3559 2429 3629 τῷ
2481 3559 2690 3628 Κυρίῳ,
2741 3558 2835 3610 καὶ
2889 3556 3163 3628 προσοίσει
3218 3555 3346 3627 περὶ
3390 3555 3690 3626 ἁμαρτίας.

2121 3650 2206 3706 10.
2240 3652 2349 3704 Καὶ
2401 3651 2492 3704 τὸν
2540 3651 2792 3721 χίμαρον,
2849 3652 2933 3718 ἐφ’
2961 3650 3019 3702 ὃν
3079 3648 3312 3719 ἐπῆλθεν
3359 3649 3637 3702 ἐπάὑτὸν
3666 3652 3696 3703 ό

2118 3745 2316 3815 κλῆρος
2337 3743 2430 3796 τοῦ
2457 3743 2866 3813 ἁποπομπαίου,
2925 3744 3108 3813 στήσει
3159 3743 3334 3807 ζῶντα
3378 3741 3560 3796 ἔναντι
3588 3743 3704 3794 Κυ-

2121 3837 2259 3908 ρίου,
2295 3835 2388 3890 τοῦ
2444 3835 2797 3900 ἐξιλάσασθαι
2819 3838 2906 3890 ἐπ’
2928 3835 3115 3890 αὐτοῦ’
3145 3835 3284 3888 ὥστε
3317 3833 3699 3898 ἐξαποστεῖλαι

2119 3929 2278 3981 αὑτὸν
2315 3929 2394 3991 εἰς
2421 3928 2518 3998 τὴν
2552 3928 2886 3999 ἀποπομπὴν
2921 3941 2983 3982 -ε-
3017 3928 3215 3998 ἀφήσει
3249 3925 3409 3978 αὑτὸν
3441 3926 3569 3992 ζεὶς
3595 3925 3700 3994 τὴν

2121 4020 2346 4091 ἔρημον.
2405 4021 2489 4072 ll.
2536 4022 2644 4073 Kal
2694 4019 2955 4090 προσάξει
2997 4018 3205 4090 Ἀαρὼν
3256 4018 3347 4072 τὸν
3378 4019 3577 4089 μόσχον
3604 4018 3701 4072 τὸν

2122 4114 2250 4182 περὶ
2277 4115 2375 4184 τῆς
2407 4113 2680 4183 ἁμαρτίας
2709 4113 2799 4165 τὸν
2835 4111 3023 4176 αὑτοῦ,
3083 4111 3178 4165 καὶ
3236 4111 3543 4175 ἐξιλάσεται
3568 4112 3700 4183 περὶ.

2122 4203 2286 4256 αὐτοῦ
2313 4205 2406 4258 καὶ
2437 4204 2528 4256 τοῦ
2557 4203 2708 4256 οἴκου
2738 4202 2925 4267 αὐτοῦ,
2967 4201 3062 4255 καὶ
3119 4201 3312 4270 σφάξει
3365 4201 3458 4254 τὸν
3497 4202 3701 4272 μόσχον

2123 4297 2210 4349 τὸν
2245 4296 2372 4367 περὶ
2398 4295 2495 4364 τῆς
2523 4295 2793 4366 ἁμαρτίας
2816 4295 2906 4348 τὸν
2934 4294 3119 4347 αὑτοῦ.
3167 4294 3253 4346 12.
3288 4293 3398 4346 Kal
3424 4293 3698 4363 λήμψεται

2124 4389 2184 4440 τὸ
2212 4391 2432 4460 πυρείον
2460 4387 2666 4456 πλῆρες
2704 4386 2987 4456 ἀνθράκων
3021 4387 3190 4458 πυρὸς
3223 4385 3329 4438 ἀπὸ
3372 4385 3468 4438 τοῦ
3503 4385 3700 4439 θυσια-

2127 4476 2344 4548 στηρίου
2375 4477 2467 4530 τοῦ
2496 4477 2754 4530 ἀπέναντι
2782 4475 3005 4546 Κυρίου.
3027 4476 3137 4529 Kal
3161 4473 3352 4546 πλήσει
3378 4474 3476 4537 τὰς
3509 4478 3702 4546 χεῖρας

2125 4568 2290 4621 αὐτοῦ
2325 4567 2664 4637 θυμιάματος
2714 4566 3012 4628 συνθέσεως
3067 4566 3287 4637 λεπτῆς,
3322 4566 3448 4619 καὶ·
3473 4565 3702 4619 εἰσοίσει

2127 4660 2388 4730 ἐσώτερον
2416 4660 2508 4713 τοῦ
2551 4660 3058 4730 καταπετάσματος.
3111 4659 3198 4713 15.
3228 4659 3337 4712 Kal
3362 4658 3614 4729 ἐπιθήσει
3642 4658 3703 4712 τὸ

2127 4749 2374 4821 θυμίαμα
2418 4749 2511 4803 ἐπὶ
2541 4750 2602 4802 τὸ
2630 4748 2742 4820 πῦρ
2775 4749 2952 4804 ἔναντι
2985 4748 3214 4820 Κυρίου,
3249 4747 3345 4802 καὶ
3386 4747 3619 4816 καλύψει
3666 4751 3701 4818 ἡ

2127 4843 2286 4913 ἀτμὶς
2315 4842 2408 4895 τοῦ
2442 4841 2779 4912 θυμίαματος
2803 4842 2864 4894 τὸ
2897 4841 3204 4911 ἱλαστήριον
3229 4840 3288 4892 τὸ
3317 4838 3537 4892 ἐπὶτῶν
3563 4856 3706 4910 μαρ-

2127 4932 2348 5004 τυρίων,
2375 4935 2466 4985 καὶ
2500 4933 2599 4986 ούκ
2625 4932 2994 4986 ἀποθανεῖται.
3030 4931 3113 4984 14.
3151 4931 3260 4984 Kal
3292 4929 3568 5002 λήμψεται
3595 4929 3705 4983 ἀπὸ

2127 5022 2220 5074 τοῦ
2254 5023 2482 5092 αἵματος
2507 5023 2601 5075 τοῦ
2653 5023 2876 5092 μόσχου,
2907 5021 3000 5075 καὶ
3025 5024 3178 5092 ρανεῖ
3225 5019 3302 5091 τῷ
3331 5020 3583 5092 δακτύλῳ
3604 5020 3704 5073 αὒ-

2127 5112 2220 5166 τοῦ
2249 5113 2340 5166 ἐπὶ
2361 5113 2422 5166 τὸ
2472 5113 2778 5184 ἱλαστήριον
2825 5115 2963 5167 κατὰ
3007 5112 3289 5175 ἀνατολὰς,
3351 5111 3493 5165 κατά
3531 5110 3705 5182 πρόσ-

2129 5222 2275 5258 ωπον
2291 5203 2384 5258 τοῦ
2409 5203 2739 5278 ἱλαστηρίοψ
2759 5205 2852 5256 καὶ
2882 5206 3029 5275 ρανεῑ
3049 5204 3275 5266 ἑπτάκις
3290 5202 3396 5256 ἀπὺ
3423 5201 3518 5255 τοῦ
3535 5203 3706 5272 αἷμα-

2131 5310 2220 5354 τος
2257 5291 2334 5361 τῷ
2365 5291 2610 5362 δακτύλῳ
2638 5292 2822 5345 αὑτοῦ.
2853 5293 2939 5347 15.
2975 5293 3086 5346 Kal
3132 5291 3323 5360 σφάξει
3351 5291 3443 5344 τὸν
3469 5292 3706 5363 χίμαρον

2131 5383 2221 5436 τὸν
2251 5383 2376 5453 περὶ
2399 5381 2498 5451 τῆς
2529 5382 2802 5454 ἁμαρτίας
2831 5383 2920 5436 τὸν
2950 5383 3100 5454 παρὰ
3130 5383 3224 5436 τοῦ
3267 5383 3394 5436 λαοῦ
3426 5397 3487 5438 -ι-
3524 5383 3702 5439 ἔναντι

2132 5474 2338 5546 Κυρίου
2368 5475 2389 5542 ζ
2419 5475 2512 5526 καὶ
2539 5475 2756 5526 εἰσοίσει
2811 5474 2904 5527 τοῦ
2961 5476 3190 5545 αἵματος
3222 5474 3385 5528 αὑτοῦ
3434 5474 3703 5544 ἐσώτερον

2132 5568 2224 5620 τοῦ
2259 5566 2762 5636 καταπετάσματος.
2799 5567 2908 5620 Καὶ
2950 5568 3164 5638 ποιήσει
3186 5567 3245 5619 τὸ
3277 5559 3415 5637 αἷμα
3449 5564 3613 5620 αὐτοῦ
3643 5565 3703 5618 ὃν

2121 5661 2320 5731 τρόπον
2350 5659 2606 5729 ἐποίησεν
2660 5659 2723 5712 τὸ
2754 5655 2890 5729 αἷμα
2922 5659 3017 5712 τοῦ
3055 5660 3256 5730 μόσχου
3312 5661 3406 5712 καὶ
3460 5659 3614 5730 pave?
3638 5655 3702 5710 τὸ

2121 5745 2260 5822 αἷμα
2291 5750 2456 5804 αὑτοῦ
2481 5752 2572 5804 ἐπὶ
2602 5751 2662 5805 τὸ
2715 5751 3046 5823 ἱλαστήριον,
3096 5751 3234 5806 κατὰ
3265 5752 3556 5820 πρόςωπον
3601 5746 3698 5800 τοῦ
