3868 6218
193 295 289 351 621

192 419 811 485 qurtant,_mutuamur
838 424 905 485 ex
931 407 1238 465 Basiliensi.

265 481 327 538 V.
354 483 447 538 27.
474 480 553 536 Ex
587 481 890 535 Basiliensi.

261 552 326 610 ν.
367 554 456 611 55.
488 554 687 619 Ἀλλη
721 550 973 622 camps.
1007 549 1086 604 Ex
1109 549 1426 618 Basiliensi,
1478 551 1571 623 qui
1597 550 1764 606 inter-

189 633 395 697 ιπςβθηι
424 632 588 697 ροθε·

262 695 398 750 lhid.
424 693 503 748 Ex
534 691 841 748 Basiliensi.

264 767 387 821 Haec
428 771 687 833 notantur
720 763 776 834 i_n
804 760 1035 834 Coi_s_lin.
1070 762 1138 817 ad
1179 777 1350 834 marg.
1384 762 1449 818 V.
1475 764 1525 818 1.
1558 765 1634 829 0',
1667 762 1761 816 καὶ

190 835 450 908 ἑλάλησε,
473 850 548 889 m.
573 828 867 887 καὶεῖπεν.
894 830 960 886 ν.
998 841 1178 888 autem
1213 835 1247 888 5
1274 828 1607 905 τέὶίιιυοιιυω
1641 833 1763 904 qui—

1457 289 1749 348 LEVlTlCl
1785 290 1940 347 CAP.
1984 291 2142 363 ΧἮ..

3335 296 3442 353 622

1872 412 1997 481 dem
2032 412 2386 481 interpretum
2432 412 2691 468 lectiones
2722 420 2782 467 ut
2812 413 2868 466 in
2896 412 3215 479 Basiliensi;
3250 413 3344 469 sed
3385 414 3441 468 in

1866 480 2096 553 coislin.
2146 480 2423 552 adjicitur,
2451 486 2673 553 Σαμαρ.
2697 523 2711 545 ,
2752 483 3070 547 ὲσπίλωσεν,
3117 484 3400 538 maculavit
3422 502 3442 548 ;

1869 551 2410 624 ad,fflteodotlonent
2430 551 2559 608 vero
2612 554 2807 608 melius
2843 554 3064 624 legitur,
3107 554 3442 624 ἑσφράγικεν

1869 569 2398 620 ao,1neonouonem
2430 569 2559 608 vero
2612 569 2807 608 meuus
2843 569 3064 624 tegitur,
3107 569 3171 607 εσ
3248 569 3284 608 α
3326 571 3437 607 ικεν

1867 621 2201 692 obsignavit,
2241 624 2332 677 ubi
2382 621 2732 690 Basiliensis,
2775 571 3257 692 ἑσφράγισται.Ὕ.
3376 628 3437 677 υν

1867 641 2161 692 oosrgnavu
2185 664 2201 687 ,
2241 641 2332 677 υυι
2382 641 2732 690 nasmensrs,
2775 641 3157 748 εσφῧαγιπαι.
3200 641 3257 679 v.
3289 641 3342 677 δ.
3376 641 3434 677 υ’

1867 692 2240 765 προσσιελίσῃ,
2269 709 2348 747 m.
2378 693 2439 746 τὸ
2472 693 2631 782 σῶμα
2665 693 2863 766 πτύσῃ.
2932 736 2946 749 .
2970 695 3023 748 9.
3045 695 3441 763 0¹,ὲπίσαγμιι,

1868 777 1942 815 m.
1968 761 2231 834 κάθισμα.
2265 762 2329 816 V.
2370 764 2457 834 17.
2492 765 2541 834 07
2567 803 2582 827 ,
2620 759 2718 834 ἦν,
2752 780 2826 818 m.
2855 763 3100 834 γένηται.
3138 763 3202 819 V.
3240 766 3330 818 20.
3365 765 3441 829 0’,

1868 780 1942 815 ω.
1968 780 2231 834 καοισμα.
2273 780 2329 816 v.
2370 780 2457 818 ιι.
2492 780 2541 816 U'
2567 803 2582 827 ,
2620 780 2718 834 ην,
2752 780 2826 818 In.
2855 780 3100 834 γενηται.
3147 780 3202 819 v.
3240 780 3330 818 zu.
3365 780 3441 829 υ,

1868 831 2207 905 κοιτάζηται,
2252 849 2329 888 m.
2358 833 2699 905 καθευδήσει.

719 988 963 1046 CAPUT
993 989 1133 1045 XVI
1173 990 1543 1059 LEVITICI,
1592 989 1693 1045 EX
1741 988 2006 1045 EODEM
2041 988 2317 1047 CODICE
2358 989 2709 1047 COLBERT.
2742 972 2904 1048 ⁵5084.

190 1126 525 1198 ιλιι-στηρίου.
585 1124 672 1180 16.
728 1126 842 1179 Kal
873 1123 1177 1189 ἑξιλάσεται
1224 1126 1286 1180 τὸ
1304 1126 1455 1197 ἅγιον
1507 1127 1616 1181 ἀπὸ
1659 1126 1766 1180 τῶν

187 1217 541 1289 ἀκαθαρσιῶν
563 1216 672 1271 τῶν
710 1216 840 1271 υίῶν
882 1218 1119 1290 Ἰσραὴλ,
1149 1219 1244 1273 καὶ
1282 1219 1394 1273 ἀπὸ
1437 1218 1546 1273 τῶν
1574 1219 1765 1290 ἀδικη-

190 1312 377 1385 μάτων
408 1309 587 1366 αὐτῶν
645 1310 774 1382 περὶ
816 1310 1006 1364 πασῶν
1055 1310 1165 1364 τῶν
1225 1310 1508 1383 ἁμαρτιῶν
1566 1310 1762 1365 αὐτῶν.

185 1403 300 1459 Kal
352 1401 495 1455 οὕτω
546 1403 764 1472 ποιήσει
834 1402 902 1472 τῇ
952 1403 1128 1473 σκηνῇ
1188 1400 1282 1453 τοῦ
1340 1400 1641 1473 μαρτυρίου
1695 1403 1762 1472 τῇ

184 1493 480 1564 ἐκτισμένη
505 1494 562 1545 ἐν
591 1493 773 1555 αὐτοῖς
796 1493 855 1545 ἑν
883 1491 1033 1563 μέσῳ
1062 1492 1162 1563 τῆς
1193 1490 1532 1563 ἀκαθαρσίας
1562 1491 1761 1546 αὐτῶν.

185 1587 277 1640 17.
314 1585 424 1639 Kal
455 1586 562 1648 πᾶς
597 1583 882 1656 ἄνθρωπος
913 1583 1014 1637 οὐκ
1046 1582 1198 1639 ἔσται
1249 1585 1308 1638 ἑν
1341 1587 1406 1655 τῇ
1456 1586 1628 1655 σκηνῇ
1668 1584 1762 1638 τοῦ

187 1674 513 1747 μαρτυρίου,
571 1674 1025 1747 είσπορευομὲνου
1074 1674 1239 1729 αὐτοῦ
1295 1673 1645 1740 ἐξιλάσασθαι
1705 1676 1765 1728 ἐν

183 1765 269 1837 τῷ
300 1766 461 1837 ἁγίῳ,
486 1766 592 1830 ἑως
610 1765 678 1820 ἂν
706 1764 918 1840 ἑξὲλθῃο
970 1764 1066 1820 καὶ
1093 1764 1398 1831 ἑξιλάσεται
1423 1765 1552 1837 περὶ
1592 1765 1759 1820 αὐτοῦ

184 1857 283 1910 καὶ
299 1856 393 1910 τοῦ
426 1857 575 1911 οἴκου
607 1856 772 1911 αὐτοῦ
812 1858 906 1911 καὶ
931 1859 1062 1929 περὶ
1104 1856 1285 1928 πάσης
1324 1858 1643 1929 συναγωγῆς
1664 1856 1765 1929 τῆς

198 1948 435 2020 Ἰσραήλ.
494 1947 581 2003 18.
633 1950 744 2003 Kal
796 1948 1136 2014 ἐξελεύσεται
1162 1949 1255 2002 ἐπὶ
1281 1948 1344 2002 τὸ
1386 1949 1766 2021 θυσιαστήριον

181 2040 249 2094 τὸ
292 2040 353 2094 δν
396 2040 654 2096 ἀπέναντι
701 2041 932 2114 Κυρίου,
966 2041 1059 2096 καὶ
1092 2040 1396 2108 ἑξιλάσεται
1449 2042 1535 2095 ἐπ’
1570 2040 1766 2106 αὑτοῦ,

185 2134 286 2187 καὶ
307 2132 580 2205 λήμψεται
609 2134 719 2188 ἀπὸ
743 2132 840 2187 τοῦ
887 2134 1117 2206 αἵματος
1145 2132 1238 2187 τοῦ
1282 2133 1503 2205 μόσχου,
1527 2135 1620 2187 καὶ
1661 2134 1769 2188 ἀπὸ

181 2225 281 2278 τοῦ
311 2225 542 2296 αἵματος
566 2225 659 2279 τοῦ
687 2226 943 2298 χιμάρου·
960 2225 1054 2279 καὶ
1079 2224 1326 2298 ἐπιθήσει
1351 2227 1444 2279 ἐπὶ
1467 2226 1537 2281 τά
1564 2226 1769 2299 κέρατα

182 2317 283 2371 τοῦ
306 2317 690 2390 θυσιαστηρίου
724 2317 926 2388 κύκλῳ.
960 2316 1047 2373 19.
1077 2318 1187 2372 Kal
1209 2319 1364 2388 ρανεῖ
1385 2318 1617 2371 ἑπάὑτὺ
1659 2317 1768 2387 ἀπὸ

184 2408 285 2462 τοῦ
317 2410 549 2481 αἵματος
562 2407 641 2480 τῷ
657 2408 903 2480 δακτύλῳ
936 2407 1100 2462 αὑτοῦ
1133 2409 1382 2473 ἑπτάκις·
1402 2410 1496 2463 καὶ
1517 2408 1770 2481 καθαριεῖ

183 2500 323 2555 αὐτὸ
341 2502 436 2555 καὶ
458 2500 675 2570 ἀγιάσει
707 2501 837 2555 αὐτὸ
865 2502 973 2555 ἀπὸ
994 2500 1102 2556 τῶν
1131 2500 1483 2573 ἀκαθαρσιῶν
1503 2500 1610 2554 τῶν
1636 2499 1766 2554 υίῶν

196 2591 438 2662 Ἰσραήλ.
460 2590 548 2646 20.
563 2592 672 2645 Καὶ
696 2589 1004 2644 συντελέσει
1063 2589 1478 2661 ἐξιλασκόμενος
1499 2588 1559 2641 τὸ
1589 2589 1763 2657 ἆγιον,

182 2680 283 2736 καὶ
300 2681 401 2753 τὴν
434 2680 637 2753 σκηνὴν
689 2680 784 2735 τοῦ
815 2680 1116 2753 μαρτυρίου
1167 2681 1349 2736 καὶτὸ
1381 2680 1766 2752 θυσιαστήριον

184 2787 256 2832 -ι-
292 2774 388 2828 καὶ
416 2774 543 2845 περὶ
562 2774 672 2828 τῶν
702 2772 893 2845 ἱερέων
917 2773 1172 2846 καθαριεῖ
1206 2775 1229 2843 ζ
1267 2774 1362 2828 καὶ
1392 2770 1651 2845 προσάξει
1674 2772 1766 2826 τὸν

181 2867 424 2939 χίμαρον
445 2867 536 2921 τὸν
587 2865 786 2930 ζῶντα.
830 2864 919 2919 21,
959 2867 1069 2920 Kal
1101 2865 1352 2938 ἐπιθήσει
1403 2862 1614 2936 Ἀαρὼν
1669 2863 1767 2927 τὰς

179 2960 283 3013 δύο
303 2962 493 3031 χεῖρας
524 2958 689 3012 αὐτοῦ
712 2959 802 3012 Earl
828 2959 928 3029 τὴν
977 2956 1218 3029 κεφαλὴν
1244 2957 1337 3011 τοῦ
1390 2956 1625 3028 χιμάρου
1671 2954 1766 3009 τοῦ

181 3049 410 3115 ζῶντος,
435 3050 529 3103 καὶ
548 3048 894 3121 ἐξαγορεύσει
919 3048 1006 3101 ἐπ’
1025 3047 1189 3102 αὐτοῦ
1215 3048 1392 3111 πάσας
1419 3046 1519 3110 τάς
1539 3045 1768 3118 ἀνομίας

179 3142 297 3197 τῶν
327 3141 459 3195 υἱῶν
490 3140 724 3213 Ἰσραὴλ,
755 3140 848 3194 καὶ
877 3140 1055 3203 πάσας
1085 3139 1184 3202 τάς
1206 3138 1418 3202 ἀδικίας
1450 3138 1648 3203 αὐτῶν,
1674 3138 1768 3194 καὶ

180 3233 441 3306 ἐπιθήσει
483 3233 652 3298 αὐτὰς
673 3233 765 3285 ἐπὶ
786 3233 887 3304 τὴν
908 3231 1149 3303 κεφαλὴν
1194 3229 1287 3284 τοῦ
1313 3231 1547 3303 χιμάρου
1576 3244 1630 3286 -t-
1669 3228 1764 3282 τοῦ

180 3325 391 3391 ζῶντος
427 3326 451 3396 ζ
494 3324 590 3378 καὶ
608 3323 955 3391 ἑξαποστελεῖ
976 3324 1035 3377 ἑν
1061 3323 1206 3396 χειρὶ
1240 3320 1526 3392 ἀνθρώπου
1549 3321 1766 3392 ἑτοίμου

182 3418 271 3480 είς
301 3416 401 3487 τὴν
432 3415 654 3487 ἔρημον.
686 3414 777 3469 22.
795 3415 904 3468 Kal
922 3414 1191 3486 λήμψεται
1215 3415 1243 3468 ό
1262 3412 1495 3485 χίμαρος
1518 3413 1601 3482 ἐφ’
1618 3412 1767 3484 αὐτῷ

183 3509 373 3572 πάσας
400 3508 502 3571 τὰς
529 3506 739 3571 ἀδικίας
768 3506 949 3560 αὐτῶν
1003 3508 1084 3570 είς
1127 3507 1227 3576 τὴν
1270 3504 1490 3558 ᾶὸατοψ
1536 3505 1631 3558 καὶ
1677 3504 1766 3571 ἑξ-

182 3598 484 3655 αποστελεϊ
519 3600 606 3653 τὸν
639 3600 872 3671 χίμαρον
899 3599 979 3661 είς
1001 3597 1100 3670 τὴν
1140 3597 1366 3668 ἔρημον.
1397 3596 1486 3651 25.
1520 3597 1631 3650 Kal
1657 3598 1768 3649 είσ-

182 3692 470 3747 ελεύσεται
500 3691 709 3765 Ἀαρὼν
736 3694 815 3756 είς
832 3692 931 3761 τὴν
966 3691 1169 3763 σκηνὴν
1189 3688 1283 3743 τοῦ
1317 3689 1637 3762 μαρτυρίου,
1672 3690 1766 3742 καὶ

185 3786 479 3842 ὲκδύσεται
509 3785 609 3857 τὴν
654 3782 845 3855 στολὴν
871 3784 970 3855 τὴν
1014 3781 1165 3852 λινῆν
1189 3782 1256 3854 ἢν
1280 3780 1547 3835 ἐνδεδύκει
1578 3782 1765 3834 εἰσπο-

192 3875 489 3950 ρευομένου
516 3874 678 3929 αύτοῦ
708 3877 787 3937 εἰς
810 3873 872 3927 τὸ
917 3871 1092 3940 ἆγιοψ
1136 3872 1232 3925 καὶ
1287 3870 1550 3942 ἁποθήσει
1599 3869 1767 3940 αὐτὴν

187 3971 334 4023 ἐκεῖ.
363 3966 453 4022 24.
471 3967 581 4022 Kal
610 3966 860 4019 λούσεται
891 3965 951 4018 τὸ
984 3963 1142 4035 σῶμα
1170 3963 1336 4016 αὐτοῦ
1357 3962 1509 4016 ὕδατι
1539 3966 1596 4016 ὲν
1620 3962 1768 4031 τόπῳ

192 4062 360 4132 ἀγίῳσ
401 4062 495 4115 καὶ
520 4059 796 4114 ἐνδύσεται
825 4059 922 4129 τὴν
950 4057 1142 4128 στολὴν
1182 4056 1365 4119 αὑτοῦ,
1412 4056 1505 4108 καὶ
1537 4053 1768 4122 ἐξελθὼν

183 4156 408 4225 ποιήσει
454 4153 514 4207 τὺ
558 4153 911 4222 ὁλοκαύτωμα
967 4149 1153 4215 αὐτοῦ,
1184 4151 1279 4203 καὶ
1320 4150 1380 4202 τὸ
1410 4147 1766 4217 όλοκαύτωμα

180 4248 285 4302 τοῦ
321 4244 472 4306 λαοῦ,
501 4246 595 4298 καὶ
645 4243 948 4311 ἐξιλάσεται
984 4243 1112 4313 περὶ
1154 4241 1318 4296 αὐτοῦ
1366 4242 1458 4294 καὶ
1487 4238 1580 4292 τοῦ
1614 4239 1763 4293 οἴκου

182 4337 381 4400 αὑτοῦ,
410 4338 505 4391 καὶ
537 4336 664 4410 περὶ
696 4334 789 4390 τοῦ
843 4335 995 4389 λαοῦ.
1019 4334 1111 4390 25.
1148 4335 1257 4387 Kal
1277 4333 1338 4387 τὸ
1362 4332 1526 4405 στέαρ
1550 4331 1610 4385 τὸ
1636 4332 1765 4403 περὶ

183 4434 301 4488 τῶν
326 4431 606 4504 ἁμαρτιῶν
632 4432 833 4485 ἀνοίσει
883 4433 976 4484 ἐπὶ
1004 4430 1065 4483 τὸ
1092 4428 1494 4499 θυσιαστήριον.
1523 4426 1611 4481 26.
1654 4425 1765 4480 Kal

182 4529 218 4580 ὁ
250 4524 652 4592 ὲξαποστέλλων
701 4524 790 4577 τὸν
830 4523 1060 4594 χίμαρον
1110 4522 1200 4574 τὸν
1261 4518 1638 4584 διεσταλμένον
1686 4518 1765 4581 εἰς

184 4619 410 4687 ἄφεσιν,
439 4616 627 4672 πλυνεῖ
674 4618 743 4669 τὰ
802 4615 994 4687 ἱμάτια
1024 4611 1212 4677 αὐτοῦ,
1274 4613 1368 4666 καὶ
1416 4609 1663 4664 λούσεται
1707 4608 1767 4661 τὸ

183 4708 357 4780 σῶμα
393 4707 557 4762 αὑτοῦ
588 4707 759 4761 ὖδατι·
790 4705 929 4778 μετά
958 4704 1133 4758 ταῖτα
1173 4703 1533 4757 εἰσελεύσεται
1566 4703 1645 4764 είς
1667 4699 1767 4771 τὴν

184 4800 567 4872 παρεμϐολήν.
595 4798 687 4852 27.
724 4799 835 4852 Kal
868 4798 960 4851 τὸν
984 4798 1181 4869 μόσχον
1204 4795 1292 4848 τὸν
1328 4795 1454 4865 περὶ
1474 4794 1570 4865 τῆς
1592 4793 1770 4862 ἁμαρ-

182 4893 455 4957 τίας.καὶ
480 4892 570 4945 τὸν
615 4891 849 4962 χίμαρον
891 4890 984 4943 τὸν
1041 4889 1170 4960 περὶ
1219 4888 1317 4958 τῆς
1368 4886 1664 4957 ἁμαρτίας,
1691 4877 1767 4946 ὧν

182 4981 481 5056 εἰσηνέχθη
508 4981 570 5035 τὸ
616 4976 754 5051 αἷμα
784 4979 963 5033 αὐτῶν
1011 4977 1358 5045 ἐξιλάσασθαι
1380 4977 1438 5028 ὲν
1486 4974 1564 5045 τῷ
1606 4974 1766 5055 άγίω,

185 5075 389 5142 ἐξοίσει
421 5073 560 5129 αὑτά
591 5071 696 5137 ἔξω
730 5071 829 5141 τῆς
855 5069 1227 5144 παρεμϐολῆς,
1270 5068 1366 5123 καὶ
1392 5066 1770 5121 κατακαύσου-

189 5185 281 5221 σιν
302 5167 363 5219 ἐν
400 5165 533 5235 πυρὶ
559 5164 627 5218 τά
654 5163 901 5234 δέρματα
950 5161 1149 5224 αὐτῶν,
1184 5162 1276 5217 καὶ
1305 5159 1375 5214 τὰ
1399 5158 1536 5231 κρέα
1569 5159 1767 5222 αὐτῶν,

187 5261 292 5317 καὶ
317 5258 418 5330 τὴν
436 5258 639 5328 κόπρον
660 5254 860 5311 αὐτῶν.
921 5254 1010 5309 28.
1069 5255 1128 5307 '0
1176 5252 1232 5306 δὲ
1293 5252 1601 5306 κατακαίων
1632 5250 1771 5305 αύτά

189 5352 391 5408 πλυνεῖ
408 5350 480 5405 τὰ
504 5350 696 5422 ἱμάτια
717 5346 910 5414 αὑτοῦ,
944 5347 1040 5402 καὶ
1085 5345 1334 5399 λούσεται
1380 5345 1442 5399 τὸ
1484 5344 1643 5415 σῶμα
1676 5332 1774 5397 αὑὲ

189 5443 291 5499 *οὗ
333 5441 505 5496 ύδατι·
553 5443 649 5496 καὶ
705 5441 844 5512 μετά
884 5439 1057 5493 ταῦτα
1096 5436 1487 5492 ἐἰσελεύσεται
1547 5438 1627 5500 είς
1674 5435 1773 5508 τὴν

186 5533 572 5615 “gemit.
603 5533 693 5589 29.
730 5548 794 5589 σι-
848 5533 958 5587 Kal
987 5531 1141 5585 ἔσται
1173 5530 1332 5585 τοῦτο
1383 5524 1773 5601 ὑμῖν’νόμιμον

189 5632 416 5688 αἰώνιον
450 5630 473 5698 ζ
508 5631 567 5684 ἑν
592 5628 669 5701 τῷ
695 5629 824 5700 μηνὶ
853 5624 931 5699 τῷ
960 5626 1193 5697 ἑϐδόμῳ,
1224 5624 1422 5696 δεκάτῃ
1462 5623 1556 5678 τοῦ
1584 5623 1770 5706 μηνός,

190 5722 561 5779 ταπεινώσετε
593 5721 691 5786 τὰς
713 5720 1078 5793 ψυχάςύμῶν,
1106 5720 1199 5775 καὶ
1230 5720 1337 5774 πᾶν
1359 5719 1525 5790 ἑργρν
1539 5721 1598 5773 οὐ
1631 5720 1775 5791 ποιή-

1872 1121 2036 1179 domo
2088 1138 2221 1189 sua,
2257 1132 2312 1179 et
2366 1140 2464 1194 pro
2504 1126 2654 1181 omni
2705 1140 2976 1198 synagoga
3017 1123 3202 1181 Israel.
3260 1124 3345 1180 18.
3376 1122 3443 1180 Et

1869 1216 2176 1287 egredietur
2219 1218 2286 1273 ad
2317 1218 2506 1283 altare,
2537 1218 2684 1290 quod
2725 1227 2809 1274 est
2835 1234 3018 1274 coram
3069 1219 3304 1273 Domino
3339 1238 3352 1274 :
3387 1229 3443 1275 et

1869 1306 2108 1377 expiabit
2137 1323 2300 1378 super
2326 1309 2480 1373 illud,
2509 1319 2563 1364 et
2590 1318 2769 1365 sumet
2797 1309 2864 1364 de
2885 1310 3152 1380 sanguine
3178 1296 3361 1376 vituli:
3386 1321 3442 1365 et

1869 1397 1937 1452 de
1964 1396 2231 1468 sanguine
2277 1399 2435 1465 hirci,
2465 1408 2519 1454 et
2544 1399 2785 1469 imponet
2812 1413 2979 1469 super
3007 1413 3216 1455 cornua
3250 1400 3439 1455 altaris

1869 1485 1925 1540 in
1957 1485 2210 1542 circuitu.
2248 1488 2335 1543 19.
2360 1487 2427 1542 Ει
2451 1501 2699 1559 aspergat
2729 1504 2893 1560 super
2922 1489 3053 1545 illud
3078 1490 3147 1546 de
3178 1492 3444 1561 sanguine

1869 1573 2040 1647 digito
2075 1590 2181 1630 suo
2204 1577 2420 1647 septies,
2465 1588 2523 1633 et
2551 1579 2836 1635 mundabit
2864 1581 3018 1646 illud,
3054 1592 3109 1637 et
3132 1583 3441 1639 sanctiﬁca-

1869 1666 1949 1721 bit
1980 1666 2110 1722 illud
2138 1668 2207 1722 ab
2236 1669 2599 1726 immunditiis
2613 1670 3047 1730 ﬁliorumlsrael.
3077 1673 3169 1729 20.
3193 1673 3260 1730 Et
3276 1678 3440 1747 perli—

1867 1758 1976 1814 ciet
2004 1759 2231 1829 expinns
2278 1769 2550 1828 sanctum,
2581 1772 2637 1817 et
2681 1764 3093 1821 tabernaculum
3140 1767 3441 1823 testimonii

1871 1858 1926 1905 et
1959 1851 2132 1907 altare
2163 1866 2226 1908 -ι-
2259 1862 2313 1908 et
2342 1868 2440 1923 pro
2464 1855 2839 1911 sacerdotibus
2865 1856 3191 1927 mundabit:
3219 1868 3275 1915 et
3305 1858 3441 1915 οϐε-

1871 1955 1954 2000 ret
1982 1945 2197 2001 hircum
2234 1946 2521 2002 viventem.
2582 1947 2672 2002 21.
2706 1946 2774 2003 Et
2804 1949 3047 2019 imponet
3088 1952 3270 2007 Aaron
3303 1952 3443 2009 duas

1868 2052 2064 2093 manus
2101 2054 2233 2095 suas
2261 2054 2425 2110 super
2454 2050 2618 2111 caput
2651 2040 2789 2097 hirci
2821 2042 3052 2100 viventis
3084 2062 3099 2100 :
3128 2052 3183 2100 et
3214 2047 3441 2101 conﬁte-

1865 2127 2016 2184 bitur
2044 2144 2207 2199 super
2236 2145 2302 2185 eo
2329 2145 2519 2186 omnes
2564 2131 2879 2201 iniquitates
2910 2133 3147 2189 ﬁliorum
3177 2133 3364 2203 Israel,
3389 2147 3443 2191 et

1866 2234 2058 2277 omnes
2090 2219 2388 2290 injustitias
2416 2236 2630 2289 eorum,
2666 2231 2722 2279 et
2766 2223 3008 2295 imponet
3038 2241 3131 2281 eas
3158 2242 3321 2297 super
3343 2243 3441 2282 ca-

1864 2320 1962 2383 put
1990 2313 2129 2368 hirci
2155 2327 2220 2370 +
2255 2314 2484 2370 viventis
2540 2315 2563 2384 ζ
2595 2326 2650 2371 et
2687 2316 2901 2372 emittet
2925 2316 2981 2372 in
3011 2332 3176 2373 manu
3203 2318 3441 2376 hominis

1863 2403 2041 2474 parati
2094 2402 2152 2456 in
2201 2403 2499 2459 desertum.
2547 2403 2637 2458 22.
2669 2402 2736 2459 Et
2767 2405 2913 2461 tollet
2943 2406 3128 2462 hircus
3155 2421 3319 2479 super
3349 2422 3439 2463 se-

1865 2494 2045 2565 ipsum
2074 2508 2264 2550 omnes
2296 2494 2594 2564 injustitias
2619 2511 2808 2552 eorum
2842 2497 2896 2551 in
2922 2497 3123 2553 inviam
3155 2515 3168 2552 :
3203 2507 3259 2554 et
3277 2499 3437 2554 emit.-

1865 2596 1941 2642 tet
1968 2587 2178 2643 hircum
2205 2587 2259 2642 in
2283 2589 2581 2645 desertum.
2619 2588 2710 2643 23.
2735 2587 2800 2643 Et
2823 2588 3153 2658 ingredietur
3172 2590 3353 2647 Aaron
3382 2593 3441 2646 in

1866 2677 2274 2734 tabernaculum
2310 2680 2627 2746 testimonii,
2662 2691 2716 2736 et
2760 2689 2923 2736 exuet
2972 2681 3167 2737 stolam
3217 2682 3436 2749 lineam,

1864 2784 2030 2839 quam
2064 2768 2329 2837 induerat
2370 2770 2706 2843 ingrediente
2748 2789 2814 2829 eo
2844 2774 2897 2829 in
2927 2783 3174 2829 sanctum
3217 2793 3229 2827 :
3261 2785 3316 2831 et
3347 2777 3441 2833 de-

1865 2872 2029 2930 ponet
2074 2877 2195 2918 eam
2243 2863 2373 2919 illic.
2426 2864 2518 2918 24.
2549 2863 2614 2920 Et
2643 2865 2844 2923 lavabit
2870 2878 3068 2937 corpus
3097 2882 3255 2923 suum
3295 2883 3439 2940 aqua

1866 2952 1923 3006 in
1951 2952 2071 3008 loco
2118 2963 2329 3019 sancto,
2376 2963 2430 3010 et
2461 2955 2647 3011 induet
2688 2956 2883 3011 stolam
2918 2973 3073 3012 suam
3120 2976 3135 3013 :
3167 2968 3220 3014 et
3250 2960 3440 3016 exiens

1867 3042 2029 3101 faciet
2062 3045 2439 3103 holocaustum
2483 3064 2666 3113 suum,
2694 3058 2750 3104 et
2776 3051 3154 3107 holocaustum
3199 3053 3382 3124 populi
3423 3071 3438 3107 :

1867 3145 1922 3191 et
1944 3136 2184 3207 expiabit
2213 3153 2312 3209 pro
2345 3154 2423 3205 se,
2459 3150 2512 3196 et
2545 3156 2644 3211 pro
2671 3143 2835 3199 domo
2858 3158 2980 3207 sua,
3011 3154 3065 3199 et
3090 3159 3190 3214 pro
3215 3146 3437 3216 papulo.

1868 3227 1960 3283 25.
1991 3227 2058 3283 Et
2099 3229 2336 3299 adipem,
2365 3232 2459 3302 qui
2496 3247 2595 3303 pro
2624 3238 2881 3304 peccatis.
2928 3234 3117 3292 oﬂ‘eret
3163 3252 3328 3307 super
3362 3239 3442 3294 al-

1868 3330 2002 3377 tare.
2058 3321 2148 3376 26.
2182 3321 2249 3378 Et
2288 3325 2383 3395 qui
2429 3326 2632 3381 emittit
2657 3326 2873 3383 hircum
2906 3341 3248 3402 segregatum
3275 3332 3328 3386 in
3358 3348 3441 3387 re-

1867 3411 2208 3480 missionem,
2256 3415 2458 3472 lavabit
2499 3419 2822 3474 vestimenta
2850 3435 2972 3486 sua,
3002 3430 3057 3477 et
3086 3422 3286 3478 lavabit
3313 3438 3440 3478 cor-

1867 3520 1972 3575 pus
2002 3522 2161 3561 suum
2207 3523 2348 3577 aqua
2384 3529 2397 3564 :
2432 3519 2555 3580 post
2601 3510 2717 3566 haec
2762 3512 3094 3582 ingredietur
3138 3514 3192 3569 in
3235 3521 3436 3570 castra.

1867 3598 1958 3653 27.
1984 3598 2052 3654 Ει
2072 3600 2301 3656 vitulum
2335 3617 2436 3672 pro
2460 3612 2705 3673 peccato,
2739 3613 2797 3660 et
2823 3605 3034 3660 hircum
3062 3622 3162 3678 pro
3194 3617 3437 3678 peccato,

1869 3704 2105 3759 quorum
2129 3692 2353 3763 sanguis
2375 3693 2555 3750 illatus
2585 3701 2669 3750 est
2691 3695 2759 3750 ad
2786 3696 3113 3767 expiandum
3143 3700 3197 3754 in
3226 3709 3439 3766 sancto,

1868 3780 2055 3838 eﬂ‘eret
2100 3798 2163 3838 ea
2209 3792 2364 3839 extra
2409 3794 2586 3842 castra
2618 3806 2631 3842 :
2667 3794 2723 3842 et
2766 3789 3089 3845 comburent
3125 3791 3248 3862 igne
3274 3790 3441 3862 pelles

1869 3890 2079 3940 eorum,
2104 3886 2158 3932 et
2185 3893 2377 3934 carnes
2403 3893 2618 3948 eorum,
2650 3890 2705 3935 et
2729 3881 2917 3936 limum
2946 3897 3154 3938 eorum.
3212 3881 3304 3940 28.
3333 3881 3437 3952 Qui

1869 3980 2049 4025 autem
2097 3971 2461 4028 combusserit
2508 3988 2595 4038 ea,
2632 3973 2834 4029 lavabit
2876 3975 3194 4031 vestimenta
3226 3991 3356 4042 sua,
3386 3982 3442 4028 et

1870 4062 2069 4118 lavabit
2088 4078 2287 4134 corpus
2316 4079 2477 4120 suum
2509 4081 2650 4136 aqua
2684 4084 2699 4121 :
2732 4075 2786 4121 et
2814 4077 3001 4137 postea
3028 4067 3361 4138 ingredietur
3384 4068 3439 4122 in

1869 4160 2069 4208 castra.
2105 4152 2192 4209 29.
2223 4167 2287 4209 οι-
2315 4152 2383 4209 Ει
2425 4154 2530 4210 erit
2579 4156 2682 4211 hoc
2728 4156 2883 4211 vobis
2913 4157 3212 4227 legitimum
3244 4158 3443 4227 sempi-

1870 4252 2083 4298 ternum
2110 4245 2132 4315 ζ
2156 4244 2219 4299 in
2243 4260 2430 4299 mense
2454 4247 2706 4316 septimo,
2756 4246 2965 4302 decima
2996 4248 3201 4303 mensis
3219 4286 3234 4312 ,
3262 4247 3444 4302 humi-

1869 4335 2073 4392 liabitis
2103 4338 2314 4392 animas
2354 4347 2597 4406 vestras,
2631 4349 2686 4394 et
2724 4354 2885 4395 omne
2913 4354 3051 4410 opus
3072 4355 3179 4395 non
3208 4340 3440 4406 facietis,

1871 4427 2142 4498 indigena,
2189 4437 2241 4483 et
2266 4429 2594 4501 proselytus,
2638 4430 2732 4500 qui
2763 4431 3044 4501 appositus
3071 4440 3155 4487 est
3182 4434 3237 4486 in
3265 4431 3439 4488 vobis.

1870 4518 1957 4574 30.
1990 4519 2046 4573 In
2075 4520 2178 4575 hac
2204 4520 2349 4575 enim
2377 4521 2464 4575 die
2486 4521 2727 4591 expiabit
2756 4537 2855 4591 pro
2884 4522 3059 4589 vobis,
3080 4522 3147 4577 ad
3175 4523 3445 4578 mundan-

1868 4609 1997 4664 dum
2019 4624 2116 4666 vos
2144 4609 2213 4664 ab
2235 4611 2488 4665 omnibus
2516 4611 2754 4680 peccatis
2779 4611 2996 4677 vestris,
3013 4622 3136 4667 ante
3151 4612 3441 4668 Dominum

1869 4702 2283 4758 mundabimini.
2345 4703 2433 4758 51.
2465 4703 2701 4759 Sabbata
2747 4705 3095 4759 sabbatorum
3148 4714 3309 4761 erunt
3340 4720 3440 4762 voc

1868 4794 1976 4864 bis,
2008 4803 2063 4849 et
2085 4794 2444 4850 humiliabitis
2470 4796 2683 4849 animas
2704 4803 2931 4861 vestras,
2959 4794 3259 4866 legitimum
3306 4811 3445 4852 sem-

1868 4888 2163 4958 piternum.
2221 4888 2310 4942 52.
2343 4888 2594 4958 Expiabit
2638 4888 2929 4954 sacerdos,
2981 4904 3141 4959 quem
3187 4889 3442 4945 unxerint

1869 4996 2017 5047 eum,
2044 4990 2099 5035 et
2123 4995 2284 5051 quem
2316 4980 2860 5035 initiaverintmanus
2875 4980 2993 5050 ejus
3015 4980 3081 5035 ad
3110 4979 3440 5050 iungendum

1872 5059 2177 5127 sacerdotio
2225 5081 2350 5141 post
2390 5081 2598 5141 patrem
2625 5072 2762 5141 ejus.
2816 5069 2883 5125 Et
2931 5071 3118 5126 induet
3158 5071 3352 5127 stolam
3383 5073 3444 5126 li—

1872 5179 2053 5230 neam,
2105 5164 2301 5219 stolam
2352 5173 2618 5218 sanctam.
2675 5163 2764 5219 55.
2802 5162 2868 5218 Et
2913 5164 3154 5234 expiabit
3184 5161 3445 5220 Sanctum

1874 5257 2074 5322 sancti,
2103 5264 2157 5311 et
2183 5256 2590 5319 tabernaculum
2634 5255 2951 5320 testimonii,
2983 5264 3037 5310 et
3059 5256 3231 5309 altare
3260 5256 3447 5325 expia-

1872 5350 1971 5414 bit,
2014 5359 2068 5403 et
2098 5364 2195 5419 pro
2237 5349 2634 5414 sacerdotibus,
2666 5357 2721 5404 et
2746 5364 2844 5418 pro
2868 5348 3016 5403 omni
3048 5364 3323 5419 synagoga
3354 5363 3449 5404 ex-

1872 5440 2062 5510 piabit.
2124 5439 2213 5495 54.
2245 5438 2312 5494 Et
2350 5439 2453 5495 erit
2500 5439 2605 5494 hoc
2635 5440 2789 5496 vobis
2832 5440 3129 5511 legitimum
3164 5439 3450 5510 sempiter-

1872 5547 2004 5587 num
2034 5532 2101 5586 ad
2126 5532 2458 5603 expiandum
2488 5547 2588 5602 pro
2606 5532 2730 5588 ﬁliis
2758 5531 2922 5588 lsrael
2950 5532 3018 5588 ab
3042 5531 3295 5587 omnibus
3324 5546 3449 5602 prc-

1873 5625 2001 5680 tatis
2032 5637 2263 5692 eorum;
2300 5625 2468 5683 semel
2500 5624 2557 5682 in
2585 5639 2728 5682 anno
2750 5623 2864 5695 ﬁet,
2901 5625 3041 5682 sicut
3068 5624 3324 5697 praecepit
3342 5620 3450 5679 Bo-

1875 5718 2058 5773 minus
2080 5715 2236 5773 Mosi.
