3868 6218
343 313 447 368 615

425 593 514 649 25.
560 594 696 649 Cum
750 602 931 648 autem
977 593 1209 663 ingressi
1263 592 1478 649 fueritis
1531 595 1586 648 in
1635 603 1833 648 terram
1865 609 1928 649 σιν

353 701 516 756 quam
548 683 812 740 Dominus
857 683 1001 739 Deus
1042 684 1136 738 dat
1173 683 1327 739 vobis
1385 685 1407 754 ζ
1462 693 1518 740 et
1560 685 1931 755 plantaveritis

353 793 517 831 omne
568 777 777 845 lignum
826 774 1236 840 manducabile,
1285 784 1340 830 et
1385 776 1930 831 circummundabitis

355 867 754 921 immunditiam
787 866 940 935 ejus;
973 865 1184 921 fructus
1217 865 1337 935 ejus
1363 875 1474 922 tres
1503 881 1676 923 annos
1702 869 1806 923 erit
1836 884 1932 923 vo-

355 955 439 1015 liis
485 959 822 1026 immundus,
877 974 987 1012 non
1036 958 1474 1014 manducabitur.
1530 959 1621 1015 24.
1679 959 1745 1016 Et
1786 977 1931 1016 anno

354 1061 570 1120 quarto,
619 1052 724 1106 erit
767 1053 948 1107 omnis
989 1051 1198 1108 fructus
1234 1051 1354 1117 ejus
1386 1063 1608 1111 sanctus
1643 1054 1932 1113 laudabilis

354 1143 608 1200 Domino.
665 1144 755 1199 25.
779 1147 840 1199 In
865 1159 1010 1199 anno
1041 1154 1222 1200 autem
1267 1149 1460 1216 quinto
1498 1149 1794 1204 comedetis
1828 1150 1936 1204 fru-

351 1245 496 1290 ctum
523 1238 642 1306 ejus
685 1256 698 1292 :
733 1237 968 1306 adjectio
1007 1246 1092 1291 est
1119 1238 1274 1293 vobis
1301 1239 1576 1309 genimina
1605 1240 1725 1310 ejus
1768 1260 1780 1294 :
1818 1240 1932 1312 Ego

350 1327 615 1384 Dominus
643 1327 784 1385 Deus
801 1338 998 1384 vester.
1034 1329 1124 1384 26.
1141 1328 1258 1385 Non
1276 1331 1572 1404 comedetis
1596 1347 1760 1401 super
1777 1348 1934 1411 mon:-

350 1427 453 1482 tes,
485 1428 540 1472 et
567 1434 677 1472 non
707 1419 1132 1487 augurabimini,
1155 1435 1332 1491 neque
1364 1421 1803 1492 auspicaliimini.
1837 1421 1926 1476 27.

347 1505 468 1562 Non
520 1507 732 1565 facietis
783 1512 964 1566 sisoen
1000 1527 1066 1565 ex
1097 1528 1253 1567 coma
1285 1514 1478 1583 capitis
1519 1515 1717 1579 vestri,
1755 1530 1932 1584 neque

353 1602 713 1671 corrumpetis
762 1614 1041 1673 aspectum
1075 1605 1256 1660 barbae
1299 1614 1514 1662 vestrae.
1571 1607 1659 1663 28.
1689 1607 1756 1662 Et
1789 1608 1928 1662 inci-

349 1689 532 1749 siones
567 1707 732 1762 super
760 1693 941 1748 anima
971 1711 1080 1749 non
1127 1695 1336 1753 facietis
1370 1697 1423 1752 in
1469 1713 1698 1768 corpore
1723 1709 1922 1764 vestro,

351 1789 407 1834 et
440 1780 648 1838 litteras
678 1784 973 1855 impressas
1003 1804 1110 1843 non
1143 1788 1352 1844 facietis
1385 1790 1438 1844 in
1467 1792 1622 1845 vobis
1655 1810 1666 1845 :
1697 1805 1798 1862 ego
1821 1789 1928 1843 Do-

351 1873 532 1931 minus
579 1875 724 1932 Deus
792 1887 991 1936 vester.
1080 1881 1170 1935 29.
1217 1879 1335 1936 Non
1392 1881 1708 1952 profanabis
1759 1884 1926 1938 ﬁliam

1371 259 1382 266 Χ
1418 303 2102 378 ΗΕΧΑΡιοῐωΜςρωΕ
2143 297 2555 357 SUPERSUNT

3510 289 3625 344 6H

2030 413 2098 489 ἧς
2126 417 2393 485 ἥμαρτεν,
2417 411 2512 465 καὶ
2532 401 2896 479 ἀφεθήσεταί
2919 401 3066 474 αὑτῷ
3094 404 3128 474 ὴ
3169 396 3410 473 ἁμαρτία
3436 388 3624 472 αὐπῦ

2032 509 2098 577 ἣν
2123 507 2390 576 ἥμαρτεν.

2101 599 2191 653 25.
2219 599 2385 650 Ὅταν
2410 595 2467 648 δὲ
2503 591 2780 663 εἰσέλθητε
2815 590 2896 653 εἰς
2920 589 3022 658 τὴν
3051 587 3154 659 γῆν
3185 602 3248 642 σε·
3300 587 3366 658 ἢν
3409 586 3626 652 Κύριος

2031 689 2060 740 ὁ
2085 689 2216 751 Θεὸς
2235 687 2446 740 δίδωσιν
2480 685 2608 755 ὑμῖν
2641 683 2665 751 ζ
2702 681 2796 734 καὶ
2817 677 3264 750 καταφυτεύσητε
3301 678 3410 730 πᾶν
3459 675 3625 742 ξύλον

2036 779 2331 853 βρώσιμον,
2355 778 2448 831 καὶ
2475 773 2915 846 περικαθαριεῖτε
2941 770 3040 842 τὴν
3061 767 3402 841 ἀκαθαρσίαν
3426 769 3624 824 αὐτοῦ.

2046 872 2102 925 '0
2133 870 2343 942 καρπὸς
2371 867 2535 922 αὐτοῦ
2569 867 2697 938 τρία
2744 864 2838 935 ἐτη
2873 861 3026 916 ἔσται
3059 861 3187 933 ὑμῖν
3242 862 3625 935 ἀπερικάθαρ-

2033 982 2142 1029 τος,
2184 963 2245 1016 οὐ
2275 961 2634 1034 βρωθήσεται.
2665 957 2756 1015 21.
2810 955 2918 1009 Καὶ
2950 953 3028 1024 τῷ
3053 953 3162 1006 ἔτει
3215 953 3294 1025 τῷ
3347 954 3618 1024 τετάρτῳ,

2033 1056 2184 1108 ἔσται
2211 1055 2317 1118 πᾶς
2349 1056 2376 1107 ὀ
2404 1051 2614 1123 καρπὸς
2645 1047 2809 1104 αὐτοῦ
2855 1048 3007 1117 ἅγιος
3042 1045 3250 1110 αἱνετὸς
3295 1046 3373 1118 τῷ
3402 1048 3619 1119 Κυρίῳ.

2031 1148 2121 1202 25.
2141 1149 2228 1200 Ἐν
2241 1147 2299 1199 δὲ
2325 1143 2615 1216 τῷἕτειτῷ
2647 1141 2880 1212 πέμπτῳ
2906 1137 3145 1210 φάγεσθε
3168 1137 3258 1191 τὸν
3288 1139 3498 1210 καρπὸν
3518 1141 3625 1192 αὐ-

2033 1240 2148 1303 τοῦ,
2173 1239 2458 1311 πρόσθεμα
2487 1237 2614 1307 ὑμῖν
2635 1233 2702 1287 τὰ
2727 1234 3009 1305 γενήματα
3033 1229 3344 1300 αὐτοῦσὲγὼ
3360 1231 3565 1300 Κύριος
3591 1235 3623 1285 ὁ

2034 1330 2168 1393 Θεὸς
2199 1329 2372 1400 ὑμῶν.
2395 1327 2484 1380 26.
2516 1324 2607 1396 Μὴ
2649 1323 2831 1377 ἔσθετε
2873 1321 2967 1375 ἐπὶ
2999 1319 3108 1374 τῶν
3159 1321 3350 1392 ὀρέων,
3382 1323 3477 1374 καὶ
3514 1324 3622 1376 οὐκ

2034 1420 2356 1483 οἱωνιεῖσθε,
2387 1418 2506 1472 οὐδὲ
2532 1413 3072 1487 ὀρνιθοσκοπήσεσθε.
3121 1415 3210 1469 27.
3247 1415 3321 1467 υὺ
3357 1416 3620 1485 ποιήσετε

2036 1515 2222 1584 σισὸην
2239 1515 2306 1566 ὲκ
2331 1512 2430 1581 τῆς
2453 1510 2628 1581 κόμης
2651 1509 2749 1578 τῆς
2778 1506 3015 1578 κεφαλῆς
3036 1508 3065 1560 ὑ
3075 1505 3208 1578 μῶν,
3223 1507 3344 1560 οὐδὲ
3365 1507 3625 1579 φθερεῖ-ξε

2032 1609 2130 1681 τὴν
2161 1607 2279 1677 ὄψιν
2304 1604 2396 1658 τοῦ
2427 1602 2684 1672 πώγωνος
2715 1601 2885 1672 ὑμῶν.
2921 1601 3012 1656 28.
3063 1600 3173 1654 Καὶ
3205 1601 3491 1672 ἐκτομίδας
3520 1603 3621 1654 ἐπὶ

2032 1699 2177 1769 ψυχῇ
2197 1698 2259 1750 οὐ
2286 1697 2537 1765 ποιήσετε
2572 1697 2629 1747 ὲν
2655 1692 2733 1764 τῷ
2768 1691 2979 1764 σώματι
3008 1692 3290 1763 ὑμῶν,καὶ
3313 1693 3622 1763 γράμματα

2038 1791 2229 1845 στικτὰ
2253 1789 2314 1842 οὺ
2344 1788 2597 1859 ποιήσετε
2620 1789 2676 1840 ὲν
2695 1787 2842 1859 ὑμῖνο
2872 1785 2981 1856 ἐγὼ
2996 1786 3198 1858 Κύριος
3229 1789 3258 1840 ὁ
3285 1786 3415 1849 Θεὸς
3438 1785 3617 1856 ὑμῶν.

2035 1883 2122 1938 29.
2161 1883 2236 1935 Οὐ
2291 1877 2616 1950 βεϐηλώσεις
2663 1878 2760 1950 τὴν
2793 1880 3068 1951 θυγατέρα
3120 1896 3212 1932 σου
3255 1875 3620 1948 ἐκπορνεῦσαι

1533 1997 1788 2058 CAPUT
1813 1997 1969 2057 XIX
2015 1993 2389 2056 LEVITICI.

619 2088 705 2142 ΤΟ
737 2092 1102 2148 EBPAIKON.

1741 2097 1829 2148 ΤΟ
1864 2095 2208 2149 ΕΒΡΑΙΚΟΝ

2951 2093 3249 2146 ΑΚΥΛΑΣ.

1644 2166 1974 2238 Ἑλληνικοῖς
2012 2167 2319 2237 γράμμασι.

1129 2271 1244 2320 una
1285 2264 1318 2316 5
1535 2263 1585 2314 5.

1033 2336 1247 2411 DL”an
1284 2355 1317 2407 4
1533 2352 1584 2403 1.

710 2451 851 2502 της-ν
889 2429 962 2504 n5
998 2457 1096 2506 mn
1126 2431 1249 2509 ’πε
1285 2449 1313 2501 7
1531 2441 1581 2496 7.

969 2541 1096 2616 1w
1126 2544 1247 2595 me:
1285 2533 1318 2588 9
1531 2534 1582 2587 9.

932 2675 1098 2757 551m
1135 2679 1209 2752 κ’)
1247 2695 1314 2748 to
1532 2694 1619 2748 to.

927 2840 1208 2940 prum-n5
1248 2858 1314 2910 ιδ
1532 2858 1616 2910 ιδ.

957 2996 1210 3099 SSpn-n'v
1249 3017 1316 3070 M
1532 3018 1617 3072 μ.

665 3152 784 3232 8m
817 3177 904 3233 ’ΞΣ
940 3184 1092 3234 -Ππη
1119 3161 1210 3235 κέη
1250 3177 1315 3230 t5
1536 3180 1620 3231 ιδ.

1048 3417 1213 3472 ’ὨΞῺΠ
1252 3411 1317 3464 16
1537 3413 1618 3464 ll}.

1026 3553 1212 3651 1:25:
1252 3570 1313 3622 17
1534 3575 1618 3627 Π.

1075 3744 1211 3791 nun
1251 3735 1319 3788 18
1535 3736 1613 3788 18.

948 3831 1208 3905 mpm-nn
1249 3824 1316 3880 t9
1535 3829 1621 3883 t9.

452 3979 702 4038 vsasno
733 3964 1053 4042 HEBRAICI
1094 3986 1297 4044 TEXT.

414 4074 468 4128 5.
504 4073 616 4128 Vir.

414 4164 469 4219 4.
509 4164 744 4221 luutilia.

345 4332 396 4386 υ
418 4262 469 4318 7.
493 4261 819 4334 Corruptum
838 4264 989 4330 illud,
1011 4282 1114 4322 non
1135 4278 1385 4340 accepta-

387 4345 513 4386 nur.

387 4345 513 4388 lllll‘.

414 4426 468 4479 9.
502 4426 771 4496 Angulum
803 4430 917 4500 agri
952 4431 1052 4485 tui.

1529 4171 1584 4225 4.
1622 4172 1784 4226 ldola.

1459 4349 1602 4390 I‘BUS.

1460 4504 1634 4550 terrae.

419 4585 507 4640 l0.
537 4585 656 4641 Non
687 4589 1010 4644 racemabis.

1664 3992 1846 4049 VULG
1858 3993 1894 4046 A
1906 3993 1998 4048 TA
2036 3994 2309 4053 LATINA.

1535 4082 1588 4136 5.
1626 4080 2028 4155 Unusquisque.

1532 4264 1585 4318 7.
1618 4265 1884 4322 Profanus
1932 4270 2057 4335 erit,
2113 4283 2167 4325 et
2211 4271 2503 4342 impietatis

1529 4424 1583 4479 9.
1615 4423 1802 4497 Usque
1847 4429 1914 4483 ad
1952 4430 2127 4484 solum
2163 4433 2500 4502 superficiem

2645 2255 2698 2310 5.

2645 2348 2698 2401 4.

2651 2441 2702 2494 7.

2648 2531 2702 2587 9.

2691 2482 2703 2494 .
2760 2441 3106 2513 Ἀπόϐλητον.
3149 2482 3162 2494 .
3204 2480 3218 2494 .

2650 2858 2735 2910 15.

2651 3023 2734 3076 14.

2653 3186 2743 3240 15.

2653 3418 2740 3475 16.

2649 3581 2735 3636 17.

2646 3745 2731 3796 18.

2645 3837 2730 3891 19.

2969 3997 3247 4065 AQL‘ILA.

2689 4313 2702 4326 .
2735 4273 3129 4343 Alijiciendum.

2652 4089 2706 4144 5.

2649 4182 2704 4236 4.

2651 4272 2702 4326 7.

2645 4435 2698 4490 9.

1532 4585 1617 4664 11).
1666 4587 1943 4664 Neque...
1981 4607 2229 4647 racemos
2257 4603 2310 4648 et
2335 4609 2500 4664 grana
2649 4598 2735 4654 10.

1458 4657 1778 4713 ᾶεοίιιειιιὶα
1791 4664 2162 4732 congregatus.

417 4745 504 4800 15.
529 4743 647 4801 Non
678 4749 973 4818 opprimes.

1528 4748 1615 4802 15.
1643 4747 1762 4803 Non
1794 4749 1962 4807 facies
1992 4754 2338 4810 calumniam.
2652 4758 2740 4814 15.

417 4907 504 4963 14.
539 4905 658 4963 Non
691 4909 1005 4967 maledices.
1533 4911 1618 4965 14.
1648 4910 1766 4967 Νοη
1802 4913 2114 4971 maledices.
2646 4917 2733 4976 H.

417 5069 504 5149 15.
544 5067 730 5140 Neque
757 5071 1040 5128 decorabis
1068 5073 1234 5131 facies
1263 5090 1382 5130 ma-
1461 5152 1512 5198 te
1533 5073 1619 5197 1ιᾷ.
1669 5073 1779 5130 Nec
1837 5075 2072 5133 honores
2134 5079 2337 5135 vultum
2400 5098 2501 5152 po»
2649 5081 2735 5136 15.

341 5156 453 5209 gnl.
1516 5161 1548 5198 n
1578 5161 1642 5198 ις.

413 5299 500 5353 16.
535 5299 737 5358 Stabis.
1534 5305 1620 5361 16.
1656 5305 1838 5363 Stabis
1863 5325 1929 5364 co

2038 5327 2054 5365 ι
2651 5309 2737 5364 16.

415 5462 502 5516 17.
532 5463 589 5516 1η
622 5465 784 5522 corde
819 5476 931 5525 tuo.
1532 5467 1620 5522 17.
1653 5469 1709 5522 In
1738 5471 1901 5525 corde
1927 5482 2042 5527 tuo.
2656 5478 2743 5533 17.

422 5558 510 5612 18.
539 5557 884 5616 Observabis.
1539 5561 1626 5616 18.
1656 5561 1860 5618 Memor
1888 5581 1929 5620 ei

2655 5570 2743 5624 18.

421 5719 505 5775 l9.
541 5719 754 5778 Statuta
780 5739 921 5778 mea.
1539 5725 1623 5780 19.
1657 5724 1826 5798 Leges
1859 5742 1929 5782 me

2651 5728 2739 5784 19.
