3868 6218
191 337 303 393 645

189 460 382 530 αὖτήψ
417 457 516 511 οὒκ
576 451 928 526 ἐκπορνεύσει
960 454 993 524 ή
1028 452 1120 521 γῆ,
1163 449 1257 504 καὶ
1308 445 1679 518 πλησθήσεται
1735 447 1771 515 ή

190 552 262 623 γῆ
285 545 531 618 ἀνομίας.
556 546 643 601 50.
680 544 762 597 Τὰ
799 541 1054 597 Σάϐϐατά
1080 557 1180 613 μου
1202 538 1518 615 φυλάξεσθε,
1546 537 1641 592 καὶ
1663 536 1774 590 ἀπὸ

188 642 298 697 τῶν
324 639 491 708 ἁγίων
520 654 619 710 μου
671 634 1071 708 φοϐηθήσεσθεο
1106 631 1216 702 ἐγὼ
1258 631 1479 705 Κύριος.
1510 631 1602 685 51.
1657 628 1773 682 Οὐκ

189 731 655 801 ὲπακολουθήσετε
705 725 1186 800 ὲγγαστριμύθοις,
1215 725 1307 779 καὶ
1359 727 1472 787 τοῖς
1502 721 1773 784 ὲπαοίδοις

188 826 252 877 οὐ
308 819 845 895 προπολληθήσεσθε
900 816 1260 888 ὲκμιανθῆναι
1307 814 1366 866 ὲν
1414 813 1617 877 αὐτοῖς’
1662 806 1773 879 ἐγὼ

192 915 397 987 Κύριος
429 916 457 969 6
496 912 630 976 Θεὸς
680 909 854 982 ὑμῶν.
900 910 990 963 52.
1065 907 1199 960 Ἀπὸ
1233 904 1525 978 προσώπου
1583 901 1770 958 πολιοῦ

190 1007 550 1076 ὶξαναστήσῃ,
581 1005 676 1058 καὶ
724 1003 978 1073 τιμήσεις
1030 998 1320 1071 πρόσωπον
1380 995 1768 1068 πρεσϐυτέρουο

190 1098 290 1153 καὶ
319 1095 602 1168 φοϐηθήσῃ
661 1094 754 1148 τὸν
808 1092 941 1146 Θεόν
993 1107 1107 1144 σοιν
1142 1088 1252 1158 ἐγὼ
1296 1090 1500 1159 Κύριος
1568 1090 1598 1142 6
1636 1085 1773 1149 Θεὸς

194 1189 369 1261 ὑμῶν.
397 1189 486 1244 55.
522 1188 648 1241 Ἐὰν
671 1185 730 1240 δέ
758 1201 843 1249 τις
875 1181 1149 1256 προσέλθῃ
1199 1181 1330 1250 ὑμῖν
1352 1179 1684 1251 προσήλυτος
1713 1180 1771 1231 ὲν

192 1283 264 1351 τῇ
294 1282 365 1351 τῇ
396 1276 570 1348 ὑμῶν,
602 1276 663 1329 οὐ
724 1274 940 1344 θλίψετε
974 1270 1156 1326 αὐτόν.
1185 1271 1272 1325 54.
1319 1271 1408 1334 Ὠς
1437 1272 1465 1324 6
1494 1267 1771 1339 αὐτόχθων

193 1373 255 1425 ὲν
275 1372 404 1443 ὑμῖν
426 1370 579 1423 ἔσται
603 1369 633 1422 6
664 1366 998 1440 προσήλυτος
1028 1366 1057 1416 6
1087 1361 1589 1435 προσπορευὸμενος
1638 1359 1775 1432 πρὸς

88 1477 92 1481 ‘
194 1463 360 1533 ὑμᾶς.
387 1463 498 1516 Καὶ
534 1462 842 1531 ἀγαπήσεις
867 1456 1030 1510 αὑτὸν
1061 1455 1137 1519 ὡς
1182 1453 1429 1518 σεαυτὸν,
1452 1453 1535 1506 ὃτι
1567 1453 1777 1525 προσή-

192 1556 343 1609 λυτοι
366 1554 660 1627 ἐγενήθητε
690 1555 748 1607 ὲν
784 1554 857 1623 γῇ
898 1547 1193 1619 Αἰγύπτουο
1227 1545 1337 1615 ἐγὼ
1364 1544 1568 1618 Κύριος
1595 1546 1623 1598 6
1642 1545 1775 1611 Θεὸς

193 1647 370 1719 ὑμῶν.
395 1646 484 1702 55.
510 1646 586 1701 Οὐ
617 1645 871 1716 ποιήσετε
894 1642 1077 1697 ἄδικον
1111 1641 1171 1693 ὲν
1212 1637 1412 1710 κρίσει,
1446 1639 1505 1691 ὲν
1532 1637 1773 1709 μέτροις,

191 1739 292 1792 καὶ
312 1739 373 1791 ὲν
408 1735 709 1808 σταθμιοις,
737 1733 832 1789 καὶ
875 1735 935 1786 ὲν
977 1729 1182 1800 ζυγοῖς.
1227 1727 1315 1785 56.
1364 1727 1515 1798 Ζυγὰ
1560 1727 1769 1794 δίκαια,

282 4316 337 4369 ’1.
401 4308 595 4366 inutile
644 4313 751 4372 est,
785 4318 894 4359 non
950 4294 1248 4368 acceptabi-
1395 4294 1447 4373 '7.
1483 4294 1532 4373 ις

1321 4362 1650 4431 ceptabitur.

1472 318 1770 381 LEVITICI
1808 317 1963 373 CAP.
2009 315 2149 370 XIX.

1395 4292 1447 4346 7.
1488 4289 1912 4345 Insacrificabile
1970 4297 2077 4354 est,
2122 4302 2230 4341 non
2265 4301 2360 4341 nc-

3347 313 3451 367 616

1876 446 2025 489 tuam
2053 431 2429 504 prostituendo
2460 444 2614 496 eam;
2651 443 2759 483 non
2799 424 3160 482 fornicabitur
3188 432 3331 480 terra
3351 463 3367 488 ,
3401 437 3454 481 ιιι

1875 527 2189 598 implebitur
2212 534 2355 581 terra
2387 523 2694 594 iniquitate.
2735 520 2824 575 50.
2858 519 3094 575 Sabbata
3120 533 3241 572 mea
3270 528 3428 573 cus‘o

1873 619 2053 683 dietis,
2087 625 2142 673 et
2181 632 2214 671 a
2259 615 2464 671 sanctis
2491 613 2626 669 meis
2665 610 2930 668 timebitis
2961 628 2975 663 :
3007 623 3109 679 ego
3163 605 3450 661 Dominus.

1875 709 1965 765 51.
2006 707 2126 763 Νοη
2159 706 2462 777 sequemini
2497 702 2979 775 engastrimythos,
3021 709 3075 754 et
3101 700 3452 754 incantaton-

1874 800 1978 855 bus
2030 812 2140 853 non
2185 794 2549 860 adharebitis,
2600 803 2659 849 ut
2705 790 3066 862 inquinemini
3100 790 3157 844 in
3203 790 3301 845 eis.
3343 788 3454 859 Ego

1878 887 2312 943 DominusDeus
2339 897 2538 943 vester.
2577 886 2668 940 '52.
2701 884 2748 938 Α
2774 884 2913 939 facie
2948 883 3068 937 cani
3095 896 3379 950 exsurges,
3402 890 3456 937 et

1878 979 2175 1035 honorabis
2203 977 2393 1033 faciem
2430 977 2663 1032 senioris
2694 994 2707 1030 :
2737 984 2791 1030 et
2813 973 3028 1029 timebis
3053 972 3223 1028 Deum
3255 980 3403 1027 tuum
3439 990 3451 1025 :

1877 1088 1978 1143 ego
2014 1073 2277 1128 Dominus
2317 1070 2463 1127 Deus
2501 1078 2698 1125 vester.
2757 1069 2845 1124 55.
2882 1067 2941 1124 Si
2971 1068 3095 1137 quis
3138 1075 3320 1122 autem
3355 1066 3455 1120 ad—

1877 1164 2089 1219 venerit
2112 1164 2267 1218 vobis
2297 1161 2675 1234 proselytusin
2706 1168 2852 1214 terra
2889 1167 3091 1222 vestra,
3121 1174 3230 1212 non
3257 1157 3457 1227 afﬂige—

1877 1257 1949 1312 tis
1979 1271 2127 1311 eum.
2168 1256 2258 1310 54.
2289 1254 2443 1310 Sicut
2462 1254 2721 1325 indigena
2748 1251 2803 1305 in
2832 1251 2988 1306 vobis
3018 1250 3124 1305 erit
3153 1251 3458 1321 proselytus

1878 1347 2144 1404 accedens
2174 1346 2242 1402 ad
2272 1362 2390 1401 vos.
2431 1344 2496 1399 Et
2519 1345 2710 1416 diliges
2729 1358 2852 1397 eum
2880 1342 3022 1397 sicut
3056 1342 3308 1412 leipsum,
3329 1342 3458 1411 quia

1878 1436 2137 1511 prbselyti
2182 1435 2364 1491 fuistis
2414 1436 2469 1490 in
2518 1444 2662 1490 terra
2714 1432 2954 1504 Egypti.
3025 1431 3138 1503 Ego
3193 1431 3457 1486 Dominus

1880 1530 2026 1586 Deus
2059 1540 2257 1605 vester.
2316 1528 2404 1582 55.
2434 1524 2555 1581 Non
2595 1525 2805 1581 facietis
2851 1524 3113 1593 injustum
3143 1523 3198 1577 in
3224 1521 3455 1593 judicio,

1880 1623 1936 1677 in
1977 1620 2273 1686 mensuris,
2315 1627 2370 1674 et
2408 1620 2465 1675 in
2496 1617 2862 1690 ponderibus,
2910 1624 2966 1670 et
2996 1616 3051 1670 in
3083 1614 3324 1671 stateris.
3365 1610 3456 1669 56.

1882 1709 2313 1781 Stateraejustaz,
2341 1717 2398 1765 et
2422 1706 2663 1779 pondera
2687 1705 2836 1777 justa
2859 1705 2927 1773 Ἀ(
2948 1714 3002 1760 et
3027 1702 3219 1775 Oeplii.
3260 1745 3274 1760 .
3322 1743 3337 1757 .
3380 1741 3398 1759 .
3440 1741 3456 1755 .

148 1852 151 1853 ν
192 1834 292 1889 καὶ
315 1832 550 1905 στάθμια
571 1830 754 1885 δίκαια
792 1830 861 1898 Χ
892 1826 986 1881 καὶ
1022 1825 1073 1879 οι
1107 1822 1237 1898 [cpt].
1263 1863 1298 1877 ..
1375 1862 1390 1876 .
1469 1861 1484 1877 .
1564 1861 1581 1878 .
1657 1863 1674 1878 .
1752 1858 1772 1877 .

1388 2022 1484 2086 CA
1498 2019 1647 2083 PUT
1682 2021 1846 2084 XIX
1878 2020 2254 2083 LEVlTlCl.

515 2126 917 2183 ΣΥΜΜΑΧΟΣ.
1803 2124 1882 2174 0’.
2737 2115 3139 2173 ΘΕΟΔΟΤΙΩΝ.

276 2297 329 2351 5.
771 2314 775 2319 ·
1387 2286 1442 2341 ’5.
1477 2284 1766 2347 Ἕκαστος.
1804 2284 2050 2347 Ἀλλος,
2084 2282 2243 2353 ἀνήρ.
2498 2283 2549 2337 5.

269 2389 324 2442 4,
1385 2377 1438 2431 4.
1466 2374 1737 2439 Εἰδώλοις.
1765 2376 2011 2440 Ἀλλος,
2041 2373 2298 2443 ὲλειλείμ.
2495 2377 2549 2428 4.

270 2475 318 2531 7.
337 2478 393 2529 Ἀ
402 2476 527 2549 ργόν
539 2475 682 2528 ἐστιν
692 2474 791 2527 οὐκ
804 2468 1238 2543 εὐδοκηθήσεται.
1383 2466 1414 2519 7
1424 2506 1439 2519 .
1469 2463 1696 2519 ’Δθυτόν
1711 2466 1858 2518 ἐστιν
1870 2462 1931 2515 οὐ
1948 2462 2291 2534 δεχθήσεται.
2495 2464 2544 2518 7.
2588 2463 2828 2534 Φεγγούλ

270 2572 325 2625 9.
1384 2563 1437 2617 9.
1497 2561 1791 2633 Septopbv_
1814 2558 1968 2633 ῥμῶγ
2002 2559 2103 2633 ,τοῦ
2135 2556 2350 2633 ῌάγροῦ.
2500 2556 2552 2609 9.

1317 2634 1559 2699 Ἀλλος,
1575 2629 1586 2633 ’
1601 2629 1680 2685 τὸ
1694 2630 1838 2701 φαὰθ
1856 2629 1962 2683 σοῦ
1990 2629 2184 2701 ἀγροῦ.

278 2733 362 2788 in.
1386 2722 1473 2777 10.
1537 2722 1651 2776 Οὐκ
1699 2722 2184 2792 ἐπανατρυγήσεις.
2222 2721 2356 2774 Ἀλ-
2500 2714 2588 2769 10.

1311 2798 1439 2858 λος,
1469 2793 1570 2846 οὐκ
1607 2790 1960 2862 ἐπιφυλλιεξ.

278 2895 362 2950 15.
1388 2884 1472 2939 15.
1500 2884 1614 2937 Οὐκ
1662 2881 1958 2953 ἀδικήσεις.
2011 2882 2245 2946 Ἄλλος,
2290 2880 2352 2934 οὐ
2499 2876 2586 2931 15.

1314 2954 1762 3025 συκοφαντήσεις.

278 3058 363 3112 ιι.
1182 3030 1183 3033 γ
1390 3047 1473 3101 ιι.
1508 3046 1582 3117 Οὐ
1607 3043 1793 3108 κακῶς
1821 3043 1991 3117 ἐρεῖς.
2024 3045 2265 3109 Ἀλλος,
2292 3044 2353 3098 οὐ
2503 3038 2590 3093 ιι.

1311 3116 1617 3190 καταράσῃ.

278 3218 361 3273 15.
1390 3206 1472 3259 l5.
1494 3203 1627 3258 Οὐδὲ
1647 3202 1720 3272 μὴ
1750 3201 2039 3272 θαυμάσῃς
2063 3201 2354 3272 πρόσωπον
2502 3197 2589 3250 15.

1310 3274 1811 3335 δυνάστου.¹Ἀλλος
1830 3312 1845 3335 ,
1867 3273 1929 3324 οὐ
1956 3271 2199 3335 δοξάσεις
2223 3270 2357 3335 πρό-

1315 3270 1811 3338 δυνάστου.¹’Ᾱλλος
1830 3312 1845 3336 ,
1862 3270 1929 3324 οὐ
1956 3270 2199 3335 sagum
2223 3270 2357 3342 πρό-

1315 3362 1493 3399 σωπον
1528 3341 1786 3414 μεγάλου.

278 3452 365 3507 16.
1386 3433 1475 3507 16.
1521 3433 1840 3505 Ἐπιστήσῃ.
1872 3433 2118 3497 Ἀλλος,
2174 3432 2359 3484 ὲπισυ-
2504 3424 2592 3482 16.

1314 3522 1508 3559 στηση.

280 3615 368 3668 17.
1314 3506 1580 3666 στῗῗέῇ
1607 3594 1814 3666 διανοίᾳ
1860 3611 1974 3647 σου.
2014 3593 2258 3657 Ἀλλος,
2299 3592 2359 3646 ὲν
2504 3589 2591 3643 17.

1311 3669 1377 3738 τῇ
1400 3666 1595 3738 καρδίᾳ
1620 3684 1736 3721 σου.

1311 3683 1377 3721 τη
1400 3683 1595 3721 καοοια
1620 3684 1736 3721 σου.

1311 3669 1377 3738 τῇ
1400 3669 1595 3738 καρδίᾳ
1620 3684 1736 3721 σου.

281 3777 365 3830 18.
1384 3758 1472 3813 18.
1507 3759 1755 3830 Μηνιεῑς.
1788 3758 2034 3820 Ἀλλος,
2073 3754 2355 3826 τηρήσεις.
2511 3748 2596 3805 18.

284 3872 367 3927 19,
1386 3848 1471 3903 19.
1498 3848 1602 3903 Τὸν
1629 3849 1812 3921 νόμον.
1845 3848 2091 3912 Ἀλλος,
2108 3846 2177 3900 τὰ
2202 3847 2361 3916 ήκρι-
2508 3842 2598 3895 19.

1316 3919 1584 3991 ϐασμένα.

366 4072 373 4077 ε
488 4023 862 4086 δγιιιιιιοιιυ
872 4023 931 4079 S.
1478 4013 1619 4068 LXX
1654 4013 1770 4069 INT

1877 4010 2159 4068 PRETES.
2744 3996 3160 4056 THEODOTIO.

277 4132 331 4185 δ,
1385 4111 1437 4165 5.
1476 4108 1887 4180 Unusquisque.
1924 4108 2101 4174 Alius,
2132 4106 2235 4162 vir.

281 4220 336 4274 1..
1391 4203 1446 4256 4.
1482 4200 1666 4256 ldolis.
1695 4199 1772 4252 Al:

1899 4198 2091 4253 elilim.

2546 4232 2560 4334 ζ
2593 4238 2870 4349 VPhengui.
2912 4313 2928 4329 .
2965 4308 2986 4329 .
3029 4309 3046 4325 .

2507 4101 2561 4155 5.

2506 4193 2560 4246 4.

2506 4281 2559 4334 7.

2507 4442 2560 4497 9.

210 4396 324 4441 tur.
1321 4396 1650 4431 LCIIlGllIIUIo

282 4477 337 4533 9,
1393 4452 1447 4508 9.
1484 4451 1712 4507 Messem
1742 4467 1772 4505 v

1323 4523 1523 4577 nbaath
1551 4522 1686 4577 agri.

1877 4465 1976 4505 ram
2009 4449 2146 4521 agri.
2183 4448 2359 4513 Alius,

1323 4537 1523 4593 puaatn
1551 4537 1686 4592 agri.

287 4639 373 4692 10.
1393 4613 1480 4668 10.
1527 4610 1646 4666 Νοη
1686 4626 1772 4693 rei

1877 4610 2131 4666 lemiabi's.
2185 4608 2361 4675 Alius,
2509 4598 2590 4655 10.

1325 4700 1433 4739 non
1464 4683 1787 4737 racemabis.

287 4800 375 4854 15.
1396 4777 1480 4831 15.
1515 4772 1633 4830 Non
1662 4772 1901 4828 nocebis.
1929 4770 2103 4834 Alius,
2131 4785 2240 4824 non
2272 4784 2364 4824 ca-
2509 4757 2597 4812 15.

1327 4844 1703 4902 lumniaberis.

290 4960 377 5016 η,
1398 4934 1635 5016 i_4.__Non
1669 4933 1772 4988 mal

1877 4931 2016 4988 uices.
2051 4930 2227 4997 Alius,
2252 4944 2365 4985 non
2508 4917 2596 4972 N-

1327 5007 1636 5063 maledices.

291 5122 383 5179 15.
792 5142 797 5149 ·
1398 5100 1486 5179 15.
1512 5095 1700 5179 Neque
1726 5111 1772 5150 ιι]

1877 5093 2017 5150 beris
2042 5091 2238 5179 faciem
2261 5106 2366 5173 ρο-
2510 5078 2597 5134 i5-

1328 5170 1510 5251 tentis:
1531 5162 1706 5234 Alius,
1723 5181 1830 5220 non
1855 5163 2147 5220 bonorabis
2172 5162 2365 5216 faciem

290 5351 383 5409 16.
1329 5256 1766 5385 maitgt'instabis.
1798 5324 1953 5381 Alius
1969 5364 1985 5391 ,
2022 5321 2369 5393 superinsur-
2511 5308 2602 5365 16.

1250 5474 1265 5487 .
1326 5417 1444 5476 ges.

289 5512 381 5569 17.
1401 5493 1493 5550 17.
1515 5491 1713 5546 Animo
1732 5497 1772 5543 ιι

1877 5485 1978 5550 AL,
2001 5485 2054 5538 in
2070 5482 2232 5538 corde
2248 5490 2362 5536 tuo.

1523 5578 1903 5638 Succensebis.
1953 5576 2105 5631 Alius
2129 5615 2146 5642 ,
2181 5574 2369 5629 obser-
2514 5562 2621 5619 18..

1329 5673 1395 5712 va
1435 5672 1504 5712 IS.

296 5763 381 5821 i9.
1329 5673 1504 5799 νὴ)ἒῖ
1521 5743 1735 5814 Legem.
1764 5738 2139 5806 Al.,acrurate
2167 5729 2369 5789 consti-
2516 5713 2611 5777 i9:

1330 5828 1466 5874 tuta.
