3876 6220
192 356 288 412 781

1365 349 1408 404 Ν
1416 346 1804 407 UMERORUM
1849 346 2000 402 CAP.
2036 345 2230 400 XXIX.
2718 409 2722 414 _
3340 340 3407 396 τε

3413 342 3448 399 2

756 537 859 597 Ex
889 551 1030 611 cap.
1073 533 1489 596 Numerorum
1536 532 1771 606 XXIX,
1815 540 1887 592 ut
1917 531 2180 592 habetur
2203 533 2271 592 in
2301 528 2437 591 cod.
2477 523 2652 589 Coll).
2685 527 2866 590 308k.

259 724 348 778 23.
371 723 450 794 Τῇ
478 721 662 794 ἡμέρᾳ.
682 722 747 792 τῇ
789 719 852 783 δ’,
887 720 1116 790 μόσχους
1164 725 1214 782 ι’,
1244 718 1433 789 κριοὺς
1465 717 1529 787 β’,
1563 718 1766 788 ἀμνοὺς

189 813 470 874 ἐναυσίους
501 811 540 864 δ’
569 811 662 862 καὶ
693 815 723 861 ι’
757 809 1040 879 ἀμώμους.
1061 807 1151 860 24.
1173 808 1238 858 Αἱ
1261 806 1437 859 θυσίαι
1469 805 1646 859 αὐτῶν
1672 806 1767 858 καὶ

190 905 248 956 al
303 903 525 957 σπονδαὶ
554 900 752 963 αὐτῶν,
784 903 895 962 τοῖς
935 900 1156 969 μόσχοις
1187 899 1281 952 καὶ
1328 900 1439 961 τοῖς
1467 899 1641 968 κριοῖς
1673 895 1767 948 καὶ

189 995 302 1055 τοῖς
333 993 544 1062 ἀμνοῖς,
574 991 694 1043 κατ’
720 989 952 1060 ἀριθμὸν
983 987 1184 1051 αὐτῶν,
1211 986 1351 1040 κατά
1396 987 1494 1057 τὴν
1519 985 1766 1057 σύγρισιν

193 1083 507 1153 -ι-αὑτῶνζ
539 1082 630 1135 25.
693 1082 802 1134 Καὶ
856 1082 1126 1152 χίμαρῤον
1175 1079 1234 1146 ἐξ
1285 1077 1457 1146 αἰγῶν
1508 1077 1603 1130 ἕνα
1634 1077 1763 1148 περὶ

189 1176 481 1249 ἁμαρτίας,
507 1177 645 1245 πλὴν
671 1175 769 1245 τῆς
794 1173 1210 1234 ὁλοκαυτώσεως
1231 1171 1330 1240 τῆς
1359 1168 1670 1237 διαπαντὸς,
1705 1171 1762 1223 αἱ

189 1268 369 1322 θυσίαι
393 1266 568 1320 αὐτῶν
601 1267 696 1320 καὶ
730 1267 786 1318 αἱ
821 1265 1045 1317 σπονδαὶ
1074 1262 1272 1316 αὐτῶν.

259 1401 348 1456 26°
377 1402 456 1472 Τῇ
487 1401 669 1472 ἡμέρᾳ
696 1403 760 1470 τῇ
794 1401 1040 1470 πέμπτῃ,
1089 1397 1318 1468 μόσχους
1348 1395 1412 1461 θ’,
1457 1394 1645 1467 κριοὺς
1694 1393 1759 1463 β’,

185 1493 391 1563 ἁμνοὺς
419 1492 721 1554 ἐνιαυσίους
756 1491 800 1561 β’
829 1489 1110 1560 ἀμώμους.
1162 1489 1250 1541 27.
1283 1489 1346 1540 Αἱ
1381 1486 1561 1539 θυσίαι
1584 1485 1761 1538 αὐτῶν

182 1585 279 1636 καὶ
308 1584 364 1635 αἱ
393 1583 610 1635 σπονδαὶ
643 1581 838 1645 αὐτῶν,
871 1583 982 1642 τοῖς
1048 1578 1268 1649 μόσχοις
1295 1579 1388 1630 καὶ
1427 1579 1538 1639 τοῖς
1589 1579 1762 1646 κριοῖς

183 1675 278 1727 καὶ
299 1677 411 1738 τοῖς
438 1674 648 1743 ἀμνοῖς,
667 1673 785 1724 κατ’
803 1671 1030 1742 ἀριθμὸν
1052 1670 1251 1730 αὐτῶν,
1266 1669 1406 1723 κατὰ
1417 1669 1515 1739 τὴν
1539 1667 1763 1737 σύγκρι-

185 1783 271 1820 σιν
325 1781 388 1820 -ε-
436 1765 613 1819 αὐτῶν
647 1767 668 1834 ζ
703 1764 792 1818 28.
844 1763 952 1816 Kal.
999 1762 1265 1833 χίμαρῤον
1308 1761 1364 1826 ἐξ
1419 1759 1587 1828 αἰγῶν
1633 1758 1761 1826 περὶ

182 1859 457 1930 ἁμαρτίας
484 1858 600 1922 ἕνα,
631 1857 771 1927 πλὴν
812 1856 911 1924 τῆς
959 1851 1372 1916 ὁλοκαυτώσεως
1395 1853 1493 1924 τῆς
1531 1851 1758 1905 διαπαν-

180 1952 295 2014 τὸς,
329 1951 384 2004 αἱ
409 1949 584 2003 θυσίαι
609 1948 785 2002 αὐτῶν
809 1949 903 2001 καὶ
923 1949 975 2000 αἱ
1000 1945 1221 1998 σπονδαὶ
1243 1944 1443 1998 αὐτῶν.

254 2042 345 2100 29.
381 2043 460 2112 Τῇ
486 2041 671 2113 ἡμέρᾳ
716 2043 783 2110 τῇ
823 2039 896 2104 ς’,
934 2040 1169 2109 μόσχους
1223 2044 1292 2108 η’,
1323 2038 1510 2108 κριοὺς
1540 2036 1603 2107 β’,
1644 2037 1752 2107 ἀμ-

177 2123 307 2197 νοὺς
337 2132 636 2195 ἐνιαυσίους
667 2129 710 2184 δ’
744 2131 836 2183 καὶ
874 2129 902 2183 ι’
935 2129 1216 2200 ἀμώμους.
1249 2127 1337 2181 50.
1367 2131 1430 2180 Ai
1461 2129 1638 2181 θυσίαι
1661 2128 1756 2180 αὐ-

177 2224 290 2278 τῶν
340 2224 434 2277 καὶ
490 2225 546 2276 αἱ
599 2222 822 2276 σπονδαὶ
849 2221 1048 2286 αὐτῶν,
1097 2225 1210 2286 τοῖς
1272 2222 1492 2292 μόσχοις
1524 2221 1755 2283 καὶτοῖς

179 2315 354 2383 κριοῖς
397 2312 492 2366 καὶ
538 2313 649 2376 τοῖς
698 2313 911 2383 ἀμνοῖς,
950 2312 1072 2363 κατ’
1101 2310 1334 2382 ἀριθμὸν
1375 2309 1576 2374 αὐτῶν,
1611 2307 1752 2362 κατὰ

175 2403 279 2474 τὴν
333 2403 582 2476 σύγρισιν
615 2417 675 2458 οξ-
700 2401 877 2456 αὺτῶν
911 2403 932 2469 ζ
983 2402 1072 2456 51.
1108 2404 1218 2455 Καὶ
1273 2401 1538 2473 χίμαρρον
1571 2415 1633 2454 -ιρ
1692 2401 1753 2467 ἐξ

177 2496 352 2564 αἰγῶν
392 2496 414 2564 ζ
446 2496 574 2566 περὶ
603 2494 878 2567 ἁμαρτίας
902 2494 1017 2561 ἕνα,
1054 2493 1190 2563 πλὴν
1217 2493 1312 2562 τῆς
1340 2491 1755 2553 ὁλοκαυτώσεως

175 2585 280 2654 τῆς
330 2586 643 2650 διαπαντὸς,
690 2586 744 2638 αἱ
805 2585 986 2638 θυσίαι
1033 2583 1230 2648 αὐτῶν,
1284 2583 1378 2636 καὶ
1421 2583 1476 2636 αί
1530 2581 1757 2634 σπονδαὶ

175 2675 380 2731 αὐτῶν.

249 2811 337 2865 52.
369 2811 448 2882 Τῇ
495 2809 677 2881 ἡμέρᾳ
712 2813 777 2880 τῇ
834 2809 899 2875 ζ’,
951 2808 1182 2879 μόσχους
1220 2807 1284 2871 ξ’,
1331 2806 1517 2878 κριοὺς
1551 2804 1615 2874 β’,
1650 2805 1757 2874 ἀμ-

174 2904 304 2965 νοὺς
334 2903 633 2964 ἐνιαυσίους
657 2900 697 2954 δ’
724 2902 815 2954 καί
843 2908 871 2953 ι’
904 2899 1183 2970 ἀμώμους.
1237 2899 1326 2952 55.
1356 2897 1423 2950 Al
1450 2895 1630 2948 θυσίαι
1663 2895 1758 2948 αὺ-

173 2994 285 3047 τῶν
312 2994 405 3048 καὶ
430 2995 485 3048 αί
521 2993 742 3047 σπονδαὶ
769 2991 969 3058 αὐτῶν,
991 2993 1105 3054 τοῖς
1143 2990 1362 3061 μόσχοις
1389 2989 1614 3050 καὶτοῖς
1639 3004 1758 3058 κρι-

168 3089 258 3150 οῖς
287 3086 381 3140 καὶ
425 3087 538 3149 τοῖς
579 3086 792 3155 ἀμνοῖς,
825 3085 946 3139 κατ’
975 3080 1204 3154 ἀριθμὸν
1236 3078 1437 3142 αὐτῶν,
1473 3077 1614 3132 κατὰ
1658 3076 1756 3148 τὴν

173 3177 690 3250 σύγιιρισιναύτῶν.
770 3215 786 3232 .
871 3215 888 3232 .
978 3216 994 3230 .
1083 3213 1099 3229 .
1178 3212 1193 3228 .
1267 3210 1282 3226 .
1360 3211 1375 3225 .
1454 3210 1470 3225 .
1551 3209 1565 3222 .
1645 3208 1659 3222 .
1736 3206 1753 3222 .

1936 718 2027 775 23.
2066 718 2162 773 Die
2188 724 2406 787 quarta,
2435 715 2634 769 vitulos
2655 715 3074 778 decem,arietes
3095 719 3252 781 duos,
3273 731 3446 787 agnos

1869 809 2152 866 anniculos
2183 807 2596 878 quatuordccim
2623 807 2741 861 sine
2766 807 3016 862 macula:
3045 808 3134 862 24.
3165 808 3445 864 Sacriticia

1866 915 2078 964 eorum,
2101 909 2154 954 et
2172 899 2434 953 libamina
2459 912 2672 960 eorum,
2706 897 2892 954 vitulis
2920 909 2973 953 et
2992 899 3156 954 hircis
3185 909 3238 954 et
3265 901 3442 970 agnis,

1863 991 2015 1060 juxta
2051 1004 2338 1044 numerum
2380 1003 2592 1054 eorum,
2624 988 2776 1057 juxta
2811 989 2974 1044 ritum
2994 1004 3057 1045 -ι-
3077 1006 3264 1046 eorum
3292 991 3315 1057 ζ
3347 991 3440 1058 25.

1865 1081 1932 1135 Et
1965 1082 2178 1135 hircum
2211 1095 2277 1134 ex
2311 1080 2490 1150 capris
2521 1095 2687 1134 unum
2718 1095 2816 1148 pro
2850 1091 3092 1150 peccato,
3123 1091 3319 1151 praeter
3340 1082 3441 1136 hor-

1865 1173 2170 1228 locaustum
2218 1172 2372 1242 juge,
2409 1171 2679 1226 sacriﬁcia
2719 1186 2910 1227 eorum
2963 1181 3018 1228 et
3063 1173 3320 1228 libamina
3347 1187 3440 1228 eo-

1864 1280 2010 1320 rum.

1932 1402 2022 1456 26.
2056 1401 2152 1458 Die
2175 1402 2388 1472 quinta,
2407 1401 2606 1456 vitulos
2629 1415 2844 1465 novem,
2872 1403 3071 1457 arietes
3093 1400 3250 1465 duos,
3269 1417 3441 1472 agnos

1864 1492 2148 1545 anniculos
2173 1493 2311 1547 duos
2342 1492 2740 1546 immaculatos.
2765 1490 2854 1544 27.
2880 1489 3156 1545 Sacriﬁcia
3172 1506 3360 1545 eorum
3385 1500 3440 1547 et

1862 1581 2117 1635 libamina
2143 1597 2354 1644 eorum,
2373 1583 2557 1637 vitulis
2589 1591 2644 1637 et
2668 1582 2833 1636 hircis
2862 1590 2917 1636 et
2945 1582 3120 1651 agnis,
3149 1582 3300 1647 juxta
3335 1598 3440 1636 nu-

1861 1688 2070 1726 merum
2108 1689 2320 1739 eorum,
2358 1673 2513 1742 juxta
2545 1674 2705 1727 ritum
2743 1687 2806 1729 -ι-
2832 1688 3019 1728 eorum
3056 1673 3196 1739 :28.
3231 1673 3296 1727 Et
3325 1675 3441 1727 hir-

1862 1779 1984 1818 cum
2014 1779 2080 1819 ex
2113 1765 2293 1834 capris
2323 1780 2421 1834 pro
2450 1777 2670 1834 peccato
2700 1781 2890 1827 unum,
2941 1773 3138 1834 prreter
3179 1766 3440 1820 holocau-

1861 1865 2006 1911 stum
2028 1855 2177 1927 juge,
2207 1856 2479 1912 sacriﬁcia
2519 1871 2709 1910 eorum
2749 1867 2804 1911 et
2829 1856 3084 1910 libamina
3115 1873 3327 1911 eorum.

1923 2030 2014 2086 29.
2040 2029 2136 2085 Die
2189 2038 2374 2094 sexta,
2402 2029 2601 2084 vitulos
2648 2036 2792 2094 octo,
2821 2027 3018 2082 arietes
3058 2027 3216 2093 duos,
3261 2042 3436 2097 agnos

1857 2122 2142 2178 anniculos
2163 2119 2576 2192 quatuordecim
2601 2119 2718 2175 sine
2758 2119 2972 2174 macula
3001 2117 3126 2173 :30.
3153 2119 3437 2173 Sacriﬁcia

1854 2228 2042 2268 eorum
2067 2224 2118 2268 et
2135 2212 2393 2266 libamina
2409 2225 2620 2274 eorum,
2642 2210 2824 2264 vitulis
2841 2220 2893 2264 et
2911 2209 3172 2263 arietibus
3187 2218 3239 2263 et
3255 2209 3434 2279 agnis,

1851 2303 2006 2372 juxta
2038 2317 2328 2356 numerum
2355 2316 2566 2365 eorum,
2599 2299 2755 2369 juxta
2786 2299 2947 2353 ritum
2981 2311 3045 2354 σε·
3065 2300 3302 2366 eorum:
3342 2298 3431 2352 3i.

1855 2395 2156 2465 Etlhircum
2182 2409 2246 2450 σε-
2269 2410 2338 2450 ex
2364 2391 2542 2462 capris
2567 2392 2589 2460 ζ
2625 2406 2723 2460 pro
2772 2399 2994 2460 peccato
3022 2405 3214 2456 unum,
3240 2396 3436 2471 prazter

1855 2488 2236 2543 holocaustum
2297 2485 2448 2557 juge,
2497 2485 2768 2541 sacriﬁcia
2819 2497 3010 2538 eorum
3062 2492 3117 2537 ct
3168 2481 3433 2536 libamina

1855 2590 2069 2631 eorum.

1924 2799 2015 2855 32.
2063 2797 2160 2852 Die
2214 2798 2464 2867 septima,
2511 2797 2713 2852 vitulos
2758 2805 2986 2866 septem,
3046 2795 3246 2849 arietes
3272 2792 3432 2860 duos,

1856 2906 2028 2961 agnos
2055 2891 2340 2946 anniculos
2369 2890 2778 2961 quatuordecim
2813 2890 2931 2945 sine
2964 2888 3313 2945 maculaz33.
3341 2886 3439 2942 Sa-

1857 2982 2060 3038 criﬁcia
2099 2997 2291 3038 eorum
2329 2991 2384 3038 et
2423 2983 2687 3038 libamina
2718 2997 2932 3047 eorum,
2959 2981 3145 3036 vitulis
3169 2990 3223 3035 et
3246 2980 3435 3034 arieti-

1856 3074 1960 3130 bus
1993 3083 2046 3128 et
2082 3074 2260 3144 agnis,
2295 3073 2775 3145 juxtajnumerum
2816 3087 3032 3138 eorum,
3057 3071 3216 3141 juxta
3266 3071 3433 3126 ritum

1857 3181 3430 3237 eorum..........."..............

1245 3373 1501 3437 CAPUT
1533 3371 1754 3431 XXIX
1784 3367 2324 3430 NUMERORUM.

491 3545 889 3606 nmmo;
1767 3539 1846 3589 ον.
2719 3538 3119 3610 ΘΕοΔοτιαΝ.

247 3713 306 3771 ι,
1355 3702 1405 3754 1.
1441 3700 1651 3772 Ἡμέρα
1675 3699 1968 3770 σημασίας.
2475 3705 2523 3760 1.

251 3871 306 3927 8.
1282 3863 1484 3987 “ian
1494 3864 1786 3935 ροσοίσετε.
1857 3868 2092 3931 Ἄλλος,
2158 3882 2323 3918 ποοσ-
2463 3865 2498 3920 8

1321 3971 1773 4098 κ,Ὀλοκειιΰτωμω
1845 4030 2106 4094 Ἄλλος,
2180 4029 2316 4100 κάρ-

1284 4116 1470 4166 πωμα.

246 4190 342 4247 35.
1349 4189 1436 4241 55.
1485 4185 1730 4250 Ἐξάδιόν.

2472 4189 2563 4245 55.

483 4425 919 4483 SYMMACHUS.
1455 4423 1596 4478 LXX
1632 4421 2138 4480 INTERPRETES.
2703 4424 3096 4484 THEODOTIO

249 4569 305 4624 Ι.
1351 4565 1376 4617 1
1391 4606 1403 4618 .
1435 4563 1562 4620 Dies
1596 4565 1753 4633 signil

1872 4564 2033 4617 ionis.
2461 4567 2513 4621 1.

241 4727 296 4782 8.
1431 4721 1696 4778 Ofl‘eretis.
1722 4723 1895 4787 Alius,
1929 4722 2226 4777 adducetis.
2458 4728 2512 4784 8,

1348 4817 1761 4874 Holocaustum.
1774 4819 1948 4888 Alius,
1962 4817 2314 4876 oblationem.

239 4903 331 4959 55.
1350 4909 1438 4963 55.
1464 4909 1754 4965 Exodium.
2461 4910 2551 4964 55.

846 5155 1023 5216 Note:
1056 5161 1118 5216 et
1153 5155 1342 5218 varia;
1388 5157 1690 5220 lectiones
1723 5160 1800 5222 ad
1843 5179 1980 5240 cap.
2017 5162 2235 5224 XXIX
2266 5165 2691 5225 Numerorum

237 5332 654 5410 lbiri._"A}Joc,
691 5336 991 5410 κάρπῳμα.
1036 5338 1198 5395 Basil.

237 5403 301 5459 V.
334 5405 420 5480 55.
455 5403 693 5480 Samon,
727 5403 1376 5480 τέλείώσιςίέπισχὲσεως.
1427 5409 1518 5465 Sic
1549 5427 1738 5468 omnes

161 5490 301 5553 mss.
337 5475 489 5553 Regii
517 5493 642 5533 cum
669 5480 820 5553 notis
843 5481 972 5553 edit.
1006 5475 1290 5553 Romana:i
1311 5479 1440 5553 Mss.
1471 5497 1599 5536 vero
1626 5483 1735 5553 Cy-

159 5545 290 5599 rillo
317 5547 614 5603 ascribunt.
669 5549 730 5602 In
756 5549 900 5603 hunc
936 5551 1111 5604 locum
1159 5552 1229 5604 ita
1261 5549 1489 5607 Drusius
1531 5545 1739 5607 ediss'e-

161 5616 241 5695 rit
263 5614 626 5695 E‘tTelsiwctg
651 5619 1002 5695 ἐπισχέσεῳς,
1029 5621 1278 5695 perfectio
1310 5623 1623 5695 retentionis
1642 5630 1735 5695 aut

162 5685 527 5752 inhibitionis,
573 5689 626 5741 id
659 5685 1046 5758 estfperfecta
1079 5685 1306 5745 retentio
1336 5699 1429 5746 aut
1460 5693 1730 5746 inhibitio.

158 5764 315 5820 Ἥ,
366 5758 866 5830 σοΙιρὺιιίενῃἮ,
913 5760 1433 5830 ςοΙιίὁὶιὸοηίεέεῑυιη
1470 5761 1738 5830 significat

164 5838 277 5893 quo
308 5827 542 5898 populus
571 5829 855 5886 cohibetur
882 5829 951 5887 ab
973 5845 1154 5901 opere.
1188 5829 1280 5888 Sic
1321 5831 1447 5889 dico
1474 5827 1629 5897 niam
1655 5841 1737 5890 est

1845 5346 1962 5402 dies
1987 5347 2308 5403 cessationis
2331 5347 2400 5402 ab
2425 5362 2608 5417 opere,
2631 5362 2755 5417 cum
2795 5347 3044 5402 homines
3068 5356 3260 5402 vacant
3289 5364 3419 5403 ora.

1845 5417 1981 5489 t_ioni
2033 5431 2086 5472 et
2133 5419 2297 5472 rebus
2347 5415 2591 5489 divinis.‘
2621 5415 2710 5472 Sic
2759 5419 2954 5489 ἑορτή,
3009 5433 3040 5472 a
3091 5419 3414 5489 cohi_bcndo.

1843 5485 2067 5556 Pmprie
2087 5498 2138 5542 et
2160 5485 3020 5558 dv'rovouaottxtisgmdicitur
3045 5503 3158 5543 χχιι
3199 5487 3414 5554 Thesri,

1843 5572 1963 5626 quae
1992 5566 2076 5612 est
2105 5567 2294 5613 octava
2326 5557 2556 5613 Succoth
2580 5600 2594 5624 ,
2632 5557 2685 5612 id
2714 5567 2827 5621 est,
2858 5557 3003 5613 FeS'ti
3040 5560 3417 5614 tabernaculo-

1843 5643 1985 5683 rum.
2020 5627 2336 5683 Pentecoste
2369 5637 2552 5682 tamen
2599 5629 2678 5683 sic
2723 5631 2883 5682 etiam
2922 5638 3164 5684 vocatur.
3215 5631 3297 5682 Ab
3322 5644 3418 5683 ea-

1844 5697 1964 5768 dem
1991 5707 2170 5752 mente
2197 5699 2376 5768 prisca
2404 5697 2644 5768 Ecclesia
2666 5697 2978 5752 Graecanica
3007 5699 3143 5756 dixit
3170 5699 3411 5766 σύναξιν.

1844 5766 1898 5824 id
1931 5775 2014 5825 est
2047 5766 2388 5837 coactionem,
2416 5777 2472 5828 et
2497 5766 2714 5839 Latina,
2745 5768 3038 5825 collectam.
3069 5791 3089 5822 ι
