3876 6220
249 287 363 350 91⁵1

557 403 960 460 ΣΥΜΜΔΧΟΣ.

317 544 403 600 17.

316 634 400 689 18.

313 807 404 860 21.

313 1062 406 1116 24.

312 1150 402 1206 25.

317 1242 407 1298 28.
438 1239 526 1296 29.

317 1543 406 1596 50.

317 1633 509 1714 51:06-
527 1630 636 1714 γᾲρ
660 1629 738 1695 ὡς
772 1632 802 1684 ὁ
835 1627 1008 1699 φύλαξ
1038 1628 1217 1700 ἡμῶν,
1256 1628 1286 1679 ὁ

246 1700 423 1771 φύλαξ
452 1700 653 1758 αὐτῶν.

321 1865 409 1918 55.

251 1955 536 2096 παῗέιῗίοῗ

315 2118 403 2172 55.

317 2207 404 2262 56.

319 2375 406 2429 40.

324 2541 413 2593 41.

319 2634 411 2689 42.

321 2816 406 2869 45.

533 3127 978 3186 δῖΜΜΑΟΗυὸ.

322 3231 403 3283 17.

324 3321 408 3374 18.

317 3476 407 3529 21.

316 3725 404 3780 24.

316 3816 404 3870 25.

316 3913 405 3965 28.
433 3911 524 3966 29.

318 4282 404 4336 50.

319 4374 408 4429 51.
439 4371 556 4428 Non
600 4373 746 4428 enim
788 4371 933 4429 sicut
967 4379 1155 4428 custos
1185 4385 1282 4426 no-

249 4453 361 4499 ster
392 4452 580 4501 6118405
610 4458 820 4500 eorum.

314 4604 403 4659 ’55.

315 4765 404 4838 54.
435 4763 628 4838 Nonne
690 4765 804 4823 haec
859 4766 1093 4838 reposita
1153 4774 1280 4822 sunt

244 4836 387 4904 apud
409 4851 497 4892 me
524 4837 548 4900 ἓ

317 4926 407 4983 55.

317 5019 406 5074 56.

310 5109 398 5166 40.

311 5271 396 5325 41.

307 5362 397 5418 42.

314 5544 380 5596 45

597 1953 715 2023 οὐχὶ
771 1952 943 2007 ταῦτα
996 1954 1285 2005 ἀποκειται

1355 285 1589 343 CAPUT
1633 282 1824 339 XXXII
1866 279 2410 340 DEUTEBONOMH.

1853 405 1932 460 θ’.

1428 546 1515 598 17.
1552 545 1658 608 Οὓς
1695 545 1794 597 οὐκ
1815 543 2049 614 ᾔδεισαν.

1429 640 1514 694 18.
1549 639 1652 692 Τὸν
1674 635 2014 710 γεννήσαντά
2041 652 2123 690 σε.
2146 638 2393 703 Ἄλλος,

1358 713 1678 782 ποιήσαντα.

1426 800 1859 874 21.Παρὼξυνάν
1885 801 2224 874 με.”Αλλος,
2251 815 2394 870 παρ-

1355 872 1598 944 ώργισάν
1619 872 1727 943 με.

1440 963 1725 1034 Ἀσυνέτῳ.

1428 1054 1516 1108 24.
1566 1054 1689 1108 Ἐπὶ
1717 1053 1839 1126 γῆν.

1426 1145 1516 1200 25.
1546 1143 1961 1216 Καθεστηκότος
1996 1141 2324 1214 πρεσϐύτου.

1426 1234 1517 1290 28.
1545 1234 1632 1288 29.
1668 1235 1776 1287 Καὶ
1805 1233 1905 1286 οὐκ
1927 1232 2070 1288 ἐστιν
2108 1235 2166 1286 ὲν
2214 1234 2396 1297 αὐτοῖς

1359 1305 1635 1384 ἔπεστήμη
1652 1319 1665 1332 °
1696 1303 2113 1384 οὐξιὲῖρόνησαν
2139 1303 2390 1384 συνξένειι·

1360 1372 2039 1444 ταῦτα’ἇιάταδεξάσθωσάν
2066 1374 2146 1437 εἰς
2188 1372 2281 1427 τὸν
2307 1375 2397 1427 ἑπ-

1363 1446 1508 1498 ιοντα
1541 1445 1748 1516 χρόνον.

1429 1537 1516 1592 50.
1548 1536 2005 1606 Μετακινήσουσι.

1428 1630 1516 1684 51.
1550 1630 1670 1682 ’Ότι
1699 1629 1799 1685 οὐκ
1824 1628 1971 1682 ἔστιν
2015 1628 2044 1680 ὁ
2080 1626 2211 1692 Θεὸς
2240 1627 2396 1698 ἡμῶν

1356 1701 1432 1764 ὡς
1457 1701 1506 1752 οἱ
1541 1698 1652 1752 θεοὶ
1690 1699 1889 1752 αὐτῶν.
1926 1700 2169 1768 ’Λλλῳςρ
2199 1697 2398 1768 οὑγᾲρ

1358 1772 1494 1824 εἰσιν
1518 1771 1568 1823 οἱ
1593 1769 1705 1823 θεοὶ
1720 1770 1899 1823 αὐτῶν
1920 1768 1995 1832 ὼς
2014 1769 2042 1820 ὁ
2070 1767 2202 1831 Θεὸς
2217 1767 2394 1838 ήμῶν.

1430 1859 1519 1914 55.
1557 1859 1668 1913 Καὶ
1688 1858 1858 1928 θυμὸς
1883 1855 2126 1911 ἀσπίδων
2156 1855 2393 1920 ἀνίατος.

1429 1955 1516 2008 54.
1547 1954 1660 2009 Οὐκ
1717 1953 1825 2007 ιδοὺ
1896 1952 2068 2007 ταῦτα
2142 1951 2397 2022 ςυνῆκταιι

1359 2028 1487 2097 παρ’
1513 2025 1633 2096 ἐμοί
1657 2043 1671 2090 ;

1427 2115 1515 2170 55.
1543 2117 1794 2186 Ἕτοιμα.

1427 2204 1515 2260 56.
1552 2203 2055 2276 Παραλελυμένους.
2129 2203 2352 2269 Ἄλλος
2381 2246 2396 2269 ,

1360 2276 1746 2347 ταρειμένους.

1429 2371 1517 2426 40.
1542 2370 1652 2442 Τὴν
1688 2368 1864 2434 δεξιάν
1892 2386 2014 2441 μου.
2055 2369 2271 2435 Ἄλλος
2289 2409 2303 2433 ,
2329 2371 2396 2439 τῇ

1356 2441 1526 2512 δεξιᾷ.

1431 2531 1518 2584 41.
1542 2528 1854 2604 Παροξυνῶ.

1431 2621 1518 2675 42.
1562 2623 1619 2674 ’Δ
1631 2622 1884 2691 ρχόντων.

1439 2713 1696 2784 Ἐχορῶν.
1730 2713 1977 2778 Ἄλλος,
2007 2708 2197 2763 ἐθνῶν.

1431 2804 1518 2858 45.
1559 2802 1909 2874 Εὐφράνθητε
1946 2800 2072 2872 ἔθνη
2127 2801 2264 2873 μετὰ
2306 2801 2397 2856 τοῦ

1359 2874 1490 2930 λαοῦ
1525 2873 1711 2927 αὑτοῦ.

1449 2964 1793 3018 Ἐκδικεῖται.
1866 2963 1987 3032 (ΑΙ.
2055 2961 2397 3034 ὲκδικόἱται.)

1370 3038 1602 3101 Ἄλλος,
1642 3033 1966 3105 ὲκζητεῖται.

1532 3121 1675 3178 LXX
1712 3119 2220 3177 INTERPRETES.

1433 3221 1523 3276 17.
1552 3221 1704 3288 Quos
1737 3235 1846 3275 non
1879 3229 2169 3276 noverunt.

1429 3313 1520 3368 18.
1553 3313 1656 3380 Qui
1683 3321 1734 3368 te
1763 3311 1968 3383 genuit.
1999 3309 2152 3365 Alius
2176 3349 2192 3376 ,
2223 3309 2318 3381 qui
2346 3316 2400 3366 te

1359 3385 1506 3442 fecit.

1433 3475 1522 3528 21.
1555 3472 2034 3528 Exacerbuverunt
2062 3486 2167 3526 me.
2200 3471 2354 3526 Alius
2379 3507 2398 3537 ,

1357 3545 1716 3600 irrilaverunt
1742 3558 1849 3597 me.

1439 3634 1639 3690 Stulta.

1427 3726 1518 3782 24.
1549 3725 1725 3795 Super
1747 3734 1971 3780 terram.

1418 3816 1512 3870 25.
1549 3813 1692 3869 Sene
1714 3819 2035 3868 .constante.

1420 3909 1510 3964 28.
1527 3909 1618 3965 29.
1644 3909 1710 3964 Et
1740 3924 1849 3964 non
1870 3909 2020 3964 estin
2036 3908 2117 3964 eis
2149 3906 2394 3964 scientia:

1353 3995 1464 4035 non
1511 3988 1814 4050 sapuerunt
1874 3978 2224 4048 intelligere:
2279 3977 2398 4032 haec

1353 4050 1659 4121 suscipiant
1688 4050 1743 4104 in
1785 4063 2024 4119 sequens
2049 4059 2286 4122 tempus.

1425 4282 1513 4338 50.
1539 4278 2033 4335 Transmovebunt.

1427 4372 1516 4427 51.
1532 4371 1804 4438 Quoniam
1820 4384 1928 4424 non
1946 4377 2029 4423 est
2045 4366 2188 4423 Deus
2206 4377 2394 4424 noster

1422 4601 1512 4656 55.
1555 4600 1623 4656 Et
1668 4599 1822 4656 furor
1869 4597 2118 4670 aSpidum
2166 4598 2391 4655 insana-

1350 4670 1498 4728 bilis.

1419 4765 1507 4820 54.
1543 4763 1734 4820 Nonne
1756 4779 1885 4820 ecce
1915 4763 2033 4819 haec
2064 4772 2391 4835 congregata

1351 4846 1480 4893 sunt
1509 4835 1650 4906 apud
1676 4850 1764 4890 me
1789 4835 1814 4889 ἲ

1421 4927 1509 4983 55.
1538 4926 1754 4982 Parata.

1419 5018 1506 5073 56.
1538 5018 1864 5074 Dissolutos.
1893 5018 2072 5085 Alius,
2107 5015 2386 5075 remissos.

1423 5109 1514 5166 40.
1571 5109 1861 5166 Dexteram
1935 5121 2135 5166 meam.
2205 5109 2386 5175 Alius,

1351 5181 1593 5235 dextera.

1425 5269 1515 5325 41.
1543 5270 1773 5326 Acuam.

1422 5361 1512 5416 42.
1541 5359 1875 5431 Principum.

1421 5452 1792 5508 lnimicorum.
1833 5451 2007 5518 Alius,
2052 5451 2313 5522 gentium.

1414 5547 1510 5602 45.
1558 5545 1840 5602 Laetamini
1878 5553 2068 5617 gentes
2118 5560 2241 5600 cum
2296 5559 2386 5617 po-

1354 5617 1480 5688 pulo
1504 5617 1644 5686 ejus.

1425 5706 1750 5766 Vindicabit.
1780 5708 1956 5779 Alius,
1988 5707 2234 5778 exquirit.

3403 275 3506 333 918

2787 395 3184 452 ΘΕΟΔΟΤΙΩΝ.

2539 535 2624 591 17.

2538 628 2620 686 18.

2541 789 2636 845 21.

2537 1042 2628 1098 24.

2537 1133 2625 1189 25.

2536 1223 2626 1280 28.
2665 1224 2756 1284 29.

2538 1529 2628 1673 51)
2662 1617 2793 1700 ’ᾨτε
2812 1617 2910 1688 οὐχ
2936 1616 3012 1682 ὡς
3033 1617 3207 1688 φύλαξ
3236 1615 3390 1688 ἡμῶν
3407 1613 3508 1685 φύ-

2467 1687 2631 1754 λακες
2655 1687 2853 1742 αὐτῶν.

2539 1854 2627 1910 55.

2541 1948 2632 2003 54.

2541 2113 2633 2168 55.

2538 2202 2628 2258 56.

2541 2363 2633 2419 40.

2540 2526 2630 2581 41.

2540 2620 2628 2675 42.

2542 2801 2628 2857 45.
2659 2801 3009 2871 ’Δγαλλιᾶσθι
3025 2803 3154 2874 ἔθνη
3173 2803 3298 2868 λαὸς
3319 2806 3503 2862 αὐτοῦ.

2794 3122 3188 3182 THEODOTIO

2543 3221 2631 3308 17.

2546 3313 2627 3368 18.

2543 3473 2634 3529 21.

2535 3720 2626 3777 24.

2537 3811 2630 3868 25.

2536 3904 2628 3962 28.
2659 3904 2751 3962 29.
2853 3941 2855 3943 ι

2535 4277 2625 4333 50.

2536 4367 2626 4423 51.
2663 4366 2803 4441 Quis
2836 4385 2944 4428 non
2967 4371 3130 4430 sicut
3163 4380 3351 4432 custos
3397 4390 3502 4441 nor-

1354 4442 1501 4498 sicut
1537 4437 1614 4496 dii
1657 4456 1873 4496 eorum.
1906 4437 2098 4504 Aliter,
2131 4439 2391 4493 nonenim
2465 4445 2577 4494 ster
2607 4440 2861 4499 custodes
2881 4457 3092 4500 eorum.

1355 4521 1486 4569 sunt
1513 4513 1586 4568 dii
1612 4526 1804 4567 eorum
1837 4510 1983 4566 sicut
2015 4507 2161 4566 Deus
2181 4516 2390 4566 noster.
2881 4517 2890 4524 ‘

2541 4601 2634 4658 55.

2534 4763 2624 4820 54.

2531 4923 2624 4980 55.

2531 5014 2625 5073 56.

2534 5107 2624 5164 40.

2535 5269 2628 5326 41.

2530 5361 2619 5416 42.

2531 5551 2622 5608 43.
2638 5550 2888 5610 Exultate
2905 5561 3094 5627 gentes
3109 5553 3345 5624 populus
3363 5552 3501 5624 βίης·
