3846 6222
304 288 441 347 1015

609 404 1011 462 ΣΥΜΜΑΧΟΣ.
1028 467 1030 470 ,

1468 566 1567 631 Δός

1607 286 1822 345 JOSUE
1849 284 2077 342 CAPUT
2116 284 2233 338 XV.

1893 404 1968 454 0'.

3409 284 3547 341 |0|4

2821 397 3217 461 θΕοΑοτωΝ.
3232 382 3236 387 ’

1598 583 1687 636 μοι
1718 566 1831 636 ίτὴν
1872 562 2148 627 Βοτθανίς.
2196 562 2451 629 Ἄλλος,

1399 638 1489 703 δός
1519 635 1609 709 μοι
1630 635 1815 690 Γωλαθ
1824 635 1986 707 μαῖμ.

1472 729 1591 799 Τὴν
1606 727 1901 799 Γοναιβλὰν
1924 727 2022 799 τὴν
2037 726 2170 783 ἄνω.
2193 727 2439 792 Ἄλλος,
2460 790 2465 793 _

1401 799 1499 871 τὴν
1517 797 1702 854 Γωλὰθ
1728 797 1826 870 τὴν
1852 797 1985 861 ἄνῳ.

295 896 455 1025 ﬁ”.
481 897 562 951 At
579 896 756 962 πόλεις
782 897 878 952 ἀπ’
901 894 1071 968 ἄκρου
1100 893 1199 962 τῆς
1238 911 1329 963 φυ-

347 984 409 1025 .ς.

346 984 404 1046 ’ς’
580 1060 1039 1132 vaMAcnus.

1471 890 1561 944 2|.
1596 891 1757 954 Πόλις
1786 889 1975 959 πρώτη
2009 887 2170 959 φυλή.
2192 889 2434 950 Ἄλλως,

1404 960 1586 1029 πρλεις
1619 959 1756 1031 πρὸς
1787 963 1852 1031 τῇ
1882 959 2042 1030 φυλῇ.
2150 966 2153 971 ’

1575 1053 1719 1108 LXX
1758 1051 2264 1109 INTERPRETES.

2507 955 2520 969 ἴ
2538 956 2562 966 _
2578 884 2667 939 2|.
2691 886 2885 950 Πόλεις
2903 884 3087 939 αὐτῶν.
3108 884 3217 939 ὰπὸ
3241 884 3425 949 τέλους
3448 902 3548 956 φυ-

2506 973 2621 1025 Αης.

2833 1050 3249 1115 THEODOTIO.

1469 1146 1546 1203 Da
1604 1145 1747 1205 mihi
1785 1145 2087 1204 Bottbanis.
2141 1148 2314 1215 Alius,
2369 1149 2436 1205 ila

1401 1219 1535 1273 mihi
1573 1216 1962 1273 Golatbmaim.

1469 1308 1787 1375 Gpntetblan
1850 1308 2207 1377 superiorem.
2261 1310 2430 1374 Alius,

1400 1379 1595 1437 Golath
1635 1377 1995 1450 superiorem.

359 1475 450 1529 2|.
485 1472 657 1529 Urbes
685 1488 715 1528 a
741 1486 960 1529 summa
989 1471 1197 1535 tribus.

286 1639 416 1710 δὼρ,
448 1638 539 1693 καὶ
558 1636 847 1709 Βαγαδιὴλ,
871 1637 967 1691 καὶ
993 1635 1221 1707 Νωμὰν,
1250 1635 1345 1690 καὶ
1362 1635 1646 1707 Μαχηδὰν,
1678 1633 1866 1698 πόλεις

286 1734 598 1801 ἑκκαίδεκα,
615 1733 710 1788 καὶ
735 1735 790 1787 αἱ
806 1732 991 1804 κῶμαι
1009 1729 1211 1785 αὐτῶν.
1234 1729 1325 1785 42.
1350 1729 1549 1793 Λεόνὰ,
1576 1728 1673 1782 καὶ
1699 1726 1868 1791 Ἰθὰκ,

1466 1471 1557 1524 21.
1603 1468 1749 1527 Urbs
1781 1469 1958 1539 prima
2007 1472 2201 1529 tribus.
2243 1472 2433 1538 Aliter,

1400 1540 1646 1596 civitates
1683 1540 1751 1595 ad
1777 1539 1997 1595 tribum.

2507 1542 2542 1597 Ι)
2579 1472 2667 1526 2|.
2693 1471 2955 1527 Civitates
2990 1486 3180 1538 eorum
3230 1485 3261 1525 a
3304 1470 3411 1526 line
3445 1471 3544 1526 tri-

2547 1558 2629 1597 us.

2547 1558 2629 1597 US.

1970 1644 2025 1692 et
2050 1634 2238 1701 Nasib,
2270 1637 2360 1691 44.
2399 1649 2453 1691 et
2479 1636 2707 1701 Ceilam,
2739 1645 2795 1692 et
2830 1635 3036 1703 Aciezi,
3067 1645 3121 1691 et
3143 1635 3327 1701 Cezib,
3358 1646 3413 1692 et
3438 1635 3546 1692 Ba-

1976 1727 2182 1793 thesar,
2213 1736 2268 1782 et
2292 1725 2493 1781 IElom.

291 1829 385 1885 καὶ
414 1827 711 1898 Ἀνὼχ,45.
740 1826 837 1881 καὶ
874 1824 1044 1889 Ἰανὰ,
1070 1824 1167 1878 καὶ
1183 1822 1381 1890 Νασὶὸ,
1405 1822 1493 1876 44.
1513 1824 1608 1877 καὶ
1626 1823 1865 1895 Κεῖλὰμ,
1905 1824 2000 1876 καὶ
2035 1818 2260 1884 Ἀκιεζὶ,
2284 1820 2378 1873 καὶ
2406 1817 2599 1883 Κεζὶὀ,
2639 1816 3038 1890 καὶχΒᾳθησὰρ,
3069 1816 3163 1871 καὶ
3191 1816 3399 1889 Αἱλὼμ.

362 1924 605 1988 Ἄλλος,
633 1921 722 1978 21.
755 1922 846 1974 ἐπὶ
864 1919 965 1990 τῆς
989 1920 1194 1991 ἐρήμου
1222 1918 1492 1983 Καὸσεὲλ,
1523 1919 1620 1972 καὶ
1661 1916 1868 1990 Ἐδραῒ,

289 2015 385 2068 καὶ
425 2014 658 2085 Ἱαγοὺρ,
680 2012 770 2066 22.
795 2012 889 2066 καὶ
922 2010 1083 2076 Κινὰ,
1104 2011 1199 2064 καὶ
1223 2008 1462 2081 Διμωνὰ,
1498 2010 1594 2064 καὶ
1650 2008 1866 2075 ’Δδαδὰ,

284 2106 376 2160 25.
401 2106 494 2159 καὶ
523 2105 714 2169 Κεδὲς,
745 2104 840 2159 καὶ
890 2100 1088 2175 Ἀσὼῤ,
1119 2103 1214 2157 καὶ¹
1247 2101 1438 2168 Ἰεθνὰ,
1463 2102 1555 2157 24.
1595 2102 1699 2171 Zlcp
1719 2140 1735 2166 ,
1776 2101 1870 2155 καὶ

285 2197 485 2269 Τελὲμ,
515 2196 611 2251 καὶ
634 2195 844 2259 Βαλὼθ,
870 2194 961 2250 25.
998 2195 1092 2249 καὶ
1122 2195 1179 2248 αἱ
1200 2193 1382 2265 κῶμαι
1412 2193 1614 2248 αὐτῶν.
1640 2193 1751 2248 Καὶ
1774 2192 1872 2246 πό-

287 2290 372 2354 λις
409 2289 669 2361 Ἀγερῶν,
697 2287 837 2359 αὕτη
863 2285 1079 2360 ”Ασὼρ,
1104 2287 1194 2341 26.
1220 2289 1314 2342 καὶ
1374 2286 1588 2360 Ἀρὰμ,
1635 2289 1730 2342 καὶ
1769 2289 1872 2341 Σα-

297 2381 432 2463 μαὰ.
468 2380 562 2435 καὶ
584 2379 841 2444 Μωλαδὰ,
869 2379 961 2435 27.
988 2380 1085 2434 καὶ
1126 2378 1476 2452 Ἀσεργαδδὰ,
1511 2380 1607 2435 καὶ
1632 2378 1871 2448 Βαιθφα-

288 2470 402 2534 λὲθ,
428 2470 517 2524 28.
553 2470 646 2524 καὶ
670 2467 905 2541 Χορλὰλ,
937 2469 1033 2544 καὶ
1070 2467 1424 2539 Ἀσαρσουλὰ,
1443 2468 1538 2522 καὶ
1567 2465 1867 2537 Βηθσαϐεὲ,

284 2561 381 2618 καὶ
407 2563 464 2615 αἱ
505 2560 690 2632 κῶμαι
720 2559 920 2624 αὐτῶν,
958 2560 1056 2614 καὶ
1086 2558 1347 2627 ἐπαύλεις
1376 2558 1576 2613 αὐτῶν.
1606 2559 1697 2615 29.
1725 2558 1870 2612 Βαα-

281 2653 373 2718 λὰ,
406 2651 502 2708 καὶ
534 2650 734 2723 Αὐεὶμ,
799 2652 895 2706 καὶ
935 2649 1125 2723 Ἀσὲμ,
1153 2651 1241 2706 50.
1298 2650 1393 2704 καὶ
1441 2648 1725 2722 Ἐθωδὰμ,
1772 2651 1869 2704 καὶ

287 2742 459 2815 Χεὴλ,
486 2742 580 2797 καὶ⁵
614 2741 813 2814 Ἐρμὰ,
848 2741 937 2797 51.
972 2741 1066 2794 καὶ
1090 2740 1335 2809 Σικελὲγ,
1358 2739 1452 2794 καὶ¹
1476 2738 1759 2810 Μελεμνὰ,
1775 2739 1885 2795 καὶ.

287 2831 588 2897 Σανσαννὰ,
608 2831 697 2887 52.
726 2831 820 2885 καὶ
837 2828 1054 2895 Λαϐὼθ,
1072 2828 1168 2882 καὶ
1192 2828 1436 2899 Σελεεὶμ,
1469 2828 1563 2881 καὶ
1593 2823 1867 2897 Ῥεμμὼν,

282 2924 469 2988 πόλεις
498 2923 670 2977 εἴκοσι
695 2921 856 2976 ἐννέα
879 2921 976 2975 καὶ
1004 2922 1061 2975 αἱ
1093 2919 1278 2991 κῶμαι
1310 2918 1511 2973 αὐτῶν.
1542 2919 1632 2973 55.
1674 2918 1762 2971 Ἐν
1799 2919 1867 2988 τῇ

258 3015 475 3086 ιπεδινῇ
513 3013 761 3076 Ἐσθαδλ,
786 3013 880 3067 καὶ
912 3011 1198 3083 Σαρὰ,καὶ
1239 3010 1423 3075 Ἀσνὰ,
1463 3011 1560 3065 καὶ
1612 3010 1867 3081 Ῥαμεὺν,

282 3107 375 3163 54.
400 3108 495 3163 καὶ
520 3105 696 3171 Ζανὼ,
735 3105 830 3159 καὶ
861 3102 1166 3174 Ἀδιαθαὶμ,
1209 3103 1304 3158 καὶ
1360 3102 1591 3173 Ἦναὶμ,
1628 3101 1720 3156 55.
1771 3100 1868 3154 καὶ

294 3199 607 3273 Ἰερεμοὺθ,
653 3199 748 3252 καὶΙ
790 3196 1072 3268 Ὀδολλὰμ,
1117 3196 1212 3251 καὶ
1236 3194 1508 3268 Νεμὸρὰ,
1543 3195 1638 3259 καὶ
1675 3193 1861 3266 Σωχὼ,

282 3291 380 3358 καὶ
425 3289 651 3362 Ἀζηκὰ,
681 3289 772 3343 56.
808 3288 904 3343 καὶ
937 3288 1277 3361 Σαργαρεὶμ,
1302 3287 1398 3341 καὶ
1421 3285 1662 3359 Γαδηρὰ,
1683 3285 1868 3361 πόλεις

286 3382 366 3447 ιδ’,
397 3381 493 3436 κάκ
539 3381 596 3435 αἱ
635 3379 821 3451 κῶμαι
872 3377 1072 3434 αὐτῶν.
1111 3378 1202 3433 57.
1229 3377 1482 3442 Σευννὰν,
1510 3379 1604 3433 καὶ
1642 3378 1861 3443 ’Δδασὰ,

282 3474 379 3527 καὶ
419 3470 792 3542 Μαγδαλγὰλ,
821 3469 909 3537 58.
935 3469 1032 3525 καὶ
1061 3469 1297 3535 Δαλαὰν,
1337 3471 1445 3524 καὶ-
1477 3470 1685 3540 Μασφὰ
1704 3510 1719 3534 ,
1768 3472 1863 3525 καὶ

281 3566 577 3637 Εἰκαρεὴλ,
606 3542 694 3618 59:
726 3564 821 3617 καὶ
859 3562 1080 3633 Λαχεὶς,
1111 3563 1205 3615 καὶ
1232 3560 1477 3625 Βασκὰθ,
1506 3563 1609 3634 καὶ,
1634 3560 1860 3631 Ἀγλὼν,
1892 3631 1898 3639 ν

281 3657 371 3712 40.
406 3658 501 3712 καὶ
525 3654 741 3719 Χαὸὅὰ,
788 3654 883 3708 καὶ
915 3653 1279 3726 Χαμὰςηκαὶ
1328 3652 1587 3718 Χαθλὼς,
1633 3653 1725 3708 «11.
1769 3653 1864 3708 καὶ

282 3747 564 3822 Γαδηρὼθ,
590 3749 684 3803 καὶ
707 3745 1028 3819 Βηθδαγὼθ,
1062 3747 1158 3801 καὶ
1195 3745 1405 3817 Νωσμὰ
1424 3785 1438 3811 ,
1479 3745 1573 3798 καὶ
1606 3744 1860 3815 Μακηδὰ,

285 3840 469 3905 πόλεις
505 3847 600 3906 ις’,
638 3840 820 3894 καῖ”αἱ
853 3838 1040 3910 κῶμαι
1093 3835 1294 3891 αὐτῶν.
1343 3837 1434 3891 42.
1471 3835 1728 3907 Λεσμνὰ,
1769 3837 1864 3889 καὶ

296 3928 473 4000 Ἀθδρ,
491 3928 580 3993 45,
607 3928 702 3982 καὶ
734 3926 936 3998 Ἰεφθὰ,
963 3926 1063 3980 καὶ
1091 3925 1368 3991 Ἀσσεννὰ,
1388 3926 1482 3980 καὶ
1508 3927 1743 3998 Νασεὶμ,
1769 3927 1858 3985 44.

281 4022 376 4075 καὶ
395 4019 586 4084 Κεῖλὰ,
622 4020 717 4078 καὶ
755 4020 1006 4092 Ἀμεσαὶ,
1037 4019 1132 4074 καὶ
1155 4018 1255 4077 Ζὲν
1285 4017 1583 4103 [νηαάῃιανρ.
1621 4016 1859 4089 Ἀχζείὸ]
1884 4095 1891 4103 ³

279 4113 377 4177 καὶ
407 4111 667 4185 Μαρησὰ,
700 4112 795 4166 καὶ
838 4111 1033 4183 Ἑδὼμ.

349 4272 440 4327 21.
485 4270 713 4343 γυιελ
738 4271 992 4327 meridie:
1023 4270 1270 4335 Cabsecl,
1306 4279 1359 4325 et
1380 4268 1541 4335 Eder,
1572 4280 1643 4325 et
1668 4269 1856 4341 Jagur,

278 4366 372 4420 22.
399 4373 455 4420 et
487 4364 646 4427 Cina,
693 4373 747 4419 et
778 4363 1025 4428 Dimona,
1048 4371 1103 4417 et
1130 4362 1336 4433 Andada.
1359 4362 1450 4417 25.
1487 4369 1545 4416 et
1572 4361 1768 4425 Gades,
1804 4369 1860 4416 et

279 4458 442 4522 Asor,
490 4465 544 4512 et
571 4455 844 4519 Jethnam,
880 4455 971 4509 24.
1020 4453 1154 4523 Zipll
1205 4463 1262 4509 et
1297 4452 1505 4521 Telem,
1532 4460 1588 4509 et
1638 4451 1855 4518 Baloth,

277 4547 372 4601 25.
407 4547 546 4600 Asnr
576 4560 717 4599 nova
756 4557 813 4600 et
837 4544 1085 4605 Carioth.
1118 4543 1348 4613 llesron,
1402 4544 1518 4599 haec
1544 4552 1629 4599 est
1698 4543 1862 4606 Asor,

275 4635 367 4690 26.
402 4636 618 4701 Annam,
647 4634 811 4691 Sama
850 4646 904 4690 et
941 4634 1172 4700 Molmla,
1201 4635 1292 4690 27.
1331 4645 1386 4690 et
1431 4635 1767 4708 Asergadda,
1809 4648 1864 4693 et

279 4728 607 4793 Hassemon,
630 4738 686 4784 et
710 4729 1043 4799 Bethphelet,
1081 4729 1172 4785 28.
1203 4740 1257 4784 et
1283 4729 1598 4796 llasersual,
1644 4741 1700 4788 et
1732 4733 1863 4787 Ber-

278 4820 465 4884 sabee,
499 4829 553 4875 et
595 4820 899 4886 Baziotbia,
925 4820 1014 4876 29.
1048 4830 1103 4876 et
1136 4819 1318 4887 Baala,
1351 4830 1407 4876 et
1436 4820 1567 4887 lim,
1595 4834 1654 4877 et
1675 4822 1859 4892 Esem,

275 4912 368 4966 5ο.
398 4919 454 4966 et
480 4909 754 4977 Eltbolad,
778 4920 833 4967 et
870 4911 1034 4975 Cesil,
1067 4923 1122 4966 et
1147 4909 1369 4977 Hal-ma,
1414 4914 1504 4968 5|.
1533 4924 1586 4970 et
1621 4912 1849 4983 Siceleg,

274 5012 329 5056 ct
356 5001 695 5065 Medemena,
724 5011 780 5059 et
811 5001 1115 5067 Scnsenna,
1146 5003 1237 5058 52.
1270 5002 1536 5067 chaoth.
1570 5015 1625 5061 et
1659 5006 1848 5073 Selim,

274 5101 330 5147 ct
363 5093 502 5158 Aén,
530 5102 584 5148 et
612 5092 844 5150 Reman.
875 5094 1079 5150 Omnes
1105 5094 1356 5151 civitates
1396 5096 1586 5166 viginti
1620 5114 1813 5153 novem
1834 5140 1850 5165 ,

272 5192 329 5237 ct
356 5183 497 5239 villa
520 5199 732 5239 earum.
759 5185 846 5240 55.
872 5185 927 5238 in
957 5184 1355 5256 campestribus
1384 5200 1542 5240 vero:
1563 5184 1765 5261 Estaql,
1799 5196 1853 5241 et

2040 1915 2212 1977 Alius,
2236 1914 2325 1968 2|.
2353 1914 2405 1967 in
2434 1913 2648 1967 deserto
2676 1911 2903 1968 Cabseel
2927 1930 2941 1966 ε
2983 1921 3039 1967 et
3059 1910 3241 1980 Edrai,
3272 1922 3328 1968 et
3350 1911 3544 1982 Jagur,

1969 2006 2062 2062 22.
2088 2014 2144 2063 et
2179 2006 2336 2072 Cina,
2364 2014 2419 2061 et
2456 2004 2708 2068 Dimona.
2737 2015 2792 2061 et
2818 2005 3029 2070 Adada,
3057 2005 3147 2061 25.
3177 2013 3234 2062 et
3269 2004 3464 2070 Cedes,
3493 2016 3547 2060 et

1971 2098 2132 2164 Asor,
2167 2107 2223 2154 et
2259 2096 2476 2153 Jetbna.
2516 2096 2608 2153 24.
2665 2095 2823 2167 Ziph,
2857 2105 2912 2152 et
2962 2095 3170 2164 Telem,
3223 2105 3279 2152 et
3325 2095 3543 2162 Balotb,

1968 2189 2060 2245 25.
2097 2199 2152 2245 et
2203 2190 2305 2245 vici
2342 2205 2554 2245 earum.
2604 2188 2673 2245 Et
2717 2189 2910 2245 civitas
2956 2187 3195 2257 Ageron,
3231 2190 3347 2244 hac
3383 2192 3543 2250 Asor,

1970 2282 2063 2349 26,
2104 2289 2158 2337 et
2206 2283 2424 2349 Amam,
2458 2290 2514 2337 et
2553 2280 2775 2347 Samae,
2803 2288 2879 2336 et-
2905 2279 3140 2345 Molada,
3179 2279 3272 2335 27.
3302 2288 3358 2336 et
3382 2280 3547 2336 Aser-

1971 2371 2165 2443 gadda,
2196 2379 2251 2426 et
2274 2369 2671 2441 Bzcthphaletb,
2699 2368 2790 2447 28.
2822 2378 2877 2426 et
2906 2368 3151 2434 Chorlal,
3180 2377 3236 2425 et
3262 2369 3544 2435 Asarsula,

1969 2474 2025 2521 et
2054 2463 2377 2529 Bethsabee,
2425 2472 2480 2518 et
2508 2462 2615 2519 vici
2652 2478 2864 2531 earum,
2899 2471 2955 2518 et
3001 2461 3145 2517 villae
3188 2477 3399 2518 canum.
3450 2460 3542 2516 29.

1970 2556 2155 2621 Baala,
2187 2565 2243 2612 et
2275 2557 2455 2623 Avim,
2482 2565 2536 2611 et
2558 2555 2743 2623 Asem,
2768 2556 2859 2619 50.
2882 2564 2937 2610 et
2962 2554 3256 2622 Ethodam,
3284 2563 3339 2610 et
3358 2554 3546 2620 Cbeel,

1973 2658 2027 2705 et
2045 2647 2268 2713 Herma,
2286 2648 2375 2703 51.
2403 2658 2460 2703 et
2497 2646 2732 2719 Siceleg,
2756 2655 2811 2702 et
2834 2646 3121 2713 Melcmna,
3144 2654 3203 2703 et
3234 2645 3543 2711 Sansanna,

1969 2739 2060 2805 52,
2093 2738 2413 2806 eLLaboth,
2447 2748 2503 2794 et
2555 2737 2777 2802 Scleim,
2811 2747 2867 2794 et
2913 2737 3180 2795 Remmon
3208 2756 3222 2793 :
3260 2738 3426 2792 urbes
3459 2740 3546 2791 vi-

1971 2828 2328 2899 gintinovem,
2363 2836 2416 2883 et
2437 2827 2579 2884 villae
2602 2842 2815 2883 earum.
2851 2828 2940 2882 55.
2974 2830 3035 2882 lu
3068 2827 3294 2899 planitie
3321 2826 3545 2894 Estliaol

1967 2927 2022 2974 et
2077 2918 2209 2973 Sara
2235 2961 2249 2984 ,
2290 2929 2343 2973 et
2376 2919 2521 2974 Asna
2547 2959 2563 2984 ,
2602 2929 2657 2975 et
2689 2919 2970 2987 Rameun,
3024 2921 3113 2975 54.
3155 2928 3212 2976 ct
3254 2919 3443 2988 Zano,
3491 2930 3548 2976 et

1972 3011 2301 3080 Adiathaim,
2323 3020 2376 3068 et
2400 3011 2614 3077 Euaim,
2642 3013 2733 3070 55.
2774 3022 2829 3069 et
2856 3012 3159 3081 Jeremutb,
3192 3022 3247 3069 et
3273 3010 3542 3079 Odollam,

1967 3115 2023 3160 et
2047 3102 2315 3170 Nembra,
2362 3114 2417 3161 et
2448 3104 2647 3173 Socbo,
2696 3114 2753 3161 et
2789 3105 2986 3173 Azeca,
3019 3105 3109 3160 56.
3151 3114 3207 3161 et
3244 3105 3544 3178 Sargarim,

1972 3205 2027 3253 et
2050 3196 2292 3266 Gadera,
2312 3198 2477 3255 urbes
2503 3199 2941 3269 quatuordecim,
2988 3208 3044 3256 et
3073 3200 3180 3255 vici
3206 3216 3418 3256 earum.
3452 3201 3541 3255 57.

1973 3289 2254 3354 Semman,
2295 3299 2349 3346 et
2389 3290 2590 3356 Adasa,
2634 3299 2688 3346 et
2736 3289 3058 3362 Magdalgal,
3103 3292 3193 3348 58.
3227 3302 3283 3347 et
3314 3292 3543 3354 Dalaan,

1969 3392 2024 3438 ct
2047 3381 2291 3453 Maspha,
2326 3392 2381 3438 et
2408 3381 2631 3448 lcareel,
2659 3382 2749 3439 59.
2782 3395 2834 3439 et
2861 3383 3081 3451 Lachis,
3125 3393 3180 3441 ct
3205 3385 3460 3449 Bascatli,
3490 3395 3545 3441 et

1969 3472 2166 3549 Aglpn,
2195 3471 2280 3526 40.
2314 3482 2369 3527 et
2396 3471 2637 3540 Chabba,
2671 3483 2725 3528 et
2751 3473 3009 3541 Cbamas,
3046 3484 3101 3530 et
3131 3475 3414 3539 Citatblos,
3448 3475 3538 3531 4t.

1969 3576 2023 3620 et
2052 3565 2356 3632 Gaderoth,
2396 3575 2451 3621 et
2490 3565 2850 3639 Bethdagoth,
2882 3578 2937 3623 ct
2962 3567 3188 3635 Nosma,
3218 3582 3274 3625 et
3300 3568 3543 3636 Maceda,

1973 3658 2135 3714 urbes
2192 3658 2466 3714 sexdecim
2519 3668 2573 3714 et
2601 3658 2709 3714 vici
2758 3674 2971 3717 earum.
3020 3660 3113 3717 42.
3170 3660 3435 3725 Lebmna,
3491 3671 3548 3716 et

1968 3749 2158 3814 Ather,
2191 3750 2281 3804 45.
2316 3758 2372 3805 et
2420 3748 2679 3821 Jepbtba,
2726 3761 2780 3807 et
2814 3752 3084 3820 Assenna,
3125 3761 3182 3808 et
3210 3751 3418 3818 Nasim,
3450 3754 3541 3808 44.

1968 3851 2025 3896 et
2048 3842 2220 3908 Ceila,
2251 3852 2305 3898 et
2332 3842 2572 3909 Amesai,
2602 3853 2657 3899 et
2687 3842 2820 3913 Zen,
2871 3843 2983 3915 (ad
3016 3860 3188 3916 marg.
3217 3844 3459 3915 Acbzib)
3492 3855 3546 3901 et

1970 3933 2201 4001 Mai-csa,
2238 3943 2292 3989 et
2324 3934 2514 3989 Edam.

1970 4268 2158 4342 Sarea,
2186 4269 2475 4338 et-Asena,
2523 4271 2617 4329 54.
2655 4282 2710 4327 et
2747 4263 2948 4339 Zanoe,
2995 4281 3048 4328 et
3104 4274 3459 4346 Engannim,
3489 4286 3538 4335 et

1966 4361 2212 4433 Taphua,
2255 4373 2311 4429 et
2335 4363 2548 4430 Enaim,
2600 4367 2691 4422 55.
2743 4377 2797 4422 et
2839 4366 3126 4432 Jerimotb,
3176 4380 3232 4426 et
3264 4370 3539 4437 Adullam,

1969 4454 2171 4521 Soclto,
2198 4464 2253 4510 et
2284 4456 2480 4512 Azeca.
2527 4459 2615 4513 56.
2665 4467 2720 4514 et
2766 4460 3002 4525 Saraim,
3043 4471 3097 4516 et
3141 4461 3441 4529 Aditbaim,
3484 4474 3539 4519 et

1971 4546 2175 4603 Gedera
2186 4558 2258 4612 ,et
2272 4548 2651 4611 Gederotbaim
2675 4571 2688 4606 :
2709 4552 2871 4609 urbes
2886 4554 3316 4624 quatuor-decim,
3334 4566 3388 4611 et
3401 4556 3541 4612 villa:

1966 4657 2180 4696 earum.
2210 4642 2299 4697 57.
2334 4642 2516 4698 Sanan
2539 4683 2554 4708 ,
2581 4651 2635 4698 et
2665 4642 2930 4710 lladassa,
2980 4656 3033 4701 et
3064 4645 3401 4718 Magdalgad,
3445 4647 3537 4702 58.

1975 4731 2197 4797 Delean,
2238 4740 2292 4787 et
2324 4731 2598 4803 Mascpha,
2626 4742 2679 4788 et
2704 4733 2932 4799 Jecthel,
2968 4736 3057 4791 59.
3092 4736 3311 4805 Lachis,
3343 4748 3396 4793 et
3437 4737 3541 4792 Ba-

1966 4823 2143 4888 scath,
2184 4833 2239 4877 et
2286 4822 2478 4896 Eglon,
2528 4824 2615 4878 40.
2680 4826 2974 4891 Chebbon,
3026 4836 3091 4882 ct-
3138 4827 3437 4895 hebeman,
3486 4838 3542 4885 et

1958 4912 2184 4979 Cethlis,
2213 4915 2301 4968 4l.
2332 4923 2387 4969 et
2422 4914 2703 4983 Gideroth,
2729 4926 2783 4972 et
2831 4916 3168 4991 Bethdagon,
3202 4930 3256 4975 et
3304 4918 3537 4984 Naama,

1958 5013 2013 5058 et
2051 5003 2293 5070 Maceda,
2325 5008 2572 5065 civitates
2606 5010 2864 5076 sedecim,
2910 5022 2965 5069 et
3000 5013 3141 5069 villae
3192 5028 3404 5069 earum.
3444 5014 3536 5069 42.

1958 5094 2201 5163 Labana,
2242 5107 2297 5152 et
2330 5097 2516 5167 Ether,
2552 5110 2606 5155 et
2652 5105 2821 5171 Asan,
2863 5107 2950 5161 45.
2991 5105 3244 5176 Jepbtha,
3280 5118 3335 5165 ct
3374 5107 3540 5173 Esna,

1960 5197 2015 5243 et
2037 5186 2223 5255 Ncsib,
2252 5192 2341 5263 44.
2386 5203 2439 5248 et
2468 5194 2639 5263 Ceila,
2675 5205 2729 5251 et
2757 5198 2981 5264 Achzib,
3012 5207 3067 5255 et
3095 5198 3326 5271 Maresa.

595 5280 999 5335 ΣΥΜΜΑΧΟΣ.
1880 5285 1957 5337 0’.
2821 5293 3224 5349 ΘΕΟΔΟΤΙΩΝ.

348 5446 437 5500 55.
1584 5452 1671 5503 Ἐν
1697 5451 1902 5522 πεδινῇ.
1931 5452 2251 5519 ’.1.2.1,ςς,ὲν
2268 5455 2434 5527 ὑπερ-
2576 5458 2667 5514 55.

1390 5535 1547 5572 ωο.α.

581 5608 1044 5668 SYMMACHUS.~
1390 5535 1469 5591 ωρ
1495 5536 1547 5590 ᾳ.
1571 5610 1713 5665 LXX
1749 5611 1862 5666 INT

1970 5612 2253 5673 PRETES.
2821 5617 3233 5686 THEODOTIQ.

348 5699 439 5758 55.

1392 5784 1564 5832 tremo
1593 5777 1717 5833 line.

1459 5704 1547 5759 55.
1582 5703 1637 5780 In
1662 5710 1971 5778 campestri.
2018 5708 2192 5780 Alius,
2245 5712 2298 5766 in
2330 5726 2427 5769 cx-
2575 5712 2662 5769 55.
