3846 6222
123 312 267 377 “HO

432 529 834 594 ΣΥΜΜΑΧΟΣ.

117 752 237 820 μετ’
272 748 469 803 αὐτῶν.
497 749 551 805 5.
576 751 688 802 Καὶ
725 749 806 802 ὅτι
841 747 903 819 (ι.
934 747 1046 820 ὅτε)
1084 740 1266 814 διώξει
1305 752 1334 803 ὀ
1363 749 1700 819 ἀγχιστεύων

107 842 176 893 τὸ
195 837 335 912 αἷμα
359 841 533 894 ὀπίσω
559 839 745 905 αὐτοῦ,
765 840 858 893 καὶ
888 839 950 894 οὐ
986 839 1364 908 συγκλείσουσι
1392 839 1485 893 τὸν
1509 841 1702 910 φονεύ-

111 952 286 988 σαντα
321 936 380 989 ὲν
417 938 486 1006 τῇ
516 934 661 1006 χειρὶ
698 933 885 998 αὑτοῦ,
919 935 1001 987 ὅτι
1028 933 1129 986 οὐκ
1165 931 1319 995 εἰδὼς
1343 932 1578 998 ἐπάταξε
1610 934 1701 987 τὸν

108 1027 341 1097 πλησίον
373 1025 560 1090 αὐτοῦ,
595 1025 689 1079 καὶ
726 1027 785 1078 οὐ
811 1025 984 1096 μισῶν
1014 1023 1176 1076 αὐτὸν
1211 1022 1372 1087 αὐτὸς
1404 1023 1498 1076 ἀπ’
1522 1024 1696 1094 ἐχθὲς,

107 1117 206 1171 καὶ
232 1117 336 1187 τῆς
355 1117 564 1189 τρίτης.
597 1115 649 1170 6.
682 1116 792 1168 Καὶ
818 1115 1132 1185 κατοικήσει
1159 1115 1217 1166 ὲν
1243 1115 1309 1184 τῇ
1337 1113 1488 1166 πόλει
1517 1114 1699 1185 ἐκείνῃ

105 1207 216 1272 ἕως
252 1211 352 1279 στῇ
382 1208 524 1262 κατὰ
551 1207 838 1279 πρόσωπον
876 1207 975 1275 τῆς
1020 1204 1345 1274 συναγωγῆς
1379 1205 1458 1268 εἰς
1492 1205 1696 1275 κρίσιν,

103 1299 214 1362 ἓως
237 1297 486 1370 ἀποθάνῃ
513 1300 542 1352 ὁ
569 1299 745 1368 ἱερεὺς
777 1299 805 1351 ὁ
835 1297 1028 1368 μέγας,
1051 1297 1110 1361 ὃς
1138 1297 1288 1350 ἔσται
1321 1297 1379 1350 ὲν
1408 1297 1527 1360 ταῖς
1560 1296 1698 1366 ἡμέ-

107 1407 234 1462 ραις
272 1390 526 1454 ἐκείναις.
555 1391 688 1442 Τότε
712 1389 1028 1460 ἐπιστρέψει
1054 1391 1082 1442 ὁ
1114 1387 1400 1458 φονεύσας,
1434 1388 1528 1442 καὶ
1548 1388 1700 1442 ἐλεύ-

103 1498 260 1534 σεται
290 1483 372 1546 et;
395 1481 494 1553 τὴν
513 1482 667 1535 πόλιν
692 1481 878 1544 αὑτοῦ,
905 1481 996 1534 καὶ
1023 1477 1159 1552 πρὸς
1207 1480 1297 1534 τὸν
1326 1478 1472 1534 οῐκον
1503 1480 1692 1534 αὐτοῦ,

99 1578 200 1631 καὶ
225 1577 362 1649 πρὸς
396 1578 548 1632 πόλιν
572 1573 692 1632 ὅθεν
721 1577 922 1648 ἔφυγεν
951 1576 1180 1630 ἐκεῖθεν.

176 1752 330 1826 Vulg.
366 1755 420 1810 '5.
450 1753 704 1813 Nescius.
730 1753 786 1810 4.
822 1753 960 1809 Cum
1000 1753 1066 1808 ad
1108 1767 1273 1807 unam
1323 1752 1516 1806 harum
1552 1766 1684 1806 con-

96 1845 300 1916 fugerit
321 1846 650 1902 civitatum:
685 1846 850 1901 stabit
881 1853 1006 1900 ante
1047 1854 1261 1915 portam
1307 1842 1578 1906 civitatis,
1627 1851 1684 1898 et

95 1935 352 2008 loquetur
374 1939 679 1994 senioribus
712 1939 862 1995 urbis
895 1938 1042 1993 illius
1073 1952 1136 1992 ea
1175 1950 1298 2006 quae
1333 1950 1393 1991 se
1430 1949 1682 2005 compro-

93 2030 230 2084 bent
265 2029 606 2086 innocentem
658 2049 672 2085 :
722 2030 909 2100 sicque
967 2029 1267 2099 suscipient
1304 2042 1450 2092 eum,
1493 2035 1548 2081 et
1585 2025 1680 2080 da-

93 2121 236 2175 bunt
275 2121 324 2176 ei
369 2121 548 2177 locum
601 2121 670 2177 ad
717 2120 1094 2176 habitandum.
1148 2119 1202 2173 5.
1235 2117 1482 2188 Cumque
1536 2118 1679 2171 ultor

1439 313 1656 374 JOSUE
1692 315 1922 378 CAPUT
1963 312 2100 374 XXI.

1384 438 1638 499 CAPUT
1673 441 1797 500 XX
1840 439 2110 499 JOSUE.

1709 543 1784 595 0'.

3252 324 3390 378 1050

2661 535 3059 598 ΘΕΟΔΟΤΙΩΝ.

1802 751 1905 804 dex
1944 750 2265 820 sanguinem
2295 758 2415 821 post
2447 765 2571 805 eum
2599 767 2612 805 :
2642 760 2696 805 et
2726 765 2833 805 non
2863 751 3188 808 concludent
3216 747 3393 809 homi-

1802 841 1979 896 cidam
2035 843 2089 896 in
2143 857 2308 896 manu
2363 842 2506 911 ejus,
2558 841 2683 912 quia
2719 857 2827 896 non
2892 843 3070 899 sciens
3117 846 3389 914 percuSsit

1802 935 2109 1004 proximum
2137 949 2320 999 suum,
2350 943 2404 988 et
2449 948 2558 987 non
2606 933 2733 988 odio
2772 933 2978 988 habens
3015 949 3138 989 eum
3175 935 3290 1005 ipse
3315 934 3385 988 ab

1802 1023 1920 1076 heri
1971 1031 2025 1077 et
2071 1023 2488 1077 nudiustertius.
2522 1022 2574 1076 6.
2617 1021 2685 1094 Et
2745 1023 3013 1078 habitabit
3063 1025 3117 1078 in
3167 1025 3384 1080 civitate

1802 1114 1893 1168 illa
1928 1129 2100 1184 usque
2129 1114 2256 1167 dum
2291 1115 2499 1169 steterit
2536 1115 2603 1168 ad
2632 1113 2824 1169 faciem
2863 1130 3148 1186 synagogas
3187 1116 3253 1172 ad
3295 1117 3383 1187 jn-

1798 1205 2037 1273 dicium,
2092 1206 2266 1259 donec
2315 1206 2584 1259 moriatur
2631 1205 2887 1260 sacerdos
2948 1222 3177 1275 magnus
3208 1247 3223 1269 ,
3285 1209 3380 1277 qui

1796 1297 1900 1350 erit
1930 1297 1986 1350 in
2046 1297 2239 1352 diebus
2276 1297 2404 1352 illis.
2453 1296 2610 1353 Tunc
2662 1307 2963 1353 revertetur
2999 1299 3292 1366 homicida,
3326 1312 3382 1356 et

1795 1389 1973 1442 veniet
2020 1389 2072 1443 in
2119 1389 2393 1444 civitatem
2431 1405 2609 1456 suam,
2637 1399 2691 1446 et
2719 1391 2787 1445 ad
2831 1392 3052 1447 domum
3105 1408 3282 1458 suam,
3323 1403 3380 1448 et

1798 1480 1866 1536 ad
1900 1480 2089 1535 urbem
2120 1482 2261 1536 unde
2288 1480 2573 1552 eﬂ‘ugerat.

1787 1749 1928 1821 ejus,
1970 1765 2071 1807 nec
2121 1761 2246 1808 ante
2297 1751 2546 1816 biduum,
2577 1752 2905 1819 triduumve,
2949 1751 3067 1823 ejus
3112 1753 3372 1824 probatur

1787 1845 2067 1902 inimicus.
2107 1844 2162 1901 6.
2225 1845 2290 1900 Et
2345 1846 2613 1900 habitabit
2654 1847 2708 1900 in
2751 1845 2969 1900 civitate
3022 1845 3135 1910 illa,
3193 1847 3370 1901 donec

1785 1944 1889 1992 stet
1921 1945 2047 1992 ante
2086 1936 2355 2006 judicium
2403 1952 2626 1992 causam
2685 1935 2918 1992 reddens
2974 1935 3099 1990 l‘acti
3157 1937 3263 2002 sui,
3312 1948 3369 1991 et

1785 2029 2051 2083 moriatur
2095 2028 2351 2084 sacerdos
2383 2043 2634 2098 magnus,
2666 2027 2760 2097 qui
2810 2027 2974 2081 fuerit
3015 2027 3070 2081 in
3101 2025 3197 2086 illo
3223 2036 3363 2082 tem-

1784 2135 1914 2188 pore
1961 2137 1976 2174 :
2037 2129 2170 2172 tunc
2228 2126 2527 2172 revertetur
2585 2116 2876 2180 homicida,
2924 2125 2980 2169 et
3033 2116 3365 2188 ingredietur

94 2213 384 2282 sanguinis
427 2228 552 2269 eum
606 2213 771 2268 fuerit
830 2221 1170 2284 persecutus,
1206 2226 1315 2266 non
1355 2210 1570 2266 tradent
1619 2209 1673 2263 in
1779 2211 2056 2266 civitatem
2101 2219 2156 2263 et
2191 2208 2412 2264 domum
2438 2223 2594 2263 suam
2625 2208 2692 2262 dc
2725 2222 2831 2277 qua
2857 2206 3087 2277 fugerat.

92 2319 295 2376 manus
327 2306 446 2375 ejus
492 2324 505 2360 :
565 2306 696 2376 quia
747 2305 1005 2376 ignorans
1055 2303 1323 2375 percussit
1368 2301 1679 2372 proximum

1279 2456 1330 2510 8.
1356 2455 1536 2526 Πέραν
1551 2454 1645 2526 τοῦ
1674 2447 2260 2526 Ἰορᾷὁινουλὲῥωκξ-Βο-
2405 2446 2458 2504 8.

1211 2526 1326 2594 σόρ.
1337 2519 1498 2578 Ἀλλ.
1510 2565 1524 2587 ,
1541 2525 1713 2594 πέραν
1723 2519 1821 2594 τοῦ
1835 2521 2096 2594 Ἰορδᾲνου
2114 2519 2257 2594 Ἱερι-

1206 2590 1289 2667 χῶ
1301 2596 1406 2648 ἀπὸ
1421 2590 1692 2648 ἀνατολῶν
1708 2590 1916 2645 ἔδωκαν
1939 2590 2037 2660 τὴν
2060 2590 2250 2659 Βοσόρ,

1275 2685 1514 2739 Γαυλών.
1567 2685 1812 2749 Ἀλλος,
1844 2681 2050 2735 Γωλάν.

169 2769 207 2837 9
1269 2776 1323 2832 9.
1365 2774 1602 2827 Παίοντι.
1633 2774 1881 2836 Ἀλλος.
1919 2769 2242 2834 πατάξαντι.
2389 2770 2444 2827 9.

381 2869 829 2928 SYMMACHUS.

1381 2863 1524 2919 LXX
1563 2861 2066 2919 INTERPRETES.

2637 2861 3050 2919 THEODOTIO.

158 2987 200 3050 Β
1269 2980 1322 3034 8.
1355 2978 1532 3034 Trans
1561 2977 1848 3050 Jordanem
1885 2977 2246 3050 dedit_Bosor.
2393 2977 2446 3030 8.

1200 3051 1376 3116 Atius,
1457 3061 1607 3103 trans
1682 3047 1974 3103 Iordanem
2033 3047 2251 3104 Jericho

1201 3124 1272 3175 ab
1298 3118 1520 3174 Oriente
1550 3118 1815 3174 dederunt
1845 3118 2036 3173 Bosor.

1281 3210 1513 3266 Gaulon.
1555 3209 1727 3274 Alius,
1769 3208 1962 3264 Golan.

1281 3303 1334 3358 9.
1360 3301 1711 3356 Percutienti.
1747 3300 1925 3367 Alius,
1976 3301 2070 3372 qui
2123 3315 2248 3373 per-
2389 3301 2446 3358 9.

1210 3373 1493 3428 cussisset.

940 3471 1117 3532 Nolle
1146 3475 1208 3530 et
1238 3465 1429 3528 varius
1458 3463 1770 3527 lectiones
1811 3465 1888 3527 ad
1913 3481 2050 3543 cap.
2094 3466 2221 3526 XX
2267 3465 2488 3528 Iosue.

79 3584 151 3635 0'
171 3580 411 3636 editione
442 3577 651 3648 adjecta
682 3575 942 3648 luerant,_
966 3589 1068 3628 nec
1101 3567 1626 3648 obelis_,_asteriscis_
1648 3608 1666 3634 ,

91 3653 330 3721 aliisque
362 3638 566 3706 notatis
608 3647 864 3703 distincta
903 3638 1167 3708 inerant;
1201 3642 1294 3697 sed
1325 3641 1392 3696 iis
1416 3638 1668 3694 absoluta

92 3733 319 3845 "iiiis.
352 3790 596 3854 Ἄλλος,
633 3785 808 3855 πέραν
866 3783 962 3838 τοῦ
1002 3781 1267 3854 Ἰορδάνου
1301 3778 1511 3850 Ἰεριχὼ
1562 3786 1668 3834 etc.

88 3861 188 3917 Sic
213 3861 464 3931 quaedam
495 3857 852 3926 exemplaria.

411 4054 814 4113 ΣΥΜΜΑΧΟΣ.

1846 3567 1986 3623 Ibid.
2020 3570 2264 3634 Ἄλλος,
2303 3567 2513 3622 Γωλάν.
2548 3567 2717 3624 Basil.

1845 3637 1911 3693 ν.
1944 3638 1998 3693 9.
2035 3641 2281 3704 Ἀλλος,
2319 3638 2638 3704 πατάξαντι.
2684 3639 2872 3704 Basil.,
2906 3654 3091 3696 vocem
3123 3651 3247 3703 mn
3275 3642 3356 3698 sie

1777 3709 1941 3766 vertit
1967 3710 2184 3780 Aquila,
2219 3709 2357 3764 Gen.
2391 3725 2580 3776 xxxvi,
2614 3710 2704 3763 35.

1355 3940 1610 4006 CAPUT
1661 3935 1821 4001 XXI
1869 3927 2138 3993 JOSUE.

1689 4042 1769 4097 0'.

2635 4027 3034 4084 ΘΕΟΔΟΤΙΩΝ.

163 4202 220 4256 2.
1274 4187 1328 4240 2.
1366 4181 1706 4256 Περισπρρια
1753 4175 1953 4232 αὐτῶν.
2010 4171 2247 4238 Ἄλλος,
2389 4167 2444 4224 2.

1206 4251 1504 4330 προάστεια
1531 4251 1734 4306 αὐτῶν.

163 4361 219 4417 ιο
1273 4349 1326 4403 4.
1358 4342 1893 4419 Κληρωτί.”Αλλος,
1907 4334 1996 4390 διὰ
2022 4332 2247 4403 κλήρου.
2391 4331 2420 4383 4
2432 4371 2446 4385 .

1273 4402 1360 4495 16.
1392 4402 1665 4501 ΚαίἊσὰ,
1685 4435 1778 4488 καὶ
1803 4402 1870 4486 ea}
1896 4423 2251 4500 ἀφωρισμέναι
2391 4420 2481 4476 16.

1201 4515 1336 4546 ...η-ε.
1383 4510 1471 4546 ..ηδ
1499 4507 1641 4546 TN;
1674 4507 1898 4546 Ἀυορ
1919 4541 1933 4546 -
1989 4499 2081 4546 καὶ
2114 4493 2247 4546 ’Δῖν.

1200 4515 1362 4583 αὐτῇ,
1383 4510 1477 4564 καὶ
1499 4507 1898 4567 Τανύ.Ἀλλος
1919 4541 1934 4564 ,
1989 4507 2081 4552 καὶ
2119 4507 2247 4582 ξαν,

1203 4583 1298 4638 καὶ
1341 4580 1411 4636 τὰ
1442 4575 1811 4649 ἀφωρισμένα-
1840 4571 1975 4649 «pb;
1999 4567 2074 4649 τα
2089 4566 2249 4635 αυτῇ,

1205 4654 1297 4708 καὶ
1323 4652 1421 4723 τὴν
1460 4639 1646 4702 Ἰ’ἐττα.
1661 4639 1862 4706 ”Ἀλλ.,
1886 4639 1897 4643 ⁷
1918 4639 2135 4708 ’Δτγάν.
3109 4677 3142 4714 ί

160 4757 251 4811 Ἦ).
283 4753 471 4818 Πόλεις
504 4753 706 4826 κλήρου
741 4751 942 4806 αὐτῶν.

163 4848 257 4902 25.
1275 4835 1364 4888 25.
1407 4828 1671 4902 Ἐλκωθαί

1273 4742 1363 4797 20.
1411 4738 1475 4793 Ἡ
1497 4738 1650 4802 πόλις
1679 4735 1790 4789 τῶν
1827 4733 2019 4804 ἱερέων
2046 4728 2246 4784 αὐτῶν.

1678 4845 1752 4950 Ei

1207 4905 1342 4975 κάμ.
1378 4904 1621 4966 Ἄλλος,
1663 4901 1676 4920 ’

2392 4745 2484 4800 20.
2525 4744 2589 4800 'H
2611 4745 2766 4810 πόλις
2791 4746 2896 4799 τῶν
2921 4727 3118 4819 ίερέωνί
3149 4749 3341 4808 αὐτῶν.

1772 4827 2018 4892 Ἀλλος,
2067 4827 2242 4881 Ἐλθο-
2392 4836 2483 4891 25,

1755 4897 1960 4951 θεκωθέ
1967 4917 2025 4970 μ.

2603 4993 3019 5052 THEODOTIO.

375 5002 823 5062 SYMMACHUS.
1391 4993 1533 5049 LXX
1571 4990 2074 5050 INTERPRETES.

162 5105 218 5159 2.
1058 5119 1062 5124 η
1263 5092 1316 5144 2.
1377 5086 1718 5159 Circumsitte
1792 5087 1958 5143 urbes
2025 5103 2234 5144 earum.
2385 5092 2442 5146 2.

1201 5162 1375 5223 Alius,
1429 5158 1749 5214 suburbana
1781 5171 1995 5212 earum.

164 5265 220 5318 4.
1270 5253 1324 5305 4.
1361 5248 1586 5304 Sortito.
1617 5247 1726 5302 Alit

1820 5262 1918 5318 per
1945 5258 2168 5305 sortem.
2386 5253 2442 5308 4.

167 5357 256 5412 16.
1276 5342 1364 5396 16.
1396 5339 1478 5412 Et
1492 5339 1630 5412 gAsa,
1675 5347 1726 5393 et

1798 5347 2035 5409 agregata
2087 5341 2158 5406 ei,
2191 5350 2246 5394 et
2387 5343 2475 5397 l6.

1205 5410 1600 5482 Tany._Alius,r
1625 5418 1688 5482 et
1717 5411 1820 5482 Ain
1867 5418 1921 5463 et
1964 5421 2242 5482 segregata

1199 5485 1273 5550 ei,
1297 5479 1351 5538 et
1375 5480 1538 5537 Jetta.
1573 5479 1740 5533 Alius.
1773 5481 1972 5549 Atgan.

159 5585 252 5639 20.
285 5583 546 5640 Civitates
571 5582 735 5640 sortis
762 5596 972 5637 eorum.

162 5673 258 5729 25.

1204 5735 1591 5791 Elthecnthcm.

1272 5573 1360 5628 20.
1398 5572 1606 5628 Civitas
1652 5571 1998 5629 sacerdotum
2028 5585 2236 5627 eorum.

1270 5661 1701 5726 ‘25.?Elcothaim.
1721 5663 1808 5720 Al.
1829 5661 2129 5719 Elthocam.
2149 5664 2235 5718 AI.

2377 5577 2467 5634 20.
2500 5577 2706 5637 Civitas
2729 5579 3070 5636 sacerdotum
3099 5595 3310 5639 eorum.

2383 5668 2475 5725 Ξῖ).
