3846 6222
216 301 359 360 1120

521 421 920 476 ΣΥΜΜΑΧΟΣ.

280 582 336 642 Ἴ.

295 831 385 888 Ἐν
409 834 522 897 τοῖς
548 830 836 904 τριϐόλοις.

287 993 342 1053 8.

281 1156 334 1215 0.

281 1474 372 1534 10.

291 1871 378 1930 11.

293 2195 376 2249 13.

298 2355 640 2421 Ἀναϐάσεως
667 2355 809 2428 ὀρῶν

290 2516 379 2573 14.

291 2767 380 2822 15.

295 2929 382 2983 16.

506 3265 947 3326 εῐΜΜΑοΗυε.

301 3402 352 3458 7.

297 3654 356 3710 ln
385 3655 620 3714 tribulis.

301 3980 358 4036 9.

305 4228 393 4286 10.

305 4616 390 4678 11.

307 4943 583 5096 accusas
612 5040 896 5100 montium.

313 5197 404 5256 14.

315 5450 408 5513 15.

313 5613 404 5674 10.

557 5802 827 5863 Ριτιιοι..
891 5801 1012 5864 (ὴ.
1049 5801 1192 5865 XV.

1416 293 1718 352 JUDICUM
1758 289 1991 348 CAPUT
2029 288 2164 345 VIII.

1807 411 1884 464 0'.

1387 575 1442 630 7.
1470 571 1695 636 Γεδεὼν,
1744 572 1831 625 διὰ
1879 571 2055 625 τοῦτο.
2109 567 2355 632 Ἄλλος,

1319 643 1546 710 Γεδεὼν,
1573 643 1671 712 οὐχ
1701 641 1893 704 οὕτως,
1924 640 2014 694 διὰ
2050 638 2224 691 τοῦτο.

1390 734 1712 798 Καταξανῶ.
1747 735 2000 798 Ἀλλως,
2027 730 2262 800 ἀλοήσω.

1402 829 1490 881 Ἐν
1513 829 1632 892 ταῖς
1666 825 1958 898 βαρκηνίμ.
2011 824 2210 885 Ἀ’λλη
2233 821 2360 890 βαρ-

1318 897 1556 968 κοννείμ.

1389 988 1442 1041 8.
1523 985 1815 1048 Ὡσαύτως.
1873 984 2096 1046 ’Δλλος
2125 1021 2140 1048 ,
2219 979 2360 1033 κατὰ

1322 1058 1519 1112 πάντα.

1389 1149 1442 1218 9.
1481 1147 1624 1218 Πρὸς
1670 1145 1888 1214 ἄνδρας.
1916 1145 2150 1206 Ἀλλως
2178 1181 2193 1206 ,
2249 1137 2361 1201 τοῖς

1318 1217 1564 1282 ἀνδράσι.

1405 1306 1492 1357 Ἐν
1521 1304 1826 1373 ἐπιστροφῇ
1865 1316 1986 1370 μου.
2022 1299 2268 1362 Ἀλλος,
2303 1297 2362 1350 ιν

1226 1443 1233 1451 _
1319 1375 1398 1446 τῷ
1432 1374 1776 1445 ἐπιστρέφειν
1816 1389 1904 1442 με.

1393 1467 1478 1521 10.
1512 1462 2014 1532 Καταλελειμμένοι
2047 1459 2156 1532 ἀπο
2183 1459 2362 1532 πάσης

1323 1528 1942 1607 παρεμϐολῆςξᾼλλος,
1976 1528 2280 1599 λειφθέντες
2305 1530 2362 1579 ὲν

1325 1603 1482 1678 πάσῃ
1504 1621 1577 1658 πα
1585 1603 1640 1676 ρε
1649 1603 1840 1674 μϐολῇ.

1403 1694 1759 1765 Ἀλλοφύλων.
1806 1694 2044 1756 Ἄλλος,
2078 1689 2208 1742 υἱῶν
2230 1689 2364 1742 ἀνα-

1319 1765 1508 1819 τολῶν.

1393 1857 1481 1940 11.
1518 1853 1887 1927 Σκηνούντων.
1918 1854 2163 1916 Ἄλλος,
2183 1866 2363 1902 κατοι-

1320 1944 1558 1981 κουντων
1567 1966 1578 1978 .

1393 2018 1503 2088 Τῆς
1530 2016 1722 2088 ίΝαϐαὶ
1752 2015 1845 2088 καὶ
1869 2011 2164 2088 Δἐξεχεϐιᾶιλ.
2220 2013 2363 2066 Ἀλ-

1320 2083 1470 2154 λος,’
1493 2087 1551 2154 ἐξ
1589 2085 1834 2148 ἐναντίας
1867 2083 2077 2137 Ἦλϐεέ.

1392 2186 1479 2240 15.
1539 2185 1633 2236 Ἐκ
1664 2182 1756 2237 τοῦ
1796 2181 2054 2253 πολέμου.
2105 2180 2360 2244 Ἄλλως,

1321 2256 1429 2310 ἀπὸ
1461 2255 1560 2326 τῆς
1592 2252 1962 2326 παρατάξεως.

1407 2347 1747 2410 Ἀναϐάσεως
1776 2346 1957 2418 Ἀρές.
1973 2347 2233 2418 ξἈλλως,
2257 2342 2364 2418 ἀπὸ

1324 2418 1600 2472 ὲπάνωθεν
1622 2418 1722 2487 τῆς
1747 2412 2104 2487 παρατάξεως
2145 2412 2326 2483 Ἀρές.

1396 2510 1482 2562 11.
1513 2508 1620 2561 Καὶ
1650 2506 1852 2578 ἔγραψε
1879 2505 2017 2576 πρὸς
2047 2503 2227 2557 αὐτόν.

1395 2601 1514 2654 Τῶν
1546 2599 1820 2670 ἀρχόντων
1866 2595 2083 2668 Σοιιχὼθ
2125 2595 2218 2648 καὶ
2254 2591 2363 2644 τῶν

1325 2671 1729 2743 πρεσϐυτέρων.

1396 2766 1485 2820 15.
1531 2765 1923 2818 Ἑκλείπουσιν.
1979 2763 2235 2821 Ἀλλως,
2280 2756 2368 2810 λε-

1325 2835 1388 2889 λυ
1396 2837 1594 2907 μένοις.

1397 2928 1486 2982 16.
1518 2928 1627 2981 Καὶ
1647 2926 1744 2990 τὰς
1787 2924 2048 2986 ἀκάνθας.
2107 2923 2364 2985 Ἄλλως,

1327 2998 1384 3052 ὲν
1405 3000 1522 3060 ταῖς
1551 2996 1835 3058 ἀκάνθαις.

1411 3089 1686 3162 Ἦλόησεν.
1725 3090 1950 3153 Ἀλλος
1968 3121 1998 3152 ,ο
2019 3081 2331 3147 κατέξανεν.

1406 3403 1456 3456 7.
1511 3403 1754 3462 Gedeon,
1815 3410 2120 3473 propterea.
2178 3397 2328 3452 Alius
2355 3434 2372 3460 ,

1501 3268 1645 3324 LXX
1684 3263 2183 3322 INTERPRETES.

1332 3472 1573 3536 Gedeon,
1607 3489 1714 3528 non
1745 3475 1845 3535 sic,
1875 3472 2017 3526 ideo.

1402 3563 1706 3618 Dilaniabo.
1743 3562 1933 3626 Aliter,
1978 3559 2265 3615 triturabo.

1404 3658 1462 3713 ln
1506 3660 1640 3730 ipsis
1677 3659 1974 3714 barcenim.
2021 3658 2106 3710 Al.
2150 3657 2378 3712 barcon-

1407 3821 1463 3875 8.
1521 3819 1797 3876 Similiter.
1846 3819 2020 3885 Alius,
2075 3817 2376 3874 secundum

1336 3891 1541 3945 omnia.

1407 3980 1460 4033 9.
1503 3979 1582 4033 Ad
1617 3979 1783 4034 viros.
1820 3979 2005 4044 Aliter,
2040 3979 2192 4035 viris.

1409 4070 1465 4123 ln
1505 4070 1678 4125 reditu
1720 4085 1861 4125 meo.
1893 4070 2064 4133 Alius,
2111 4069 2164 4122 in
2199 4082 2380 4122 rever-

1337 4143 1498 4194 tendo
1529 4154 1635 4194 me.

1413 4231 1497 4284 10.
1536 4230 1638 4297 Qui
1670 4232 1871 4287 residui
1901 4232 2114 4288 fuerant
2151 4233 2219 4287 de
2257 4233 2382 4286 uni-

1335 4302 1510 4358 versis
1534 4304 1749 4358 castris.
1774 4303 1949 4367 Alius,
1974 4304 2148 4358 relicti
2173 4303 2227 4357 in
2256 4303 2382 4357 totis

1337 4373 1555 4427 castris.

1408 4460 1870 4530 Alienigenarum.
1913 4459 2089 4526 Alius,
2143 4460 2381 4514 ﬁliorum

1338 4530 1594 4585 Orientis.

1411 4621 1497 4675 11.
1527 4620 1896 4675 Tabernacula
1930 4620 2265 4676 habentium.
2307 4623 2382 4674 Α-

1340 4691 1464 4757 lius,

1411 4783 1586 4853 Ipsius
1621 4782 1804 4849 Nabae,
1843 4794 1898 4838 et
1925 4782 2163 4854 Jegebal.
2204 4782 2383 4848 Alius,

1510 4692 1893 4746 habitantium.

1340 4869 1404 4907 ex
1429 4854 1659 4909 adverso
1696 4855 1875 4908 Elbee.

1414 4947 1500 5000 15.
1539 4946 1612 5000 De
1648 4946 1806 5000 bello.
1849 4945 2037 5008 Aliter,
2070 4961 2100 5000 a
2128 4947 2333 5016 prazlio.

1415 5039 1690 5124 Ascensus
1718 5037 1873 5092 Ares.
1917 5037 2106 5102 Aliter,
2153 5038 2384 5108 desuper

1345 5110 1460 5164 acie
1489 5108 1648 5162 Ares.

1418 5202 1504 5255 M.

1415 5293 1727 5363 Principum
1795 5292 2026 5348 Soccotli
2091 5303 2146 5348 et
2200 5294 2388 5352 senio-

1343 5381 1486 5420 rum.

1370 5528 1381 5538 θ
1417 5457 1504 5513 15.
1551 5455 1954 5512 Deﬁcientibus.
1997 5455 2197 5523 Aliter,
2239 5456 2389 5512 solu"

1347 5536 1434 5582 tis.

1418 5617 1507 5674 16.
1546 5617 1614 5672 Et
1651 5633 1856 5688 spinas.
1883 5618 2072 5682 Aliter,
2108 5619 2162 5673 in
2194 5621 2387 5690 spinis.

1539 5200 1606 5254 Et
1637 5201 1854 5271 scripsit
1886 5202 2028 5269 apud
2068 5217 2146 5256 se.

1417 5710 1736 5768 Trituravit.
1769 5711 1943 5777 Alius,
1985 5711 2260 5771 laceravit.

3320 280 3466 344 12ζο

2737 377 3138 459 ὸΕοΔοτιαΝ.

2503 568 2554 621 7.

2497 723 2824 791 Καταξανῶ.

2511 815 2600 873 Ἐν
2625 819 2744 881 ταῖς
2777 814 3076 889 βαρκηνιμ.

2500 977 2554 1034 8.

2499 1135 2554 1194 9.

2504 1460 2598 1518 10.

2505 1855 2601 1911 »11.

2507 2184 2591 2237 15.
2631 2182 2723 2234 Ἐκ
2756 2176 2847 2232 τοῦ
2876 2175 3135 2247 πολέμου.

2518 2341 2854 2402 Ἀναϐάσεως
2902 2336 3077 2409 ’Δρές.

2507 2504 2594 2558 14.
2610 2503 2722 2557 Καὶ
2731 2497 3108 2570 ἀντεγράψατο
3128 2495 3196 2549 τὰ
3208 2492 3470 2566 ὀνόματα.

2504 2596 2642 2657 Τοὺς
2670 2594 2934 2664 ἄρχοντας
2972 2587 3190 2660 Σοκχὼθ
3221 2587 3315 2643 καὶ
3347 2585 3476 2648 τοὺς

2439 2665 2864 2736 πρεσϐυτέρους.

2511 2754 2600 2809 15.
2641 2749 2779 2806 Λελυ
2787 2751 2987 2821 μένοις.

2499 2915 2595 2994 ’16.
2627 2913 2738 2968 Καὶ
2760 2912 2859 2977 τὰς
2882 2909 3148 2973 ἀκάνθας.

2756 3251 3177 3310 THEODOTIO.

2517 3390 2574 3444 7.

2519 3549 2819 3606 Dilaniabo.

2518 3643 2579 3700 In
2609 3645 2739 3716 ipsis
2769 3643 3068 3700 barcenim.

2524 3808 2580 3865 8.

2521 3969 2577 4026 9.

2531 4218 2620 4278 10.

2527 4607 2612 4663 11.

2530 4955 2616 5012 15.
2651 4955 2728 5012 De
2763 4955 2921 5013 bello.

2528 5046 2806 5103 Ascensus
2831 5048 2988 5104 Ares.

2532 5207 2621 5262 11.
2653 5206 2718 5262 Ει
2743 5206 3031 5278 descripsit
3052 5207 3292 5263 nomina.

2531 5297 2812 5370 Principes
2842 5298 3076 5355 Soccoth
3102 5307 3157 5354 et
3187 5299 3454 5356 seniores.

2533 5463 2622 5520 15.
2647 5463 2868 5518 Solutis.

2534 5629 2620 5686 16.
2657 5627 2724 5684 Et
2747 5629 2969 5700 spinas.
