3836 6220
212 325 342 380 1597
1331 329 1461 386 LIB.
1500 329 1522 383 I
1556 328 1800 386 REGUM
1838 328 2068 385 CAPUT
2108 329 2297 385 XXIII.

1236 445 1490 508 CAPUT
1549 447 1765 508 XXIII
1829 446 1978 506 LIB.
2037 446 2062 505 Ι
2114 444 2420 507 REGUM.

521 546 905 636 XI'MMAXOX
1808 547 1862 596 θ’
1870 585 1886 600 .

277 687 330 743 1.
1383 683 1434 738 1.
1471 685 1578 736 Καὶ
1598 681 2158 754 αὐτοὶίδιαρπάζουσι,
2191 697 2357 754 πατα-

1313 754 1540 808 πατοῦσι
1576 755 1702 817 τοὺς
1724 751 1883 807 am;
1911 755 2160 817 Ἀλλος,
2203 751 2355 823 διαρ-

1313 824 1544 904 πάηξουσι
1567 823 1667 887 τὰς
1699 823 1933 887 ἅλωνας,
1965 824 2059 876 καὶ
2102 837 2354 876 καταπα-

1313 911 1484 948 τουσι.

1385 989 1442 1043 5.
1474 987 1570 1050 El;
1593 986 1663 1040 τὰ
1693 986 1882 1040 σκῦλα.
1910 987 2145 1051 Ἄλλος,
2163 986 2243 1046 είς
2261 982 2358 1046 τὰς

281 994 336 1050 5.
372 993 466 1056 Είς
486 991 553 1045 τὰ
586 988 937 1060 στρατόπεδα.

1318 1057 1589 1120 κοιλάδας.
1623 1059 1849 1122 Ἀλλος
1867 1098 1881 1124 ,
1909 1058 1989 1119 είς
2007 1055 2105 1118 τὰς
2130 1054 2355 1117 κοιλίας.

283 1159 336 1215 5.
1388 1151 1443 1210 5.
1468 1152 1588 1206 Kal.
1633 1152 1906 1222 ἀπήγαγε.
1962 1150 2218 1216 Ἄλλος,
2267 1148 2362 1202 καὶ

1320 1223 1587 1294 ἀπήλασε.

284 1316 338 1372 7.
381 1313 690 1382 Ἐξίδωκεν.
1389 1314 1444 1368 7.
1475 1311 1786 1384 Πέπρακεν.

281 1407 334 1462 8.
1475 1400 1744 1471 Συνέχειν.
1781 1401 1849 1453 Ol
1878 1398 2098 1466 λοιποὶ,
2145 1397 2362 1469 πολιορ-

1321 1489 1356 1526 at
1443 1511 1458 1526 .

287 1574 343 1628 9.
1387 1565 1442 1620 9.
1477 1564 1802 1636 Προσάγαγε
1833 1563 1896 1618 τὸ
1928 1561 2113 1634 ὲφούδ.

288 1664 375 1718 II.
1393 1655 1481 1710 II.
1511 1652 1696 1708 Vacat.

1409 1818 1939 1890 Ἀποκλεισθήσεται.
2010 1818 2074 1870 Ol
2124 1813 2359 1878 λοιποὶ,

1325 1888 1708 1961 καταϐήσεται.

293 1994 378 2049 15.
414 1993 523 2046 Καὶ
554 1991 842 2064 ὲρεμέοντο
885 1989 1002 2063 (sic)
1034 1989 1258 2062 ὁπουδή-
1397 1981 1483 2068 15.
1509 1981 1620 2036 Καὶ
1651 1979 1970 2052 ἐπορεύοντο
1998 1971 2058 2033 οὗ
2101 1976 2194 2033 ἐὰν
2244 1979 2372 2031 ἑπο-

222 2081 370 2120 τεοτε.
1329 2069 1564 2124 ρευοντο.

1411 2142 1630 2212 ’Δνῆκεη

293 2252 378 2310 14.
416 2251 506 2306 Ἐν
531 2250 889 2319 καταφυγατς.
947 2335 963 2346 ι.
1331 2232 1496 2375 σαᾎό
1531 2231 1618 2285 Ἑν
1647 2232 1799 2286 Μασε

860 2265 889 2311 ῖ.
1531 2231 1618 2285 Ἑν
1647 2229 1921 2302 Μασερέθ.
1951 2232 2206 2296 Ἀλλως,
2227 2229 2375 2282 Μασ-

947 2335 963 2346 ·-
1331 2319 1402 2358 σα
1504 2345 1518 2358 .

295 2419 379 2473 15.
407 2415 624 2490 Δρυμῷ.
1661 2397 1728 2465 τῇ
1762 2396 1942 2490 “fu-VII:

293 2511 378 2566 16,
449 2480 460 2490 ’
521 2480 534 2488 ’
577 2480 588 2486 ’
1337 2556 1361 2566 ᾗ
1405 2485 1626 2566 16.,Τὴν
1661 2485 1872 2554 καινήν.
1907 2487 1971 2537 Gl
2018 2481 2240 2550 λοιποὶ,
2283 2480 2378 2534 τὸν

1333 2556 1428 2629 δρυ
1436 2555 1558 2627 μόν.

308 2670 597 2745 Ἐθράσυνε
1418 2649 1810 2720 Ἐκραταίωσε.

305 2737 412 2817 18..
1361 2739 1492 2885 ἡ18.
1531 2738 1619 2790 Ἐν
1643 2740 1826 2809 καινῇ.
1861 2739 2106 2803 Ἄλλος,
2139 2737 2219 2799 είς
2257 2752 2380 2788 και-

1328 2833 1358 2870 ν
1397 2830 1446 2867 ν.

1328 2830 1446 2870 νην.

1409 2906 1492 2962 I9.
1527 2905 1616 2959 Ἐν
1637 2899 1905 2974 Μεσσαρὰ
1934 2901 1989 2952 ὲν
2013 2900 2128 2975 τοῖς
2156 2901 2380 2964 στενοῖς.

1418 2995 1507 3049 Ἑν
1533 2999 1600 3068 τῇ
1622 2996 1803 3064 καινῇ.
1825 2994 1891 3044 Ol
1913 2989 2134 3057 λοιποὶ,
2168 2989 2359 3061 δρυμῷ

1421 3089 1508 3140 Ἑν
1539 3086 1613 3157 τῷ
1647 3085 1838 3156 βουνῷ.

1423 3181 1739 3252 Ίεσσῑμοῦν.

1412 3277 1503 3330 9.0.
1544 3275 1659 3327 Πᾶν
1685 3272 1744 3324 τὸ
1777 3271 1914 3340 πρὸς
1941 3270 2119 3340 ψυχὴν
2153 3269 2254 3340 ,τοῦ
2291 3270 2384 3340 βα..

303 3321 385 3342 ευ.
423 3321 768 3339 “meum--.
817 3321 974 3334 -.ην-
1027 3321 1104 3332 ....
1150 3321 1240 3330 π-
1417 3321 1503 3330 ..η
1546 3321 1651 3327 ,ηρ
1697 3321 1736 3324 --
1994 3321 2005 3323 -
2061 3321 2086 3332 ,.
2303 3321 2355 3327 κ-

232 3355 474 3430 βασιλεῦ,
514 3353 816 3425 καταϐῆναι
841 3321 1129 3421 κατάξηθι.
1249 3321 1266 3343 ⁷
1348 3346 1537 3408 σιλέως
1560 3345 1640 3406 είς
1663 3321 1966 3395 κατάόασιν
1992 3321 2382 3394 κῖταϐαινέῖτω.

517 3438 962 3502 SYIIIMACIIUS.
1518 3435 1658 3490 LXX
1701 3431 2198 3489 INTERPRETES.

307 3543 358 3595 I.
1417 3532 1469 3586 I.
1511 3529 1578 3584 Et
1607 3529 1711 3598 ipsi
1751 3527 1822 3582 dii

1417 3532 1469 3586 I.
1511 3529 1578 3584 Et
1607 3529 1711 3598 ipsi
1751 3527 2036 3598 diripiunt,
2064 3526 2385 3579 conrulcant

1343 3617 1520 3655 areas.
1571 3597 1746 3664 Alius,
1788 3597 2052 3666 diripiunt
2107 3610 2281 3659 areas,
2335 3606 2388 3650 et

1344 3671 1685 3726 conculcant.

1414 3763 1466 3815 5.
1521 3760 1578 3814 In
1624 3761 1813 3828 spolia.
1873 3757 2044 3821 Alius,
2089 3757 2140 3808 in
2199 3755 2386 3810 valles.

1344 3831 1497 3884 Alius
1525 3871 1537 3894 ,
1583 3831 1638 3883 in
1668 3836 1904 3882 ventres.

298 2922 383 2976 I9.
433 2922 519 2974 Ἐν
539 2922 648 2982 τοῖς
678 2920 908 2989 ὀχυροῖς.

310 3195 365 3247 Ἐ
374 3195 437 3266 ρή
445 3210 569 3263 μου.

297 3289 385 3342 20.
422 3285 576 3339 Κατὰ
593 3285 771 3337 πᾶσαν
817 3279 1108 3349 ἐπιθυμίαν
1150 3295 1266 3343 σου,

300 3775 353 3830 3.
381 3771 440 3827 In
469 3770 762 3828 exercitus.

307 3934 362 3988 5.
1414 3923 1467 3977 5.
1505 3920 1570 3974 Ει
1606 3919 1854 3974 abduxit.
1886 3917 2038 3971 Alius
2065 3957 2080 3981 ,
2111 3924 2164 3971 et
2190 3915 2389 3985 abegit,

304 4023 354 4078 7.
396 4021 661 4078 Tradidit.
1416 4012 1466 4067 7.
1507 4009 1776 4066 Vendidit.

302 4109 356 4165 8.
1415 4105 1468 4157 8.
1512 4098 2114 4170 Comprehendendum.
2164 4096 2391 4167 Reliqui,

1345 4173 1721 4230 obsidendum.

306 4274 360 4328 9.
1417 4263 1472 4317 9.
1503 4259 1728 4331 Applica
1761 4258 1962 4331 ephud.

309 4362 398 4416 II.
1419 4353 1505 4407 II.
1539 4351 1718 4406 Vacat.

1417 4513 1806 4570 Concludetur.
1829 4511 2057 4582 Reliqui,
2077 4508 2390 4564 descendet.

273 4698 281 4706 Ι
310 4614 395 4670 I5.
433 4610 500 4667 Et
531 4610 884 4683 quiescebant
925 4608 1272 4677 ubicumque.
1424 4606 1509 4660 I3.
1543 4605 1609 4660 Et
1634 4604 1787 4659 ibant
1816 4617 1926 4672 quo
1965 4602 2134 4656 ibant.

1423 4765 1638 4821 Omisit.

1412 4859 1511 4985 tIll.
1547 4856 1604 4912 In
1635 4854 1924 4910 Masereth.
1962 4852 2152 4915 Aliter,
2194 4849 2394 4905 Massa-

1350 4945 1408 4984 re
1451 4945 1488 4985 ι.

1423 5020 1513 5076 15.
1553 5020 1614 5075 In
1647 5035 1809 5075 nova.

311 4863 394 4918 14.
431 4862 490 4917 In
522 4860 802 4933 perfugiis.

310 5025 395 5081 I5.
434 5027 496 5079 In
523 5023 692 5095 sylva.

307 5113 397 5171 I6.
1421 5111 1509 5166 16.
1541 5109 1772 5166 Novam.
1803 5109 1822 5162 I

1421 5111 1509 5166 I6.
1541 5109 1772 5166 Novam.
1803 5108 2028 5178 Reliqui,
2061 5106 2286 5176 sylvam.

310 5211 558 5278 Audaces
586 5207 731 5266 fecit.
1422 5202 1794 5259 Conﬁrmavit.

313 5303 403 5360 I8.
1423 5297 1511 5353 I8.
1538 5295 1594 5350 In
1636 5309 1797 5348 nova.

1423 5297 1511 5353 I8.
1538 5295 1594 5350 In
1636 5309 1797 5348 nova.
1833 5293 2006 5356 Alius,
2032 5291 2086 5345 in
2120 5304 2340 5344 novam.

1426 5389 1511 5445 I9.
1544 5387 1602 5443 In
1640 5386 1880 5441 Messara
1909 5385 1963 5439 in
1997 5381 2268 5454 angustis.

1427 5483 1484 5536 In
1509 5495 1670 5536 nova.
1705 5477 1935 5548 Reliqui,
1964 5475 2134 5547 sylva.

1426 5572 1484 5627 In
1515 5571 1672 5628 colle.

313 5667 612 5725 Desertam.
1425 5660 1720 5720 Jessimun.

313 5759 405 5816 2t).
432 5759 739 5816 Secundum
765 5770 926 5812 omne
954 5756 1282 5812 desiderium
1427 5754 1520 5810 20.
1552 5752 1726 5808 Omne
1756 5749 1905 5822 quod
1937 5754 2023 5822 est
2056 5744 2121 5799 ad
2158 5741 2400 5822 animum

247 5814 426 5903 tuum,
451 5814 576 5900 rex,
613 5827 976 5889 descendendi
994 5826 1280 5887 descende.
1357 5825 1521 5896 regis,
1551 5824 1608 5882 in
1638 5814 1960 5880 descensum
1992 5814 2303 5875 descendat.

313 5399 396 5454 I9.
438 5397 497 5454 In
529 5397 774 5454 munitis.

3311 325 3450 381 I398

2745 540 3145 597 ΘΕΟΔΟΤῙΩΝ.

2501 683 2550 735 1.

2503 987 2555 1038 5.

2500 1146 2533 1200 5

2504 1306 2550 1362 7.

2502 1397 2535 1451 8

2499 1559 2555 1615 9.

2509 1653 2597 1725 11.
2635 1651 2726 1724 Μὴ
2747 1649 3157 1725 παραδώσουσιν
3185 1650 3234 1706 οί
3263 1651 3477 1722 ἔχοντες

2435 1723 2632 1790 Κειλά;

2513 1978 2600 2032 15.

2479 2237 2603 2361 “III.
2653 2237 2741 2290 Ἐν
2763 2237 2874 2300 τοῖς
2905 2232 3184 2306 σπηλαίοις
3214 2234 3323 2296 τοῖς
3351 2230 3480 2304 ὀχυ-

2479 2327 2506 2361 ο
2529 2326 2577 2361 ε.

2447 2326 2577 2378 ροις.

2516 2398 2604 2453 15.

2518 2491 2604 2547 16.

2525 2744 2614 2800 18.

2524 2906 2608 2962 19.
2651 2905 2738 2959 Ἑν
2763 2905 2876 2968 τοῖς
2906 2900 3205 2976 σπηλαίοις.

2527 3269 2616 3322 ΞΟ.

2765 3423 3177 3498 THEODOTIO.

2539 3523 2594 3584 ι.

2536 3755 2587 3808 5.

2540 4003 2588 4054 7.

2535 4094 2588 4145 8.

2533 4254 2588 4308 9.

2540 4348 2624 4401 II.
2646 4343 2785 4399 Num
2819 4341 3029 4398 tradent
3051 4339 3308 4397 habentes
3321 4333 3505 4393 Ceila?

2548 4509 2634 4564 I3.

2543 4849 2629 4904 II.
2658 4846 2719 4902 In
2758 4841 3032 4917 speluncis
3057 4837 3304 4895 munitis.

2543 5008 2623 5065 I5.

2541 5099 2623 5156 16.

2664 5368 2721 5426 In
2747 5363 3044 5442 speluncis.

2548 5731 2639 5788 20.
