4124 6346
516 634 639 718 ΙΝ
715 632 1142 718 PSALMI
1219 633 1610 719 CXVIII
1684 633 2582 721 EXPOSITIONEM
2657 623 3368 722 ADMONITIO.

375 969 564 1042 Aperte
587 984 653 1025 ex
671 975 778 1023 tota
796 968 931 1025 serie
958 969 1116 1042 hujus
1136 971 1310 1043 operis
1330 970 1670 1043 intelligimus
1693 971 1894 1026 beatum
1921 971 2271 1038 Ambrosium,
2302 988 2420 1027 cum
2449 971 2774 1028 Christianos
2813 989 2923 1029 suae
2971 990 3108 1028 cura:
3137 975 3439 1030 commissos
3465 986 3596 1047 prat‘

297 1061 462 1130 captis
484 1062 552 1114 ad
573 1061 936 1133 perfectionem
963 1063 1279 1118 conditionis
1317 1080 1426 1120 suae
1467 1063 1730 1119 cumulate
1767 1065 2169 1138 comparandam
2214 1066 2516 1120 necessariis
2563 1068 2766 1121 munire
2811 1066 3134 1131 decrevisset,
3173 1067 3305 1122 niltil
3344 1066 3414 1120 ad
3462 1066 3599 1120 illud

295 1153 618 1208 existimasse
643 1153 1041 1220 conducibilius,
1069 1172 1224 1225 quam
1260 1157 1306 1211 si
1334 1157 1652 1227 psalmorum
1696 1161 1926 1212 omnium
1981 1158 2423 1230 pulcherrimum,
2479 1176 2540 1214 ac
2581 1159 2866 1214 moralibus
2905 1161 3158 1232 dogmatis
3208 1161 3605 1231 refertissimum

298 1245 596 1317 (Prw/al.).
617 1247 744 1314 ipsis
763 1259 1056 1318 exponeret.
1085 1249 1256 1315 Quam
1287 1250 1349 1304 ob
1376 1268 1483 1305 rem
1511 1267 1627 1306 cum
1663 1261 1767 1305 tam
1789 1252 1958 1306 nobile
1977 1262 2335 1324 argumentum
2362 1255 2680 1324 prapositum
2723 1253 2930 1309 haberet
2973 1265 3182 1308 sanctus
3228 1252 3447 1319 Doctor,
3497 1269 3607 1308 om-

298 1358 417 1396 nem
446 1341 637 1413 ingenii
663 1343 785 1407 vim,
811 1359 1014 1397 omnem
1027 1343 1124 1398 sibi
1151 1344 1399 1398 diuinitus
1429 1360 1722 1399 concessam
1750 1344 2053 1414 facultatem
2084 1347 2250 1400 eidem
2277 1346 2592 1401 illustrando
2615 1346 2873 1401 adhibuit.
2908 1345 3171 1415 Quidquid
3193 1346 3246 1398 in
3275 1362 3332 1399 eo
3363 1347 3462 1414 fuit
3491 1345 3600 1400 elo-

295 1439 541 1508 quentia’,
566 1439 815 1512 quidquid
839 1440 1066 1503 ardoris,
1093 1440 1382 1508 modestiae,
1413 1440 1742 1505 humilitatis,
1765 1439 2014 1508 scientiis,
2043 1440 2098 1493 id
2127 1457 2278 1496 omne
2306 1449 2449 1495 tanto
2481 1458 2596 1495 cum
2639 1440 2916 1510 splendore
2947 1441 3002 1494 in
3041 1439 3139 1492 hac
3181 1439 3613 1494 commentatione

299 1531 462 1586 elucet
489 1541 581 1597 ;ut
613 1551 672 1588 ea
699 1534 956 1588 communi
981 1533 1398 1589 doctissimorum
1427 1535 1677 1600 virorum,
1706 1541 1858 1604 atque
1884 1534 2042 1588 etiam
2066 1535 2499 1590 heterodoxorum
2522 1534 2776 1608 suffragio
2801 1535 2933 1590 inter
2955 1535 3318 1605 prwstantiora
3343 1532 3606 1588 Ambrosii

298 1625 462 1680 nostri
493 1642 648 1695 opera
674 1637 995 1682 numeretur.

371 1718 647 1789 Principio
675 1720 900 1792 quadam
928 1723 1336 1794 prtefatiuncula
1359 1723 1508 1795 quasi
1535 1723 1804 1794 praeludit.
1837 1722 1892 1777 in
1921 1740 2024 1794 qua
2068 1725 2374 1795 compendio
2407 1725 2632 1797 explicat
2677 1723 2927 1793 quidquid
2974 1724 3258 1795 generatim
3286 1721 3503 1796 pertinet
3548 1721 3619 1775 ad

298 1817 438 1869 hunc
459 1815 735 1884 psalmum.
770 1814 910 1870 Ilinc
931 1822 1117 1872 transit
1137 1817 1206 1870 ad
1231 1818 1609 1873 enarrationem
1639 1819 2022 1873 octonariorum
2046 1859 2062 1884 ,
2092 1819 2147 1872 in
2175 1817 2600 1889 quorumlimine
2655 1815 2939 1872 Hebraicas
2985 1832 3215 1887 quasque
3245 1807 3443 1870 litteras
3489 1829 3618 1868 enu-

301 1906 437 1961 cleat
468 1948 482 1971 ,
511 1923 629 1976 quis
651 1918 791 1973 sunt,
814 1908 1083 1978 ipsiusmet
1113 1910 1426 1975 testimonio,
1485 1909 1634 1965 velut
1687 1909 1823 1964 tituli
1858 1925 2048 1966 eorum
2097 1925 2353 1965 versuum
2378 1951 2394 1977 ,
2435 1925 2557 1980 qua:
2594 1909 2694 1965 sub
2745 1908 2936 1964 iisdem
2995 1907 3190 1963 litteris
3239 1908 3610 1962 ascrihuulur.

299 1997 507 2069 (Serm.
529 1997 636 2070 H).
671 1999 786 2056 Hoc
814 2011 987 2054 autem
1014 2002 1229 2074 dignum
1256 2012 1330 2058 est
1350 2003 1489 2074 quod
1519 2003 1810 2058 observetur
1835 2044 1851 2068 ,
1886 2004 2133 2059 nimirum
2158 2016 2395 2059 sanctum
2421 2003 2714 2060 Antistitem
2741 2003 2919 2074 palam
2950 2007 3117 2074 facere
3155 2017 3212 2056 ea
3238 2003 3353 2072 ipsa
3387 2017 3502 2072 qua:
3532 2001 3616 2056 hic

298 2110 333 2146 α
352 2092 550 2149 Davide
573 2096 666 2150 sub
688 2095 911 2167 singulis
943 2095 1187 2153 Hebraici
1211 2099 1472 2167 alphabeti
1489 2097 1753 2152 elementis
1780 2100 2076 2162 traduntur,
2097 2098 2192 2154 sub
2213 2098 2396 2152 iisdem
2423 2115 2624 2169 quoque
2641 2115 2674 2152 a
2699 2096 2930 2153 Ieremia
2958 2098 3012 2151 in
3038 2096 3260 2151 Threnis
3286 2097 3394 2151 suis
3423 2096 3616 2151 descri-

298 2187 370 2243 bi.
413 2188 782 2245 Verumtamen
809 2200 929 2245 ante
958 2209 1244 2247 sermonem
1274 2202 1508 2248 octavum
1533 2209 1646 2247 eam
1671 2210 1775 2247 non
1805 2193 1974 2263 aperit
1997 2195 2409 2259 consensionem,
2436 2209 2590 2265 quam
2633 2193 2872 2262 deinceps
2923 2193 3305 2248 accuratissime
3336 2192 3403 2246 ad
3457 2191 3616 2261 linem

301 2285 480 2353 operis
501 2287 843 2357 prosequitur.
872 2284 942 2340 Et
964 2287 1018 2341 in
1041 2287 1138 2340 hac
1166 2287 1380 2343 demum
1393 2297 1543 2358 parte
1572 2288 1832 2359 copiosius
1852 2288 2148 2343 earumdem
2174 2289 2465 2343 litterarum
2485 2305 2688 2344 sensum
2711 2289 2968 2344 edisserit.

372 2378 505 2434 Post
541 2382 852 2453 explicatum
883 2384 1281 2456 unumquodque
1310 2387 1680 2441 elementorum
1699 2386 1767 2439 ad
1781 2386 2252 2454 interpretationem
2285 2397 2453 2443 textus
2479 2389 2710 2453 accedit,
2745 2399 2792 2442 et
2837 2396 3014 2443 exacte
3052 2384 3336 2440 admodum
3368 2393 3482 2438 octo
3509 2384 3630 2440 illos

299 2490 485 2530 uersus
511 2478 599 2547 qui
626 2478 848 2550 singulis
869 2478 963 2533 sub
992 2478 1256 2534 elementis
1275 2481 1625 2547 continentur,
1661 2480 1844 2536 ordine
1885 2498 2138 2552 quemque
2185 2499 2278 2538 suo
2331 2484 2609 2552 expendit;
2637 2483 2840 2538 tametsi
2866 2483 2986 2536 aliis
3015 2482 3234 2545 diutius,
3266 2479 3385 2533 aliis
3426 2478 3625 2532 breuius

298 2565 622 2622 immoretur.
658 2567 840 2624 Primo
859 2571 1100 2641 proponit
1127 2571 1242 2640 ipsa
1271 2571 1423 2627 verba
1448 2575 1701 2644 cujusque
1722 2590 1922 2640 versus,
1947 2585 1995 2629 et
2020 2577 2066 2628 si
2093 2576 2217 2647 quid
2244 2589 2483 2631 occurrat
2503 2577 2791 2638 varietatis,
2817 2577 2922 2630 sive
2942 2577 2996 2629 in
3021 2574 3216 2630 Grazcis
3233 2575 3338 2628 sive
3359 2573 3412 2624 in
3432 2569 3633 2625 Latinis

307 2662 717 2735 exemplaribus,
750 2664 854 2718 sive
880 2665 1036 2719 etiam
1057 2665 1112 2718 in
1138 2665 1340 2720 diversa
1359 2666 1746 2735 interpretibus,
1771 2667 1866 2722 hoc
1884 2667 1976 2722 ille
2005 2670 2213 2723 nomine
2239 2686 2426 2739 magna
2448 2670 2739 2725 eruditione
2771 2669 2932 2723 oculis
2956 2669 3167 2734 subierit
3197 2669 3399 2736 (Serm.
3416 2667 3472 2733 4,
3527 2665 3592 2720 10
3612 2703 3627 2729 .

305 2755 378 2811 12
401 2766 448 2810 et
476 2757 594 2827 al.).
623 2768 669 2812 et
691 2759 840 2827 quasi
860 2760 1021 2832 digito
1053 2759 1246 2813 indicat
1272 2763 1442 2831 fontes
1465 2762 1762 2816 istiusmodi
1793 2763 2130 2826 discriminis,
2173 2763 2312 2833 quod
2337 2778 2723 2832 nonnumquam
2749 2762 3118 2816 dissidentibus
3139 2755 3476 2832 interpretum
3507 2755 3622 2824 opi-

302 2850 549 2905 nionibus
569 2893 582 2917 ,
613 2853 803 2922 saepius
826 2868 943 2907 vero
986 2853 1399 2925 antiquariorum
1444 2853 1776 2922 Scripturam
1819 2856 2078 2927 imperitia
2109 2856 2186 2910 vel
2215 2855 2540 2929 indiligentia
2569 2873 2666 2910 sua
2697 2856 3139 2925 corrumpentium
3180 2853 3349 2920 culpa:
3393 2848 3633 2903 attribuit

307 2943 572 3016 (Serani,
600 2947 634 3001 5
663 2956 709 3000 et
730 2947 853 3018 al.).
878 2945 1104 3018 Insuper
1132 2949 1257 3020 quid
1285 2949 1350 3003 de
1375 2950 1530 3002 uariis
1561 2948 1851 3018 Scripturce
1868 2948 2184 3004 versionibus
2211 2950 2420 3014 sentiat,
2445 2947 2664 3001 candide
2684 2949 2736 3001 in
2764 2947 2986 3000 medium
3012 2946 3207 3015 profert
3241 2937 3440 3017 (Serm.
3465 2937 3631 3006 9,17,

301 3038 380 3097 20
408 3053 454 3094 et
485 3040 603 3112 22),
631 3041 871 3112 docetque
896 3042 1092 3113 (Serm.
1117 3045 1204 3114 l5)
1231 3054 1349 3096 tunc
1377 3041 1620 3114 temporis
1645 3043 1698 3095 in
1721 3040 1952 3096 Ecclesia
1983 3041 2300 3106 potissinmm
2321 3040 2543 3095 valuisse
2565 3038 2710 3095 LXX
2733 3056 2914 3095 senum
2945 3032 3439 3109 interpretationem.
3475 3033 3634 3090 Nihi-

304 3134 534 3191 lominus
565 3147 734 3191 tanten
751 3136 992 3191 libentius
1010 3138 1222 3208 ipsentet
1257 3136 1496 3191 utebatur
1520 3136 1807 3206 exemplari
1837 3153 1930 3190 suo
1949 3133 2132 3191 Gra’co
2162 3135 2362 3204 (Serm.
2397 3136 2488 3205 17)
2517 3152 2531 3201 ;
2563 3135 2796 3204 quamvis
2837 3135 2992 3189 etiam
3025 3134 3232 3188 minime
3278 3131 3556 3204 nagligeret
3587 3137 3635 3182 et

302 3232 414 3285 alia
448 3232 669 3286 subinde
697 3231 982 3293 consulere.
1013 3240 1061 3286 et
1084 3232 1313 3286 diversas
1341 3243 1510 3287 textus
1539 3231 1986 3300 interpretationes
2002 3245 2118 3301 quia
2139 3228 2349 3298 defendi
2371 3245 2520 3299 posse
2550 3230 2724 3298 aliqua
2742 3228 2942 3283 ratione
2963 3226 3289 3290 ridebantur,
3320 3238 3630 3295 proponere.

383 3324 501 3380 Etsi
521 3327 773 3381 statimab
798 3327 1011 3380 exordio
1033 3326 1188 3393 huius
1219 3326 1390 3396 operis
1415 3325 1611 3394 (Serm.
1643 3324 1698 3391 1)
1721 3343 1821 3380 non
1849 3341 1994 3378 secus
2022 3333 2174 3394 atque
2201 3324 2254 3376 in
2281 3323 2401 3377 aliis
2441 3323 2549 3376 suis
2591 3322 3032 3376 lucubrationibus
3067 3319 3205 3390 (Lib.
3257 3320 3321 3373 de
3368 3317 3524 3371 Isaac
3577 3323 3624 3368 et

306 3419 413 3474 An.
442 3437 560 3492 cap.
584 3417 643 3485 4,
675 3436 818 3474 nam.
847 3419 952 3485 23;
991 3416 1211 3490 Prtefat.
1237 3419 1288 3473 in
1317 3417 1475 3485 Luc.,
1501 3417 1635 3489 etc.)
1665 3419 1920 3487 triplicem
1950 3418 2236 3487 Scriptura:
2263 3433 2466 3472 sensum
2493 3426 2740 3488 agnoscat
2764 3458 2780 3482 ,
2809 3416 3098 3470 naturalem
3146 3415 3248 3470 sire
3282 3412 3585 3467 historicum
3613 3451 3627 3475 ,

307 3516 612 3585 mysticam,
645 3526 692 3569 et
719 3516 992 3579 moralem;
1053 3515 1278 3584 primum
1302 3523 1473 3568 tamen
1501 3513 1586 3568 hic
1619 3530 1719 3567 non
1748 3515 2002 3583 sequitur,
2032 3513 2317 3567 secundum
2342 3515 2599 3584 percurrit
2628 3516 2754 3568 satis
2777 3513 2976 3578 leviter,
3000 3513 3090 3566 sed
3117 3509 3463 3580 exsculpendo
3485 3508 3639 3562 illus-

312 3607 775 3674 trandoquetertto
797 3617 934 3662 totus
964 3607 1238 3663 incumbit.
1266 3605 1452 3673 Neque
1471 3623 1590 3662 vero
1621 3623 1792 3661 causa:
1813 3607 1920 3661 illa:
1945 3607 2129 3677 quibus
2159 3607 2227 3659 ad
2249 3606 2532 3660 iueundunt
2559 3604 2657 3660 hoc
2695 3607 2969 3660 consilium
2998 3606 3239 3659 inductus
3287 3605 3383 3675 fuit
3416 3603 3478 3659 S.
3509 3602 3640 3656 Ant-

309 3699 543 3766 brosius,
573 3701 843 3771 difﬁculter
865 3699 1045 3768 afferri
1073 3709 1287 3770 possunt
1315 3741 1330 3766 ,
1353 3699 1609 3768 siquidem
1635 3703 1744 3766 ipse
1771 3717 1872 3754 non
1895 3699 2050 3754 semel
2097 3700 2382 3771 affirmavit
2414 3698 2612 3771 (Serm.
2665 3703 2718 3763 1,
2750 3700 2818 3755 15
2868 3709 2916 3754 et
2947 3698 3069 3770 al.),
3102 3699 3336 3771 quamvis
3363 3697 3632 3768 'mgsticus

311 3811 498 3849 sensus
520 3797 718 3849 acutior
737 3795 824 3858 sit,
851 3795 1099 3849 moralem
1131 3804 1298 3848 tamen
1325 3793 1485 3847 multo
1512 3794 1823 3861 suaviorem,
1853 3793 2287 3865 arceptioremque
2309 3809 2416 3848 esse
2436 3793 2628 3867 populo
2648 3793 2846 3867 (Serm.
2879 3794 2969 3863 15)
2989 3836 3002 3858 ,
3036 3793 3123 3864 qui
3172 3788 3459 3847 uberiorem
3500 3791 3554 3844 iu
3582 3807 3640 3845 eo

314 3887 416 3942 sibi
438 3888 655 3957 prteberi
677 3887 922 3943 utilitatis
947 3899 1163 3963 segetem
1181 3892 1537 3959 cognoscebat.
1569 3886 1634 3941 In
1659 3886 1795 3941 hunc
1822 3889 1981 3960 igitur
2005 3905 2210 3943 sensum
2239 3905 2413 3943 omnes
2450 3890 2646 3961 ingenii
2673 3890 2754 3943 sui
2786 3905 2965 3944 neruos
3003 3889 3256 3954 intendit,
3291 3887 3633 3942 Christianis-

314 3998 414 4051 que
434 3981 670 4051 prcecipit
692 3999 796 4053 qua
823 3982 1025 4036 ratione
1055 3982 1317 4050 pervenire
1343 3982 1550 4036 ualeant
1577 3981 1644 4034 ad
1666 3997 1959 4054 supremum
1998 3982 2217 4054 graduat
2242 3983 2596 4056 perfectionis.
2654 3981 2772 4037 Illic
2820 3983 3107 4037 incredibili
3145 3984 3332 4037 ardore
3362 3982 3523 4037 animi
3571 3981 3627 4034 in

318 4075 582 4145 praecipua
602 4085 649 4128 et
671 4075 895 4130 maxime
923 4075 1217 4129 communia
1242 4075 1556 4147 temporibus
1580 4076 1686 4130 suis
1716 4076 1835 4129 vitta
1857 4076 2132 4132 invehitur.
2167 4077 2273 4133 Sed
2297 4093 2386 4131 nec
2411 4078 2538 4148 ipsis
2564 4077 2697 4132 sacri
2725 4076 2910 4130 altaris
2936 4079 3101 4147 parcit
3147 4079 3400 4131 ministris
3449 4094 3468 4132 :
3509 4093 3638 4146 quas

317 4169 527 4238 quidem
547 4169 610 4224 ob
639 4170 822 4244 culpas
847 4186 963 4242 qua:
983 4187 1087 4225 non
1111 4173 1185 4224 ita
1203 4182 1384 4241 graves
1412 4169 1738 4236 videbantur,
1763 4170 1876 4226 loco
1906 4187 2000 4225 suo
2026 4187 2087 4225 ac
2101 4171 2352 4242 dignitate
2377 4171 2607 4225 abdicari
2637 4171 2834 4225 volebat
2861 4171 3058 4243 (Serm.
3085 4170 3137 4238 2,
3172 4181 3220 4225 et
3245 4170 3344 4242 al.)
3379 4212 3394 4235 ,
3423 4172 3637 4226 nimiam

319 4280 496 4318 eorum
520 4265 608 4336 qui
639 4281 693 4319 se
706 4265 854 4336 justo
875 4265 1140 4320 molliores
1167 4264 1519 4334 peccatOribus
1541 4263 1840 4318 exhiberent
1869 4263 2245 4335 indulgentiam
2271 4307 2286 4329 ,
2322 4265 2411 4320 sed
2437 4264 2581 4320 haud
2609 4266 2778 4320 minus
2801 4265 3012 4319 illorum
3038 4266 3125 4336 qui
3150 4266 3246 4321 sibi
3276 4267 3402 4336 ipsis
3437 4266 3641 4319 remissi

319 4356 886 4428 rigidioremadversus
911 4355 1045 4410 alios
1071 4370 1341 4410 censuram
1368 4362 1681 4420 exercerent,
1706 4354 2022 4410 severitatem
2042 4355 2300 4410 damnans
2326 4355 2600 4428 (Serani.
2643 4354 2721 4429 5).
2751 4357 2778 4411 l
2788 4357 2955 4412 bidem
2998 4358 3149 4412 etiam
3193 4355 3439 4424 Judwos,
3491 4372 3642 4427 atque

321 4450 588 4506 hiereticos
608 4462 656 4506 et
678 4452 902 4506 Arianos
925 4450 1181 4520 imprimis
1206 4449 1526 4520 aggreditur,
1550 4448 1967 4519 demonstratque
1987 4447 2186 4516 (Serm.
2215 4448 2288 4501 22
2315 4448 2334 4521 )
2367 4450 2579 4504 illorum
2597 4449 2837 4506 hwresim
2867 4452 2985 4506 hinc
3009 4453 3285 4518 scaturire,
3308 4452 3444 4524 quod
3467 4449 3637 4523 philo-

322 4543 607 4612 sophorum
631 4560 695 4597 ac
716 4543 938 4598 maxime
957 4540 1404 4596 Aristotelicorum
1428 4541 1663 4615 argutias
1684 4555 1730 4597 et
1745 4541 2152 4613 vitilitigationes
2177 4550 2347 4596 essent
2364 4543 2544 4596 secuti.
2567 4541 2802 4614 Denique
2829 4562 3006 4600 eorum
3023 4546 3112 4617 qui
3133 4546 3295 4617 plagii
3320 4547 3636 4599 accusabant

322 4638 602 4709 scriptores
621 4647 843 4705 nostros,
875 4635 1012 4710 quod
1039 4634 1290 4690 librorum
1312 4652 1527 4691 suorum
1558 4635 1958 4709 praeclarissima
1978 4651 2190 4705 quisque
2211 4637 2264 4690 in
2295 4638 2534 4710 operibus
2557 4640 2982 4712 philosophorum
3012 4642 3396 4711 compilassent,
3420 4641 3636 4694 menda-

324 4732 462 4786 cium
485 4733 624 4801 quod
651 4731 777 4786 alibi
797 4729 997 4800 (Serm.
1028 4727 1086 4794 2,
1116 4736 1162 4782 et
1179 4728 1328 4799 alibi)
1358 4745 1461 4783 non
1477 4729 1633 4784 semel
1659 4729 1950 4800 impugnat,
1980 4728 2064 4782 hic
2092 4730 2245 4784 etiam
2271 4731 2466 4802 refellit
2495 4729 2651 4804 (Lib.
2684 4733 2748 4788 de
2785 4733 3046 4788 Abraham
3080 4733 3382 4788 Patriarch.
3413 4743 3462 4806 et
3502 4732 3636 4804 seq.)

405 4825 596 4880 Intcxit
637 4826 778 4880 hisce
817 4824 1057 4880 omnibus
1105 4826 1257 4896 longe
1298 4823 1582 4877 maximam
1630 4822 1830 4878 Cantici
1861 4821 2194 4877 Canticorum
2238 4833 2440 4896 portent
2466 4867 2481 4892 ,
2527 4829 2677 4898 cujus
2699 4829 2784 4881 hic
2812 4830 3085 4900 mysteria,
3117 4831 3247 4884 sicut
3275 4828 3401 4884 alibi
3429 4827 3636 4884 dixerat

326 4917 469 4992 (Lib.
493 4920 559 4974 de
589 4918 740 4973 Isaac
763 4927 810 4973 et
837 4918 939 4974 An.
966 4935 1083 4990 cap.
1112 4916 1170 4984 4,
1201 4933 1348 4972 num.
1380 4916 1497 4984 17),
1522 4915 1848 4986 potissimum
1887 4914 1952 4970 de
1993 4913 2236 4972 Ecclesia
2277 4918 2669 4989 interpretatur.
2719 4919 2905 4975 Verum
2943 4938 3045 4977 non
3075 4921 3360 4978 admodum
3397 4905 3640 4980 accurate

329 5014 450 5068 huic
479 5015 672 5068 insistit
692 5013 1028 5084 expositioni.
1061 5012 1336 5082 Siquidem
1363 5021 1708 5084 prwterquam
1736 5011 1878 5083 quod
1901 5012 1956 5066 in
1986 5013 2225 5082 pluribus
2254 5014 2402 5068 illam
2427 5017 2751 5071 sermonibus
2791 5019 2946 5088 plane
2974 5020 3161 5074 omittit
3181 5061 3197 5087 ,
3225 5022 3458 5091 ejusdem
3503 5023 3640 5077 sacri

323 5109 605 5165 uoluminis
631 5125 736 5163 non
768 5108 868 5163 nisi
894 5108 1035 5162 circa
1062 5107 1272 5162 initium
1299 5122 1360 5160 ac
1382 5107 1538 5175 ﬁnem
1561 5105 1730 5160 ordini
1765 5106 2003 5161 inliceret.
2028 5105 2096 5161 In
2127 5109 2340 5178 reliquis
2368 5109 2602 5179 prtedicti
2631 5112 2748 5166 libri
2781 5113 3073 5166 testimonia
3096 5113 3222 5169 hinc
3253 5116 3375 5169 inde
3399 5133 3462 5171 ex
3483 5119 3640 5173 variis

322 5207 586 5276 capitibus
609 5206 770 5277 petita
794 5221 853 5260 eo
881 5213 1083 5259 tantum
1111 5203 1314 5269 laudat,
1342 5214 1397 5257 ut
1424 5202 1635 5258 illorum
1657 5203 1965 5258 auctoritate
1991 5219 2074 5259 res
2106 5204 2373 5274 proposita
2397 5215 2683 5260 astruatur.
2718 5207 3050 5278 Quapropter
3073 5208 3283 5263 minime
3311 5209 3514 5265 dubitat
3543 5229 3639 5266 ea-

328 5305 449 5360 dem
487 5305 678 5358 iterum
703 5320 766 5358 ac
789 5303 939 5358 tertio
967 5302 1219 5373 allegare.
1251 5300 1377 5356 Cum
1417 5315 1537 5354 vero
1560 5298 1876 5355 Christiana:
1902 5300 2241 5371 perfectionis
2270 5303 2762 5358 consummationem
2789 5305 2963 5358 eodem
2997 5306 3200 5376 psalmo
3227 5309 3476 5362 contineri
3500 5327 3644 5366 assc-

326 5411 556 5456 uerasset
599 5399 802 5472 (Serm.
831 5399 923 5463 15,
950 5395 1068 5470 21),
1099 5396 1234 5450 hanc
1279 5395 1690 5450 lucubrationem
1740 5394 1999 5448 concludit
2050 5394 2252 5468 (Serm.
2280 5393 2377 5466 22)
2424 5396 2728 5466 exponendo
2775 5397 3011 5452 ultimam
3050 5411 3251 5468 partem
3281 5398 3638 5470 Canticorum,

326 5494 387 5550 in
413 5515 516 5567 qua
540 5499 735 5569 nnptia:
761 5493 1024 5566 spiritales
1055 5491 1210 5546 Verbi
1243 5508 1361 5546 cum
1405 5491 1616 5560 Sponsa
1645 5506 1773 5556 sua,
1812 5505 1903 5545 nec
1929 5505 2032 5544 non
2070 5489 2253 5545 intima
2300 5491 2532 5564 ejusdem
2554 5508 2671 5546 cum
2695 5491 2789 5546 illa
2813 5495 3130 5566 conjunctio,
3155 5510 3269 5564 qua:
3313 5513 3394 5551 res
3436 5499 3641 5567 plenam

328 5595 755 5664 cumulatamque
785 5590 1157 5664 perfectionem
1183 5587 1472 5652 constituit,
1504 5586 1884 5642 describuntur.
1924 5585 2040 5652 Qua
2069 5586 2274 5657 quidem
2314 5587 2559 5642 coronide
2591 5596 2696 5641 tam
2731 5586 2984 5658 praeclaro
3015 5587 3160 5659 operi
3185 5606 3286 5645 non
3317 5602 3518 5662 poterat
3542 5611 3637 5664 ap-

328 5690 459 5762 poni
489 5689 733 5743 nobilior.

414 5784 588 5858 Hujus
614 5783 732 5838 libri
762 5781 1117 5838 excellentiam
1143 5778 1378 5852 agnoscit
1400 5775 1634 5832 Dallarus
1659 5775 1798 5850 (Lib.
1825 5777 1888 5832 de
1923 5773 2035 5832 Usu
2059 5775 2302 5842 Patrum,
2332 5794 2452 5848 pag.
2481 5775 2637 5848 248),
2672 5777 2756 5831 ubi
2779 5779 2850 5831 ait
2878 5794 2896 5832 :
2926 5777 3075 5848 Opus
3113 5780 3248 5835 alias
3279 5792 3566 5852 maidens,
3594 5795 3652 5841 ct

329 5877 656 5952 eloquentia
707 5891 948 5947 satiaque
997 5873 1248 5931 doctrina
1296 5871 1592 5942 refertum,
1626 5871 1880 5944 lectuque
1919 5870 2058 5930 adeo
2099 5868 2520 5944 dignissimum:
2554 5871 2719 5927 nihilo
2761 5883 2932 5929 tamen
2974 5874 3142 5930 secius
3185 5875 3371 5942 eidem,
3403 5877 3508 5935 alio
3539 5881 3652 5940 loco

623 5973 903 6035 ΡΑΤιιοι..
953 5969 1097 6033 XV.

3128 5972 3157 6032 1
