4070 6494
405 330 550 408 usu
1751 322 1996 380 ssnon
2035 320 2362 379 sunuosu
3563 317 3706 376 “93

402 443 594 508 erroris
624 449 798 518 notam
820 439 975 496 audet
1009 439 1231 502 inurere,
1258 453 1489 494 asserens
1521 433 1687 510 (Ibid.
1716 454 1837 509 pag.
1856 437 1986 509 270)
2011 437 2118 500 illic
2145 435 2466 498 Ambrosium
2503 435 2730 508 uestigiis
2758 434 2956 492 Hilarii
2985 445 3194 490 sanctos
3221 447 3400 488 omnes
3423 441 3702 502 antequam

402 534 502 589 Dei
527 540 773 606 fruantur
802 542 1112 602 conspectu,
1141 531 1362 601 flannnis
1390 530 1675 600 expiandos
1701 547 1810 584 esse
1842 530 2175 600 praedicantis
2217 529 2475 599 insistere.
2507 527 2734 597 Addit(l
2744 529 2828 581 bid
2839 568 2876 595 .,
2902 545 3022 598 pag.
3045 527 3174 599 248)
3205 544 3389 598 parum
3414 525 3701 580 modestam

398 631 542 684 illius
570 629 691 682 dum
719 627 770 692 in
799 626 1094 702 allegoricis
1121 624 1632 698 interpretationibus
1660 623 2094 694 ludit,lieentiam
2116 642 2246 690 esse.
2275 624 2550 684 Postremo
2577 626 2748 696 ipsum
2776 625 2829 680 in
2860 624 3184 693 explicandis
3212 625 3401 682 litteris
3434 621 3704 678 Hebraicis

403 739 618 777 narrare
637 719 830 794 (Ibid,
859 737 981 792 pag.
1010 719 1142 790 244)
1173 719 1452 774 lectoribus
1493 720 1602 773 suis
1645 735 1787 773 mera
1820 722 2036 774 somnia.
2087 719 2272 775 Verum
2302 719 2390 774 ille
2418 719 2472 774 in
2511 719 2674 774 tribus
2711 719 2852 774 hisce
2890 719 3142 790 capitibus
3188 734 3330 789 teque
3356 717 3564 786 iniquus
3605 725 3700 769 est.

408 817 558 886 Quod
589 818 724 871 enim
749 817 817 869 ad
847 816 1090 882 primum,
1121 826 1268 870 erant
1307 819 1528 885 fortasse
1555 816 1640 885 qui
1671 832 1786 871 eum
1814 833 1912 875 non
1940 819 2072 874 satis
2093 817 2406 872 cohaerentia
2442 815 2673 870 locutum
2701 814 2909 881 dicant,
2938 813 3125 885 quippe
3150 812 3236 882 qui
3269 827 3398 881 opus
3422 809 3554 863 illud
3578 824 3708 862 sana

404 914 641 968 doctrina
668 915 913 985 refertum
943 912 1114 980 palam
1145 912 1212 965 sit
1232 914 1518 982 professus.
1557 909 1670 964 Nos
1688 928 1804 965 vero
1830 928 1946 982 qua:
1967 912 2122 980 fuerit
2149 913 2314 967 sancti
2344 909 2454 966 Viri
2483 911 2545 965 de
2567 910 2663 964 hoc
2687 911 2798 980 ipso
2829 909 2997 979 capite
3031 907 3301 971 sententia,
3325 909 3442 980 jam
3465 905 3706 964 declara-

399 1005 586 1076 vimus.
608 1001 860 1060 therum
885 1003 930 1056 si
959 1005 1055 1056 hoc
1083 1002 1139 1056 in
1169 1019 1324 1070 opere
1348 999 1553 1056 Ballazo
1582 1013 1764 1073 preter
1793 1014 2132 1059 inanimatam
2156 1019 2380 1059 errorem
2412 1002 2544 1058 nihil
2574 1002 2836 1072 displicet,
2856 1015 2971 1055 eum
2998 1007 3147 1068 atque
3174 993 3301 1054 alios
3330 999 3558 1069 ejusdem
3589 1012 3707 1050 cum

399 1097 516 1167 ipsa
542 1100 916 1154 communionis
947 1095 1295 1163 obsecramus,
1323 1106 1376 1150 nt
1403 1096 1466 1151 de
1491 1099 1653 1152 sacris
1674 1099 1862 1153 nostris
1893 1101 2168 1170 mysteriis,
2200 1115 2260 1154 ac
2288 1099 2544 1170 imprimis
2580 1098 2644 1153 de
2673 1080 3005 1152 sacrosancta
3054 1094 3391 1160 Eucharistia
3414 1091 3613 1165 (Serm.
3648 1089 3707 1155 8',

401 1192 494 1259 1b,
530 1194 620 1260 15,
651 1195 714 1250 iii
737 1207 783 1249 et
814 1198 903 1266 18)
926 1197 1034 1264 ipsi
1071 1197 1250 1250 eadem
1287 1213 1404 1266 quae
1442 1198 1624 1251 doctor
1645 1209 1836 1263 noster,
1869 1207 1914 1253 et
1941 1198 2171 1262 credant,
2200 1207 2248 1253 et
2271 1197 2570 1265 loquantur.
2621 1194 2847 1250 Tantum
2871 1193 3077 1247 demum
3111 1194 3342 1264 profecto
3366 1187 3708 1256 contingeret,

405 1297 466 1342 ut
488 1289 657 1344 soluto
682 1290 957 1345 divisionis
983 1307 1130 1346 muro
1156 1294 1360 1361 utrique
1385 1293 1562 1346 eadem
1589 1293 1692 1360 ﬁde
1712 1295 2075 1365 jungeremur.
2122 1291 2274 1358 Quod
2289 1291 2471 1346 autem
2503 1290 2572 1345 ad
2601 1288 2882 1346 secundam
2907 1285 3306 1347 accusationem,
3344 1285 3566 1354 fatemur
3592 1277 3712 1347 qui-

401 1380 519 1436 dem
539 1398 654 1436 cum
685 1382 935 1456 Gregorio
960 1382 1192 1441 Nasum.
1222 1401 1484 1439 excessum
1506 1384 1907 1455 improbandum
1937 1401 2046 1440 esse
2080 1383 2133 1439 in
2164 1383 2430 1455 allegoriis
2457 1396 2477 1437 :
2499 1382 2590 1437 sed
2629 1381 2713 1436 ria:
2755 1379 2922 1434 ullum
2965 1393 3028 1432 ea:
3072 1373 3429 1429 Ambrosianis
3469 1367 3709 1439 aperibus

401 1490 510 1529 esse
530 1477 903 1538 contendimus,
941 1477 996 1530 in
1021 1477 1161 1547 quod
1203 1494 1304 1531 non
1338 1479 1489 1532 cadat
1521 1479 1718 1546 iustius
1754 1496 1908 1548 quam
1933 1479 1986 1532 in
2015 1479 2139 1546 hoc,
2172 1479 2465 1534 istiusmodi
2505 1477 2818 1531 criminatio.
2851 1473 2920 1528 Id
2941 1489 3064 1528 sane
3092 1472 3208 1524 hinc
3237 1468 3601 1542 planissimum
3631 1464 3708 1533 ﬁt,

398 1567 535 1636 quod
562 1584 818 1636 nusquam
847 1567 974 1622 alibi
994 1610 1008 1629 ,
1043 1580 1099 1622 ut
1127 1573 1246 1642 jam
1276 1571 1473 1626 dictum
1494 1581 1593 1634 est,
1617 1571 1772 1624 latius
1798 1572 1850 1624 in
1881 1570 2066 1624 morali
2105 1570 2426 1641 expositione
2447 1569 2705 1639 spatietur
2734 1567 2797 1622 S.
2827 1566 3072 1629 Antistes,
3103 1577 3266 1632 neque
3313 1560 3587 1631 mysticum
3607 1555 3712 1611 sive

400 1657 738 1727 allegoricum
770 1675 975 1712 sensum
1012 1660 1113 1713 nisi
1149 1661 1307 1714 obiter
1334 1663 1589 1732 attingat;
1620 1663 1743 1731 quin
1773 1662 1930 1716 immo
1958 1679 2020 1717 ea:
2045 1663 2170 1734 ipsis
2197 1660 2430 1715 Canticis
2456 1660 2829 1730 pulcherrimas
2854 1674 3053 1713 morum
3092 1654 3519 1711 instituendorum
3561 1659 3716 1706 eruat

401 1749 793 1820 pt‘atceptioues.
819 1747 1054 1822 Denique
1083 1754 1220 1822 quod
1247 1753 1492 1827 objicitur
1515 1754 1578 1812 de
1603 1755 1966 1810 elementorum
2001 1755 2378 1811 Hebraicorum
2399 1754 2827 1828 interpretatione
2844 1795 2858 1819 ,
2886 1751 2985 1807 hoc
3013 1768 3116 1807 non
3144 1750 3398 1804 validiore
3421 1748 3514 1802 niti
3537 1747 3716 1817 firma-

405 1852 578 1902 mento
604 1842 672 1902 ad
693 1843 920 1901 litteram
947 1845 1120 1913 Alepli
1154 1845 1639 1902 demonstrabimus.

480 1935 634 1995 Hunc
657 1937 844 1992 librant
871 1949 1110 1994 constare
1153 1942 1486 1996 concionibus
1517 1959 1644 2012 quas
1676 1943 1972 1999 Ambrosius
2009 1945 2079 1999 ad
2116 1944 2553 2001 Mediolanensem
2596 1944 2850 2015 populum
2893 1942 3051 2009 dixit,
3085 1939 3294 1993 minime
3322 1935 3590 2000 obscurum
3619 1944 3716 1991 est.

400 2026 662 2096 Eoincunt
708 2029 806 2086 hoc
851 2032 964 2098 ipse
1011 2032 1255 2088 dictionis
1289 2035 1478 2106 stytus,
1509 2037 1740 2090 locorum
1769 2038 1952 2092 iisdem
1998 2038 2178 2093 diebus
2221 2055 2285 2094 ex
2327 2049 2544 2109 utroque
2580 2036 2910 2093 Testamento
2960 2037 3015 2090 in
3064 2035 3349 2107 synaxibus
3384 2034 3720 2088 recitatorum

400 2124 886 2195 cﬂationesiSerm.
920 2126 974 2191 5,
1010 2139 1054 2181 et
1077 2128 1204 2182 alibi
1235 2129 1475 2199 passim),
1511 2131 1905 2199 expressissima
1937 2134 2144 2188 tandem
2176 2133 2325 2187 verba
2370 2131 2626 2187 Prtesnlis
2661 2131 2825 2185 nostri
2848 2129 3049 2202 (Serm.
3086 2127 3199 2198 ib).
3235 2126 3431 2182 Verum
3460 2124 3723 2197 difﬁcilius

401 2215 562 2283 fuerit
580 2229 827 2284 statuere,
853 2229 1028 2277 utrum
1050 2222 1260 2293 singula
1285 2226 1557 2278 octonaria
1585 2226 1778 2296 singuli
1807 2242 2067 2281 sermones
2105 2228 2532 2298 complectantur.
2569 2224 2631 2280 Si
2660 2224 3004 2294 quorumdam
3032 2222 3389 2294 prolixitatem
3415 2238 3531 2276 cum
3558 2218 3726 2273 brevi-

409 2322 514 2369 tate
541 2315 768 2369 aliorum
789 2332 1177 2389 componamus,
1200 2321 1556 2392 rationemque
1575 2330 1684 2374 tum
1707 2319 2021 2376 diversitatis
2042 2331 2483 2397 argumentorum,
2517 2329 2623 2374 tum
2652 2319 2914 2373 variarum
2944 2317 3384 2387 interruptionum
3409 2313 3721 2382 resnmptio-

402 2425 622 2477 numque
669 2410 964 2466 habendam
1012 2421 1274 2482 putemus,
1320 2415 1460 2468 haud
1505 2416 1684 2486 iniquo
1727 2417 1901 2471 animo
1951 2416 2030 2470 his
2071 2415 2434 2480 assentiamur,
2463 2413 2552 2484 qui
2590 2412 2974 2466 octonariorum
3012 2409 3268 2464 nonnulla
3297 2423 3399 2461 non
3437 2405 3590 2460 unico
3617 2419 3725 2457 ser-

410 2521 564 2558 mone
587 2515 806 2562 tractata
834 2507 1019 2575 fuisse,
1043 2509 1431 2565 existimabunt.
1463 2511 1570 2568 Sed
1599 2529 1718 2566 cum
1751 2529 1874 2567 mss.
1914 2528 2122 2580 omnes,
2164 2528 2227 2567 ac
2254 2512 2379 2567 edit.
2412 2511 2637 2578 antiqua:
2668 2509 2872 2563 eosdem
2898 2522 3158 2562 sermones
3186 2504 3469 2560 secundum
3499 2499 3724 2556 Hebrai-

401 2613 583 2656 corum
609 2599 976 2655 elementorum
1014 2602 1318 2657 diuisionem
1348 2604 1649 2660 distributos
1692 2606 1876 2677 ubique
1905 2606 2206 2673 exhibeant,
2241 2613 2393 2675 atque
2430 2603 2560 2658 adeo
2595 2602 2916 2658 simillimum
2946 2601 3053 2656 veri
3083 2601 3148 2654 sit
3181 2599 3514 2653 Ambrosium
3543 2599 3717 2666 ipsum

402 2692 598 2753 hancce
639 2699 1148 2765 commentationem,
1181 2717 1295 2754 cum
1324 2701 1470 2755 illam
1509 2702 1850 2769 describeret,
1883 2704 1981 2757 hoc
2025 2701 2206 2756 ordine
2247 2700 2605 2763 constituisse,
2631 2696 2768 2751 nihil
2791 2695 2964 2751 hacin
2989 2707 3134 2769 parte
3166 2703 3418 2749 mutatum
3440 2689 3718 2744 voluimus.

405 2785 663 2844 (Italarum
690 2789 966 2848 dicendum
993 2795 1090 2849 erit
1113 2797 1282 2867 operis
1311 2796 1468 2869 hujus
1498 2798 1950 2870 prtefatiuncul-am
1968 2839 1983 2863 ,
2010 2813 2126 2866 qua:
2151 2807 2285 2852 certe
2313 2796 2511 2851 brevior
2538 2805 2631 2861 est,
2658 2807 2815 2866 quam
2843 2803 2896 2848 ut
2925 2793 3221 2848 concionem
3249 2805 3396 2844 suam
3423 2785 3537 2841 sola
3563 2783 3729 2839 conti-

409 2889 549 2943 neat,
579 2883 660 2938 uel
690 2897 796 2938 una
822 2902 940 2939 cum
969 2888 1124 2956 primi
1153 2891 1408 2944 octonarii
1427 2890 1772 2961 explicatione
1795 2892 2184 2962 pronuntiatam
2214 2891 2395 2962 fuisse,
2418 2892 2496 2947 vel
2525 2903 2703 2963 postea
2729 2892 2953 2945 aliorum
2987 2903 3283 2946 sermonum
3308 2883 3468 2956 capiti
3498 2881 3560 2936 ab
3590 2881 3730 2951 ipso-

411 2983 509 3026 met
539 2973 810 3030 Ambrosio
839 2979 1255 3049 superadditam.

475 3063 855 3132 Inquirendum
863 3071 980 3140 jam
1007 3086 1230 3140 quonam
1256 3082 1482 3144 tempore
1510 3073 1714 3128 eosdem
1743 3075 1811 3128 ad
1839 3074 2091 3144 populum
2121 3074 2355 3129 habuerit
2385 3073 2445 3130 S.
2472 3073 2783 3147 Episcopus.
2816 3075 3031 3128 Constat
3050 3070 3238 3142 procul
3267 3069 3420 3122 dubio
3443 3066 3573 3120 illud
3587 3073 3734 3120 ante-

405 3173 562 3227 quam
598 3157 787 3213 librum
814 3160 883 3216 de
925 3161 1078 3217 Isaac
1118 3172 1176 3217 et
1216 3163 1414 3219 Anima
1447 3165 1636 3220 ibidem
1663 3166 1946 3235 allegatum
1977 3165 2130 3239 (Cap.
2160 3169 2216 3232 i,
2244 3183 2387 3220 num.
2423 3167 2515 3239 17)
2545 3168 2812 3230 scriberet,
2857 3165 3081 3219 evenisse
3109 3178 3129 3217 :
3160 3163 3295 3215 hunc
3325 3170 3497 3214 autem
3536 3157 3726 3212 librum

410 3267 548 3306 anno
585 3252 789 3306 circiter
831 3253 936 3310 587
963 3255 1017 3308 in
1048 3254 1214 3310 lucem
1241 3257 1438 3314 editum
1469 3261 1798 3328 probavimus
1831 3259 2121 3331 (Admonit.
2155 3260 2208 3312 in
2231 3259 2322 3313 lib.
2378 3259 2442 3314 de
2471 3260 2625 3314 Isaac
2654 3269 2704 3314 et
2755 3259 2988 3328 Anima).
3040 3257 3302 3311 Praeterea
3351 3252 3537 3308 ibidem
3584 3253 3737 3308 citari

401 3340 638 3396 uidentur
664 3340 861 3415 (Serm.
894 3342 984 3416 ii)
1013 3345 1182 3415 ipsius
1207 3348 1262 3401 in
1291 3347 1632 3421 Euangelium
1672 3349 1832 3404 Lucro
1875 3350 2235 3404 commentarii
2269 3366 2398 3420 quos
2435 3351 2614 3419 opinio
2643 3349 2961 3421 probabilior
2990 3349 3058 3402 ad
3085 3363 3277 3401 annum
3307 3345 3410 3402 586
3439 3348 3617 3417 refert.
3651 3345 3733 3400 Ad

405 3433 515 3490 hazc
546 3438 703 3492 etiam.
732 3439 922 3494 mentio
967 3441 1028 3506 ﬁt
1055 3440 1252 3512 (Serm.
1285 3440 1344 3514 6)
1361 3443 1706 3502 anniversarii
1733 3444 1852 3515 festi
1882 3452 2170 3515 martyrum
2216 3442 2452 3498 Gervasii
2471 3453 2623 3515 atque
2656 3443 2916 3508 Protasii,
2943 3459 3160 3514 quorum
3197 3457 3346 3496 sacra
3377 3440 3610 3507 Lipsana
3637 3438 3730 3492 sub

405 3545 596 3582 annuat
623 3529 728 3586 585
755 3539 842 3584 aut
873 3531 1106 3601 proxime
1130 3543 1422 3604 sequentem
1447 3536 1650 3589 inventa
1673 3545 1815 3590 sunt.
1843 3534 1993 3590 Unde
2016 3534 2236 3606 colligas
2262 3535 2510 3588 eximium
2531 3534 2667 3589 hunc
2698 3537 2862 3606 fetum
2891 3534 3030 3587 circa
3060 3531 3200 3587 idem
3224 3543 3424 3602 tempus
3455 3531 3730 3600 prodiisse.

415 3619 533 3675 Iloc
565 3622 736 3691 ipsum
768 3623 888 3686 hinc
908 3641 1109 3695 quoque
1138 3626 1342 3682 videtur
1373 3629 1692 3699 confirmari,
1722 3628 1862 3699 quod
1900 3629 2284 3699 inﬂammatum
2312 3629 2554 3700 martyrii
2593 3627 2906 3683 desiderium
2937 3626 3031 3681 Vir
3057 3635 3263 3681 sanctus
3286 3641 3397 3696 prae
3422 3642 3475 3680 se
3506 3629 3634 3696 ferat
3669 3623 3734 3676 iis

406 3714 571 3770 verbis
595 3713 790 3787 (Serm.
823 3713 940 3786 21),
970 3733 1090 3785 qua
1115 3729 1314 3791 tempus
1338 3719 1474 3775 illud
1504 3721 1632 3774 satis
1652 3719 1879 3774 indicent
1909 3720 2168 3790 ejusmodi
2188 3721 2370 3788 fuisse,
2398 3736 2490 3790 per
2511 3720 2652 3790 quod
2677 3719 2917 3790 martyrii
2937 3719 3116 3786 palma
3144 3717 3302 3772 etiam
3333 3727 3446 3770 tum
3477 3715 3738 3784 obtingere

421 3805 594 3874 posset
622 3805 802 3876 :quod
832 3818 952 3875 apte
987 3825 1310 3880 congrueque
1352 3812 1424 3866 ad
1460 3812 1769 3868 insanientis
1807 3813 1862 3864 in
1902 3811 2076 3881 ipsum
2108 3809 2337 3865 Justime
2377 3811 2781 3881 persecutionem
2811 3811 2925 3880 quis
2949 3809 3159 3879 referat,
3192 3808 3290 3862 hoc
3311 3817 3386 3863 est
3414 3806 3484 3861 ad
3511 3806 3619 3862 585
3647 3812 3745 3858 aut

337 3911 340 3914 '
421 3900 734 3964 proximum.
775 3899 840 3956 At
872 3917 989 3956 vero
1026 3904 1306 3960 admodum
1332 3904 1574 3960 credibile
1601 3915 1676 3958 est
1691 3905 1899 3958 easdem
1924 3905 2200 3959 conciones
2229 3920 2390 3974 neque
2416 3922 2520 3958 una
2552 3915 2600 3959 et
2627 3906 2870 3960 continua
2907 3905 3070 3971 serie,
3112 3918 3277 3974 neque
3312 3918 3415 3956 uno
3462 3901 3739 3968 eodemque

411 4005 548 4042 anno
577 4005 687 4046 esse
709 3989 931 4050 habitas.
971 3990 1216 4046 Videmus
1240 3994 1430 4065 quippe
1460 3994 1790 4051 Ambrosium
1822 3995 2105 4066 aliquando
2148 3996 2299 4049 verba
2336 3997 2517 4065 fecisse
2558 4012 2675 4050 cum
2716 3996 3073 4050 anniversaria
3111 3993 3349 4049 Gervasii
3389 4009 3451 4047 ac
3483 3989 3735 4058 Pratasii,

408 4088 466 4132 ιιι
498 4082 622 4153 jam.
658 4079 928 4146 diximus,
965 4088 1096 4155 festa
1143 4095 1502 4149 recurrerent,
1547 4103 1663 4157 ante
1708 4091 1842 4156 festa
1879 4087 2152 4158 probabile
2183 4097 2257 4141 est
2284 4087 2338 4140 in
2372 4102 2472 4142 xm.
2513 4087 2721 4142 kalend.
2748 4088 2938 4142 mensis
2962 4087 3097 4141 Julii
3123 4087 3414 4141 incidisse:
3446 4082 3736 4152 aliquando

417 4185 533 4224 vero
589 4188 706 4226 cunt
755 4173 864 4230 dies
916 4173 1224 4232 Sebastiano
1280 4193 1422 4232 sacer
1470 4189 1706 4250 ageretur
1760 4177 1972 4249 (Serm.
2027 4177 2167 4249 90),
2214 4195 2364 4249 quem
2416 4180 2576 4233 etiam
2629 4190 2753 4233 tunc
2799 4181 2958 4234 moris
2997 4188 3106 4233 erat
3135 4194 3234 4233 xm
3273 4176 3378 4232 kal.
3414 4174 3747 4230 Februarias

411 4260 688 4318 celebrari.
733 4263 1060 4318 Advenimus
1103 4265 1260 4322 etiam
1300 4277 1538 4326 sanctum
1577 4266 1714 4324 hunc
1754 4281 1985 4324 nostrum
2021 4271 2176 4325 modo
2191 4271 2386 4342 jejunii
2419 4269 2628 4334 diebus,
2661 4271 2816 4325 modo
2854 4273 2974 4325 aliis
3003 4271 3366 4325 contionatum
3392 4284 3518 4324 esse.
3552 4265 3743 4323 Obser-

417 4368 592 4407 vamus
649 4355 874 4422 denique.
911 4357 1007 4410 hoc
1064 4365 1176 4412 toto.
1213 4359 1267 4416 in
1320 4375 1472 4425 apere
1519 4358 1652 4413 nihil
1704 4361 1842 4430 quod
1881 4360 1955 4414 ad
1999 4362 2396 4415 cathecumeuas
2451 4361 2736 4430 pertineat,
2796 4362 3112 4431 deprehendi
3144 4377 3362 4416 :verum
3413 4360 3527 4415 illic
3569 4358 3743 4414 omnia

414 4444 582 4498 videri
633 4446 770 4514 apud
805 4449 1034 4510 homines
1075 4448 1376 4507 christianis
1418 4452 1582 4508 sacris
1609 4454 1724 4523 jam
1769 4452 2038 4520 initiatos,
2085 4462 2237 4522 atque
2279 4453 2417 4509 adeo
2454 4465 2750 4509 nostrorum
2797 4457 3031 4512 omnium
3063 4457 3425 4527 mysteriorum
3453 4455 3750 4528 cognitione

421 4540 855 4594 instructissimos
895 4545 1248 4614 pronuntiata.
1297 4545 1462 4601 Illum
1499 4557 1673 4604 autem
1720 4560 1919 4606 constat
1944 4554 2124 4606 adeas
2164 4570 2273 4607 non
2325 4553 2506 4608 diebus
2553 4556 2806 4629 singulis,
2838 4557 2934 4610 sed
2972 4565 3168 4610 tantum
3219 4554 3492 4608 dominicis
3529 4551 3750 4619 aliisque

425 4634 829 4689 solemnioribus
859 4653 1143 4692 sermonem
1173 4638 1358 4697 habere
1388 4641 1727 4698 consuevisse.
1760 4641 1883 4700 Non
1909 4645 2049 4700 enim
2065 4655 2194 4700 tunc
2209 4657 2432 4719 coeptum
2455 4658 2841 4720 argumentum,
2871 4659 2931 4702 ut
2951 4649 3015 4702 de
3036 4649 3167 4718 [esto
3198 4647 3382 4701 diceret
3401 4687 3415 4710 ,
3441 4644 3705 4700 omittebat
3724 4657 3744 4698 :

421 4725 514 4782 sed
537 4727 797 4781 interdum
827 4729 1063 4790 nonnihil
1090 4731 1152 4788 de
1178 4748 1239 4787 eo
1262 4749 1353 4802 per
1381 4733 1846 4805 digressiunculam
1877 4736 2112 4794 delibare
2134 4742 2263 4795 satis
2290 4740 2526 4809 habebat,
2559 4742 2994 4813 quemadmodum
3038 4741 3106 4797 de
3133 4739 3482 4813 superioribus
3505 4738 3746 4794 observa-

426 4832 532 4876 tum
573 4831 666 4878 εει.

504 4915 657 4970 Ilanc
686 4933 840 4990 porro
868 4920 1241 4990 expositionem
1279 4923 1346 4977 ad
1368 4923 1647 4982 multorum
1685 4927 1918 4983 codicum
1959 4931 2042 4985 sin
2072 4932 2246 4987 minus
2272 4933 2784 5001 antiquissimorum,
2809 4933 2991 4985 saltem
3020 4927 3398 4999 elegantissime
3413 4924 3568 4996 juxta
3594 4935 3748 4996 atque

428 5012 813 5066 accuratissime
857 5030 1009 5067 manu
1055 5025 1382 5070 eraratarum
1413 5018 1567 5086 fidem
1605 5022 1885 5091 exegimus.
1935 5021 2003 5078 In
2037 5040 2212 5078 omnes
2243 5025 2426 5087 editos,
2461 5033 2573 5076 tum
2598 5024 2933 5093 antiquiores,
2965 5030 3072 5073 tum
3098 5017 3428 5084 recentiores,
3451 5034 3556 5072 non
3580 5016 3751 5072 solum

437 5106 749 5172 irrepserunt
773 5112 959 5174 menda
989 5109 1239 5180 plurima,
1268 5129 1440 5172 verum
1469 5116 1621 5174 etiam
1647 5117 1946 5187 frequentes,
1980 5119 2411 5184 interpoiationcs
2433 5117 2544 5170 sine
2576 5116 2884 5170 auctoritate
2913 5117 3128 5167 intrusw
3155 5114 3382 5183 fuerant,
3409 5128 3539 5181 quas
3561 5113 3748 5184 partim

427 5204 766 5268 νεδεεηίηιαδν
794 5209 987 5272 Partim.
1010 5207 1062 5261 ἱη
1094 5210 1258 5272 variis.
1276 5210 1598 5274 lectionibus.
1631 5229 1749 5270 cum
1781 5231 1876 5270 eos
1905 5231 2207 5290 expungere
2235 5215 2482 5269 subveriti
2510 5229 2708 5280 sumus,
2741 5212 3104 5266 indicavimus.
3145 5209 3412 5265 Postremo
3433 5223 3577 5275 suam
3608 5208 3750 5276 operi

430 5295 825 5365 inscriptionem
873 5301 1189 5362 restituimus
1230 5320 1333 5368 non
1374 5306 1526 5362 modo
1557 5306 1878 5376 scriptorum
1899 5308 2138 5366 codicum
2167 5309 2556 5376 editionumque
2587 5315 2810 5360 veterum
2835 5305 3149 5372 testimonio,
3184 5305 3274 5359 sed
3304 5304 3460 5358 etiam
3495 5298 3755 5369 stt/Tragic

430 5382 570 5458 (Lib.
603 5389 668 5442 de
697 5393 1036 5459 tenendapcr.
1073 5393 1270 5466 Script.
1296 5405 1424 5453 toni.
1465 5413 1549 5467 ιν,
1577 5397 1714 5458 Bibl.
1752 5397 1928 5463 Pam,
1959 5415 2079 5470 pag.
2112 5398 2251 5470 426).
2290 5397 2651 5470 Lugdunensis
2678 5395 2954 5463 Ecclesiae,
2981 5415 3047 5457 ac
3072 5407 3297 5454 ueterum
3317 5401 3588 5448 auctorum
3611 5391 3756 5462 apud

431 5495 558 5550 quos
590 5483 822 5556 ejusdem
849 5487 1034 5540 mentio
1059 5490 1334 5556 reperitur.
