4124 6346
323 319 469 388 ita?

326 459 1948 485 W

1412 318 1478 380 IN
1519 321 1851 381 PSALMIJM
1888 310 2105 380 CXVIII
2142 317 2534 381 EXPOSITIO.

1962 447 3297 481 Mm

3489 312 3628 372 1198

882 579 1750 751 SANCTI
1886 566 3060 743 AMBROSII

1488 852 2065 945 MEDIOLANENSIS
2132 849 2463 936 EPISCOPI

663 1068 849 1173 IN
978 1055 1851 1209 PSALMUM
1977 1051 2559 1157 DAVID
2684 1049 3309 1157 CXVIII

1408 1284 2552 1443 EXPOSITIO.

1638 1519 2362 1595 l——-————-—-——-

1948 1660 2002 1723 Α
2097 1657 2262 1730 972
2297 1657 2354 1712 2.
2395 1654 2621 1713 Litteris
2649 1663 2833 1713 autem
2868 1656 3099 1727 singulis
3130 1667 3363 1719 octonos
3389 1662 3632 1721 versicu-

922 1686 1310 1751 PROLOGUS.

390 1853 555 1929 971
596 1852 649 1908 l.
693 1859 721 1890 ι
758 1849 912 1906 Licet
948 1848 1179 1921 mystica
1217 1859 1449 1918 quaeque
1484 1843 1636 1900 velut
1667 1841 1809 1899 tnbze
1840 1842 1928 1898 in-

321 1947 606 2017 crepuerit
652 1958 794 2001 sono
835 1941 1009 1998 David
1063 1940 1329 2013 propheta
1359 1958 1373 1994 :
1408 1943 1588 1996 tamen
1635 1935 1927 1994 moralium

322 2054 556 2110 magnus
599 2037 864 2110 magister
906 2035 963 2091 in
1008 2051 1075 2091 eo
1123 2043 1386 2107 quantum
1430 2032 1663 2089 excellat
1702 2031 1925 2100 Ethica,

324 2132 520 2203 psalmi
549 2130 711 2199 hujus
734 2136 946 2187 amoma
976 2127 1222 2184 declarat
1243 2126 1441 2198 gratia.
1482 2125 1761 2197 Siquidem
1800 2139 1923 2181 cum
1946 2169 1959 2180 .

321 2228 514 2282 suavis
541 2224 725 2279 omnis
745 2222 992 2279 doctrina
1024 2220 1253 2278 moralis
1278 2220 1373 2287 sit,
1397 2228 1513 2276 tum
1539 2219 1782 2275 maxime
1803 2233 1931 2273 sua-

322 2318 497 2373 vitate
524 2316 782 2372 carminis
802 2354 820 2383 ,
850 2326 906 2370 et
949 2313 1212 2384 psallendi
1254 2312 1541 2370 dulcedine
1570 2312 1807 2368 delectat
1834 2327 1929 2366 au-

320 2425 439 2477 res,
462 2409 809 2479 animumque
838 2407 1133 2466 demulcet.
1161 2406 1458 2479 Meritoque
1488 2405 1772 2478 plerisque
1793 2405 1931 2460 locis

328 2503 622 2561 moralinm
650 2502 953 2559 sententias
980 2500 1313 2572 psalmorum
1347 2510 1621 2571 tamquam
1648 2499 1927 2555 stellarum

323 2595 583 2654 diﬁundit
605 2593 812 2651 luntina
830 2636 846 2664 ,
875 2610 997 2666 qute
1038 2594 1223 2651 lucent
1251 2604 1417 2665 atque
1438 2592 1467 2634 δ
1494 2595 1733 2651 emicant
1759 2610 1772 2647 :
1801 2608 1931 2649 cen-

329 2689 589 2747 tesimum
614 2703 749 2745 vero
771 2697 826 2745 et
853 2695 1105 2744 octavum
1143 2684 1412 2743 decimum
1453 2688 1718 2759 psalmum
1738 2729 1751 2751 ,
1781 2686 1930 2742 velut

326 2788 474 2859 pleni
527 2784 753 2841 luminis
801 2785 975 2841 solem
1025 2783 1333 2840 meridiano
1377 2782 1687 2839 ferventem
1719 2783 1928 2848 calore,

332 2893 358 2921 ε
387 2882 439 2937 in
479 2894 737 2952 processa
764 2879 892 2934 libri
917 2878 1207 2935 constituit
1249 2887 1445 2945 aetate;
1471 2886 1531 2933 ut
1558 2892 1731 2948 neque
1756 2884 1933 2931 matu-

326 2976 425 3031 tini
466 2982 620 3031 ortus
654 2972 960 3045 semiplena
1009 2972 1268 3040 exordia,
1300 2987 1479 3043 neque
1513 2970 1809 3041 vespertini
1837 2986 1931 3026 oc-

2030 1751 2113 1808 los
2143 1749 2427 1822 ascripsit;
2450 1757 2509 1806 ut
2535 1750 2698 1807 simul
2738 1760 2795 1807 et
2825 1750 3091 1808 unitatem
3115 1751 3135 1791 τ
3159 1754 3381 1813 doceret
3412 1756 3632 1830 (unitas

2029 1846 2175 1902 enim
2218 1855 2436 1902 coercet
2482 1845 2667 1901 omnia
2705 1855 2762 1903 et
2804 1847 2979 1919 regit,
3020 1849 3109 1905 cui
3156 1850 3402 1920 subjecta
3448 1854 3631 1910 omnia

2030 1938 2195 2011 sunt)
2238 1947 2293 1994 et
2350 1937 2732 2009 purgationem
2779 1937 3034 2009 legitima
3086 1942 3535 2001 sanctiﬁcationis
3581 1956 3627 2001 κ.

2029 2030 2237 2086 Octava
2260 2030 2406 2086 enim
2430 2029 2518 2086 die
2548 2030 2810 2087 solemnis
2832 2028 2859 2070 δ
2885 2034 3140 2105 purgatio
3160 2037 3251 2093 vel
3276 2053 3342 2093 ex
3378 2038 3523 2111 Lege
3550 2051 3636 2096 est

2034 2122 2219 2195 (Leuit.
2262 2137 2372 2191 χιι,
2404 2122 2506 2178 5e!
2535 2122 2637 2195 4);
2669 2125 2797 2194 quia
2837 2123 3026 2182 octa‘va
3065 2127 3153 2183 die
3200 2129 3635 2190 circumcisionis

2029 2215 2352 2272 solemnitas
2381 2216 2599 2287 impleri
2631 2227 2834 2274 statuta
2859 2229 2945 2275 est
2971 2238 2985 2274 :
3015 2222 3103 2278 vel
3141 2223 3273 2295 quia
3306 2233 3450 2283 totus
3480 2245 3638 2286 mun-

2030 2309 2133 2365 dus
2172 2309 2555 2381 coinquinatus
2600 2319 2719 2366 erat
2769 2314 3011 2382 peccatis
3056 2317 3295 2386 nostris,
3336 2328 3391 2375 et
3420 2332 3632 2391 septem

2031 2405 2145 2462 illis
2172 2407 2411 2480 pollutus
2442 2408 2654 2465 diebus.
2686 2408 2791 2466 Ubi
2821 2420 3003 2468 autem
3036 2416 3185 2470 venit
3215 2416 3637 2480 resurrectionis

2031 2501 2177 2569 dies,
2230 2503 2594 2560 conviviﬁcati
2635 2504 2869 2567 Domino
2917 2506 3048 2567 Jesn
3102 2513 3538 2586 resurreximus,
3586 2527 3645 2575 et

2031 2598 2199 2654 erecti
2250 2613 2469 2665 smnus,
2514 2600 2567 2655 in
2619 2601 2863 2659 novitate
2916 2605 3038 2660 vitae
3080 2605 3371 2665 ablutionis
3400 2614 3634 2681 gratiam

2033 2690 2410 2762 prmferentes.
2464 2693 2770 2765 Meritoque
2815 2695 3176 2768 primogenita
3218 2700 3498 2759 oll'erimus
3520 2706 3640 2761 ani-

2033 2787 2236 2843 mantia
2277 2788 2330 2842 in
2368 2788 2539 2861 ﬁgura
2585 2790 2934 2864 primogeniti
2965 2792 3089 2850 Filii
3127 2796 3257 2865 Dei,
3284 2798 3552 2854 castitatis
3581 2812 3637 2857 et

2034 2878 2435 2949 simplicitatis,
2490 2881 2737 2953 spiritale
2789 2885 3116 2941 sacriﬁcium
3168 2897 3453 2960 acceptum
3499 2891 3636 2961 Deo,

2033 2985 2143 3025 non
2185 2981 2378 3042 quarto
2409 2981 2503 3027 aut
2531 2973 2723 3043 quinto
2748 2973 2864 3040 die;
2916 2991 2987 3032 ne
3017 2977 3354 3036 imtnundum
3401 2993 3496 3038 aut
3547 2984 3633 3040 in-

326 3086 489 3128 casus
533 3069 758 3143 quidam
814 3069 1005 3126 senilis
1049 3068 1327 3136 deiectus,
1379 3066 1405 3105 ά
1446 3067 1680 3123 σιειγίιωί
1725 3065 1928 3137 aliquid
1958 3076 2474 3141 Bconsummatum
2533 3067 2859 3125 sacriﬁcium
2902 3070 3135 3129 sitzsed
3184 3084 3375 3131 octava
3405 3076 3494 3134 die
3530 3094 3635 3148 qua

326 3164 559 3240 perfecti
604 3163 915 3235 splendoris
954 3161 1336 3234 decerperent.
1364 3161 1537 3230 Quem
1568 3176 1666 3231 per
1690 3159 1930 3231 singulas
2033 3171 2225 3214 omnes
2273 3159 2324 3214 in
2370 3158 2573 3217 Christi
2610 3162 3016 3221 resurrectione
3046 3181 3153 3221 non
3193 3166 3374 3224 solum
3404 3172 3642 3229 resusci-

329 3259 697 3315 Hebrazorum
752 3256 980 3328 digessit
1038 3257 1279 3322 litteras,
1347 3262 1408 3310 nt
1466 3252 1926 3324 quemadmodum

328 3351 683 3425 parvulorum
731 3349 948 3422 ingenia
995 3349 1183 3418 primis
1226 3348 1529 3404 litterarum
1581 3346 1872 3404 elementis
1902 3357 1927 3386 ο

330 3453 656 3501 assuescant
698 3442 947 3500 discendi
987 3456 1157 3503 usum,
1184 3456 1498 3504 assumere;
1534 3441 1608 3497 ita
1631 3441 1798 3498 etiam
1829 3454 1930 3497 nos

330 3536 649 3610 huiusmodi
671 3535 957 3593 elementis
983 3549 1139 3593 usum
1171 3534 1443 3592 discamus
1465 3534 1702 3591 vivendi.

409 3678 692 3749 *Quidam
739 3694 900 3745 mss.,
948 3676 1089 3733 Licet
1140 3678 1371 3750 mystica:
1424 3695 1642 3750 quoque.
1703 3677 1934 3745 Quidam

332 3769 462 3809 cum
491 3761 606 3807 ant.
639 3751 793 3812 edit.,
820 3750 965 3806 Licet
991 3750 1207 3822 mystico
1236 3766 1456 3821 quoque.
1482 3750 1589 3806 Alii
1633 3750 1848 3805 demum
1881 3758 1936 3805 et

332 3826 501 3881 Rom.
532 3823 664 3880 edit.
696 3835 751 3879 ut
778 3823 833 3878 in
862 3831 1032 3879 textu.
1069 3824 1268 3877 lterum
1301 3823 1491 3877 eadem
1520 3822 1651 3877 edit.
1686 3824 1824 3888 sola,
1859 3830 1934 3876 ta-

335 3914 456 3953 men
478 3898 533 3951 in
553 3912 613 3949 eo
633 3904 881 3966 quantum
910 3893 1130 3967 excellat
1158 3892 1393 3967 etlmica,
1422 3895 1609 3967 psalmi
1646 3894 1807 3967 hujus
1847 3894 1937 3948 de-

336 3971 509 4024 clarat
552 3969 741 4041 gratia.
773 3967 974 4041 QuemA
997 3966 1199 4041 locum“
1227 3974 1285 4018 ut
1328 3966 1397 4021 ita
1446 3966 1784 4041 decertaret,
1815 3967 1937 4041 ejus

336 4041 511 4097 dubio
543 4036 729 4108 procul
759 4039 1094 4094 obscuritate
1121 4036 1371 4092 effectum
1413 4048 1515 4093 est.
1550 4037 1621 4093 Ut
1659 4046 1841 4093 autem
1886 4037 1936 4092 ei

338 4115 520 4170 lucem
563 4113 804 4182 aliquam
831 4109 1158 4175 offeramus,
1198 4110 1810 4182 monendumdnximus
1841 4124 1935 4162 vn-

337 4200 467 4251 ces,
496 4186 553 4238 in
570 4180 866 4250 eo,‘reierri
896 4192 1151 4252 oportere
1203 4180 1269 4235 ad
1296 4181 1436 4246 illas,
1464 4181 1601 4235 velut
1625 4183 1760 4235 tuba:
1782 4196 1933 4244 sono;

340 4256 450 4312 hoc
473 4264 578 4321 est,
612 4256 867 4313 suavitate
886 4253 1151 4319 caminis,
1179 4262 1228 4306 et
1248 4253 1501 4321 psallendi
1538 4252 1841 4317 dulcedine,
1877 4257 1936 4305 ut

339 4329 605 4384 continuo
628 4328 864 4385 Sanctus
890 4326 1144 4394 explicat.

342 4399 635 4539 ὤὶιῐὲἓιι.
685 4399 844 4465 edit.,
893 4399 1113 4454 emicant
1157 4397 1213 4451 in
1255 4395 1402 4463 orbe,
1436 4405 1643 4450 sanctus
1673 4394 1936 4466 PrOpheIa

578 4482 615 4526 ι.

419 4554 445 4585 ο
477 4545 607 4599 Mss.
652 4542 936 4608 nonnulli,
982 4542 1039 4595 in
1086 4556 1326 4612 processu
1367 4539 1484 4595 libri
1531 4539 1678 4611 quasi
1728 4540 1932 4612 plenam

343 4617 512 4682 ipsius
538 4615 802 4670 constituit
830 4624 1048 4669 atatem.
1065 4611 1171 4668 Alii
1199 4627 1262 4667 ac
1284 4611 1415 4666 edit.
1450 4612 1591 4667 inter
1618 4627 1676 4666 se
1704 4611 1937 4667 consen-

346 4692 519 4753 titutt,
564 4687 689 4769 nisi
716 4687 861 4756 quod
890 4700 1000 4769 pro
1033 4686 1097 4767 .in
1138 4700 1412 4769 processu,
1453 4684 1610 4754 pauci
1661 4683 1844 4755 legunt
1883 4684 1936 4737 in

416 4770 624 4823 avecta;
648 4756 808 4812 Rom.
836 4758 997 4822 edit.,
1026 4756 1343 4839 imperfecta.

416 4828 446 4869 δ
475 4831 636 4886 Rom.
673 4829 827 4898 edit.,
880 4829 1131 4885 claritatis
1171 4827 1375 4901 aliquid
1417 4829 1631 4901 perfecti
1674 4825 1941 4898 splendori

347 4904 699 4972 decerperent.

426 4986 452 5014 ι·
477 4971 616 5031 Rom
664 4974 822 5044 edit.,
857 4972 1058 5047 legendi
1096 4989 1246 5029 mm
1284 4971 1557 5028 addiscunt
1587 4973 1705 5027 :ita
1733 4988 1827 5026 nos
1848 4972 1945 5025 ltu-

354 5048 609 5120 iuyugdi,
639 5057 750 5120 etc.

429 5117 451 5157 ί
486 5113 607 5174 Yet.
638 5118 770 5174 edit.
802 5126 857 5173 et
881 5131 1014 5172 mss.
1052 5132 1162 5174 non
1190 5117 1345 5189 pauci
1376 5116 1542 5172 verbo
1588 5117 1821 5183 doceret,
1853 5113 1950 5170 ad-

351 5189 619 5265 duntur):
647 5190 1014 5265 pluralitatem.

426 5271 456 5312 s
486 5259 656 5318 Rom;
694 5262 827 5319 edit.
873 5263 993 5317 voci
1028 5260 1479 5333 sanctificationis,
1514 5259 1696 5317 subdit
1725 5259 1948 5317 verbum

352 5344 626 5393 armet.

430 5406 459 5446 1·
491 5406 696 5463 Eadem
742 5406 900 5462 Rom.
973 5406 1132 5474 edit.,
1180 5405 1422 5477 purgatio
1465 5422 1529 5461 ea:
1576 5404 1710 5477 Lege
1759 5410 1948 5459 est:et

354 5489 538 5535 octaua
564 5479 740 5534 die....
776 5488 969 5533 statuta
989 5488 1084 5545 est,
1115 5480 1237 5549 quia
1266 5487 1420 5541 totus,
1452 5490 1558 5533 etc.

440 5550 454 5588 ί
489 5550 774 5619 Quodnam
805 5552 874 5606 sit
916 5551 1047 5605 illud
1100 5549 1453 5621 sacriﬁcium,
1503 5549 1805 5621 Baptizatus
1843 5565 1947 5603 non

352 5621 631 5691 uiuebat,
652 5624 751 5677 nisi
776 5633 1009 5679 octauum
1037 5620 1392 5693 ingrederetur
1413 5623 1547 5677 diem
1567 5620 1587 5686 ,⁷
1622 5622 1767 5678 haud
1795 5621 1951 5675 facile

352 5695 509 5765 apud
542 5694 794 5765 antiquos
839 5692 1103 5765 aperias.
1172 5692 1552 5750 Dilﬁeultatem
1598 5709 1730 5748 vero
1788 5694 1951 5765 etiam

1962 4511 2009 4575 C

2037 3252 2167 3319 tati,
2220 3252 2317 3309 sed
2370 3254 2536 3310 etiam
2588 3255 2896 3313 conﬁrmati
2944 3273 3152 3314 sumus.
3209 3258 3366 3319 Unde
3414 3262 3544 3320 licet
3581 3266 3635 3322 in

2037 3344 2368 3417 baptismate
2415 3348 2575 3419 plena
2624 3350 2696 3405 sit
2740 3350 2922 3407 statim
2959 3353 3210 3423 purgatio
3242 3373 3256 3411 :
3290 3362 3471 3413 tamen
3511 3360 3639 3433 quia

2038 3440 2330 3498 ablutionis
2378 3442 2549 3513 ipsius
2606 3444 2970 3517 sacriﬁciique
3018 3448 3288 3505 rationem
3334 3450 3638 3522 baptizatus

2038 3534 2199 3592 debet
2225 3551 2577 3609 cognoscere,
2604 3539 2619 3578 ί
2650 3554 2756 3597 non
2787 3538 2948 3597 oll‘ert
2973 3542 3324 3611 sacriﬁcium,
3355 3545 3459 3601 nisi
3491 3557 3641 3603 octa-

2038 3678 2452 3756 cnmmunione,
2495 3680 2590 3736 sed
2621 3679 2689 3756 de
2717 3681 2987 3756 sacriﬁcio
3015 3682 3414 3756 loquaturﬂta
3462 3696 3641 3756 potest

2040 3749 2148 3827 hoc
2192 3751 2495 3827 disciplina:
2536 3752 2927 3827 ecclesiasticae
2974 3749 3155 3825 caput,
3187 3755 3331 3827 quod
3363 3749 3499 3812 forte
3528 3759 3612 3816 Me

2040 3822 2243 3895 diolani
2301 3831 2510 3878 tantum
2563 3823 2885 3893 obtinebat,
2938 3822 3243 3895 explicari}
3284 3827 3640 3885 Prtehebatur

2039 3893 2257 3970 quidem
2308 3895 2583 3968 nenphylo
2615 3897 2798 3951 statim
2833 3913 2865 3970 e
2902 3893 3083 3970 sacris
3125 3897 3365 3953 fontibus
3414 3916 3638 3970 egresso

2040 3964 2283 4040 divinum
2311 3964 2737 4040 sacramentum,
2769 3968 2864 4023 sed
2892 3968 3030 4025 forte
3054 3969 3431 4040 depromptum
3448 3964 3494 4028 ’ρ
3527 3964 3638 4028 tur;

2039 4038 2430 4122 t'icttla'super.
2468 4039 2623 4092 altari
2666 4051 2849 4122 erecta
2880 4041 2969 4122 vel
3007 4057 3070 4122 es
3103 4038 3637 4122 aurca'argentcave

2040 4109 2292 4182 columba
2321 4109 2545 4182 ibidem,
2577 4120 2670 4164 aut
2694 4110 2750 4182 in
2778 4111 3097 4179 baptisteria
3119 4109 3403 4179 Suspensa'.
3435 4114 3488 4167 in
3516 4116 3635 4182 qui-

2040 4180 2141 4235 bus
2164 4178 2292 4233 olim
2318 4180 2451 4233 illud
2470 4178 2877 4247 asservabatnr’;
2902 4184 3040 4234 sicut
3064 4198 3129 4237 cx
3158 4178 3264 4236 vita
3283 4182 3339 4238 S.
3360 4178 3545 4238 Basilii
3567 4186 3636 4241 ab

2040 4251 2422 4324 amphilochio
2458 4252 2681 4324 scripta,
2716 4268 2778 4324 ex
2810 4254 3039 4324 supplici
3071 4253 3254 4309 libello
3278 4254 3328 4309 in
3355 4256 3570 4311 actione
3600 4257 3636 4312 5

2041 4322 2209 4378 Cone.
2258 4322 2544 4378 Constant.
2571 4322 2692 4378 ‘snb
2740 4322 2936 4379 Munna
2985 4324 3244 4379 celebrati
3274 4341 3300 4378 a
3330 4324 3544 4382 clericis
3579 4337 3635 4384 et

2040 4393 2322 4450 monachis
2354 4395 2707 4451 Antiochenis
2740 4396 2945 4460 oblato,
2972 4400 3097 4453 item
3130 4413 3193 4452 ex
3223 4396 3467 4463 Paulino,
3500 4399 3638 4456 Gre-

2038 4467 2191 4536 gorio
2248 4467 2380 4522 'l'ur.
2432 4478 2593 4534 atque
2640 4467 2759 4523 aliis
2812 4469 2967 4523 multi
3024 4468 3399 4525 observarunt.
3433 4469 3634 4527 Verum

2041 4540 2258 4595 interim
2291 4554 2321 4593 a
2349 4540 2615 4595 sacriﬁcio
2660 4555 2761 4610 per
2803 4540 2921 4596 dies
2967 4550 3176 4610 septem
3226 4541 3633 4605 aberant,dum

2041 4612 2253 4681 plenius
2273 4612 2658 4683 mysteriorum
2680 4611 2988 4683 cognitione
3013 4612 3457 4668 infurmarcntnr.
3474 4615 3637 4672 Cet-te

2040 4681 2365 4755 praecipuam
2399 4682 2597 4751 priscis
2627 4682 2732 4737 illis
2759 4681 3089 4738 antistitibus
3114 4698 3297 4739 curant
3340 4684 3506 4741 fuisse
3549 4702 3636 4743 re-

2041 4770 2172 4811 cens
2215 4756 2532 4829 baptizatos
2576 4756 2907 4829 instituendi
2946 4756 3188 4811 doctrina
3247 4759 3633 4829 mysteriorum

2043 4842 2164 4896 quae
2213 4827 2360 4896 prius
2402 4825 2626 4882 eosdem
2673 4829 2843 4882 celata
2882 4826 3259 4894 fuerant,non
3304 4825 3484 4883 solum
3522 4828 3628 4884 PP.

2045 4899 2358 4954 Grcccnrum
2402 4898 2636 4953 homiliac
2686 4900 2738 4953 in
2787 4898 2976 4954 diebus
3025 4899 3326 4969 paschalis.
3366 4910 3421 4955 et
3453 4900 3635 4969 plures

2047 4970 2340 5041 Augustini
2371 4969 2950 5037 sermnnes,uimirum
2992 4971 3117 5037 127,
3148 4972 3271 5036 19.9,
3297 4970 3406 5027 260
3434 4982 3489 5027 et
3526 4972 3635 5029 262

2049 5051 2350 5117 testantur;
2382 5042 2474 5117 sed
2507 5042 2828 5117 Ambrosius
2855 5043 2972 5117 ipse
3016 5045 3070 5098 in
3098 5044 3191 5117 lib.
3237 5046 3300 5117 de
3330 5041 3632 5117 Mysteriis,

2050 5115 2142 5186 qui
2168 5131 2199 5170 e
2228 5115 2570 5186 sermonibus
2614 5113 2714 5169 hac
2745 5114 2857 5185 ipsa
2891 5116 2956 5170 de
2983 5130 3139 5170 causa
3170 5114 3370 5170 habitis
3398 5113 3634 5182 constat,

2051 5185 2271 5258 planum
2301 5185 2430 5240 facit
2454 5201 2469 5240 :
2502 5185 2660 5239 Nunc
2688 5186 2753 5239 de
2780 5187 3054 5258 mysteriis,
3086 5187 3284 5257 inquit,
3310 5187 3479 5240 dicere
3507 5197 3636 5242 tem-

2052 5256 2150 5332 pus
2202 5256 2479 5322 admonet,
2509 5267 2662 5332 atque
2702 5256 2867 5332 ipsum
2914 5256 3351 5313 sacramentorum
3387 5260 3641 5332 rationem

2052 5330 2201 5385 edere
2226 5346 2244 5383 :
2268 5347 2420 5401 quant
2451 5339 2566 5384 ante
2601 5330 2913 5401 baptismum
2951 5332 2994 5384 si
3021 5344 3343 5402 putassemus
3369 5331 3640 5386 insinuan-

2055 5403 2178 5457 dant
2205 5402 2433 5456 nandum
2468 5402 2706 5475 initiatis,
2731 5403 3017 5475 prodidisse
3040 5403 3212 5475 potius
3239 5419 3390 5471 quam
3418 5403 3641 5458 edidisse

2052 5475 2443 5530 testimaremur.
2485 5473 2681 5529 Libros
2710 5489 2924 5544 quoque
2979 5473 3050 5528 de
3090 5474 3471 5540 Sarramentis,
3502 5491 3641 5545 quos

2050 5558 2137 5601 aut
2173 5545 2445 5602 Ambrosii
2476 5557 2573 5600 aut
2608 5546 2800 5602 saltent
2834 5546 3077 5614 ejusdem
3104 5547 3209 5601 arri
3234 5545 3473 5601 aticturis
3518 5562 3642 5602 esse

2052 5620 2107 5674 in
2148 5619 2401 5673 emitesso
2426 5628 2530 5685 εει,
2563 5618 2629 5672 ad
2653 5617 3050 5689 necpbytorum
3074 5634 3295 5689 gregem
3322 5619 3637 5689 pronuntia-

2055 5702 2140 5746 tos
2166 5690 2334 5744 fuisse
2367 5690 2598 5757 probant
2619 5691 2720 5745 ista
2748 5707 2813 5746 ex
2838 5687 2941 5744 lib.
2972 5706 3027 5757 v,
3058 5687 3243 5760 cap.'3
3268 5706 3281 5743 :
3306 5687 3506 5744 Gaudet
3545 5688 3642 5760 Ec-

354 5759 496 5837 illag
541 5759 731 5837 auget,
760 5759 919 5837 quod
945 5777 1154 5822 certum
1179 5774 1262 5821 est
1292 5765 1688 5822 Eucharistiam
1731 5763 1957 5820 initiatis
2055 5763 2215 5837 etesia
2240 5763 2303 5837 de
2326 5762 2674 5837 redemptione
2698 5762 2997 5837 multorum,
3026 5771 3071 5837 et
3087 5759 3257 5816 astare
3275 5761 3372 5837 sibi
3388 5759 3642 5837 [aprilium

354 5828 547 5895 statim
574 5828 698 5907 pan

358 5908 542 5967 litant.
567 5907 821 5968 Attamen
852 5907 977 5968 cum
1022 5910 1342 5968 Ambrosius
1370 5910 1462 5967 hic
1487 5926 1597 5968 non
1628 5911 1696 5968 de
1722 5907 1958 5982 simplici

1027 5838 1290 5907 baptisma
1314 5838 1686 5893 administrari
1711 5837 1837 5892 olim
1869 5850 1959 5891 so-
2059 5834 2395 5891 candidatum
2424 5830 2649 5907 spiritali
2679 5834 3017 5907 exsultatione
3044 5831 3425 5907 lwtatur.__Cum
3446 5830 3522 5907 illi
3545 5830 3645 5907 de-

2062 5922 2213 5966 mum
2264 5900 2639 5964 instructiores
2689 5905 2812 5963 facti
2858 5913 3072 5975 essent,
3104 5913 3217 5962 tum
3249 5902 3371 5961 illos
3415 5900 3647 5960 oblatio-
