4070 6486
438 350 573 408 “99

1779 343 2028 405 SANCTI
2064 344 2391 406 AMBROSII

3584 351 3729 411 1200

432 487 557 525 vum
589 479 616 507 λ
646 467 976 540 ingrediatur
997 467 1175 533 diem;
1203 475 1261 521 ιιι
1290 466 1606 521 informatus
1631 464 1907 537 agnitione
1935 478 2022 520 sa-
2051 478 2105 537 Α
2127 461 2291 517 habet
2321 462 2549 534 gratiam
2583 479 2598 518 :
2632 463 2881 521 doctrina
2909 465 3033 522 sine
3079 466 3186 522 vita
3215 465 3581 537 integritatem
3613 482 3723 521 non

433 574 838 618 crameutnrum
889 561 1194 617 cwlcstium
1238 559 1399 631 973
1452 574 1559 613 non
1615 557 1771 629 quasi
1838 556 2020 624 rudis,

428 657 524 712 sed
551 657 705 725 quasi
738 654 961 709 rationis
987 669 1155 724 capax
1181 695 1194 718 ,
1231 663 1357 706 tunc
1387 653 1604 707 demum
1637 666 1794 705 suum
1829 665 2025 706 munus

429 749 695 804 altiribus
733 748 906 803 sacris
938 746 1157 812 offerat,
1189 761 1311 800 cum
1351 743 1580 813 ('(BpBl'il
1616 759 1737 799 esse
1787 743 2024 800 instruc—

427 843 562 908 tior;
617 857 685 896 ne
739 841 1021 898 oﬂ‘ereutis
1074 837 1288 894 inscitia
1337 837 1669 894 contaminet
1735 835 2024 892 oblationis

431 937 770 1008 mysterium.

499 1033 554 1088 ‘5.
596 1031 804 1085 Titulus
859 1038 1039 1084 autem
1085 1027 1302 1088 Psalmi.
1347 1025 1573 1079 Alleluia
1621 1032 1734 1090 est;
1785 1023 1887 1078 hoc
1915 1031 2021 1090 est,

430 1126 546 1182 laus
579 1125 694 1180 Dei.
722 1124 777 1180 ln
806 1124 888 1181 his
909 1125 1051 1178 enim
1097 1121 1312 1194 hymnis
1337 1135 1464 1175 vere
1491 1119 1634 1174 Deus
1665 1117 1935 1182 laudatur,
1967 1116 2023 1172 in

425 1222 622 1292 quibus
647 1229 729 1276 est
773 1228 1116 1289 peccatorum
1157 1214 1430 1270 remissio.
1479 1213 1717 1284 Denique
1764 1212 1820 1266 in
1862 1226 2025 1280 supe-

425 1315 571 1369 riore
624 1315 830 1383 psalmo
882 1311 1062 1382 passio
1114 1308 1328 1363 Domini
1385 1308 1667 1378 pranuissa
1721 1315 1843 1372 est;
1904 1321 2024 1375 qum

425 1407 685 1464 mundum
720 1408 861 1460 hunc
903 1403 1084 1468 diluit,
1115 1413 1173 1456 ut
1197 1402 1390 1470 digitos
1422 1400 1626 1455 faceret
1671 1398 1903 1469 pepulus
1932 1395 2023 1467 qui

425 1502 595 1556 Deum
617 1497 962 1553 immaculato
992 1511 1088 1550 ore
1128 1493 1433 1549 laudarent.
1482 1492 1601 1563 Ipsa
1629 1507 1844 1563 quoque
1875 1491 2022 1546 litte-

423 1609 605 1649 rarum
665 1592 954 1657 elementa,
1006 1598 1066 1644 ut
1103 1589 1282 1644 omnia
1334 1588 1556 1642 Hebraea
1613 1584 1858 1647 nomina,
1916 1599 2021 1639 non

425 1701 552 1742 sunt
619 1686 959 1743 rationabilis
1002 1682 1470 1752 interpretationis
1523 1695 1691 1735 vacua
1722 1688 1886 1748 atque
1925 1678 2024 1732 im-

426 1782 636 1846 munia,
663 1795 894 1849 quorum
927 1777 1348 1849 signiﬁcationes
1385 1776 1516 1830 locis
1544 1775 1657 1829 suis
1689 1775 2020 1845 aperiemus.

421 1872 450 1913 ι’
480 1874 825 1930 Centesimus
847 1880 902 1928 et
928 1872 1247 1927 undecimus
1293 1871 1534 1941 psalmus
1567 1885 1664 1939 per
1688 1872 1784 1922 has
1814 1867 2022 1922 litteras
2052 1882 2099 1942 Β

422 1969 477 2024 in
523 1967 752 2023 Hebraeo
793 1967 845 2021 in
894 1965 1177 2036 principiis
1202 1964 1595 2020 versiculorum
1638 1962 1884 2032 digestus
1913 1973 2018 2027 est,

419 2071 477 2117 et
521 2069 607 2117 est
637 2070 780 2114 totus
807 2059 1020 2114 ethicus
1067 2075 1080 2111 :
1115 2067 1166 2111 et
1216 2058 1549 2112 centesimus
1591 2055 1837 2111 decimus
1890 2052 2020 2108 mihi

414 2155 486 2209 ita
509 2153 746 2222 scriptus
775 2151 1011 2207 videtur.
1069 2151 1313 2221 Denique
1359 2150 1581 2204 vicenos
1609 2158 1662 2203 et
1713 2147 1875 2202 binos
1898 2162 2022 2201 ver-

421 2263 514 2302 sus
535 2247 753 2315 habent,
805 2255 859 2302 et
897 2247 1123 2316 singulis
1148 2244 1400 2298 versibus
1427 2243 1654 2314 singula:
1678 2239 2024 2310 explicantur

416 2337 724 2394 sententi-.2.
756 2337 912 2395 Unde
933 2345 990 2394 et
1020 2353 1115 2409 per
1148 2347 1170 2377 ο
1205 2345 1379 2393 metra
1409 2346 1731 2392 asseruntur
1772 2349 1898 2391 esse
1925 2332 2022 2388 dc-

427 2431 635 2502 scripti.
1386 2454 1388 2456 τ

952 2565 1186 2623 SERMO
1216 2561 1486 2622 PRIMUS.

1074 2689 1135 2737 .N
1171 2681 1356 2764 Aleplt.

496 2805 546 2864 l.
593 2808 770 2864 Prima
802 2807 980 2862 littera
1010 2802 1038 2843 ά
1066 2805 1232 2873 Aleph
1263 2804 1492 2867 dicitur,
1543 2803 1699 2874 cujus
1755 2803 2024 2871 interpre-

421 2903 552 2959 tatio
608 2902 853 2959 doctrina
911 2912 1013 2956 est.
1058 2901 1338 2956 Sollicitus
1389 2913 1521 2970 ergo
1562 2899 1802 2961 auditor,
1830 2897 2023 2966 plenos

419 2994 686 3049 ducti-inae
714 3007 906 3049 versus
952 3006 1074 3047 esse
1100 2991 1194 3062 qui
1223 3000 1524 3060 sequuntur
1547 3032 1562 3056 ,
1607 2990 1778 3045 debes
1816 3003 2020 3058 pracsu-

425 3101 594 3142 ntere.

493 3183 547 3237 “2.
591 3181 773 3251 (Vers.
809 3182 861 3247 ’l,
899 3180 979 3252 2.)
1006 3178 1148 3234 Beati
1180 3179 1526 3244 immaculati,
1590 3177 1785 3248 inquit,
1816 3177 1870 3230 in
1901 3178 1983 3231 via
2009 3217 2022 3243 ,

2129 555 2312 612 habet.
2354 556 2411 612 In
2439 559 2763 614 malevolam
2813 561 3014 615 etenim
3046 561 3279 616 animam
3309 577 3415 616 non
3455 561 3610 617 cadet
3639 576 3726 616 sa-

2128 648 2348 720 pientia.
2396 650 2629 723 Ideoque
2657 652 2770 706 ait:
2807 653 3047 719 ριιωνρηι
3087 670 3166 708 me
3191 653 3334 718 mali,
3366 663 3414 709 et
3446 669 3546 707 non
3585 654 3727 707 inve-

2128 747 2270 800 nient
2296 745 2484 818 (Prov.
2513 763 2553 812 ι,
2578 746 2699 819 τὶ8);
2732 749 2856 819 quia
2889 748 3239 820 improbitate
3264 758 3498 805 cmcatur
3531 748 3728 803 mentis

2126 839 2343 903 oculus,
2389 849 2441 893 et
2475 840 2744 910 caligante
2766 841 2871 896 sibi
2919 840 3236 910 iniquitate,
3293 839 3552 913 mysteria
3597 855 3726 911 pro-

2139 930 2308 986 funda
2346 933 2592 989 invenire
2624 949 2731 989 non
2754 944 2955 1002 potest.
2990 935 3230 990 Primum
3261 951 3393 1007 ergo
3423 933 3729 991 exercenda

2125 1024 2349 1081 estvitcc
2389 1027 2600 1094 militia,
2629 1027 2939 1098 corrigendi
2977 1044 3180 1085 mores.
3228 1027 3362 1084 Cum
3419 1028 3534 1084 hzvc
3575 1027 3732 1083 insti-

2127 1120 2390 1175 tuerimus
2429 1121 2494 1175 ad
2527 1137 2746 1177 cursum
2797 1121 3063 1189 debitum,
3092 1133 3148 1178 ut
3171 1125 3240 1179 sit
3262 1122 3582 1178 oll‘cnsionis
3610 1138 3733 1177 cor-

2127 1213 2318 1276 rectio,
2352 1215 2609 1283 puritatis
2635 1216 2806 1286 gratia
2843 1232 2858 1281 ;
2897 1226 3024 1272 tunc
3059 1216 3128 1272 ad
3157 1216 3336 1272 studia
3370 1215 3734 1286 percipienda:

2125 1305 2454 1375 cognitionis
2502 1308 2784 1363 veniamus
2821 1325 2923 1364 suo
2953 1309 3148 1366 ordine
3187 1318 3244 1367 et
3283 1310 3388 1365 via.
3423 1310 3604 1365 Prima
3636 1309 3737 1382 igi-

2125 1408 2213 1454 tur
2239 1409 2364 1454 sunt
2394 1401 2639 1468 moralia,
2674 1403 2971 1458 secundum
3006 1404 3256 1476 mystica.
3285 1403 3343 1458 lu
3375 1404 3482 1459 illis
3512 1404 3644 1470 vita,
3680 1404 3732 1458 in

2128 1491 2216 1548 his
2235 1495 2507 1566 cognitio;
2543 1497 2614 1550 ita
2634 1509 2693 1552 ut
2724 1497 2772 1552 si
2800 1497 3188 1569 perfectionem
3213 1499 3482 1570 requiras.
3510 1512 3610 1554 nec
3628 1497 3734 1553 vita

2125 1586 2245 1641 sine
2286 1588 2620 1659 cognitione,
2655 1605 2753 1646 nec
2781 1593 3018 1660 Cognitio
3034 1593 3151 1649 sine
3179 1593 3282 1648 vita
3310 1593 3420 1648 sit:
3448 1604 3737 1663 utrumque

2126 1684 2488 1752 adstipuletur
2508 1686 2684 1742 alteri.
2706 1686 2943 1758 Ideoque
2963 1688 3331 1757 aitScriptura
3350 1706 3364 1742 :
3381 1687 3646 1743 Seminate
3659 1705 3738 1744 vo-

2128 1776 2203 1830 bis
2225 1780 2291 1830 ad
2315 1779 2594 1846 justitiam,
2611 1780 2920 1836 vindemiato
2947 1782 3016 1836 ad
3045 1782 3267 1851 fructum
3293 1783 3425 1849 vitaz,
3442 1783 3741 1840 illuminate

2127 1870 2268 1925 vobis
2297 1873 2468 1926 lumen
2490 1873 2798 1945 cognitionis
2829 1873 2978 1945 (Ose.
3015 1877 3193 1946 3,12).
3225 1876 3339 1934 Non
3371 1877 3519 1947 prius
3541 1878 3741 1932 illumi-

2128 1977 2275 2028 nate.
2292 1967 2386 2022 sed
2405 1969 2672 2024 semiuate
2689 1988 2701 2022 :
2719 1985 2819 2025 nec
2839 1970 3016 2025 solum
3041 1972 3311 2026 seminate
3335 1973 3485 2041 prius
3500 1971 3738 2042 adjusti-

2129 2060 2288 2128 tiam;
2317 2062 2408 2117 sed
2425 2063 2587 2117 etiam
2601 2063 2950 2130 vindemiato,
2968 2064 3235 2134 inquit.ad
3257 2068 3484 2120 l'ructttm
3505 2065 3628 2120 vita:
3651 2075 3742 2122 :et

2125 2155 2202 2208 sic
2255 2154 2561 2212 illuminate
2611 2157 2792 2212 lumen
2819 2158 3167 2228 cognitionis,
3197 2158 3446 2231 975m
3477 2157 3742 2228 perfectio

2128 2263 2235 2303 non
2264 2249 2439 2303 solum
2481 2251 2728 2318 consitis,
2765 2251 2862 2307 sed
2891 2252 3054 2307 ctiam
3086 2257 3322 2321 receptis
3352 2251 3616 2306 fructibus
3644 2266 3743 2320 ap-

2127 2344 2409 2411 probetur.
2447 2345 2504 2400 ln
2540 2348 2715 2414 primo
2737 2362 2951 2417 quoque
2978 2348 3189 2419 psalmo
3218 2347 3365 2403 hunc
3382 2346 3630 2402 ordinem
3659 2356 3742 2402 te-

2128 2437 2266 2499 nuit.
2304 2445 2362 2492 ιιι
2383 2438 2434 2492 itt
2462 2439 2546 2492 via
2574 2439 2961 2494 ambulandum
2987 2441 3212 2496 doceret
3241 2441 3416 2510 prius.
3440 2449 3495 2495 ct
3535 2449 3660 2495 tunc
3681 2439 3736 2494 itt

2129 2525 2273 2598 Lege
2301 2530 2695 2585 meditandum.
2747 2531 2849 2599 Qui
2894 2534 3037 2588 enim
3073 2548 3182 2588 non
3236 2533 3370 2587 abiit
3421 2531 3477 2587 in
3507 2530 3741 2588 consilio

2130 2619 2421 2691 impiorum
2447 2664 2461 2688 ,
2501 2622 2690 2695 utique
2719 2623 2787 2679 dc
2816 2625 3032 2694 pietatis
3055 2626 3161 2692 via,
3199 2633 3255 2680 et
3280 2625 3501 2694 iustitia:
3543 2623 3739 2680 semita

2130 2727 2239 2767 non
2292 2716 2569 2772 recessit:
2605 2716 2911 2787 meritoque
2965 2718 3015 2772 in
3070 2719 3154 2772 via
3206 2718 3493 2773 ambulans
3547 2718 3739 2774 beatus

2130 2810 2548 2877 pronuntiatur;
2581 2818 2636 2865 et
2676 2810 2766 2867 die
2812 2827 2874 2867 ac
2915 2821 3079 2868 nocte
3130 2812 3539 2869 meditationem
3581 2811 3743 2883 Legis

2128 2917 2392 2959 exercens
2429 2903 2590 2960 habet
2622 2905 2853 2976 gratiam
2893 2905 3267 2963 beatitudinis.

2137 3064 2149 3071 η
2201 2997 2254 3050 5.
2296 2997 2468 3064 Quam
2516 2997 2913 3055 institutionem
2947 3010 3168 3058 secutus
3201 3001 3489 3066 Salomon,
3537 3001 3741 3058 librum

2131 3087 2200 3140 de
2227 3086 2538 3144 Proverbiis
2577 3092 2816 3160 scripsit,
2848 3095 2901 3148 in
2944 3110 3052 3165 quo
3102 3096 3362 3150 moralem
3395 3095 3573 3149 locum
3610 3095 3746 3151 ube-

2131 3182 2246 3237 rius
2275 3185 2574 3252 expressit,
2621 3186 2922 3242 naturalem
2952 3188 3006 3242 iu
3034 3189 3384 3253 Ecclesiaste,
3440 3187 3735 3258 mysticum

418 3277 506 3349 qui
554 3276 823 3331 ambulant
869 3276 921 3329 in
952 3274 1060 3345 lege
1112 3272 1344 3327 Domini.
1397 3271 1542 3325 Beati
1591 3272 1679 3337 qui
1726 3279 2026 3325 scrutantur
2055 3307 2100 3369 Ο
2132 3273 2184 3328 Ῑιι
2209 3276 2450 3332 Cauticis
2475 3279 2809 3333 canticorum
2838 3295 3200 3351 :quamquam
3233 3280 3276 3334 si
3310 3279 3601 3353 diligenter
3627 3280 3743 3338 dis-

427 3371 720 3426 testimonia
765 3374 912 3441 ejus:
942 3369 995 3423 in
1052 3377 1155 3422 toto
1186 3367 1344 3421 corde
1379 3367 1653 3436 exquirunt
1681 3383 1816 3420 eum.
1847 3367 2021 3430 Quam

422 3464 647 3535 pulcher
674 3464 832 3528 ordo,
853 3478 1013 3534 quam
1057 3461 1246 3530 plenus
1277 3460 1542 3515 doctrinm
1571 3458 1871 3530 etgratize!
1905 3457 2021 3512 Non

425 3558 597 3628 prius,
652 3557 739 3623 qui
795 3563 1052 3608 scrutatur
1104 3552 1394 3607 testimonia
1447 3554 1581 3624 ejus,
1637 3551 1774 3606 dixit
1825 3549 2027 3621 (potuit

421 3653 566 3707 cuitu
624 3650 917 3705 convenire
980 3648 1276 3703 secundum
1347 3646 1661 3716 litteram),
1692 3645 1787 3701 scd
1825 3643 1976 3714 prius
2009 3662 2022 3700 :

425 3742 572 3798 Beati
598 3742 912 3797 immaculati
940 3742 992 3796 in
1019 3742 1121 3794 via.
1172 3740 1314 3796 Ante
1373 3740 1514 3794 enim
1548 3738 1656 3793 vita
1694 3754 1855 3809 quam
1896 3739 2023 3794 doc-

424 3841 566 3895 trina
609 3836 900 3908 quaerenda
928 3845 1030 3893 est.
1062 3835 1183 3892 Vita
1207 3834 1352 3892 enim
1379 3836 1521 3891 bona
1548 3841 1603 3889 et
1631 3834 1750 3890 sine
1774 3833 2021 3890 doctrina

427 3997 550 4037 nem
580 3998 758 4048 suam,
788 3981 842 4036 id
871 3989 973 4046 est,
1003 3995 1197 4050 panem
1225 3993 1254 4032 a
1286 3975 1569 4050 sacerdote
1591 3975 2018 4050 consecrandum

427 4055 494 4109 ad
545 4055 730 4109 altaria
779 4054 968 4106 Solitos
1007 4047 1212 4107 _aﬂ'crre
1255 4049 1515 4106 credibile
1543 4058 1646 4102 est.
1690 4047 1820 4101 Nam
1855 4051 2022 4105 moris

427 4127 622 4188 fuitne,
652 4135 704 4179 nt
733 4125 1105 4193 unusquisque
1137 4137 1328 4187 panem
1363 4120 1503 4174 unde
1525 4122 2021 4193 enmtnnnicatttrus

426 4209 573 4262 crat,
629 4197 746 4264 ipse
795 4191 1037 4254 olle—rret.
1094 4208 1215 4248 cum
1276 4193 1596 4246 miraculum
1657 4191 1725 4245 de
1762 4191 2022 4264 _tnttliere

427 4267 628 4323 Clitiin
652 4262 1000 4325 _nrmsentiatn
1047 4266 1098 4318 in
1141 4277 1482 4319 Sacramento
1511 4278 1615 4316 non
1648 4262 1904 4317 credente
1933 4280 2021 4318 re-

429 4341 597 4394 latum
635 4341 686 4392 in
717 4340 822 4392 vita
846 4336 1094 4407 Gregorii
1122 4336 1308 4407 Magni
1337 4335 1470 4389 satis
1503 4334 1774 4407 ostendit,
1809 4344 1918 4407 tum
1949 4335 2021 4389 lo-

429 4427 525 4466 Ctts
548 4429 577 4461 e
602 4411 742 4465 libro
773 4413 841 4465 de
871 4404 1076 4473 septem
1104 4406 1364 4460 Ecclesia»
1382 4404 1640 4474 gradibus
1664 4420 1768 4457 non
1793 4404 2022 4460 obscure

428 4483 716 4554 signilicat.
748 4482 837 4554 Sic
859 4489 1039 4554 autem
1065 4479 1226 4531 habet
1258 4495 1271 4529 :
1307 4475 1454 4532 Sicut
1481 4477 1532 4554 in
1553 4475 1818 4554 sacerdote
1843 4491 2023 4554 conse-

431 4543 615 4618 cratio,
645 4553 714 4606 ita
750 4553 801 4604 in
830 4551 1066 4604 ministro
1113 4559 1188 4604 est
1225 4546 1532 4601 sacramenti
1583 4546 1877 4618 dispositio:
1922 4543 2025 4599 Ille

433 4615 610 4678 oblata
655 4623 974 4685 sanctiﬁcat.
1018 4621 1099 4673 hic
1143 4618 1468 4686 sanctiﬁcata
1517 4618 1797 4689 dispensat.
1851 4615 2024 4689 Porro

435 4697 742 4766 net-pltytos
791 4691 1060 4747 sacriﬁcio
1108 4691 1298 4766 adt-sse
1348 4706 1452 4766 non
1490 4687 2024 4766 eumuevisse,_hoc

2131 3371 2325 3432 cutias.
2357 3382 2412 3427 et
2458 3372 2511 3426 in
2559 3373 2869 3429 Proverbiis
2913 3375 3144 3447 mystica
3175 3375 3436 3447 pleraque
3471 3377 3736 3446 reperies.

2128 3477 2181 3523 et
2232 3467 2284 3521 in
2340 3465 2582 3524 Cauticis
2627 3469 2915 3525 moralium
2970 3470 3318 3526 suavitatem.
3364 3470 3497 3526 Nam
3551 3472 3739 3541 utique

2129 3560 2415 3633 mysticum
2485 3572 2569 3618 est
2597 3581 2609 3617 :
2642 3563 2915 3637 Sapientia
2966 3565 3244 3631 wdiﬁcavit
3298 3566 3396 3620 sibi
3440 3565 3652 3620 domum
3689 3573 3741 3620 et

2125 3655 2355 3710 subdidit
2374 3657 2640 3711 columnas
2666 3668 2877 3730 septem,
2910 3659 3173 3731 interfecit
3203 3676 3324 3714 suas
3354 3659 3574 3722 hostias,
3625 3667 3735 3716 etc.

2127 3747 2313 3822 (Prov.
2341 3752 2415 3816 ix,
2448 3751 2520 3820 1).
2555 3761 2577 3788 ι’
2619 3750 2840 3823 Hocque
2870 3753 2922 3808 in
2955 3751 3196 3809 Canticis
3226 3755 3371 3810 lucet
3403 3766 3510 3810 tam
3544 3755 3737 3826 mysti-

2129 3855 2252 3897 cum
2274 3858 2436 3914 quam
2462 3844 2690 3911 morale,
2719 3848 2774 3900 in
2795 3862 2902 3916 quo
2916 3845 3299 3902 blanditiarum
3323 3849 3562 3904 suavitas
3588 3847 3736 3904 etal-

2129 3981 2195 4056 ad
2228 3982 2433 4038 calcem
2465 3984 2570 4041 col.
2604 3984 2730 4051 759,
2763 4002 2928 4056 quam
2979 3989 3385 4046 annotationem
3414 3990 3508 4046 tibi
3535 4005 3734 4048 consu-

2131 4054 2268 4120 lere,
2293 4055 2336 4109 si
2363 4056 2512 4119 libet,
2542 4057 2688 4112 licet.

2200 4125 2248 4204 d_
2271 4127 2504 4204 Dalluttts
2534 4129 2754 4204 inlibro
2787 4127 2865 4204 pe
2889 4148 2983 4185 usu
3017 4131 3254 4198 Patrum,
3289 4149 3413 4204 pag.
3436 4132 3566 4199 944,
3598 4135 3736 4190 scri-

2131 4196 2210 4252 bit
2237 4199 2288 4251 iu
2318 4197 2461 4253 hunc
2483 4200 2698 4254 modutn
2735 4217 2748 4254 :
2784 4201 2928 4255 Mem
2962 4205 3163 4258 somnia
3214 4196 3389 4260 narrat
3434 4196 3734 4262 Ambrosius

2130 4268 2403 4350 lectori-bus
2430 4271 2632 4350 suis...
2664 4272 3015 4350 in_Psalmum
3041 4291 3227 4334 CXVIII.
3252 4279 3376 4350 dum
3403 4279 3612 4350 exponit
3637 4295 3733 4332 no-

2130 4343 2270 4417 mina
2292 4339 2666 4417 Hebraicorum
2688 4344 3054 4417 elementorum
3077 4389 3092 4407 .
3124 4365 3157 4401 a
3181 4349 3364 4417 quibus
3392 4339 3602 4403 sumunt
3631 4349 3730 4403 ini-

2134 4412 2263 4464 tium
2289 4414 2530 4488 versiculi
2579 4415 2900 4488 singulorum
2954 4412 3391 4488 Octonariorum,
3452 4428 3561 4475 etc.
3611 4420 3729 4477 Non

2132 4484 2301 4537 Semel
2353 4483 2464 4551 jam
2526 4495 2651 4539 ante
2677 4487 3014 4544 ostendimus
3064 4483 3645 4548 Doctorem'nostrum
3676 4492 3730 4549 in

2133 4556 2372 4631 eruenda
2430 4554 2820 4631 llebraicorutn
2862 4561 3148 4631 _nominum
3181 4561 3580 4631 signiﬁcatione
3622 4565 3726 4617 ali-

2132 4624 2349 4692 quando
2375 4625 2554 4682 minus
2573 4627 2813 4683 feliciter.
2843 4628 3139 4687 desudasse
3169 4650 3182 4686 ε
3213 4624 3402 4688 ὶῖεΓηηι
3430 4644 3484 4686 et
3508 4634 3582 4688 illi
3612 4649 3730 4691 aevo

2131 4709 2376 4777 quonon
2410 4700 2476 4777 ita
2509 4698 2814 4777 communis
2835 4710 2953 4756 erat
3001 4703 3280 4777 lleliraicm
3313 4705 3510 4770 lingua:
3540 4709 3732 4777 cogni-

435 4752 648 4843 vitlétui:
686 4768 1010 4843 conlirntare
1059 4761 1204 4832 quod
1254 4759 2025 4843 Attiltrt_tsitts_ac‘AugttstiutIs
2051 4752 2103 4812 D
2132 4752 2227 4830 tio,
2254 4766 2306 4820 id
2358 4768 2699 4843 tribuendum
2752 4752 3725 4843 est;

433 4838 610 4896 citatis
635 4839 767 4892 loris
788 4851 881 4890 eos
903 4829 1298 4889 sacratiteutum
1324 4831 1539 4898 quidem
1571 4831 1622 4886 in
1647 4831 1800 4884 altari
1825 4829 2024 4886 vidisse

435 4918 701 4972 as-erant,
724 4909 792 4961 de
823 4904 1088 4960 sacriﬁcio
1117 4915 1297 4958 autem
1333 4906 1488 4968 plane
1516 4904 1729 4956 sileant.
1757 4903 1909 4956 Adde
1926 4903 2026 4957 du-

433 4981 580 5037 binm
614 4995 736 5033 esse
769 4979 965 5033 netniui
999 4977 1220 5032 eosdem
1265 4990 1370 5029 non
1419 4976 1565 5040 prius
1606 4976 1752 5044 gregi
1791 4974 2024 5028 aliorum

437 5052 673 5108 ﬁdelium
728 5049 1048 5119 conjunctos
1090 5051 1289 5112 fuisse,
1321 5062 1482 5117 quam
1507 5046 1698 5102 stolam
1740 5045 2024 5100 candidam

437 5125 794 5193 depuncrcut.

511 5226 535 5253 ει
569 5217 727 5271 Rom.
775 5214 933 5280 edit.,
961 5213 1282 5286 ingrediatur
1311 5213 1364 5265 in
1389 5211 1555 5279 diem,
1584 5221 1639 5265 ut
1670 5209 1854 5264 inuitas
1892 5209 2027 5281 quod

435 5290 766 5359 informatus,
793 5298 898 5341 etc.
1757 5287 1771 5295 ’

507 5388 535 5426 ιι
584 5388 739 5442 Rom.
774 5385 929 5442 edit.,
959 5383 1201 5438 Psalmus
1245 5383 1545 5438 centesimus
1597 5382 1944 5438 decimus”...
1977 5389 2026 5434 et

436 5462 741 5517 centesimus
784 5459 1081 5510 undecimus
1111 5473 1200 5527 per
1227 5459 1340 5517 ltus,
1401 5467 1506 5511 etc.
1564 5453 1662 5508 Ubi
1694 5468 1826 5507 sane
1855 5453 2025 5527 voluit

435 5535 732 5598 legitimum
788 5525 1119 5583 numerandi
1141 5528 1384 5581 ordinem
1435 5527 1736 5580 restitui-re.
1773 5525 1877 5598 bed
1908 5538 2021 5577 ma-

432 5596 684 5660 nifestum
725 5612 806 5655 est
831 5599 1172 5654 Ambrosium
1217 5601 1265 5652 id
1292 5598 1435 5669 qttotl
1491 5608 1696 5651 certqu
1729 5596 2016 5659 credebat,

435 5677 606 5744 prium
636 5674 792 5729 loco:
828 5673 970 5743 quod
997 5687 1129 5727 vero
1166 5689 1270 5725 non
1301 5675 1369 5725 ita
1411 5679 1641 5736 certum,
1662 5671 1900 5724 secundo
1927 5683 2023 5738 po-

436 5753 624 5804 suisse.

509 5852 531 5879 ε
573 5840 720 5894 lianc
769 5835 936 5893 fuisse
982 5845 1222 5892 veterum
1278 5849 1619 5891 communem
1677 5831 2019 5902 Opinionem,

431 5912 528 5980 sed
556 5909 624 5968 ab
645 5927 708 5968 ea
734 5909 1067 5968 recentiores
1101 5907 1360 5980 quosdam
1409 5905 1704 5966 descivisse
1736 5902 2027 5967 docuimus

2134 4853 2297 4913 super
2323 4855 2384 4913 ea
2419 4856 2476 4894 re
2505 4840 2801 4907 scriptores
2830 4858 2967 4913 quos
3020 4840 3131 4899 tum
3161 4846 3331 4913 licuit,
3365 4849 3724 4904 consuluerit.

2133 4908 2438 4976 Optandum
2487 4914 2702 4982 quidem
2737 4908 2884 4969 esset
2913 4931 3037 4971 eum
3092 4917 3142 4970 in
3197 4908 3373 4972 fontes
3405 4917 3584 4974 minus
3605 4935 3726 4976 cor-

2133 4991 2322 5050 ruptus
2371 4983 2647 5058 incidisse,
2674 5000 2808 5058 rum
2859 4986 2999 5058 forte
3029 4989 3234 5043 nullttm
3265 4990 3430 5045 alium
3461 4992 3727 5058 repererit

2135 5064 2331 5132 praeter
2383 5054 2622 5109 Philonis
2672 5056 3038 5132 Etymologias
3073 5076 3271 5132 :Hquas
3321 5071 3397 5115 tot
3456 5054 3729 5132 tantisque

2134 5124 2412 5204 erroribus
2434 5137 2703 5204 scatentes
2727 5124 2892 5204 fuisse
2919 5124 3076 5204 docet
3104 5130 3485 5204 Hieronymus,
3520 5147 3575 5188 ut
3598 5124 3726 5192 inde

2135 5194 2202 5248 ad
2236 5214 2326 5249 eas
2368 5199 2742 5268 expurgandas
2775 5201 3001 5268 ipsemet
3049 5194 3416 5260 induceretur.
3471 5194 3551 5258 Ad
3607 5204 3727 5263 ha-c

2134 5268 2841 5342 n0n_ignei-ab..tDall:eus
2871 5287 3030 5341 quam
3084 5290 3310 5342 pronum
3351 5277 3419 5330 sit
3449 5275 3500 5328 in
3550 5277 3728 5342 expli-

2132 5338 2330 5417 calidis
2354 5341 2632 5417 vocabulis
2658 5341 2794 5395 adeo
2831 5338 3113 5414 mttlliplici
3144 5346 3540 5417 signiﬁcatione
3565 5338 3724 5417 quasi

2129 5410 2251 5463 fctis
2281 5427 2487 5467 errare.
2542 5411 2672 5480 Qua:
2710 5427 2843 5468 sane
2887 5410 3009 5471 eum
3041 5410 3299 5473 adversus
3328 5424 3488 5471 tanta:
3537 5410 3725 5474 aucto-

2127 5480 2303 5536 ritatis
2356 5483 2570 5539 Patrem
2615 5483 2913 5540 debuerant
2966 5489 3126 5558 paulo
3181 5486 3568 5544 modestiorem
3599 5493 3724 5546 elli-

2125 5567 2270 5608 cere.
2757 5585 2759 5587 ί

2208 5636 2230 5662 υ
2264 5626 2388 5681 Mss.
2423 5625 2664 5703 plerique
2686 5643 2750 5683 ac
2779 5637 2886 5684 vet.
2942 5630 3097 5703 edit.,
3164 5629 3372 5703 Hocque
3396 5631 3449 5687 in
3493 5632 3722 5689 Comici:

2133 5695 2251 5776 licet
2274 5710 2375 5776 tam
2395 5695 2665 5776 mysticum
2694 5717 2847 5770 quam
2872 5702 3065 5776 morale
3093 5703 3176 5755 sit.
3213 5695 3395 5767 uti"...
3431 5703 3640 5776 Hocque
3666 5707 3719 5759 in

2133 5765 2361 5854 piraticis
2409 5765 2730 5854 canticorum
2751 5783 2798 5825 et
2838 5773 3111 5854 mysticum
3141 5784 3188 5828 et
3213 5765 3426 5854 morale.
3448 5765 3568 5832 Νυέ
3590 5791 3720 5854 vero

2133 5840 2559 5918 lecrionetncdd.
2579 5839 2811 5913 Reutig.,
2839 5839 3019 5906 Vind,
3044 5845 3276 5914 'l'heod.,
3296 5846 3489 5905 Navar.
3529 5848 3713 5918 unius,

2133 5923 2296 5985 atque
2319 5912 2460 5970 Aud.
2492 5912 2960 5987 repraesentantus.
