4070 6476
356 396 491 454 1201

1427 391 1495 450 ΙΝ
1531 391 1861 452 PSALMUM
1900 391 2111 452 CXVIII
2149 392 2539 455 EXPOSITIO.

3512 403 3653 461 ηοξ

357 515 531 572 fectus
544 515 775 570 amantis
793 511 1142 584 exprimitur:
1165 509 1440 566 Osculetur
1463 528 1542 566 me
1562 511 1625 566 ab
1656 513 1951 566 osculooris
1979 510 2033 573 Α
2055 512 2224 580 spirat
2277 512 2476 578 ubique
2506 513 2746 569 suavitas
2783 511 3084 585 pudicitia},
3140 527 3470 587 unguentum
3505 517 3651 586 fidei,

356 608 478 676 sui;
507 611 753 676 quoniam
780 607 978 678 Optima
1026 604 1185 659 ubera
1215 613 1304 660 tua
1347 622 1505 675 super
1531 606 1729 673 vinum,
1758 617 1806 660 et
1827 606 1955 660 odor

357 712 733 773 unguentorum
775 710 978 755 tuorum
996 715 1149 768 super
1169 699 1342 753 omnia
1355 707 1590 753 aromata
1618 697 1841 772 (Canta,
1877 697 1952 772 l).

431 795 484 850 ι.
527 791 810 851 Constitue
863 809 994 865 ergo
1043 793 1304 863 virginem
1356 796 1736 864 desponsatam
1786 793 1956 848 multo

359 900 628 961 tempore,
657 898 713 944 et
735 889 886 961 justo
910 888 1206 944 ferventem
1237 904 1442 956 amore,
1473 905 1594 960 qua:
1631 889 1799 944 multa
1833 904 1956 959 pro-

357 984 482 1041 bata
534 999 699 1056 opera
748 983 933 1040 dilecti
974 982 1334 1054 probabilium
1381 983 1598 1038 testium
1653 983 1956 1040 assertione

356 1079 696 1150 cognoverit,
740 1077 1028 1133 desideriis
1050 1077 1329 1147 suspensis
1372 1076 1592 1132 dilatant
1621 1078 1952 1149 frequenter,

354 1175 466 1246 jam
522 1190 631 1230 non
673 1172 937 1229 ferentem
984 1187 1194 1239 moras;
1241 1188 1364 1245 qua:
1395 1173 1576 1228 omnia
1633 1173 1870 1237 fecisset,
1898 1183 1957 1229 ιιι

355 1283 620 1339 sponsum
652 1267 865 1323 videret
896 1285 908 1320 :
937 1266 1229 1338 aliquando
1274 1268 1417 1321 votis
1447 1266 1672 1337 politam
1720 1267 1854 1330 suis,
1887 1264 1953 1319 ad

359 1364 718 1436 improvisum
748 1362 930 1433 sponsi
965 1361 1254 1416 adventum
1302 1361 1502 1432 gaudio
1531 1361 1820 1426 turbatam,
1846 1375 1954 1415 non

361 1471 610 1530 qumrere
637 1453 928 1527 primordia
950 1453 1313 1519 salutationis,
1340 1470 1446 1509 non
1470 1453 1762 1508 verborum
1775 1453 1952 1520 vices;

361 1549 458 1608 sed
499 1549 682 1604 statim
724 1546 866 1617 quod
921 1545 1293 1602 desiderasset
1321 1547 1558 1618 exigere.
1613 1545 1691 1601 Ita
1727 1560 1857 1617 ergo
1900 1553 1956 1601 et

360 1652 544 1698 sancta
572 1641 814 1698 Ecclesia
846 1655 966 1711 qua:
999 1639 1050 1694 iu
1076 1639 1390 1710 primordiis
1420 1638 1606 1694 tnundi
1628 1639 1954 1709 deSponsata

358 1737 414 1793 in
441 1737 716 1810 paradiso,
755 1735 1094 1808 pra-ﬁgurata
1138 1736 1191 1790 in
1220 1734 1459 1802 diluvio,
1493 1738 1814 1790 annuntiata
1859 1751 1956 1806 per

358 1833 578 1904 Legem,
631 1840 820 1887 vocata
882 1847 978 1900 per
1027 1829 1341 1903 prophetas,
1389 1831 1480 1885 diu
1520 1830 1952 1901 redemptionem

2059 607 2160 661 flos
2206 607 2550 679 integritatis.
2608 609 2674 664 Et
2717 624 2748 664 a
2779 611 3100 665 mortalibus
3126 612 3276 666 venit
3321 613 3386 664 ad
3424 614 3649 686 mystica

2057 701 2245 756 dicens
2275 719 2287 754 :
2320 699 2616 758 Introduxit
2647 721 2726 758 me
2747 701 2861 760 Rea:
2885 706 2936 758 in
2967 706 3254 760 cubiculum
3278 723 3452 773 suum,
3481 708 3653 764 exsul-

2060 804 2224 848 temus
2267 804 2319 850 et
2366 795 2598 850 ltetemur
2645 798 2701 851 in
2739 807 2820 875 te,
2853 801 3131 870 diligamus
3177 800 3334 856 ubera
3365 810 3453 854 tua
3499 817 3653 870 super

2057 888 2230 941 uinum
2254 887 2445 960 (Ibid.,
2478 890 2555 961 '5).
2595 891 2834 962 Simplex
2865 904 2947 948 est
2975 895 3118 949 enim
3170 897 3436 963 osculum,
3488 911 3655 966 nego-

2058 982 2256 1036 tiosutn
2283 993 2461 1036 autem
2491 982 2721 1038 cubiculi
2750 995 3045 1041 secretum.

2130 1074 2181 1129 6.
2225 1074 2282 1130 lo
2307 1075 2424 1144 ipso
2451 1092 2668 1148 quoque
2701 1077 2996 1148 Evangelio
3016 1080 3412 1151 pulcherrimus
3437 1082 3505 1137 de
3531 1095 3652 1137 mo-

2059 1169 2261 1224 ralibus
2291 1169 2440 1223 locus
2470 1181 2584 1236 est;
2620 1182 2675 1224 ιιι
2719 1174 3086 1242 unusquisque
3115 1191 3207 1228 vas
3240 1190 3394 1228 suum
3430 1177 3655 1232 inundet

2058 1263 2273 1318 dicente
2302 1262 2534 1318 Domino
2561 1283 2574 1318 :
2607 1263 2876 1320 Pharistee
2904 1282 3057 1329 caece,
3104 1269 3296 1322 munda
3323 1272 3465 1340 prius
3516 1271 3654 1341 quod

2058 1356 2193 1410 intus
2220 1366 2295 1409 est
2335 1357 2510 1410 calicis
2538 1366 2583 1410 et
2619 1358 2944 1429 parapsidis;
2969 1368 3022 1413 ut
3051 1359 3145 1430 ﬁat
3174 1370 3222 1414 et
3266 1361 3320 1414 id
3357 1365 3495 1432 quod
3524 1365 3654 1434 [oris

2059 1458 2132 1504 est
2159 1450 2406 1503 mundum
2438 1448 2655 1521 (Matth.
2705 1466 2862 1516 χχιιι,
2894 1451 3008 1523 26).
3059 1452 3191 1507 Nam
3239 1454 3342 1509 nisi
3372 1473 3432 1511 se
3480 1473 3650 1512 unusv

2058 1543 2286 1614 quisque
2317 1543 2466 1595 intus
2510 1542 2879 1607 mandaverit,
2935 1544 3148 1598 etiamsi
3196 1545 3325 1599 foris
3371 1549 3650 1615 speciosus

2061 1637 2312 1694 videatur
2343 1647 2400 1693 et
2435 1638 2637 1707 justus,
2668 1638 2864 1692 similis
2904 1638 3009 1692 erit
3047 1639 3314 1694 dealbatis
3343 1642 3644 1711 sepulcris;

2060 1743 2117 1788 ut
2140 1734 2271 1789 foris
2300 1732 2519 1803 quidem
2564 1733 2746 1803 justus
2792 1732 3061 1799 videatur,
3099 1735 3242 1790 intus
3271 1749 3401 1790 vero
3445 1735 3656 1789 sitfeti-

2059 1824 2180 1881 dus.
2239 1825 2328 1882 Sic
2355 1837 2438 1880 est
2466 1827 2713 1880 doctrina
2737 1827 2854 1882 sine
2896 1828 3019 1881 vita:
3051 1828 3381 1882 innocentia.
3412 1827 3516 1882 Sed
3550 1843 3651 1885 nec

353 1925 633 1980 hominum
657 1966 672 1990 ,
727 1923 1002 1994 Evangelii
1057 1923 1349 1989 decorem,
1401 1923 1585 1979 dilecti
1641 1935 1954 1991 exsncctas-
1983 1911 2030 1972 Β
2058 1919 2174 1991 ipsa
2196 1920 2443 1976 doctrina
2473 1930 2655 1992 potest
2699 1921 3002 1976 mercedem
3034 1921 3265 1988 habere,
3299 1921 3384 1977 ubi
3422 1922 3652 1994 gratiam

352 2016 1072 2087 setadventum,impatiens
1092 2032 1260 2070 morm
1291 2016 1344 2070 in
1375 2014 1557 2070 oscula
1588 2016 1695 2069 ruit
1725 2014 1948 2071 dicens:

357 2113 627 2168 Osculetur
656 2129 736 2167 me
776 2114 838 2167 ab
863 2113 1039 2167 osculo
1067 2113 1172 2167 oris
1199 2114 1300 2166 sui.
1349 2111 1418 2166 Et
1447 2111 1708 2166 delectata
1751 2111 1952 2166 OSCtlllS

351 2204 538 2275 adjicit
577 2204 894 2283 {Quoniam
941 2205 1139 2269 Optima
1196 2204 1355 2259 ubera
1386 2212 1474 2257 tua
1502 2220 1656 2276 super
1681 2204 1875 2258 vinum.

423 2298 477 2354 5.
522 2297 589 2352 Et
617 2306 673 2352 ut
705 2297 966 2352 moralius
996 2296 1264 2362 dicamus,
1295 2296 1540 2365 intellige
1571 2296 1700 2350 mihi
1731 2311 1950 2352 carnem

352 2391 522 2455 illam,
553 2407 674 2462 quas
701 2383 1002 2447 madefacta
1043 2389 1220 2446 fuerat
1265 2390 1317 2445 in
1347 2392 1516 2444 Adam
1558 2390 1832 2461 serpentis
1863 2406 1955 2446 vc-

351 2501 514 2553 neno,
557 2501 679 2556 qua:
731 2485 1021 2541 criminum
1058 2486 1336 2540 marcebat
1375 2483 1578 2550 fetore,
1609 2499 1728 2553 qua:
1758 2498 1956 2553 proce-

351 2579 515 2636 debat
548 2579 602 2635 in
636 2579 852 2635 ﬁliabus
876 2579 1006 2635 Sion
1039 2579 1148 2633 alta
1175 2579 1398 2633 cervice
1421 2587 1477 2633 et
1517 2578 1737 2633 nutibus
1766 2578 1954 2632 oculo-

351 2690 468 2731 rum
491 2717 505 2739 ,
531 2684 586 2729 et
617 2674 817 2729 itinere
861 2673 1059 2744 pedum
1096 2671 1323 2727 trahens
1362 2671 1596 2738 tunicas,
1642 2681 1696 2727 et
1728 2671 1954 2741 pedibus

351 2769 465 2822 suis
489 2767 704 2832 ludens,
729 2767 960 2823 crinium
989 2766 1258 2822 cincinnis
1279 2775 1335 2821 et
1355 2766 1673 2836 compositis
1696 2766 1952 2832 vultibus,

355 2869 518 2930 atque
543 2859 888 2914 rediiniculis
913 2869 969 2914 et
1007 2860 1156 2914 omni
1199 2858 1452 2913 affectata
1491 2858 1690 2914 deCore
1715 2859 1832 2928 plus
1861 2858 1952 2914 de-

356 2950 559 3006 decens
591 2969 604 3004 :
637 2951 884 3006 eamdem
926 2961 1102 3006 tamen
1136 2951 1387 3022 plurimis
1438 2952 1688 3007 eductam
1720 2952 1956 3007 oraculis

354 3045 499 3116 quod
529 3055 788 3100 venturus
817 3053 984 3110 esset,
1013 3044 1104 3115 qni
1151 3045 1424 3114 serpentis
1478 3043 1749 3099 illecebris
1772 3043 1958 3100 exclu-

354 3137 667 3202 sis,sancti
719 3135 952 3206 Spiritus
1005 3136 1312 3192 infunderet
1355 3137 1611 3207 gratiam,
1667 3145 1725 3190 ut
1778 3137 1955 3191 omnis

355 3246 483 3287 caro
537 3231 748 3285 videret
789 3231 1031 3286 salutare
1087 3230 1216 3297 Dei,
1273 3229 1452 3284 omnis
1496 3244 1624 3284 caro
1670 3229 1736 3284 ad
1784 3231 1951 3286 Deum

353 3323 600 3388 veniret,
670 3321 932 3377 inarsisse
979 3321 1253 3376 desiderio
1297 3339 1310 3373 :

353 3416 746 3486 utimpatieus,
777 3414 1080 3477 utlasciva,
1112 3425 1168 3468 ut
1229 3414 1527 3482 luxuriosa,
1577 3425 1634 3469 ut
1690 3417 1950 3486 querula,

353 3507 494 3562 sicut
551 3515 676 3563 ante
735 3505 940 3572 fuerat,
988 3506 1331 3577 displiceret;
1399 3515 1454 3561 et
1510 3507 1753 3578 longiore
1791 3525 1952 3579 «luam

355 3601 497 3656 ferre
522 3600 632 3669 jam
663 3607 900 3671 poterat.
947 3599 1210 3655 morantis
1259 3599 1525 3655 adventus
1562 3601 1811 3657 dominici
1860 3617 1957 3657 ex-

355 3697 694 3767 spectatione
738 3695 902 3768 975
952 3703 1268 3766 quateretnr
1307 3713 1319 3747 :
1364 3709 1470 3750 non
1530 3695 1955 3751 immurmuran-

355 3799 465 3844 tem
508 3799 710 3852 tamen,
759 3804 859 3844 nec
913 3787 1420 3859 transgredientem,
1467 3789 1560 3844 sed
1585 3790 1852 3844 levantem
1902 3791 1954 3846 in

356 3882 503 3937 omni
551 3883 671 3938 loco
703 3896 866 3952 puras
897 3897 1089 3936 manus
1116 3883 1236 3936 sine
1268 3883 1342 3937 ira
1395 3892 1447 3937 et
1478 3883 1874 3952 disceptatione
1898 3884 1955 3938 in

358 3977 542 4033 habitu
573 3989 789 4045 ornato,
823 3992 945 4032 cum
978 3977 1303 4033 verecundia
1333 3988 1386 4034 et
1427 3978 1725 4034 sobrietate
1751 3994 1951 4034 ornan-

358 4080 466 4127 tem
496 4087 574 4138 se,
611 4087 716 4126 non
765 4070 816 4124 in
848 4071 1004 4127 tortis
1034 4071 1299 4136 crinibus,
1344 4081 1438 4126 aut
1487 4087 1641 4135 auro,
1688 4082 1781 4126 aut
1812 4088 1956 4127 mare

357 4165 542 4236 garitis
592 4174 687 4220 aut
736 4174 886 4220 veste
919 4167 1152 4235 pretiosa
1179 4183 1193 4230 ;
1237 4165 1329 4220 sed
1361 4166 1424 4219 iis
1458 4182 1580 4235 qua:
1609 4167 1879 4221 castitatis
1906 4176 1960 4221 et

358 4259 518 4314 bona:
547 4259 978 4313 conversationis
1019 4259 1280 4312 docerent
1309 4259 1566 4328 gratiam,
1591 4274 1750 4314 orare
1776 4259 1961 4314 dicen-

361 4360 468 4407 tem
499 4370 512 4405 :
541 4351 816 4406 Oseuletur
842 4368 920 4405 me
941 4353 1003 4404 ab
1020 4351 1196 4405 osculo
1223 4352 1327 4404 oris
1362 4351 1476 4415 sui;
1505 4352 1749 4423 quoniam
1769 4355 1960 4422 optima

361 4445 520 4498 ubera
549 4454 636 4496 tua
650 4460 806 4513 super
828 4445 1022 4497 vinum.
1047 4441 1166 4498 1Ῐίιιιι
1197 4443 1416 4498 Volebat
1435 4443 1716 4500 adhterere
1737 4442 1958 4501 Christo

358 4555 511 4605 caro,
555 4540 666 4609 jam
713 4538 1007 4595 festinabat
1047 4539 1348 4607 innubere;
1402 4552 1459 4595 ιιι
1509 4553 1657 4598 esset
1685 4557 1823 4598 unus
1850 4544 1959 4614 spi-

361 4633 518 4699 ritus,
547 4642 602 4687 et
632 4631 786 4686 fieret
806 4647 934 4688 caro
965 4632 1193 4694 Christi,
1226 4648 1346 4700 quae
1391 4643 1510 4689 erat
1537 4645 1662 4691 ante
1705 4637 1957 4691 meretri-

359 4727 460 4781 cis.
492 4724 783 4789 Osculelur,
811 4728 1003 4797 inquit,
1028 4743 1107 4781 nte
1135 4727 1436 4799 (osculatur
1455 4743 1553 4783 nos
1575 4729 1919 4785 DeiVerbum
1939 4772 1954 4797 ,

362 4819 577 4889 quando
618 4834 836 4874 sensum
865 4829 1117 4875 nostrum
1148 4821 1368 4890 spiritus
1394 4823 1720 4892 cognitionis
1753 4824 1957 4879 illumi-

363 4911 514 4982 nat);
547 4922 601 4966 et
633 4924 904 4983 tamquam
938 4913 1244 4982 despiciens
1273 4929 1464 4968 omnes
1487 4916 1859 4984 jucunditates
1907 4927 1962 4973 et

362 5004 754 5062 deleatationes
768 5021 918 5074 suas,
939 5007 1490 5077 cmlestibuscupiens
1515 5008 1782 5065 iulia-rere
1810 5026 1963 5066 man-

362 5089 504 5151 datis
524 5099 598 5151 ait
629 5115 641 5149 :
669 5101 936 5164 Quoniam
970 5099 1175 5169 optima
1206 5110 1473 5169 praecepta
1503 5110 1956 5159 testamentorum

364 5203 582 5246 tuorum
617 5206 781 5260 super
808 5207 1023 5248 omnem
1070 5195 1437 5264 appetentiam
1465 5195 1668 5263 carnis,
1694 5205 1750 5251 et
1776 5200 1966 5254 sa'culi

362 5285 721 5355 voluptatem.
766 5284 1088 5339 Meminerat
1125 5287 1269 5340 enim
1298 5302 1357 5340 se
1388 5287 1440 5341 in
1472 5287 1579 5342 Eva
1607 5298 1732 5343 ante
1753 5292 1831 5345 sic
1852 5291 1965 5360 lap-

363 5393 502 5445 sam,
559 5378 685 5433 dum
734 5378 1074 5447 voluptatem
1131 5380 1378 5450 corporis
1422 5382 1644 5452 praefert
1693 5386 1965 5442 mandatis

365 5472 702 5528 ccelestibus.
737 5472 857 5526 Ait:
893 5469 1225 5543 Unguentum
1261 5475 1586 5529 exinanitum
1615 5492 1804 5531 nomen
1827 5488 1966 5533 tuum

365 5564 560 5639 (lbid.,
614 5566 708 5635 2);
739 5565 843 5622 hoc
884 5575 987 5632 est,
1039 5574 1187 5620 totus
1214 5567 1509 5624 immundis
1564 5570 1965 5640 impuritatibus

364 5660 708 5718 diversorum
757 5661 1060 5716 facinorum
1102 5659 1304 5716 fetebat
1362 5662 1450 5718 hic
1503 5663 1781 5720 mundus:
1818 5681 1965 5722 nunc

447 5852 472 5884 η
513 5844 627 5902 Hoc
651 5853 756 5910 est,
784 5843 875 5915 qui
925 5843 1076 5899 velut
1097 5843 1278 5899 carnis
1305 5844 1419 5901 vice
1451 5860 1513 5901 ac
1535 5847 1752 5903 nomine
1781 5847 1971 5918 loque-

371 5919 682 6045 bathl“limo.
718 5987 874 6052 cdit.,
902 5989 1211 6060 ροριιιοι-ιιηι
1238 5988 1654 6057 redemptionem.

1983 4694 2038 4755 Ι)

2056 2029 2164 2068 non
2197 2013 2356 2068 habet
2406 2014 2750 2069 innocentia}.
2811 2012 3081 2068 Peccatori
3112 2016 3244 2068 enim
3293 2015 3426 2068 dixit
3470 2015 3609 2070 Deus
3637 2031 3657 2070 :

2059 2107 2230 2176 Quare
2259 2117 2313 2162 tu
2343 2125 2558 2163 enarras
2599 2110 2834 2182 justitias
2857 2126 2993 2164 meas
3022 2108 3195 2182 (Psal.
3222 2124 3368 2176 xm,
3393 2109 3521 2181 16)?
3546 2108 3655 2166 Sed

2056 2214 2395 2258 revertamur
2422 2201 2488 2256 ad
2522 2204 2859 2273 propesitum
2892 2203 3181 2271 pSaImum.

2129 2295 2180 2351 7.
2226 2295 2395 2364 Beati,
2429 2296 2623 2366 inquit,
2659 2298 2974 2350 immaculati
2991 2298 3042 2350 in
3069 2298 3172 2363 via,
3190 2298 3278 2366 qui
3308 2295 3573 2351 ambulant
3603 2295 3657 2350 in

2057 2391 2167 2462 lege
2197 2388 2428 2444 Domini.
2481 2387 2629 2443 Beati
2656 2389 2743 2460 qui
2786 2401 3084 2444 scrutantur
3114 2391 3407 2445 testimonia
3435 2393 3568 2463 ejus,
3601 2391 3658 2443 in

2057 2492 2162 2536 toto
2183 2484 2335 2536 corde
2360 2483 2632 2551 exquirunt
2660 2498 2797 2536 eum.
2836 2481 3049 2536 Primus
3095 2496 3285 2537 versus
3308 2483 3547 2546 moralis,
3573 2497 3660 2536 se-

2056 2576 2266 2632 cundus
2299 2575 2581 2646 mysticus.
2606 2576 2739 2644 Quis
2782 2576 2883 2630 hoc
2932 2575 3102 2630 dicit?
3144 2576 3409 2643 Propheta
3447 2573 3654 2644 utique,

2059 2681 2084 2708 α
2112 2673 2200 2742 qui
2245 2671 2569 2742 fungebatur
2592 2672 2772 2726 carnis
2820 2671 3090 2742 alloquio,
3139 2681 3193 2724 et
3221 2670 3353 2724 dit-it
3402 2671 3505 2723 hoc
3537 2678 3658 2736 post

2058 2779 2180 2820 eum
2237 2764 2502 2834 psalmum
2530 2779 2638 2833 quo
2664 2763 2935 2834 descripta
2963 2774 3046 2818 est
3077 2763 3294 2817 Domini
3326 2764 3496 2816 nostri
3521 2761 3652 2816 Jesu

2057 2855 2258 2911 Christi
2287 2857 2491 2927 passio.
2539 2855 2642 2912 Ubi
2671 2873 2798 2926 ergo
2834 2867 2891 2912 et
2925 2858 3105 2911 divina
3134 2865 3473 2911 sacramenta
3504 2872 3662 2912 reve-

2061 2953 2165 3006 lata
2194 2961 2358 3015 sunt,
2402 2960 2455 3007 et
2509 2951 2682 3004 induit
2729 2951 3026 3005 Dominica:
3077 2951 3495 3006 resurrectionis
3527 2951 3663 3006 lacti-

2062 3042 2213 3107 Iiatn,
2234 3051 2286 3096 et
2312 3041 2582 3112 passionis
2609 3041 2916 3112 degustavit
2942 3044 3196 3112 gratiam;
3234 3042 3364 3096 vidit
3384 3042 3654 3113 justorum

2058 3139 2539 3206 congregationes,
2572 3133 2600 3172 δ
2632 3136 2862 3204 ροιιιιιος
2919 3133 3322 3205 redemptorum
3343 3177 3359 3202 ,
3419 3136 3658 3206 perdito-

2060 3245 2177 3284 rum
2205 3231 2456 3297 salutem,
2492 3241 2828 3284 mortuorum
2856 3231 3338 3290 resurrectionem.
3357 3231 3665 3285 sanctiﬁca-

1362 3321 1455 3376 sed
1510 3331 1838 3376 metuentem
1885 3339 1953 3379 ne
1981 3305 2026 3368 (ἶ
2059 3324 2260 3379 tionem
2303 3330 2766 3379 sacramentorum
2787 3365 2799 3387 ,
2828 3332 2881 3378 et
2907 3322 3232 3377 exclamavit
3257 3322 3444 3378 dicens
3473 3341 3488 3376 :
3514 3323 3660 3377 Beati

2058 3415 2377 3472 immaculati
2397 3416 2450 3469 in
2477 3416 2555 3469 uia
2576 3457 2590 3481 ,
2630 3413 2733 3470 hoc
2763 3426 2843 3469 eSI
2871 3433 2884 3469 ε
2909 3429 3035 3469 ecce
3085 3412 3372 3470 maledicta
3420 3422 3564 3468 terra
3605 3415 3658 3468 in

2060 3513 2230 3568 Adam
2261 3510 2429 3580 cmpit
2457 3509 2658 3563 habere
2697 3507 3130 3573 beatitudinem;
3179 3506 3224 3560 si
3273 3518 3450 3561 tamen
3487 3507 3657 3574 legem

2062 3605 2276 3660 Domini
2349 3617 2453 3657 non
2529 3601 2925 3671 derelinquat:
2966 3615 3093 3655 ecce
3147 3598 3527 3654 immaculatus
3579 3609 3664 3654 cst

2061 3697 2248 3761 homo,
2303 3697 2393 3768 qtti
2439 3704 2558 3751 erat
2596 3704 2720 3749 ante
2763 3694 3021 3762 pollutus.
3055 3695 3225 3760 Quam
3255 3693 3549 3766 pretiosum
3578 3703 3665 3748 est

2061 3791 2335 3845 custodire
2358 3798 2689 3860 prasceptum
2719 3788 2930 3843 Domini
2957 3789 2970 3842 !
2993 3803 3151 3857 quam
3185 3789 3480 3858 pretiosum
3495 3785 3657 3842 etiam

2062 3883 2316 3954 praecepti
2348 3884 2515 3953 ipsius
2553 3885 2696 3938 scire
2725 3883 3074 3954 mysterium!

2131 3977 2183 4033 8.
2230 3977 2336 4033 Sed
2378 3977 2500 4047 quis
2539 3987 2621 4032 est
2649 3975 3072 4031 immaculatus?
3125 3974 3244 4030 Non
3273 3974 3457 4046 utique
3487 3974 3574 4045 qui
3606 3975 3660 4029 in

2060 4087 2402 4142 quacumque
2439 4071 2522 4125 via
2551 4072 2790 4125 ambulat
2819 4089 2832 4124 :
2858 4072 2953 4126 sed
2983 4071 3072 4141 qui
3129 4071 3181 4124 in
3229 4069 3448 4126 Christo
3475 4069 3665 4125 ambu-

2065 4164 2160 4220 lat.
2209 4165 2332 4233 lpse
2362 4166 2506 4219 enim
2554 4164 2690 4218 dixit
2723 4181 2736 4217 :
2773 4164 2885 4237 Ego
2931 4182 3044 4218 sum
3073 4166 3153 4217 uia
3195 4163 3372 4235 (Joan.
3426 4166 3549 4227 XN,
3579 4161 3662 4233 6).

2064 4254 2120 4311 In
2146 4255 2246 4311 hac
2271 4256 2438 4328 976
2469 4257 2550 4310 via
2576 4257 2662 4324 qui
2706 4257 2977 4322 ambulat,
3026 4273 3210 4312 errare
3250 4271 3357 4312 non
3409 4254 3589 4324 novit;
3619 4263 3665 4316 si

2063 4359 2244 4404 tamen
2293 4354 2361 4406 ab
2419 4353 2517 4406 hac
2560 4351 2644 4405 via
2704 4367 2996 4418 numquam
3043 4351 3284 4408 recedat.
3342 4353 3436 4408 Est
3485 4364 3535 4408 et
3579 4355 3666 4410 via

2063 4442 2210 4510 Lex;
2240 4455 2331 4499 etc
2355 4443 2478 4499 ideo
2503 4443 2631 4499 dum
2658 4446 3036 4502 immaculatus
3061 4456 3175 4514 est,
3207 4447 3259 4502 in
3293 4447 3410 4519 lege
3452 4448 3667 4504 Domini

2062 4539 2302 4595 ambulet
2337 4558 2350 4594 :
2385 4555 2485 4596 nec
2534 4541 2815 4596 ambulare
2863 4541 2913 4595 in
2947 4543 3030 4595 via
3067 4541 3167 4597 hac
3198 4543 3431 4610 desinat,
3463 4558 3531 4598 ne
3562 4543 3667 4598 im-

2066 4635 2367 4691 maculatus
2392 4650 2514 4691 eSse
2561 4634 2807 4690 desistat.
2859 4634 2974 4690 Non
3005 4634 3242 4692 declinet
3289 4636 3341 4690 in
3382 4637 3669 4694 dexteram

2066 4735 2158 4780 aut
2187 4727 2397 4791 laevam,
2429 4735 2520 4781 aut
2554 4725 2768 4792 titubet,
2802 4744 2906 4781 nou
2952 4729 3192 4793 resistat,
3223 4745 3328 4783 non
3357 4740 3669 4798 caspectet;

2070 4819 2163 4874 sed
2193 4820 2436 4875 ambulet
2469 4821 2751 4889 superiora
2782 4821 3145 4887 oblivia-cens,
3185 4832 3239 4876 et
3281 4837 3344 4877 ea
3375 4839 3494 4892 qtae
3542 4834 3670 4880 sunt

2069 4913 2249 4983 priora
2275 4921 2558 4984 appetens,
2589 4914 2654 4968 ad
2677 4913 3006 4970 destinatum
3032 4926 3314 4987 sequatur,
3338 4926 3402 4970 ad
3424 4917 3668 4973 bravium

2071 5005 2313 5073 festinet,
2336 5007 2629 5063 contendat
2675 5023 2844 5075 usque
2877 5008 2928 5061 in
2962 5007 3152 5071 finem;
3189 5008 3310 5063 linis
3341 5010 3484 5063 enim
3511 5009 3670 5081 Legis

2067 5109 2152 5156 est
2204 5100 2470 5156 Christus.
2505 5101 2652 5156 Multi
2683 5103 2867 5156 volunt
2891 5101 3176 5157 ambulare
3218 5103 3268 5157 in
3300 5103 3406 5166 via,
3451 5105 3544 5159 sed
3567 5119 3673 5160 non

2068 5209 2237 5265 usque
2259 5195 2326 5249 ad
2344 5196 2530 5250 linem.
2551 5195 2664 5251 Non
2692 5197 2975 5252 ambulant
3005 5196 3174 5253 διιόεηί
3199 5214 3372 5267 usque
3393 5197 3458 5252 ad
3485 5198 3675 5266 finem,

2067 5293 2160 5363 qui
2184 5309 2288 5348 non
2320 5307 2489 5364 usque
2515 5293 2580 5348 ad
2608 5293 2883 5349 Christum
2933 5293 3234 5349 ambulant.
3279 5293 3396 5348 Non
3433 5294 3674 5350 ambulat

2069 5387 2398 5442 Manichtens
2448 5387 2502 5441 in
2542 5387 2646 5455 via,
2677 5389 2766 5458 qni
2824 5387 3018 5457 Legem
3066 5386 3301 5442 refutat:
3334 5387 3429 5443 sed
3484 5388 3674 5443 ambu-

2070 5483 2299 5540 latvcra
2350 5483 2482 5538 tides
2535 5498 2656 5554 quae
2705 5491 2759 5537 et
2806 5481 3006 5554 Legem
3047 5481 3294 5554 suscipit,
3342 5490 3398 5537 et
3437 5482 3675 5552 plenitu-

2070 5576 2250 5633 dinem
2282 5577 2442 5648 Legis
2467 5576 2730 5647 agnoscit.

2144 5671 2199 5727 9.
2225 5671 2280 5728 Si
2297 5671 2418 5743 quis
2443 5685 2574 5742 ergo
2601 5673 2654 5725 in
2681 5669 2764 5725 via
2786 5669 3049 5738 ambulat,
3073 5679 3344 5726 scrutetur
3365 5672 3676 5728 testimonia

2159 5862 2180 5924 ς
2223 5851 2379 5907 Rom.
2413 5851 2566 5924 edit..
2601 5860 2647 5906 et
2677 5851 2791 5906 ideo
2838 5850 2959 5904 dum
2989 5852 3077 5918 qui
3105 5851 3158 5905 in
3196 5853 3303 5924 lege
3332 5851 3542 5915 Domini
3567 5870 3680 5923 ams

2080 5921 2244 6006 bulat,
2271 5923 2635 5978 immaculatus
2667 5931 2772 5989 est,
2801 5938 2893 5976 nec
2919 5921 3278 5979 ambulare...
3310 5939 3424 5992 qua:
3443 5935 3559 5979 sunt
3585 5921 3678 5979 an-

2082 6000 2270 6048 (Priora
2295 6000 2557 6063 appetens.
