4124 6346
311 342 454 405 1Ξο3

1391 343 1457 402 IN
1498 334 1821 403 ρεΑιιιιιΜ
1857 332 2073 403 exth
2111 332 2495 406 sitmsrrto.

3472 354 3610 415 19.06

312 472 337 501 ι
366 462 732 530 meritoriam,
776 475 899 518 eum
944 461 1211 519 famicem
1242 461 1543 519 meretricis
1571 444 1915 534 iugi-ederit}?
1940 454 1992 529 Α
2020 470 2075 519 te
2094 462 2198 535 per
2224 460 2446 535 negem,
2474 470 2576 536 per
2614 460 2937 538 Prophtitis,
2978 464 3077 540 pet-
3103 450 3477 541 natuenatu,
3514 472 3611 545 per

309 557 531 616 intrasti
556 560 693 628 jam,
719 555 936 629 quando
974 556 1337 628 cogitationes
1372 566 1492 612 tuas
1535 553 1796 612 meretrix
1830 556 1913 610 in-

312 653 521 710 troivit.
548 650 764 708 Intrasti
787 650 921 722 iam,
948 649 1165 723 quando
1194 647 1261 705 ad
1298 648 1605 721 potiundam
1638 648 1913 720 prostibu-

311 748 377 805 la:
402 746 759 818 cupiditatem
788 758 979 817 gressu
1006 745 1206 802 mentis
1232 742 1470 802 intrasti.
1498 743 1735 801 Pulsasti
1758 745 1913 814 lupa-

310 845 461 902 naris
496 841 667 910 iores,
699 841 918 914 quando
946 840 1017 897 ad
1044 840 1292 897 mulieris
1338 839 1791 912 concupiscenda:
1816 839 1912 897 de-

310 953 498 997 corem
527 936 717 993 oculos
746 936 949 993 mentis
992 936 1277 1008 aperuisti.
1311 935 1379 991 Et
1424 935 1473 991 si
1508 950 1693 992 verum
1722 935 1912 991 audire

310 1034 418 1101 vis,
466 1030 748 1104 quomodo
801 1037 857 1086 te
902 1030 957 1086 in
999 1029 1245 1102 lupanari
1299 1043 1409 1086 non
1452 1028 1589 1086 vidit
1624 1028 1908 1099 Christus;

311 1124 533 1198 quando
582 1130 637 1179 te
677 1121 834 1190 vidit,
871 1121 996 1194 quia
1043 1121 1404 1178 adulterando
1447 1122 1501 1178 in
1544 1121 1709 1179 corde
1737 1131 1829 1179 tuo
1858 1132 1912 1180 te

310 1219 488 1291 ipsum
535 1218 765 1286 lupanar
792 1229 916 1271 esse
958 1214 1173 1272 iecisti?
1208 1214 1454 1286 Denique
1481 1215 1600 1287 ipse
1644 1213 1778 1270 dicit
1809 1214 1913 1269 Du-

310 1312 498 1367 minus
526 1309 687 1366 Jesus
716 1325 731 1362 :
757 1309 864 1375 Qui
903 1308 1092 1364 uiderit
1137 1308 1404 1363 mulierem
1447 1309 1516 1363 ad
1548 1308 1912 1378 concupiscen-

312 1407 438 1460 dam
467 1420 602 1467 eant,
627 1406 746 1477 jam
766 1402 1083 1457 adulteravit
1102 1417 1214 1456 eam
1235 1402 1288 1455 in
1317 1400 1473 1457 corde
1499 1417 1592 1457 suo
1622 1400 1905 1475 (Matth.v,

310 1497 430 1571 28).
464 1496 624 1555 Unde
649 1505 828 1553 tamen
855 1505 964 1552 tam
984 1495 1276 1567 religiosus
1298 1497 1352 1552 in
1375 1496 1657 1569 opinione,
1682 1496 1771 1567 qui
1800 1503 1911 1551 tam

309 1593 610 1666 probrosus
641 1592 694 1648 in
725 1591 993 1649 crimine?

383 1688 475 1744 15.
504 1686 616 1743 Sed
642 1686 936 1757 adquiesco
962 1684 1061 1741 tibi
1086 1684 1227 1756 quod
1256 1682 1415 1741 .iesus
1453 1693 1506 1740 te
1538 1683 1674 1741 nolit
1701 1680 1909 1752 videre,

2014 556 2306 625 Apostolus
2353 557 2607 626 monuit,
2657 566 2719 615 ut
2759 557 2988 616 nimium
3030 552 3311 619 consutis
3358 558 3610 623 inaudita

2014 650 2230 707 Domini
2485 653 2581 710 Dél
2631 655 2730 711 illi.
2786 657 2981 725 Omne,
3034 654 3210 729 inquit
3241 650 3458 731 (Millih.
3509 658 3608 731 ill,

2013 743 2129 817 56);
2173 747 2403 811 verbum
2446 747 2679 802 otiosam
2722 747 2865 818 quod
2921 748 3135 805 locutus
3184 744 3372 819 fderis,
3417 752 3611 810 reddes

2016 852 2114 908 pro
2145 844 2209 893 eo
2252 841 2537 895 rationem.
2568 838 2686 895 Noli
2714 841 3103 899 dissimulare:
3134 843 3203 899 ab
3231 846 3413 915 aliqdo
3458 852 3612 902 luan—

2013 930 2143 987 dato
2172 931 2282 986 iota
2315 946 2504 998 unum,
2557 938 2651 987 aut
2686 942 2825 989 unus
2870 949 3003 1005 apex
3040 946 3148 992 non
3191 941 3457 1010 praeterit.
3492 939 3611 995 Noti

2015 1024 2274 1081 recedere
2313 1025 2382 1081 de
2413 1025 2521 1081 via.
2550 1025 2606 1081 Si
2641 1026 2695 1081 in
2723 1028 2808 1083 via
2837 1024 3125 1086 alnbulans
3175 1033 3262 1086 vix
3294 1041 3442 1089 tatus
3488 1036 3548 1091 es
3579 1049 3607 1089 a

2014 1117 2262 1185 latrone;
2294 1118 2424 1190 quid
2455 1119 2623 1176 facies
2649 1122 2697 1177 si
2737 1131 2789 1177 te
2831 1132 2984 1178 ettra
3013 1124 3156 1180 viam
3199 1134 3487 1197 vagantem
3525 1128 3611 1184 iu-

2012 1214 2263 1270 venerit?
2296 1215 2606 1285 Dirigantur
2646 1224 2871 1287 gressus
2908 1214 3023 1282 tul;
3051 1224 3108 1273 et
3154 1232 3223 1274 ne
3252 1220 3497 1277 inﬁrmus
3537 1219 3614 1276 sis

2013 1308 2079 1364 ad
2107 1307 2469 1377 dirigentium,
2498 1322 2721 1379 precare
2743 1320 2801 1365 ut
2823 1310 3020 1382 dirigat
3041 1310 3298 1367 Dominus
3322 1313 3435 1368 vias
3466 1323 3607 1369 tuas.

2087 1400 2177 1457 15.
2211 1402 2307 1457 Hic
2346 1410 2495 1473 optat
2526 1420 2541 1459 :
2573 1400 2788 1459 Utinam
2828 1402 3122 1477 dirigantur
3141 1404 3238 1461 vite
3280 1402 3612 1463 mete!Alibi

2013 1494 2146 1551 dicit
2178 1512 2192 1549 :
2219 1494 2540 1569 Emspectans
2581 1498 2873 1567 exspectavi
2915 1496 3217 1565 Dominum,
3254 1507 3303 1553 et
3349 1496 3612 1555 exaudivit

2014 1604 2188 1646 me....
2216 1598 2261 1643 et
2287 1591 2465 1645 statuit
2488 1590 2643 1662 pedes
2672 1606 2810 1645 meos
2844 1591 2898 1645 in
2926 1602 3095 1664 petra,
3122 1602 3174 1648 et
3196 1591 3386 1647 direxit
3407 1600 3614 1664 gressus

2014 1697 2152 1738 meos
2179 1682 2351 1757 (Psal.
2383 1698 2569 1750 xxxix,
2587 1684 2624 1739 2
2654 1694 2702 1739 et
2725 1682 2806 1755 3).
2830 1682 2980 1757 ROga
3005 1698 3136 1757 ergo
3162 1696 3217 1742 et
3235 1695 3313 1751 tu,
3346 1695 3407 1742 ut
3430 1684 3614 1742 Domi-

308 1781 450 1837 nolit
477 1780 784 1846 revincere,
811 1778 905 1848 qui
934 1776 1068 1834 nolit
1109 1791 1392 1846 accusare,
1441 1776 1616 1833 nolint
1644 1774 1830 1833 videre
1856 1783 1913 1832 et
2017 1792 2119 1834 nus
2144 1778 2343 1850 dirigat
2381 1777 2613 1849 vestigia
2640 1777 2839 1833 mentis
2866 1785 2972 1833 tute
3000 1795 3015 1845 ;
3053 1793 3164 1850 quo
3195 1780 3374 1850 possis
3399 1776 3613 1834 Domini

306 1871 513 1944 angeli.
536 1870 644 1928 Sed
668 1869 823 1927 videt
839 1868 1111 1940 diabolus,
1134 1869 1225 1941 qui
1253 1877 1429 1925 tecum
1452 1868 1716 1934 introivit,
1742 1867 1909 1923 immo
1940 1866 1988 1927 Β
2016 1871 2293 1929 custodire
2332 1871 2773 1944 iustiﬁcationes.
2816 1869 2933 1927 Non
2961 1870 3334 1941 confunderis,
3367 1868 3493 1928 cum
3523 1883 3616 1927 rc-

307 1966 400 2038 qui
431 1973 488 2021 ιϐ
517 1963 821 2020 imminuit
845 1961 1079 2019 τινὶάθηῑ
1127 1962 1363 2018 minis“
1410 1960 1551 2032 eius.
1585 1959 1677 2031 (illi
1712 1968 1765 2015 ιθ
1799 1959 1909 2015 eir-
2017 1967 2260 2038 spe-xeris
2279 1966 2334 2022 in
2365 1966 2546 2023 omnia
2574 1965 2827 2021 mandata
2853 1964 3151 2038 ejus.Ante
3180 1964 3326 2020 enim
3354 1963 3617 2022 confusus

308 2061 744 2127 cumdederunt,
774 2070 844 2116 ne
872 2056 1086 2114 videres
1115 2055 1340 2129 angelos
1383 2056 1477 2112 Dei
1509 2074 1522 2112 :
1552 2052 1689 2111 vidit
1717 2053 1911 2123 Belial,
2015 2076 2076 2120 es
2099 2063 2154 2117 in
2184 2060 2353 2117 Adam
2382 2070 2437 2117 et
2482 2058 2615 2116 an,
2661 2059 2904 2131 Denique
2936 2056 3113 2115 nudus
3149 2060 3320 2115 factus
3367 2062 3449 2127 δέ,
3481 2060 3617 2130 ope-

308 2154 448 2213 vidit
477 2154 647 2224 legio,
673 2152 768 2225 qui
793 2159 848 2208 te
873 2151 1244 2223 impulerunt;
1278 2163 1348 2206 ne
1374 2150 1496 2221 quis
1522 2155 1827 2218 revocaret,
1844 2158 1913 2205 ne
2015 2155 2173 2212 ruisti
2206 2162 2258 2211 te
2281 2153 2461 2220 loliis;
2490 2152 2616 2224 quia
2644 2148 3073 2208 coalundebaris
3099 2170 3114 2206 :
3144 2142 3481 2208 abScon’disli
3512 2160 3564 2208 te
3584 2162 3613 2206 a

310 2250 436 2322 quis
470 2256 705 2305 teneret.
747 2246 866 2303 Noli
890 2254 1088 2318 putare
1106 2246 1252 2317 quod
1272 2244 1302 2284 ι)
1330 2244 1625 2301 colludium
1655 2245 1750 2301 tibi
1775 2260 1913 2317 prte-
2018 2254 2312 2320 conspectu
2340 2246 2472 2312 Bei;
2503 2246 2629 2317 quia
2661 2242 3050 2310 erubescebas,
3081 2243 3157 2300 ita
3196 2254 3257 2301 ut
3277 2242 3374 2301 tibi
3412 2242 3617 2300 diceret

310 2352 421 2401 stet
447 2340 676 2410 silentii,
707 2340 799 2412 qui
829 2340 940 2395 vult
968 2348 1149 2396 tecum
1171 2339 1422 2411 supplicii
1455 2339 1662 2396 habere
1690 2352 1917 2395 consor-
2018 2342 2163 2399 Deus
2191 2359 2204 2395 :
2237 2338 2426 2405 Adam,
2454 2338 2543 2393 abi
2568 2352 2622 2393 es
2658 2326 2813 2409 (lien.
2839 2346 2916 2403 tu,
2945 2337 3046 2410 9)?
3067 2335 3201 2394 Cum
3230 2336 3309 2393 illi
3334 2336 3490 2406 dicit,
3518 2334 3615 2392 tibi

314 2437 475 2494 tium.
511 2435 706 2491 Studet
731 2434 919 2506 plures
950 2432 1160 2490 similes
1185 2432 1270 2489 sui
1293 2432 1509 2501 videre;
1539 2439 1595 2490 et
1622 2433 1678 2488 in
1725 2446 1792 2489 eo
1820 2430 1918 2487 lia-
2020 2435 2191 2502 dicit;
2223 2432 2395 2489 Adam
2426 2432 2570 2489 enim
2598 2431 3051 2503 interpretatione
3080 2430 3249 2487 latina
3290 2433 3453 2489 homo
3480 2430 3619 2488 dici:

311 2531 409 2586 bet
430 2529 686 2601 gloriam,
732 2527 878 2599 quod
922 2526 1107 2598 plures
1138 2525 1382 2597 perditos
1412 2525 1622 2581 iecerit.
1664 2524 1785 2595 ipse
1832 2531 1919 2580 est
2022 2541 2128 2595 tur,
2177 2528 2281 2584 hoc
2324 2535 2408 2582 est
2437 2524 2673 2594 :ttotno,
2696 2524 2789 2580 ubi
2833 2525 2936 2581 est
2972 2525 3037 2580 Et
3062 2524 3234 2581 Adam
3285 2524 3612 2596 respondit:

313 2627 590 2692 incentor.
634 2623 754 2695 ipse
797 2631 1109 2690 accusator.
1158 2622 1276 2692 ipse
1319 2621 1373 2676 In
1401 2619 1596 2676 ludam
1647 2618 1916 2686 introivit.
2021 2625 2245 2682 Timens
2280 2625 2405 2696 quia
2451 2621 2631 2678 nudus
2665 2628 2838 2685 eram,
2867 2628 2922 2676 et
2969 2626 3079 2676 tota
3112 2626 3293 2676 meme
3334 2620 3614 2685 confusus,

314 2723 438 2793 ipse
463 2734 591 2777 eum
633 2718 704 2774 ad
733 2717 1097 2789 proditionem
1134 2715 1371 2788 impulit,
1412 2715 1529 2786 Ipse
1558 2713 1707 2771 misit
1737 2713 1805 2768 ad
1836 2712 1916 2769 la-

317 2832 541 2892 queum.
560 2813 762 2885 Quanti
789 2814 989 2871 dicturi
1011 2824 1139 2871 sunt
1162 2814 1212 2869 in
1243 2814 1338 2870 illo
1364 2814 1454 2870 die
1480 2814 1739 2870 adversus
1762 2828 1917 2869 eum:

315 2913 402 2969 Tu
453 2927 555 2967 nos
602 2908 1034 2976 clrcumvenisti,
1066 2918 1121 2963 tu
1165 2906 1430 2979 impulisti
1477 2905 1632 2979 (Gen.
1666 2916 1743 2971 ιιι,
1775 2905 1868 2975 15)
1900 2905 1914 2959 ε

317 3007 651 3078 Eremplum
683 3004 925 3076 quaeris?
963 3004 1165 3075 Accipe
1194 3001 1468 3058 dicentem
1499 3000 1666 3056 Evam
1712 3012 1922 3072 praevae

319 3102 604 3159 litationis
630 3115 744 3157 sua:
770 3108 1045 3156 auctorem
1068 3097 1242 3153 fuisse
1267 3102 1599 3168 serpentem.
1632 3092 1740 3150 Sed
1768 3091 1917 3147 illum

319 3194 645 3269 implicavit,
674 3204 783 3250 non
807 3209 869 3250 se
898 3191 1153 3248 absolvit.
1179 3186 1275 3245 Coi
1301 3187 1582 3260 reSpondit
1615 3186 1877 3242 Dominus
1903 3203 1917 3239 :

2020 2728 2150 2777 ante
2216 2727 2570 2789 conspectum
2628 2726 2781 2771 tuum
2829 2714 3017 2771 venire
3088 2726 3195 2769 non
3265 2728 3434 2769 ausus
3493 2724 3614 2770 sum

2022 2812 2224 2888 (Ibid.,
2269 2811 2381 2879 1ο).
2431 2810 2577 2880 Ergo
2630 2821 2700 2864 ne
2751 2805 3184 2873 confundantur,
3241 2804 3618 2862 custodiamus

2021 2906 2273 2962 mandata
2313 2902 2550 2967 Domini,
2599 2908 2654 2956 et
2696 2898 3068 2955 custodiamus
3125 2898 3327 2954 omilia.
3383 2890 3517 2954 Nam
3569 2898 3613 2955 si

2020 3001 2142 3072 quis
2179 3013 2340 3053 unum
2371 2994 2680 3050 mandatum
2716 2990 3009 3059 custodiat,
3038 3000 3092 3048 et
3122 2990 3265 3047 aliud
3299 2992 3618 3058 tit-avarite-

2021 3101 2130 3159 tur,
2174 3090 2307 3146 nihil
2356 3089 2407 3145 ei
2438 3087 2681 3159 prodest.
2736 3083 3042 3140 Cus'todivit
3082 3097 3141 3139 se
3183 3082 3381 3155 aliquis
3425 3090 3455 3138 α
3495 3094 3619 3139 εαηέ

2023 3187 2210 3259 guine,
2254 3199 2363 3239 non
2392 3180 2686 3237 custodivit
2713 3177 2781 3233 ah
2827 3177 3138 3244 adulterio;
3184 3177 3370 3248 utique
3407 3176 3461 3233 in
3510 3174 3618 3232 uno

471 3254 841 3361 praeceperatn
886 3301 955 3343 ne
991 3282 1283 3358 gustarctis
1321 3254 1407 3339 de'
1429 3282 1573 3353 ligno
1600 3283 1740 3347 solo,
1774 3278 1919 3353 quod
1949 3254 1997 3320 θ
2025 3254 2328 3344 convictus,
2378 3276 2599 3346 punitur
2639 3272 2801 3327 etiam
2835 3270 3042 3339 legibus
3088 3267 3443 3324 saecularibus
3475 3284 3488 3322 :
3518 3272 3618 3324 nec

321 3394 409 3439 est
437 3383 492 3438 in
523 3382 705 3437 medio
741 3378 975 3451 paradisi
1006 3376 1195 3451 (Ibid.,
1228 3374 1358 3448 ll)?
1388 3373 1761 3446 Respondebit
1788 3386 1917 3445 ergo

322 3478 541 3537 Veritas
582 3486 638 3532 et
667 3475 913 3547 pluribus
948 3493 961 3529 :
996 3471 1281 3530 Diabolum
1322 3470 1551 3527 audistis
1598 3468 1916 3525 suadentem

321 3572 509 3637 noxia,
541 3585 629 3626 me
672 3584 778 3624 non
817 3567 1068 3639 potuistis
1112 3564 1304 3622 audire
1329 3564 1512 3620 vitalia
1545 3563 1914 3618 mandantem.

399 3668 488 3721 ii.
524 3663 703 3738 (Vers.
733 3665 787 3730 5,
817 3661 873 3731 4,
898 3662 953 3729 5,
978 3659 1058 3733 6.)
1081 3659 1151 3715 Et
1175 3656 1299 3715 ideo
1326 3672 1617 3728 operemur
1632 3656 1875 3729 jnslitins
1902 3672 1916 3709 :

325 3759 452 3815 Non
479 3757 620 3813 enim
648 3756 736 3828 Qui
760 3764 1041 3827 operantur
1077 3753 1420 3824 iniquitatem,
1449 3752 1503 3805 in
1538 3750 1633 3805 viis
1662 3752 1775 3824 ejus
1811 3760 1919 3803 am-

326 3853 650 3909 bulaeerunt.
684 3847 765 3905 Tu
794 3847 1054 3903 mandasti
1080 3846 1325 3901 mandata
1348 3850 1437 3900 tua
1468 3843 1718 3900 custodiri
1742 3841 1915 3897 nimis.

330 3946 545 4004 Utinam
575 3946 867 4017 dirigantur
895 3945 989 3999 via:
1016 3956 1145 3998 mea?
1169 3940 1240 3997 ad
1264 3938 1630 3996 custodiendas
1661 3936 1923 4011 justi/ica-

326 4041 489 4096 tionet
535 4038 682 4094 tuas!
707 4037 855 4094 Tunc
894 4054 997 4093 non
1031 4033 1346 4105 confundor,
1380 4044 1492 4088 cum
1533 4030 1841 4104 perspiciam
1868 4032 1923 4087 in

328 4134 502 4190 omnia
544 4132 789 4186 Mandata
828 4138 938 4186 tua.
985 4129 1101 4184 Non
1154 4127 1329 4183 solum
1389 4124 1678 4192 mandasti,
1728 4123 1919 4195 inquit,

327 4226 591 4288 custodiri
630 4222 881 4282 mandata
926 4232 1043 4291 tua,
1076 4220 1172 4280 sed
1221 4221 1384 4279 etiam
1434 4218 1694 4278 custodiri
1739 4217 1921 4274 nimis.

326 4324 556 4398 Quando
586 4320 688 4379 hoc
717 4320 1034 4378 mandavit?
1072 4316 1130 4374 ln
1163 4317 1416 4390 paradiSo
1448 4316 1669 4390 quidem
1702 4315 1927 4372 manda-

326 4424 402 4477 vit
432 4417 587 4484 Μαι,
621 4423 680 4472 ιιι
726 4412 1025 4470 cusmdiret
1071 4411 1324 4467 mandata
1357 4429 1370 4466 :
1402 4412 1497 4468 sed
1533 4408 1771 4467 fortasse
1818 4426 1925 4467 non

329 4514 685 4571 mandaverat
709 4507 870 4564 nimis
896 4505 1200 4574 cttStodire;
1230 4510 1283 4561 ct
1310 4502 1431 4562 ideo
1457 4505 1641 4577 lapsus
1671 4512 1775 4573 est,
1806 4502 1927 4561 ideo

328 4605 567 4664 inﬂexus
584 4608 721 4659 “voce
744 4600 993 4658 mulieris
1014 4615 1148 4665 suae,
1179 4599 1303 4654 ideo
1322 4598 1586 4672 deceptus
1609 4607 1725 4655 erat
1750 4613 1781 4653 a
1810 4613 1928 4654 ser-

327 4710 515 4773 pente,
552 4704 746 4768 putans
792 4692 938 4765 quod
984 4690 1028 4747 si
1074 4692 1128 4747 in
1176 4698 1327 4762 parte
1355 4689 1534 4762 aliqua
1580 4691 1865 4747 recederet
1894 4705 1925 4745 a

331 4788 591 4848 mandato
614 4829 629 4856 ,
677 4796 786 4842 non
835 4785 1046 4857 penitus
1100 4794 1311 4839 erraret
1344 4799 1357 4835 :
1390 4781 1487 4838 sed
1516 4781 1639 4853 quia
1690 4782 1862 4838 semel
1893 4796 1923 4836 a

328 4884 525 4940 semita
571 4874 951 4936 mandatorum
1005 4876 1255 4945 recessit,
1289 4883 1457 4931 totam
1497 4874 1739 4932 deseruit
1762 4873 1921 4941 viam,

330 4984 387 5033 et
409 4972 738 5046 eISpoliavit
766 4968 1021 5025 omnibus
1054 4967 1367 5040 nudumque
1396 4966 1635 5039 reliquit.
1664 4966 1792 5023 Ideo
1823 4964 1930 5021 Do-

331 5068 537 5133 minus;
562 5064 688 5138 quia
716 5064 901 5136 lapsus
925 5071 1064 5128 erat,
1094 5061 1187 5134 qui
1213 5061 1267 5116 in
1294 5058 1545 5133 paradiso
1573 5069 1707 5127 erat,
1742 5067 1929 5132 postea

404 5214 435 5242 ιι
463 5202 644 5264 Codex
692 5200 1020 5259 Navarraeus
1070 5215 1209 5264 unus
1234 5241 1248 5264 ,
1296 5201 1759 5257 meretricatorium
1794 5216 1814 5255 :
1837 5200 1931 5256 sed

331 5270 681 5336 retinendum
730 5270 1075 5328 merilorium.
1124 5270 1227 5328 Ubi
1271 5270 1649 5342 subintellige.
1700 5271 1927 5327 diverso-

330 5351 490 5411 rium,
524 5347 611 5402 vel
631 5342 930 5411 stabulum;
959 5345 1038 5398 sic
1066 5346 1209 5397 enim
1237 5344 1511 5414 quondam
1538 5344 1681 5398 dit-ta
1699 5348 1845 5409 sunt,
1876 5348 1933 5397 ut

328 5437 460 5477 cum
488 5418 831 5474 Tcrtnlliono
860 5418 1167 5486 loquamur,
1198 5416 1502 5470 consistoria
1533 5415 1807 5470 libidinum
1833 5432 1930 5483 pu-

334 5493 614 5548 blicarum.
664 5489 818 5546 Unde
877 5488 1166 5559 prostibula
1215 5502 1310 5559 seu
1358 5488 1671 5559 prostibulas
1714 5487 1936 5559 quidam

331 5564 640 5637 appellatas
668 5558 1169 5637 volunt,_qt_iod_pro
1196 5558 1421 5625 stabulo,
1458 5559 1510 5615 id
1539 5568 1645 5627 est,
1674 5558 1801 5637 ante
1826 5570 1936 5613 sta-

331 5582 406 5637 ap
447 5581 640 5620 ellalaS
668 5581 856 5615 \‘Ollllll.
907 5581 1050 5629 «ιιιου
1074 5581 1169 5629 pro
1196 5581 1421 5625 summa,
1458 5581 1510 5615 lu
1539 5581 1645 5627 θδι,
1674 5581 1801 5616 ante
1826 5581 1936 5613 Sla-

331 5581 787 5713 ΙιιιὶιιιηιιειειιοθιιιἼ
838 5601 1163 5713 dictatorium
1194 5642 1372 5713 autem
1413 5648 1445 5687 a
1486 5631 1748 5713 merendo
1774 5646 1939 5713 vota-

336 5716 454 5778 Illl',
487 5702 627 5778 dilod
680 5702 905 5778 luetati},
939 5709 1150 5778 hocest
1191 5702 1368 5774 pariat
1409 5717 1672 5776 quaestum
1714 5705 1937 5761 domino

331 5772 461 5840 stiti.
490 5772 609 5849 Quo
632 5792 796 5835 sensu
824 5772 1012 5833 Horat.
1042 5776 1097 5831 in
1117 5772 1244 5830 Arte
1267 5772 1429 5847 poeta"

693 5880 788 5946 ilic
808 5887 973 5933 meret
998 5890 1099 5929 tera
1120 5878 1249 5929 liber
1266 5875 1436 5928 Sosiis.

2021 3370 2245 3444 prodest
2272 3371 2322 3425 ei
2350 3367 2579 3424 alterius
2604 3364 2848 3421 criminis
2875 3361 3229 3429 abstinentia,
3276 3360 3323 3417 si
3362 3359 3417 3416 in
3446 3361 3618 3416 altero

2020 3466 2184 3524 fuerit
2207 3463 2601 3536 deprehensus.

2095 3562 2182 3618 16.
2217 3560 2402 3630 (Vers.
2436 3558 2490 3627 7,
2524 3546 2605 3628 8.)
2633 3552 2924 3625 Conﬁtebor
2950 3550 3062 3618 tibi,
3095 3548 3332 3618 Domine,
3362 3548 3419 3603 in
3454 3547 3621 3605 direc-

2022 3656 2162 3711 tione
2188 3650 2361 3707 cordis
2389 3648 2651 3722 (advel-tis
2675 3660 2808 3717 quas
2833 3647 2950 3700 vias
2970 3642 3199 3716 dirigas)
3225 3643 3279 3698 itt
3305 3659 3364 3699 eo
3390 3640 3509 3698 cuni
3532 3642 3617 3697 di.

2022 3748 2197 3802 dicero
2214 3744 2424 3817 judicia
2439 3741 2661 3816 justltite
2698 3749 2820 3795 tuas.
2849 3736 3261 3807 laetiﬁcationes
3299 3738 3415 3791 tua!
3444 3738 3620 3791 custos

2025 3842 2168 3897 diam
2198 3858 2217 3896 :
2265 3855 2369 3894 non
2417 3854 2497 3892 me
2534 3836 2865 3905 derelinquas
2913 3840 3294 3904 usquequaque.
3336 3824 3452 3887 Hoc
3500 3830 3621 3886 ineo

2025 3936 2252 4008 mystica
2291 3931 2505 4003 plenius
2530 3941 2863 4000 cognoscere
2891 3938 2951 3981 se
2976 3925 3117 3981 velle
3144 3930 3381 3980 testatur
3400 3966 3415 3991 ,
3445 3920 3507 3978 at
3534 3923 3621 3978 in-

2023 4032 2303 4105 grediatur
2356 4026 2657 4100 penetralia
2723 4024 3111 4096 mysteriorum
3166 4019 3512 4086 cmleStium,
3567 4016 3622 4073 ει

2026 4126 2340 4198 aperiantur
2390 4122 2493 4177 sibi
2547 4119 2787 4175 thesauri
2835 4116 3115 4185 sapientia:
3162 4123 3219 4169 et
3269 4111 3512 4169 scientiae
3568 4113 3621 4167 in

2026 4218 2245 4277 Christo
2288 4211 2616 4271 absconditi.
2663 4207 2818 4266 Unde
2866 4217 2922 4263 et
2966 4205 3222 4263 Salbmon
3262 4206 3378 4259 ait:
3409 4203 3625 4259 ultra/ie

2028 4328 2124 4369 nos
2139 4319 2251 4383 post
2274 4318 2322 4364 te
2349 4326 2362 4364 :
2392 4307 2445 4361 in
2485 4304 2693 4360 odorem
2727 4310 3111 4374 unguentorum
3138 4308 3344 4353 morum
3386 4312 3478 4351 nos
3507 4302 3625 4350 but-‘—

2028 4418 2217 4463 rentus.
2283 4398 2586 4457 Introduxit
2649 4410 2730 4452 me
2805 4394 2921 4451 Rex
2987 4394 3042 4449 in
3110 4386 3404 4449 cubiculum
3473 4394 3626 4446 suum

2035 4496 2209 4569 (Cant.
2243 4509 2281 4561 ι,
2312 4494 2390 4565 5).
2442 4490 2509 4547 Et
2549 4487 2782 4545 fortasse
2822 4484 2952 4542 illud
2998 4483 3140 4557 quod
3172 4488 3249 4539 ait
3286 4494 3491 4556 supra:
3521 4480 3623 4538 θεέ

2033 4591 2230 4645 caletur
2259 4600 2340 4641 me
2363 4586 2427 4640 ab
2454 4583 2628 4638 osculo
2659 4582 2768 4636 aris
2790 4580 2872 4635 sui
2892 4577 3084 4653 (Ibid,
3115 4578 3181 4650 ι),
3214 4575 3481 4649 signiﬁcat
3512 4575 3629 4648 Spi-

1951 4657 2006 4719 D
2036 4686 2171 4742 ritus
2198 4682 2371 4739 sancti
2402 4674 2841 4749 supervenientis
2864 4674 3118 4745 gratiam,
3142 4671 3283 4726 sicut
3310 4671 3535 4742 angelus
3559 4662 3629 4725 ad

2036 4778 2258 4837 Mat-iatn
2303 4773 2479 4830 dixit:
2511 4770 2741 4845 Spiritus
2784 4778 2996 4824 sanctus
3034 4765 3352 4839 superveniet
3389 4766 3445 4820 in'
3485 4770 3552 4831 le,
3581 4766 3632 4820 et

2031 4872 2193 4928 virtus
2216 4867 2466 4924 Altissimi
2484 4861 2808 4920 obumbrabit
2833 4862 2922 4916 tibi
2951 4858 3104 4934 (Luc.
3134 4874 3172 4923 ι,
3198 4857 3308 4930 '55).
3346 4869 3368 4897 ο
3401 4857 3631 4927 Quando

2033 4976 2215 5020 autem
2265 4959 2628 5016 introduxerit
2676 4968 2796 5012 eam
2829 4954 2943 5010 Rex
2996 4954 3048 5008 in
3096 4951 3404 5007 cubiculum
3444 4950 3627 5017 suum,

2033 5057 2304 5132 paSsionis
2331 5064 2565 5124 tempus,
2606 5050 2792 5106 lateris
2821 5046 3170 5119 compnnctio
3198 5044 3460 5110 declarat,
3502 5051 3631 5100 san-

2037 5199 2174 5254 llinc
2212 5196 2376 5253 etiam
2432 5191 2754 5248 meretrices
2808 5203 2871 5243 ac
2928 5184 3191 5257 meritorii
3236 5186 3387 5257 pueri
3435 5200 3635 5257 nomen

2038 5253 2247 5336 sortiti;
2281 5267 2404 5321 licet
2432 5263 2746 5319 meritoriam
2776 5254 3102 5331 quandoque
3129 5253 3418 5313 honestum
3450 5254 3631 5314 umet-

2039 5359 2120 5398 sm
2135 5341 2243 5395 innt
2273 5338 2560 5408 signiﬁcet.

2112 5431 2480 5491 hColladium,
2505 5437 2595 5481 ant
2620 5424 2839 5480 collusio
2866 5422 3268 5478 simulationem
3298 5437 3360 5476 ac
3390 5421 3632 5478 fraudem

2042 5507 2307 5575 Sigillllt'al
2332 5518 2349 5569 ;
2378 5500 2657 5575 colludere
2675 5499 2823 5552 enim
2854 5493 3241 5575 dicuntnrtqni
3267 5510 3391 5548 t-nm
3420 5495 3639 5575 Videsn-

2046 5566 2133 5633 tovr
2161 5584 2301 5632 inter
2322 5566 2383 5628 Se
2401 5571 2734 5628 contendere
2757 5578 2848 5622 aut
2875 5566 3111 5634 litigare,
3137 5566 3241 5621 hoc
3264 5566 3641 5620 tantummodo

2046 5666 2143 5722 per
2171 5648 2572 5722 simulationem
2604 5645 2836 5722 fuerunt,
2863 5655 2985 5722 cuin
3012 5652 3149 5692 unus
3180 5638 3360 5722 dedita
3384 5640 3558 5722 operit.
3578 5649 3640 5690 se

2041 5709 2255 5793 judicio
2285 5718 2426 5793 vinci
2450 5718 2703 5793 patiatur.
2732 5715 2837 5769 Sed
2865 5728 2925 5767 ea
2958 5711 3105 5766 fraus
3134 5710 3297 5764 etiam
3325 5709 3503 5762 locum
3544 5710 3641 5761 ha-

2046 5789 2136 5850 bet
2165 5802 2318 5847 extra
2346 5789 2629 5860 judicium.

2126 5885 2295 5947 cMss.
2330 5886 2535 5957 plures,
2579 5876 2804 5949 Quando
2844 5884 3016 5933 autem
3048 5868 3455 5937 introduxit.....
3500 5882 3640 5929 com-
