4070 6480
464 328 605 390 1207
1795 322 2043 381 SANCTI

2174 320 2412 380 [BROSII
3573 327 3593 396 ἶ
3627 324 3782 384 1208
3869 269 3887 288 ⁸

464 446 645 522 guinis
672 444 892 511 effusio,
924 443 1220 517 sepultum
1248 450 1606 515 unguentum,
1639 443 2058 500 resurrectionis
2087 443 2140 506 Α
2162 437 2277 512 27).
2312 438 2610 513 Dereliquit
2647 442 2794 500 enim
2838 442 3078 514 penitus,
3127 459 3288 516 quem
3334 444 3557 503 sceleris
3605 446 3692 501 sui
3743 455 3774 485 ε

469 542 825 615 mysterium;
860 549 918 596 ut.
955 539 1204 596 osculum
1235 541 1389 611 quasi
1419 555 1618 611 sponsa
1647 539 1926 612 acceperit
1958 557 1972 594 :
2007 540 2062 595 in

463 633 772 692 cubiculum
800 645 980 689 autem
1011 631 1212 690 Christi
1241 635 1632 692 sitiutroducta
1664 636 1932 702 Ecclesia,
1956 648 2064 691 non

461 730 576 803 jam
602 728 769 799 quasi
797 727 1180 783 tantummodo
1209 726 1558 798 desponsata,
1591 728 1688 784 sed
1716 731 1877 783 etiam
1909 728 2064 800 quasi

466 833 667 894 nupta;
700 837 801 878 nec
820 822 999 902 solum
1031 820 1327 876 thalamum
1359 822 1431 876 sit
1461 807 1729 893 ingressa,
1759 821 1855 877 sed
1899 822 2062 878 etiam

460 919 720 991 legitima:
744 918 923 974 claves
951 917 1164 988 copula:
1201 927 1499 973 consecuta
1527 917 1616 972 sit.
1652 917 1886 988 Ideoque
1909 919 2065 989 quasi

466 1013 521 1067 in
573 1011 811 1067 thalamo
866 1011 967 1066 sita
1018 1010 1146 1066 ait:
1190 1007 1473 1082 Colligatio
1520 1021 1679 1082 guttae
1709 1017 1872 1084 frater
1921 1029 2066 1068 meus

464 1106 614 1171 mihi,
637 1106 772 1159 inter
806 1103 973 1158 media
994 1103 1153 1158 ubera
1183 1104 1464 1171 requiescet
1495 1102 1671 1174 (Cant.
1702 1120 1742 1169 ι,
1774 1103 1883 1176 li).
1911 1104 2066 1174 Quod

467 1199 510 1255 si
554 1197 860 1253 cubiculum
892 1196 1206 1268 quaerimus,
1243 1195 1360 1266 ipse
1407 1210 1507 1250 nos
1537 1196 1783 1264 edoceat,
1821 1197 1910 1267 qui
1943 1199 2019 1254 ait
2051 1217 2066 1254 :

465 1291 542 1346 Tu
571 1302 742 1346 autem
790 1307 907 1345 cum
951 1288 1143 1356 orabis,
1193 1289 1332 1343 intra
1373 1289 1427 1343 in
1475 1291 1767 1346 cubiculum
1813 1301 2067 1349 tuum:et

462 1387 639 1440 clauso
666 1385 796 1439 ostio
818 1401 910 1436 ora
940 1391 1136 1454 patrem
1161 1392 1303 1436 luunt
1329 1383 1382 1436 in
1410 1382 1714 1438 abscondito
1740 1384 1956 1457 (Matth.
1991 1401 2065 1451 Vl,

461 1477 543 1549 6).
574 1475 898 1532 Cubiculum
947 1475 1201 1530 Ecclesiae
1250 1490 1448 1546 corpus
1495 1485 1580 1531 est
1617 1475 1841 1532 Christi.
1891 1477 2070 1533 Intro-

463 1570 621 1625 duxit
649 1585 767 1624 eaut
802 1569 921 1624 Rex
953 1569 1006 1624 in
1029 1569 1207 1623 omnia
1241 1568 1504 1624 interiora
1531 1569 1812 1641 mysteria,
1840 1570 1988 1626 dedit
2017 1571 2067 1627 ei

463 1663 672 1728 claves;
704 1672 760 1717 ut
785 1663 1021 1734 aperiret
1045 1662 1148 1717 sibi
1177 1661 1459 1718 thesauros
1485 1661 1730 1718 scientiae
1755 1678 2068 1720 sacramen-

469 1767 687 1823 torum,
733 1757 947 1812 elausas
995 1764 1156 1810 antea
1207 1755 1352 1811 fores
1385 1755 1670 1826 panderet,
1717 1767 2070 1827 cognosceret

2165 536 2409 605 permisit
2427 535 2666 593 eﬂ'ectui.
2692 537 2842 594 Alios
2867 549 3049 595 autem
3077 540 3355 612 apostolos
3383 557 3504 598 cum
3537 541 3778 598 vidisset

2164 644 2284 686 esse
2315 631 2581 695 turbatos.
2615 635 2739 703 quia
2783 633 2996 690 dixerat
3028 652 3041 690 :
3070 635 3185 702 Quo
3219 653 3313 709 ego
3339 638 3493 704 uado,
3545 653 3632 692 vos
3663 653 3774 692 non

2164 724 2374 794 potestis
2396 725 2564 779 uenire
2592 724 2786 799 (Ibid.,
2819 728 2948 797 5'5);
2981 727 3190 786 addidit
3217 747 3231 783 :
3271 729 3391 785 Non
3419 731 3654 786 tuibetur
3675 746 3774 786 cor

2163 825 2386 871 vestrum
2413 814 2594 890 (Joan.
2621 833 2735 884 xtv,
2768 819 2844 889 1).
2879 819 2948 874 Et
2978 820 3117 875 infra
3145 838 3157 874 :
3185 818 3380 875 Iterum
3405 823 3571 887 venio,
3597 831 3646 876 et
3676 835 3774 874 ac-

2165 909 2328 963 cersio
2367 925 2456 964 vos
2480 909 2551 964 ad
2594 927 2674 964 me
2703 912 2907 983 ipsum;
2951 924 3006 966 ut
3035 913 3120 967 ubi
3143 931 3258 969 sum
3298 931 3414 986 ego,
3443 925 3488 969 et
3519 930 3606 968 vos
3652 914 3772 968 sitis

2169 1000 2359 1077 (Ibid,
2380 1002 2461 1076 5).
2486 1003 2731 1074 Denique
2761 1005 3004 1062 turbatus
3030 1006 3225 1064 Petrus
3253 1009 3342 1080 qui
3370 1006 3672 1078 derelinqui
3696 1007 3771 1061 ti-

2169 1108 2342 1155 meret
2364 1101 2440 1155 ait
2471 1117 2484 1154 :
2519 1099 2757 1166 Domine,
2788 1117 2889 1172 quo
2929 1103 3074 1158 vadis
3102 1102 3283 1174 (Joan.
3313 1120 3429 1170 χιιι,
3451 1103 3584 1173 '56)?
3616 1101 3774 1158 Vidit

2170 1195 2431 1251 Dominus
2491 1195 2695 1251 turbari
2744 1212 2893 1261 cum,
2950 1208 3006 1252 et
3058 1199 3337 1268 respondit
3385 1199 3434 1254 ei
3472 1197 3633 1266 τραο
3671 1214 3772 1269 ego

2170 1291 2322 1356 vado,
2357 1305 2458 1344 non
2481 1299 2621 1360 potes
2647 1306 2725 1344 me
2752 1290 2904 1346 modo
2927 1293 3069 1363 sequi
3101 1310 3118 1347 :
3141 1294 3364 1363 sequeris
3392 1303 3562 1346 autem
3589 1302 3772 1365 postea

2173 1381 2390 1454 (Matth.
2422 1398 2530 1448 xiv,
2574 1384 2643 1438 δυ
2671 1394 2717 1438 et
2749 1383 2863 1456 5|).
2897 1383 2989 1440 Sic
3011 1385 3140 1441 etin
3173 1385 3308 1440 mari
3333 1400 3456 1441 cum
3486 1385 3770 1450 titubaret,

2171 1478 2422 1533 clamavit
2443 1477 2509 1534 ad
2529 1478 2803 1535 Christum
2831 1496 2847 1546 ;
2871 1493 2925 1536 et
2947 1481 3186 1550 porrexit
3203 1482 3252 1537 ei
3279 1480 3560 1538 dexteram
3581 1480 3774 1537 Chris-

2174 1581 2276 1635 tus,
2315 1587 2382 1627 ne
2413 1572 2629 1641 penitus
2656 1572 2952 1629 derelictus
2979 1572 3199 1644 periret.

2249 1666 2335 1722 19.
2368 1665 2537 1722 Nemo
2566 1675 2745 1722 autem
2774 1666 2936 1722 debet
2965 1667 3163 1734 inﬂari,
3195 1666 3337 1737 quod
3359 1679 3649 1737 numquam
3671 1663 3774 1720 de-

2173 1760 2509 1831 relinquatur
2536 1777 2550 1815 :
2582 1760 2667 1816 vel
2696 1759 2906 1826 dolere,
2935 1761 3080 1831 quod
3109 1759 3402 1830 aliquando
3423 1757 3774 1828 derelinqua—

463 1853 630 1926 980
657 1861 682 1888 ⁸
705 1852 1037 1923 quiescentis
1082 1852 1333 1923 gratiam,
1368 1850 1607 1907 defuncti
1657 1867 1931 1921 somnum,
1963 1853 2072 1908 vir-
2102 1866 2150 1926 Β
2178 1867 2297 1921 ιυι·;
2330 1855 2596 1926 siquidem
2626 1855 2743 1924 ipse
2773 1853 2944 1909 Filius
2987 1869 3047 1909 se
3082 1853 3214 1909 dicit
3255 1853 3595 1918 derelictum,
3629 1853 3775 1906 sicut

464 1955 635 2000 tutem
664 1945 1109 2000 resurrectionis.

540 2039 629 2094 17.
663 2037 722 2093 In
770 2037 864 2093 illo
907 2039 1159 2094 cubiculo
1184 2039 1422 2110 justitias
1471 2041 1684 2097 Domini
1729 2042 1859 2100 Jesu
1905 2054 2070 2116 nupta

467 2133 693 2204 reperit.
733 2133 867 2202 Quae
898 2143 1030 2190 sunt
1060 2135 1167 2189 illze
1191 2135 1456 2205 justititn?
1496 2135 1692 2208 Utique
1732 2149 2071 2196 sacramenta

466 2229 832 2301 baptismatis,
878 2231 1020 2286 sicut
1065 2230 1317 2300 legimus,
1365 2234 1493 2302 quia
1537 2247 1660 2288 cum
1708 2234 1950 2291 venienti
2002 2237 2070 2292 ad

463 2321 796 2391 baptismum
825 2322 1036 2378 diceret
1061 2321 1299 2378 Joannes
1329 2339 1342 2375 :
1377 2320 1489 2395 Ego
1531 2341 1563 2378 a
1613 2334 1660 2379 te
1702 2325 1859 2380 debeo
1899 2327 2071 2397 bapti-

466 2419 599 2484 zari,
633 2427 679 2471 et
707 2428 762 2472 tu
791 2418 930 2472 uenis
961 2417 1030 2471 ad
1058 2432 1172 2482 me;
1201 2417 1467 2489 respondit
1490 2417 1645 2474 Jesus
1675 2439 1693 2474 .·
1723 2418 1852 2475 Sine
1881 2420 2070 2487 modo;

464 2511 539 2564 sic
553 2511 691 2565 enim
719 2510 860 2563 decet
907 2526 1000 2564 nos
1029 2511 1316 2582 adimplere
1344 2527 1544 2566 omnem
1562 2514 1825 2585 justitiam
1850 2512 2069 2586 (Matth.

463 2617 543 2668 ιιι,
576 2601 643 2657 14
671 2613 719 2658 et
744 2603 858 2671 l5).
888 2601 947 2656 In
989 2603 1086 2657 illo
1126 2604 1382 2658 cubiculo
1408 2604 1829 2676 justiﬁcationes
1858 2606 2071 2663 Domini

466 2693 676 2758 didicit,
718 2696 978 2766 cognovit
1013 2695 1298 2752 consilium
1329 2697 1445 2764 Dei,
1485 2699 1626 2753 sicut
1655 2700 1918 2770 scriptum
1941 2709 2025 2755 est
2055 2717 2068 2755 :

470 2788 608 2856 Quia
635 2792 803 2845 omnis
842 2791 1067 2863 populus
1106 2793 1347 2859 audiens,
1385 2801 1432 2846 et
1463 2791 1728 2863 publicani
1747 2795 2072 2867 justiﬁcave-

467 2894 587 2937 runt
633 2881 800 2937 Deum
841 2886 1093 2953 baptizati
1135 2887 1389 2956 baptismo
1412 2888 1635 2944 Joannis
1658 2907 1677 2944 :
1699 2891 1945 2955 pharisazi
1975 2906 2071 2944 au-

465 2987 567 3032 tem
591 2986 642 3031 et
670 2977 953 3047 legisperiti
983 2979 1260 3033 consilium
1305 2979 1404 3035 Dei
1433 2993 1730 3051 spreverunt
1773 2985 1826 3037 in
1858 3001 1932 3050 se,
1967 3001 2069 3039 non

466 3068 713 3137 baptizati
735 3070 798 3123 ab
822 3086 881 3124 eo
905 3069 1062 3143 (Luc.
1090 3087 1184 3134 vn,
1215 3071 1286 3128 29
1312 3081 1360 3127 et
1400 3073 1515 3143 '50).
1544 3073 1700 3142 Quod
1728 3075 1800 3129 illi
1844 3091 2070 3146 spreve-

467 3171 618 3226 runt,
647 3177 746 3215 nos
777 3162 1060 3233 eligamus.
1087 3172 1142 3218 et
1163 3179 1458 3235 sequamur
1488 3167 1780 3222 consilium
1809 3168 1930 3237 Dei,
1964 3186 2071 3240 quo

2175 1946 2340 2002 habes
2368 1963 2380 1998 :
2415 1945 2574 2013 Deus,
2593 1944 2734 1999 Deus
2755 1962 2920 2011 meus,
2933 1946 3124 2017 respice
3144 1946 3197 1999 in
3219 1961 3299 1998 me
3321 1961 3336 2007 ;
3357 1960 3515 2012 quare
3531 1959 3608 1996 me
3625 1944 3776 1997 dere-

2175 2040 2364 2110 liquisti
2393 2036 2567 2111 (Psal.
2594 2054 2710 2103 XXI,
2737 2038 2834 2106 l)?
2872 2037 2941 2093 Et
2983 2038 3072 2093 ille
3100 2037 3316 2109 quidem
3348 2053 3638 2108 numquam
3664 2036 3772 2093 de-

2173 2133 2396 2190 relictus
2436 2149 2466 2187 a
2514 2132 2673 2188 Patre
2717 2141 2824 2196 est,
2877 2147 3000 2188 cum
3043 2147 3150 2201 quo
3191 2131 3356 2187 Pater
3397 2146 3614 2201 semper
3656 2139 3772 2186 est.

2171 2225 2444 2297 Scriptum
2488 2232 2572 2282 est
2597 2224 2742 2281 enim
2776 2245 2788 2279 :
2818 2223 2956 2280 Ecce
2967 2226 3083 2297 jam
3112 2226 3246 2281 venit
3287 2226 3438 2290 hora,
3481 2236 3538 2280 ut
3567 2225 3774 2293 disper-

2171 2319 2366 2393 gamini
2405 2320 2752 2390 unusquisque
2776 2319 2829 2374 in
2857 2335 2971 2386 sua,
3003 2329 3050 2373 et
3080 2335 3160 2373 me
3204 2317 3375 2373 solum
3419 2318 3718 2388 relinquatis
3752 2335 3773 2373 :

2173 2414 2263 2469 sed
2295 2431 2397 2468 non
2425 2430 2538 2468 sum
2577 2414 2742 2480 solus,
2789 2416 3034 2485 quoniam
3065 2412 3226 2469 Pater
3264 2429 3460 2467 mecum
3489 2423 3562 2466 est
3587 2409 3767 2481 (Joan.

2175 2524 2284 2574 xvi,
2315 2507 2431 2576 '52).
2475 2507 2584 2563 Sed
2615 2508 2912 2563 secundum
2957 2523 3157 2578 corpus
3194 2510 3248 2563 in
3285 2523 3393 2578 quo
3429 2517 3513 2563 est
3539 2508 3772 2562 traditus

2173 2601 2434 2670 passioui,
2463 2615 2569 2655 vox
2594 2601 2692 2656 ista
2725 2603 3026 2671 processit;
3060 2603 3314 2672 quoniam
3341 2601 3642 2672 derelinqui
3672 2615 3775 2656 no-

2172 2690 2261 2747 bis
2308 2692 2577 2760 videmur,
2616 2693 2832 2764 quando
2867 2708 3055 2750 sumus
3087 2695 3137 2750 iu
3168 2694 3426 2764 periculis
3451 2695 3755 2750 constituti.

2172 2786 2334 2859 981
2364 2784 2520 2842 Unde
2555 2795 2609 2842 et
2638 2785 2837 2842 Paulus
2885 2787 2961 2840 ait
3008 2786 3073 2841 de
3116 2787 3276 2842 Patre
3305 2787 3418 2842 Deo
3446 2807 3460 2843 :
3494 2787 3593 2852 Qui
3625 2785 3771 2842 Filio

2174 2885 2386 2952 proprio
2427 2897 2527 2936 non
2560 2883 2806 2951 pepercit,
2844 2882 2933 2936 sed
2960 2898 3053 2951 pro
3090 2882 3237 2937 nobis
3285 2883 3523 2937 omnibus
3554 2881 3774 2937 tradidit

2175 2991 2289 3030 eum
2315 2974 2492 3046 (Rom.
2521 2991 2635 3042 vni,
2669 2975 2784 3046 52).
2827 2976 3190 3048 Dereliquisse
3215 2976 3456 3042 videtur;
3488 2977 3612 3046 quia
3661 2991 3772 3031 non

2180 3070 2442 3138 pepercit,
2483 3070 2574 3140 qui
2625 3068 2843 3124 tradidit
2873 3069 3036 3125 morti
3066 3087 3080 3126 :
3111 3070 3206 3125 sed
3236 3085 3340 3123 non
3370 3069 3584 3140 penitus
3614 3069 3777 3125 dere-

2179 3160 2367 3230 liquit,
2420 3162 2506 3216 cui
2545 3160 2744 3216 dicitur
2780 3180 2792 3216 :
2829 3161 2966 3227 Quia
3021 3178 3123 3216 non
3168 3161 3488 3231 derelinques
3536 3161 3772 3216 animum

467 3254 604 3310 nihil
630 3264 806 3324 potest
835 3271 958 3311 esse
983 3257 1299 3324 sublimius;
1347 3257 1453 3315 hoc
1482 3259 1629 3315 enim
1660 3260 1928 3330 divinum,
1961 3280 2067 3333 quo
2096 3258 2142 3322 (ζ
2176 3269 2341 3306 meum
2372 3253 2426 3306 in
2452 3254 2675 3325 inferno,
2698 3270 2790 3308 nec
2816 3252 2962 3308 dabis
2994 3253 3245 3309 Sanctum
3275 3263 3419 3308 tuum
3445 3254 3616 3309 uidere
3652 3269 3771 3310 cor-

470 3348 529 3403 lit
555 3349 807 3403 remissio
846 3361 1212 3419 peccatorum.
1259 3351 1678 3418 Cumvdidicerit
1711 3356 2070 3427 itaquejusti-

471 3440 574 3496 tias
603 3440 838 3505 Domini,
875 3442 1040 3498 Deum
1067 3444 1262 3501 timens
1291 3461 1398 3501 non
1426 3449 1804 3505 confundetur.
1829 3450 2070 3522 Denique

470 3543 526 3589 et
557 3534 758 3589 Paulus
788 3534 863 3588 ait
897 3553 908 3587 :
943 3533 1011 3589 In
1041 3537 1186 3591 nullo
1208 3538 1500 3610 confundor
1526 3537 1754 3611 (Philip.
1788 3557 1826 3605 ι,
1859 3540 1975 3613 20).

548 3627 636 3683 18.
676 3628 738 3683 Et
766 3627 897 3700 quia
929 3631 1109 3686 nullus
1151 3641 1328 3702 potest
1357 3635 1628 3704 perlectus
1677 3650 1801 3692 esse
1849 3639 1967 3694 sine
1989 3637 2068 3692 fa-

483 3737 613 3778 vore
643 3722 762 3788 Dei,
799 3739 975 3792 neque
1005 3734 1180 3792 tutus;
1210 3725 1332 3782 ideo
1357 3743 1552 3798 rogare
1577 3729 1762 3796 debet,
1810 3747 1877 3786 ne
1919 3733 2070 3801 peni-

473 3825 560 3872 tus
582 3832 706 3872 eutn
731 3817 1079 3889 derelinquat
1111 3820 1272 3876 Deus.
1308 3820 1440 3876 Nam
1471 3838 1632 3892 supra
1661 3826 1870 3894 rogavit
1899 3827 2066 3884 David

465 3925 537 3966 ne
564 3910 1037 3982 derelinqueretur
1065 3913 1253 3969 dicens
1287 3933 1299 3967 :
1331 3914 1412 3970 Ne
1455 3916 1783 3988 derelinquas
1823 3936 1924 3985 me,
1955 3918 2068 3974 Do-

470 4005 608 4058 mine
651 4004 791 4060 Deus
831 4023 972 4061 meus
1003 4005 1174 4078 (Psal.
1201 4024 1411 4076 xxxvn,
1443 4009 1570 4081 22);
1607 4012 1694 4067 hic
1722 4013 1798 4068 ait
1831 4031 1842 4066 :
1873 4012 1956 4068 Ne
1977 4014 2069 4069 de-

470 4098 733 4166 relinquas
772 4116 852 4153 nte
881 4117 1258 4173 usquequaque,
1301 4102 1404 4158 hoc
1445 4115 1550 4172 est,
1601 4109 1850 4162 multum.
1897 4108 2067 4180 Supra

465 4189 609 4246 forte
635 4192 787 4261 quasi
816 4193 994 4250 adhuc
1029 4193 1404 4264 imperfectus,
1436 4200 1567 4253 etin
1610 4202 1820 4272 magnis
1851 4212 2066 4272 pertur-

467 4284 780 4340 batiOuibus
811 4288 1018 4354 positus
1060 4303 1127 4341 ne
1162 4288 1654 4359 derelinqueretur,
1683 4295 1947 4350 timebat:
1982 4295 2069 4352 hic

471 4389 652 4432 autem
683 4379 790 4446 iam
823 4379 1014 4434 fortior
1041 4396 1146 4434 non
1182 4381 1338 4435 timet
1363 4381 1669 4450 ,dereliuqui
1699 4395 1755 4437 ut
1797 4396 2070 4452 tentetur;

473 4469 569 4523 sed
599 4481 751 4540 rogat
772 4486 840 4524 ne
866 4471 1080 4541 penitus
1121 4471 1548 4542 derelinquatur.
1579 4474 1906 4546 Plerumque
1928 4478 2070 4532 enim

477 4563 808 4634 derelinqnit
838 4563 981 4625 Deus
1009 4581 1146 4635 quos
1193 4566 1307 4620 vult
1339 4566 1555 4636 probari
1589 4586 1602 4622 :
1638 4569 1850 4638 penitus
1890 4578 2070 4625 autem

2172 3348 2462 3417 ruptionem
2492 3345 2666 3419 (Psal.
2698 3364 2789 3416 xv,
2821 3347 2931 3418 l0).

2637 3480 2871 3541 SERMO
2909 3479 3288 3539 SECUNDUS.

2854 3608 2910 3656 ,ι
2955 3594 3104 3650 Beth.

2248 3713 2298 3767 1.
2331 3712 2528 3786 (Vers.
2555 3713 2611 3770 9.
2637 3713 2657 3784 )
2689 3713 2756 3768 In
2783 3729 2884 3784 quo
2915 3713 3125 3784 corrigit
3145 3713 3384 3784 juvenior
3412 3712 3547 3767 viam
3571 3728 3718 3768 suam
3748 3713 3772 3768 ?

2173 3805 2536 3877 Superiorum
2563 3818 2689 3863 octo
2737 3823 2992 3862 versuum
3035 3822 3142 3861 non
3175 3805 3408 3862 absurda
3443 3805 3600 3861 nobis
3627 3805 3773 3862 ceci-

2172 3901 2247 3958 dit
2272 3902 2605 3973 diaputatio;
2651 3903 2883 3974 ideoque
2929 3913 2984 3958 et
3031 3905 3311 3975 sequentia
3361 3903 3612 3975 persequi
3657 3911 3772 3958 stu-

2173 3995 2320 4050 dium
2352 3996 2469 4050 luit.
2498 3997 2563 4051 Et
2592 3997 2822 4067 primum
2858 3995 3054 4051 littera:
3077 3996 3354 4064 secundm,
3386 3995 3488 4051 hoc
3515 4005 3598 4050 est
3617 3993 3767 4059 Beth,

2171 4089 2548 4160 interpretatio
2573 4088 2969 4146 consideranda
2999 4097 3124 4154 est,
3174 4106 3293 4160 qua:
3335 4089 3390 4144 in
3429 4091 3596 4146 latino
3643 4103 3772 4144 con-

2179 4199 2356 4251 versa,
2387 4182 2633 4240 confusio
2658 4183 2984 4239 declaratur.
3037 4182 3144 4239 Sed
3174 4183 3264 4253 qui
3302 4183 3442 4238 viam
3472 4197 3623 4237 suam
3651 4195 3770 4237 cor-

2175 4278 2304 4349 rigit
2328 4319 2343 4345 ,
2375 4295 2482 4333 non
2512 4277 2897 4334 confundetur.
2949 4276 3150 4332 Verum
3191 4276 3315 4347 quia
3347 4276 3392 4330 is
3429 4275 3520 4348 qui
3550 4275 3774 4345 corrigit

2177 4381 2301 4426 ante
2329 4371 2381 4424 in
2423 4386 2609 4426 errore
2637 4371 2733 4426 l‘uit
2767 4371 3080 4443 (quomodo
3117 4372 3262 4426 enim
3291 4371 3583 4442 corrigitur
3605 4411 3619 4434 ,
3671 4371 3772 4425 nisi

2179 4463 2320 4534 quod
2352 4474 2475 4518 ante
2505 4464 2768 4520 deﬂexita
2789 4467 2989 4534 vero?),
3011 4466 3196 4533 utique
3225 4467 3276 4520 in
3310 4467 3458 4536 lapsu
3481 4467 3772 4536 positus,ct

2179 4558 2563 4615 adolescentiae.
2591 4561 2718 4614 luxu
2747 4601 2762 4627 ,
2817 4575 2880 4616 ac
2907 4561 3121 4617 lasciva:
3161 4562 3337 4617 aetatis
3364 4573 3552 4634 captus
3596 4562 3776 4618 illece-

477 4654 806 4728 derelinquit
835 4673 971 4728 quos
993 4657 1215 4712 deserit.
1246 4657 1545 4730 Dereliquit
1587 4661 1804 4731 penitus
1834 4661 2027 4718 Juilam
2055 4682 2070 4719 :
2101 4677 2150 4738 ο
2177 4653 2293 4709 bris
2317 4697 2331 4721 .
2384 4653 2470 4711 ubi
2522 4655 2590 4709 ad
2629 4655 2934 4724 iuventutis
2983 4667 3275 4726 provectus
3304 4656 3538 4711 conﬁnia
3593 4655 3772 4711 sobria

474 4765 582 4806 non
612 4750 904 4821 dereliquit
932 4760 1115 4807 autem
1145 4761 1390 4807 sanctum
1432 4753 1557 4822 Job,
1588 4755 1643 4809 in
1671 4756 1827 4824 cuius
1847 4754 1875 4794 δ
1905 4756 2073 4827 patri-

476 4845 742 4908 monium,
777 4845 830 4898 in
878 4843 1031 4915 cujus
1077 4858 1276 4914 corpus
1312 4854 1636 4915 potestatem
1667 4846 1882 4902 diabolo
1928 4846 2075 4902 dedit

476 4934 600 5008 (Job
649 4951 709 5000 ιι,
734 4935 830 5007 ϐ);
865 4936 919 4991 in
941 4936 1175 4990 animam
1203 4945 1384 4991 autem
1415 4952 1523 4991 non
1550 4938 1720 4992 dedit.
1751 4939 1882 4993 Nam
1914 4939 1961 4995 si
1983 4939 2076 4995 de-

476 5029 650 5086 disset
693 5031 746 5085 in
779 5030 1036 5097 animam,
1067 5032 1281 5101 penitus
1312 5031 1693 5102 dereliquisset
1733 5049 1879 5088 eum.
1910 5032 2074 5087 Num-

476 5124 607 5194 quid
635 5140 739 5178 noa
769 5125 890 5180 ideo
919 5124 1212 5180 derelictus
1243 5136 1324 5179 est
1363 5123 1488 5189 Joh,
1517 5134 1574 5179 ιιι
1605 5126 1830 5180 relictus
1873 5126 2074 5196 proba-

473 5225 644 5283 retur,
688 5217 946 5286 probatus
996 5218 1388 5273 coronaretur?
1421 5217 1722 5290 Dereliquit
1770 5220 1932 5290 igitur
1971 5219 2069 5275 Ju-

474 5309 623 5378 dam,
666 5310 753 5367 cui
793 5313 909 5366 ait:
948 5311 1101 5378 Quod
1151 5311 1305 5382 facis,
1354 5315 1438 5382 fac
1471 5312 1689 5366 celerius
1727 5312 1910 5385 (Joan.
1947 5328 2068 5379 χιιι,

473 5497 683 5568 punctio
715 5493 1024 5568 declaratur.
1061 5495 1212 5561 Quod
1254 5494 1344 5568 qui
1385 5493 1716 5568 probaverit,
1748 5494 1818 5548 ita
1847 5494 2047 5568 intelli-

470 5565 584 5640 gat,
612 5585 676 5621 ac
699 5566 744 5620 si
785 5570 1046 5637 si-riptutn
1091 5575 1256 5640 esset,
1290 5565 1510 5631 Quando
1540 5567 1838 5620 introducta
1865 5566 2053 5639 legitur

476 5639 731 5704 Ecclesia,
764 5653 854 5709 per
883 5643 977 5692 hoc
1003 5639 1351 5710 passionis....
1375 5649 1572 5704 tempus
1593 5640 1910 5693 declaratur.

546 5716 792 5765 “Omnes
825 5711 982 5777 edit.,
1027 5710 1356 5781 quiescentis
1391 5714 1655 5780 gratiam;
1705 5723 1895 5765 contra
1925 5724 2054 5765 mss.

515 5797 645 5852 rope
684 5782 750 5836 ad
782 5798 968 5849 unum,
1023 5782 1203 5852 quietis
1245 5782 1485 5852 gratiam.
1519 5782 1726 5843 Rursus
1767 5783 1885 5836 sola
1926 5781 2054 5841 edit.

515 5800 645 5852 rope
684 5800 968 5849 annuum,
1023 5800 1203 5852 quietis
1245 5800 1485 5852 gratiam.
1519 5800 1726 5843 uorsus
1767 5800 1885 5836 suta
1926 5800 2054 5841 coit.

477 5800 660 5919 rium,
688 5855 928 5910 virtutem
966 5855 1319 5922 resurgentis:
1342 5852 1462 5908 alia:
1489 5862 1544 5910 et
1565 5855 1740 5910 cuncti
1771 5853 1928 5923 mss.,
1966 5855 2064 5908 vir-

2177 4758 2358 4804 mentc
2382 4749 2691 4820 resipiscet:
2719 4758 2990 4820 tamquam
3021 4747 3279 4805 confusus
3308 4748 3511 4816 animo,
3538 4762 3775 4820 quonam

2179 4842 2340 4898 modo
2367 4843 2738 4900 erubescenda
2769 4844 3025 4915 deponat,
3043 4854 3097 4900 et
3128 4845 3285 4917 plena
3315 4843 3598 4915 probitatis
3623 4857 3776 4899 assu-

2179 4946 2289 4990 mat
2315 4979 2328 5001 ,
2356 4936 2445 4992 diu
2478 4952 2661 4993 secum
2687 4937 2852 4992 volvit
2879 4954 2892 5004 ;
2942 4949 2996 4994 et
3021 4938 3253 4995 diversis
3281 4939 3544 4994 ﬂuctuans
3572 4939 3774 5010 cogita-

2183 5030 2419 5087 tionibus
2447 5031 2607 5086 librat
2623 5042 2784 5102 atqite
2800 5030 3095 5099 examinat,
3125 5032 3405 5100 superiora
3422 5031 3771 5099 obliviscetis,

2180 5133 2234 5180 et
2251 5139 2313 5180 ea
2341 5139 2460 5194 qua:
2488 5134 2614 5180 sunt
2637 5124 2815 5195 priora
2842 5137 3126 5196 appetens,
3151 5125 3605 5196 quemadmodum
3631 5125 3771 5180 viam

2179 5234 2329 5274 Suam
2357 5221 2612 5292 corrigat,
2637 5219 3103 5290 odensionemque
3129 5219 3575 5276 adolescentioris
3602 5220 3773 5275 :otatis

2177 5311 2318 5368 seria
2339 5312 2642 5382 iuventutis
2671 5315 2850 5369 fronte
2880 5322 3162 5384 praetexat.
3211 5313 3367 5372 Unde
3409 5330 3476 5370 ne
3501 5313 3592 5370 diu
3621 5312 3773 5370 dubi-

2155 5505 2312 5551 tutem
2337 5498 2748 5552 resurrectionis.

2230 5566 2407 5644 1{Post
2433 5584 2644 5644 vacem.
2664 5572 3268 5644 pa_trimonium,ltabent
3281 5571 3412 5626 edit.
3428 5613 3441 5636 ,
3464 5573 3496 5644 Ι
3503 5589 3561 5627 us
3591 5583 3770 5644 tyran-

2161 5639 2304 5713 nidis
2324 5640 2621 5694 adversario
2651 5639 2857 5711 tribuit;
2885 5661 3003 5713 qui-
3025 5642 3286 5699 desuntin
3312 5657 3439 5697 mss.
3457 5639 3767 5703 Gallicanis.

2244 5711 2361 5784 ειμι
2412 5727 2544 5784 mss.
2593 5728 2814 5780 euntes;
2863 5711 2995 5770 edit.
3044 5731 3198 5780 vero,
3251 5717 3479 5781 permisit
3527 5715 3769 5784 effectui;

2167 5782 2416 5860 qnmdam
2447 5783 2644 5848 Paris,
2697 5784 2928 5860 effectui.
2965 5787 3109 5841 Alios
3154 5793 3328 5841 autem
3358 5803 3462 5842 non
3491 5782 3766 5860 dereliquit

2169 5857 2446 5924 apostolos,
2473 5867 2602 5923 quos
2627 5871 2745 5910 cum
2771 5859 3002 5925 vidisset,
3034 5867 3142 5913 etc.
