4070 6466
251 347 397 408 1209

1343 341 1410 398 ΙΝ
1446 338 1783 399 PSALMUM
1821 337 2032 398 CXVIII
2071 335 2459 398 EXPOSITIO.

3418 337 3562 396 1210

251 471 335 520 tet
359 457 688 532 hujusmodi,
717 465 771 514 et
796 456 1003 512 incerto
1032 453 1274 520 haereat,
1303 453 1398 510 dat
1427 452 1696 525 Propheta
1720 467 1852 508 con-
1879 455 1933 515 Α
1959 460 2176 523 peccata
2206 466 2303 508 sua
2327 495 2344 520 ,
2377 449 2613 523 exagitat
2640 451 3028 508 conscientiam
3071 450 3406 508 consuetudo
3431 465 3562 522 pec-

251 557 475 624 silium,
518 553 670 627 quasi
717 568 838 608 cum
870 567 936 606 eo
967 551 1084 622 ipse
1131 550 1477 615 deliberans;
1532 558 1660 603 tunc
1707 548 1853 602 enim

252 651 556 708 salubriora
585 646 810 704 consilia
838 645 1114 700 credimus
1141 687 1156 710 ,
1197 644 1240 698 si
1272 640 1627 714 propensiore
1683 639 1855 696 medi-

251 743 460 799 tatione
481 739 786 798 examinata
816 736 1122 793 videantur.
1168 734 1273 791 Sed
1307 735 1421 806 ipsa
1447 732 1855 790 deliberationis

247 836 532 908 susceptio
562 834 718 889 docta
750 831 1071 887 definitione
1095 830 1477 901 distinguitur,
1513 836 1569 882 ut
1615 827 1857 882 diversa—

247 945 372 985 rum
398 928 785 1000 cogitationum
815 937 1117 979 concursus
1144 922 1353 978 auferat
1381 921 1568 976 dicens
1599 937 1611 973 :
1665 919 1730 973 In
1757 937 1856 991 quo

246 1022 460 1094 corrigit
496 1019 742 1094 juvenior
769 1017 903 1072 viam
945 1016 1133 1071 suam?
1180 1015 1276 1071 llic
1320 1016 1464 1070 enim
1501 1013 1856 1070 deliberantis

245 1123 335 1170 est
376 1113 499 1169 finis
527 1155 541 1178 ,
574 1126 682 1183 quo
709 1111 851 1165 viam
877 1125 1029 1164 suam
1059 1109 1312 1180 corrigat.

319 1207 374 1263 2.
409 1207 473 1263 Ει
497 1205 779 1277 respondit
809 1223 822 1258 :
855 1201 920 1258 In
942 1204 1276 1258 custodiendo
1303 1202 1454 1258 verba
1484 1213 1591 1257 tua.
1627 1200 1692 1256 Et
1716 1200 1856 1256 bene

244 1303 315 1357 ad
343 1301 632 1357 Dominum
662 1312 959 1354 conversus
988 1296 1269 1368 respondit
1300 1295 1623 1352 deliberanti
1645 1336 1660 1358 ,
1701 1293 1854 1365 quasi

245 1407 414 1464 prece
462 1403 626 1463 atque
679 1390 928 1446 oratione
978 1388 1156 1444 delata
1190 1389 1476 1444 consilium
1507 1387 1611 1443 hoc
1643 1387 1853 1442 Domini

247 1485 612 1556 inSpiratione
643 1483 906 1554 repererit
933 1499 946 1546 ;
979 1490 1038 1535 nt
1067 1496 1172 1536 non
1201 1481 1642 1552 praesumptionis
1668 1481 1852 1534 huma-

251 1594 379 1646 nae,
426 1578 522 1634 sed
567 1576 896 1647 dignationis
925 1575 1125 1630 divinae
1171 1574 1471 1632 remedium
1515 1573 1851 1629 crederetur.

247 1672 399 1730 Mens
445 1672 586 1728 enim
633 1680 822 1726 nostra
874 1669 1164 1725 verborum
1212 1670 1514 1726 etelestium
1560 1681 1853 1740 conspersa

242 1767 543 1824 seminibus
567 1809 580 1833 ,
613 1781 733 1837 quae
757 1775 883 1820 ante
905 1764 1272 1834 degenerabat
1303 1764 1356 1820 in
1383 1764 1640 1834 stirpibus
1669 1805 1682 1829 ,
1735 1777 1850 1817 tne-

1957 544 2153 612 candi,
2185 555 2239 600 et
2267 561 2396 602 usus
2424 548 2628 602 erroris
2655 545 2962 602 instabilem
3013 546 3164 602 facit.
3214 546 3555 603 Luctandum

1958 649 2042 696 est
2067 640 2157 694 diu
2189 637 2496 710 hnjusmodi
2522 642 2659 708 viro,
2692 652 2712 680 ε
2746 649 2806 696 ιιι
2832 639 3156 698 abolefaciat
3197 642 3247 696 in
3275 643 3560 711 juvantute

1957 734 2096 792 facta
2125 735 2425 790 inveterata
2451 745 2614 808 atque
2641 735 2916 793 diuturna.
2966 733 3101 791 Iluic
3128 735 3179 792 in
3207 735 3446 808 periculo
3472 749 3561 792 res

1957 839 2059 895 est,
2095 829 2171 883 illi
2200 829 2254 884 in
2285 828 2448 884 bono.

2026 921 2082 976 4.
2117 920 2358 992 Denique
2384 921 2591 978 sedebit
2619 922 2712 977 ille
2754 921 3107 994 singulariter
3129 965 3146 991 ,
3193 924 3349 996 quasi
3388 923 3434 979 is
3463 923 3555 995 qui

1957 1013 2115 1070 facile
2160 1030 2268 1070 non
2313 1015 2551 1070 inveniat
2595 1015 2856 1084 aequalem
2882 1058 2898 1083 ,
2941 1016 3304 1087 singularibus
3329 1017 3564 1073 donatus

1956 1109 2226 1180 praemiis:
2253 1117 2309 1164 et
2334 1108 2511 1164 silebit
2539 1109 2753 1180 quietus
2780 1119 2834 1163 et
2856 1109 3077 1166 feriatus
3106 1110 3175 1166 ab
3205 1111 3351 1166 omni
3392 1110 3561 1166 inter-

1957 1201 2253 1272 pellatione
2285 1202 2574 1258 mundame
2598 1203 2978 1259 sollicitudinis
3004 1245 3018 1268 ,
3049 1214 3105 1260 et
3139 1206 3434 1275 voluptatis
3461 1223 3474 1258 :
3508 1214 3563 1260 et

1957 1295 2158 1352 divinis
2189 1297 2403 1352 vacabit
2429 1297 2664 1354 oraculis
2691 1340 2705 1363 ,
2739 1313 2862 1368 quae
2889 1299 3070 1354 solent
3099 1301 3446 1370 singulariter
3470 1315 3560 1355 se-

1959 1389 2217 1445 dentibus
2246 1391 2509 1455 revelari,
2542 1390 2681 1445 sient
2709 1399 2897 1445 sancto
2929 1389 3124 1458 David,
3155 1394 3245 1461 qui
3277 1395 3387 1447 ait:
3429 1392 3573 1461 Quo-

1959 1482 2096 1536 niam
2138 1490 2193 1536 tu
2236 1481 2566 1551 singulariter
2585 1483 2641 1536 in
2675 1499 2763 1548 spe
2793 1483 3104 1537 constituisti
3135 1499 3215 1536 me
3243 1483 3263 1554 (
3287 1482 3437 1539 Psal.
3471 1501 3524 1538 tv
3545 1526 3561 1549 ,

1959 1574 2073 1645 I0).
2105 1574 2170 1628 Et
2198 1574 2285 1630 hic
2313 1574 2530 1646 quidem
2556 1590 2664 1629 non
2696 1573 2748 1629 in
2779 1581 2996 1629 secreto
3021 1575 3171 1630 solus
3199 1573 3442 1642 sedebat,
3470 1575 3567 1630 sed

1957 1682 2080 1723 cum
2112 1677 2374 1738 praeesset
2403 1666 2614 1739 populis
2641 1684 2654 1733 ;
2703 1667 2964 1739 singulari
2995 1677 3174 1724 tamen
3223 1669 3395 1740 gratia
3429 1682 3568 1740 prae—

1957 1763 2216 1819 minebat.
2262 1763 2408 1818 Elius
2435 1763 2582 1818 solus
2609 1762 2874 1829 sedebat,
2925 1777 3047 1819 cum
3090 1762 3158 1818 ab
3199 1763 3391 1834 angelo
3416 1804 3431 1829 ,
3481 1760 3568 1819 vel

244 1860 410 1916 liores
437 1862 613 1916 cultus
646 1858 809 1914 edere
836 1900 850 1925 ,
881 1857 1199 1929 fructusque
1230 1857 1422 1914 afferre
1453 1857 1661 1927 incipit.
1713 1856 1854 1911 Diri—
1883 1862 1932 1922 Β
1960 1859 2123 1912 etiam
2153 1858 2334 1912 corvis
2355 1857 2532 1913 cibum
2561 1856 2938 1914 deferentibus
2964 1867 3278 1928 pasceretur
3303 1858 3396 1929 (Ill
3429 1858 3562 1931 Reg.

240 1969 434 2027 gamus
461 1954 623 2025 igitur
655 1953 883 2008 semitas
910 1963 1148 2021 nostras,
1184 1967 1284 2008 nec
1321 1952 1548 2008 tortuosi
1581 1950 1852 2022 serpentis

242 2062 542 2118 sequamur
574 2047 875 2102 anfractus.
924 2046 1038 2102 Via:
1071 2047 1217 2103 enim
1247 2047 1461 2103 Domini
1492 2061 1692 2113 reetm;
1725 2062 1851 2118 per-

242 2156 418 2197 versae
445 2149 623 2195 autem
655 2141 754 2195 viae
783 2139 1082 2194 errantium
1114 2182 1128 2206 ,
1174 2140 1242 2195 de
1286 2140 1480 2211 quibus
1510 2140 1711 2196 dicitur
1740 2159 1753 2196 :
1805 2140 1850 2195 0

240 2237 332 2306 qui
357 2236 668 2302 reliquerunt
699 2236 907 2290 semitas
931 2245 1094 2290 rectas
1120 2235 1137 2304 (
1163 2233 1319 2290 Prov.
1350 2251 1410 2298 ll,
1444 2236 1544 2303 I3)
1573 2237 1586 2290 !
1618 2234 1676 2289 In
1708 2235 1853 2290 ordi-

242 2350 366 2391 nem
395 2349 551 2405 seges
581 2333 701 2389 laeta
726 2334 1055 2404 porrigitur,
1101 2341 1260 2402 atque
1303 2330 1355 2384 in
1399 2344 1613 2384 versum
1658 2344 1851 2399 quem.

241 2427 367 2482 dam
401 2427 579 2483 vineta
624 2438 934 2499 ponuntur:
981 2442 1266 2482 cervorum
1319 2441 1511 2479 cursus
1551 2424 1850 2493 dircctior,

242 2520 543 2586 vulpeculae
570 2518 866 2575 flexuosus.
912 2519 1038 2575 Ideo
1064 2518 1133 2573 de
1163 2517 1374 2572 Herode
1416 2515 1613 2570 dicitur
1661 2534 1674 2569 :
1729 2514 1811 2569 Ite
1834 2558 1849 2583 ,

244 2612 400 2667 dicite
429 2613 572 2681 vulpi
599 2613 677 2668 illi
701 2613 855 2683 (Luc.
893 2628 1012 2679 xm,
1049 2610 1120 2666 52
1140 2609 1198 2681 );
1229 2610 1353 2680 quia
1382 2607 1683 2663 deﬂexerat
1710 2622 1738 2661 a
1769 2607 1853 2662 via

247 2715 419 2769 recta,
455 2721 553 2760 nec
587 2709 687 2761 iter
719 2721 875 2759 suum
913 2706 965 2759 in
1002 2704 1290 2774 iuventute
1336 2710 1689 2756 CorrCXcrulz
1739 2700 1856 2770 dig-

246 2810 350 2852 nus
381 2795 667 2851 Hieremiae
692 2795 936 2860 Threoo,
968 2810 1076 2866 quo
1107 2794 1378 2850 deﬂentur
1403 2799 1734 2862 peccatores,
1764 2791 1855 2860 qui

243 2892 433 2960 jugutn
466 2889 616 2943 verbi
645 2889 880 2960 10982
905 2891 1188 2958 juventutc
1215 2886 1490 2954 suscipere
1514 2894 1855 2939 recusarunt.

249 2982 374 3037 Ideo
403 2980 604 3051 captivi
631 2980 775 3035 ducti
806 2992 975 3047 sunt,
1020 2980 1142 3034 ideo
1184 2977 1540 3048 deplorautur
1585 2987 1856 3048 tamquam

247 3073 492 3136 mortui;
545 3073 672 3142 quia
730 3072 856 3127 vita:
917 3076 1224 3127 nescierunt
1288 3071 1546 3136 semitas,
1597 3078 1652 3124 et
1698 3069 1856 3140 digna

244 3179 411 3236 opera
459 3172 485 3199 τι
518 3161 842 3217 cadaverum
887 3163 1045 3217 busto
1071 3178 1176 3217 non
1225 3163 1657 3216 declinaverunt.
1690 3161 1856 3218 Flens

1958 1966 2086 2016 xvtt,
2121 1951 2176 2019 6,
2201 1960 2246 2004 et
2275 1967 2382 2014 XIX,
2415 1951 2493 2022 7).
2521 1951 2682 2008 Solus
2715 1966 2820 2006 non
2853 1951 3028 2007 solum
3051 1961 3300 2008 secretus
3320 1967 3349 2008 a
3371 1952 3566 2020 turbis,

1956 2058 2143 2098 verum
2175 2044 2338 2097 etiam
2366 2054 2680 2114 segregatus
2702 2058 2730 2097 a
2762 2044 2970 2098 meritis
3003 2043 3377 2114 pluritnomm.
3408 2043 3572 2100 Deni-

1957 2152 2063 2207 que
2093 2136 2454 2191 revelationes
2486 2137 2562 2192 illi
2596 2137 2792 2192 diviuae
2819 2137 3009 2206 gratiae
3033 2135 3390 2208 refulgebant,
3416 2136 3571 2208 cujus

1957 2233 2201 2287 muneris
2234 2234 2462 2287 fructum
2495 2249 2590 2303 pro
2615 2231 2869 2291 mercede
2897 2231 3303 2301 adipiscebatur
3329 2249 3344 2298 ;
3373 2233 3502 2304 quia
3533 2248 3564 2286 a

1953 2324 2234 2394 juventute
2261 2339 2355 2378 sua
2383 2325 2570 2394 jugum
2594 2325 2743 2381 verbi
2773 2324 3178 2394 suscipiendum
3205 2325 3432 2396 putavit,
3464 2339 3567 2380 nec

1959 2416 2219 2473 trahenda
2249 2416 2408 2486 longo
2443 2417 2648 2472 diutius
2677 2416 2804 2472 fune
2831 2429 3075 2488 peccata.
3581 2432 3618 2464 ι
3641 2409 3693 2441 \
3717 2428 3734 2440 ·

2031 2511 2086 2565 5.
2137 2509 2594 2579 Potestjnvenior
2621 2511 2723 2566 iste
2750 2511 2840 2580 qui
2871 2509 3000 2565 fecit
3040 2510 3240 2566 bonum
3267 2551 3284 2577 ,
3331 2507 3572 2564 tollendo

1960 2605 2012 2660 in
2036 2605 2320 2674 juventute
2343 2604 2531 2676 juguut
2560 2605 2734 2671 verbi,
2771 2604 3004 2659 nondum
3038 2604 3335 2675 perfectus,
3364 2605 3453 2674 qui
3477 2602 3571 2658 atl-

1964 2699 2070 2754 hnc
2093 2700 2345 2770 juvenior
2368 2739 2384 2764 ,
2430 2715 2726 2770 segregans
2755 2716 2885 2754 vero
2928 2715 2988 2754 se
3018 2715 3046 2753 a
3080 2701 3368 2771 colloquiis
3387 2714 3572 2768 arqua-

1961 2794 2092 2848 liutn
2119 2837 2134 2859 ,
2182 2810 2302 2864 quae
2331 2795 2646 2865 plerumque
2669 2804 3027 2864 corrumpunt
3063 2795 3238 2850 bonos
3267 2807 3446 2848 mores
3470 2835 3484 2859 ,
3513 2801 3572 2848 et

1961 2887 2208 2956 contagia
2243 2886 2430 2940 volens
2460 2885 2643 2956 fugere
2671 2887 3012 2956 peccantium
3043 2903 3056 2949 ;
3107 2887 3176 2939 ita
3211 2885 3436 2955 intelligi
3461 2885 3575 2939 siu-

1965 2979 2228 3050 gulariter
2250 2979 2440 3035 sedere
2482 2990 2536 3033 et
2583 2979 2749 3033 silere
2778 3020 2794 3045 ,
2825 2993 2893 3033 ne
2919 2979 3068 3033 rudis
3108 2979 3285 3034 aetatis
3314 2977 3572 3033 facilitate

1962 3069 2211 3125 labatur:
2243 3069 2340 3125 sed
2372 3070 2651 3126 intendere
2673 3071 2949 3126 seniorum
2995 3072 3300 3142 praeceptis,
3337 3069 3572 3142 prophe-

1963 3175 2134 3221 tarum
2164 3165 2418 3232 oraculis,
2453 3165 2824 3233 apostolorum
2859 3165 3226 3236 magisteriis:
3263 3165 3569 3221 laudandus

246 3273 378 3328 ergo
411 3266 640 3312 mortem
671 3265 982 3327 perpetuam
1004 3255 1339 3322 Judteorum,
1366 3254 1849 3310 dicitllieretnias:
1880 3259 1926 3322 ι]
1960 3273 2026 3313 eo
2055 3258 2179 3328 quia
2215 3259 2363 3328 prius
2396 3258 2508 3313 vult
2541 3258 2813 3328 loquenda
2845 3273 3178 3329 cognoscere
3199 3301 3213 3326 ,
3254 3275 3414 3330 quam
3445 3275 3576 3331 pro-

249 3350 453 3406 Bonum
481 3357 555 3404 est
585 3349 692 3404 viro
723 3367 839 3402 cum
869 3348 1002 3403 tollit
1024 3350 1211 3420 jugum
1236 3349 1576 3421 injuventute
1603 3364 1621 3402 :
1659 3347 1851 3402 sedebit

249 3445 648 3516 singulariter,et
665 3443 829 3497 silebit
845 3461 862 3509 ;
876 3443 993 3514 quia
1006 3443 1123 3496 tulit
1133 3443 1184 3496 in
1196 3459 1249 3495 se
1262 3441 1477 3514 (Thren.
1497 3457 1575 3504 ιιι,
1589 3441 1659 3496 27
1674 3453 1717 3496 et
1733 3440 1846 3514 28).

318 3543 370 3597 5.
403 3540 518 3595 Νοιι
547 3541 720 3594 solum
758 3539 947 3594 tollere
972 3538 1161 3609 jugum
1202 3537 1393 3603 verbi,
1441 3537 1535 3593 sed
1575 3537 1628 3592 in
1657 3538 1850 3607 juven-

248 3642 363 3690 tute
393 3633 656 3689 debemus
683 3633 896 3688 tollere.
926 3633 982 3688 Si
1012 3633 1156 3687 enim
1185 3647 1312 3686 sero
1345 3631 1596 3686 tollamus
1615 3673 1629 3694 ,
1661 3629 1852 3702 incipi-

247 3742 368 3783 mus
394 3724 422 3764 δ
457 3725 829 3797 pteuitentiatu
858 3725 1199 3794 superiorum
1234 3724 1403 3794 magis
1433 3723 1657 3788 habere,
1689 3737 1850 3791 quam

247 3830 431 3878 tenere
455 3819 705 3892 gratiam.
754 3819 1163 3874 Praeveniantus
1194 3833 1322 3886 ergo
1346 3817 1639 3886 juventutis
1678 3832 1852 3873 annos

247 3915 585 3970 correctione
615 3926 886 3982 congrua;
916 3921 972 3965 ut
996 3911 1164 3981 inagis
1197 3909 1439 3964 dicamus
1461 3907 1686 3979 singuli:
1713 3908 1852 3964 Dens

247 4009 335 4077 qui
357 4006 520 4076 pascis
552 4022 631 4059 me
656 4008 978 4077 ajuventute
1010 4020 1120 4057 mea
1143 4002 1296 4074 (Gen.
1320 4019 1507 4071 XLVIII,
1530 4000 1621 4072 15)
1649 4019 1662 4066 ;
1689 4019 1851 4072 quam

250 4100 680 4155 recordationem
715 4098 974 4153 habentes
1006 4097 1211 4167 lapsum
1242 4096 1541 4150 defleamus
1571 4096 1848 4150 dicentes:

249 4193 448 4248 Delicta
486 4193 772 4266 juventutis
805 4208 928 4245 mea:
961 4231 978 4254 ,
1019 4200 1068 4244 et
1089 4190 1398 4260 ignorantia:
1435 4205 1560 4242 mea:
1591 4207 1652 4244 ne
1680 4191 1856 4244 memi-

249 4289 386 4344 neris
413 4289 432 4359 (
456 4287 607 4343 Psal.
639 4302 754 4353 xw,
783 4287 812 4340 7
839 4288 876 4354 ).
930 4284 1044 4339 Hoc
1070 4284 1369 4338 debilitatis
1398 4295 1481 4340 est
1512 4285 1810 4339 remedium
1837 4327 1852 4351 ,

251 4379 385 4436 illud
419 4380 588 4434 robur
616 4378 827 4435 salutis.
874 4376 1079 4431 Salutis
1111 4375 1376 4430 medicina
1410 4376 1618 4432 vulneri
1651 4377 1854 4447 quaeri-

253 4485 341 4530 tur
367 4493 378 4528 :
409 4473 581 4545 gratia
610 4471 850 4528 sanitati.
889 4470 1118 4540 Ideoque
1143 4471 1246 4525 ait:
1270 4469 1470 4524 Bonum
1491 4481 1564 4525 est
1586 4472 1712 4534 viro,
1739 4487 1852 4524 cum

253 4569 386 4624 tollit
407 4569 596 4642 jugnm
626 4569 964 4640 injaventute
996 4567 1015 4636 (
1041 4563 1231 4618 Tltren.
1260 4579 1318 4618 ιιι
1341 4604 1356 4626 ,
1382 4564 1449 4618 27
1473 4563 1514 4635 ).
1564 4563 1625 4618 [Si
1673 4575 1852 4620 autem

1958 3347 2101 3405 ferre
2129 3365 2248 3420 qum
2274 3351 2472 3405 sentiat
2499 3367 2513 3415 ;
2543 3359 2836 3422 antequam
2862 3350 3008 3422 loqui
3040 3351 3248 3416 discat,
3278 3352 3476 3406 timens
3504 3368 3574 3408 ne

1961 3445 2302 3516 tnultiloquio
2331 3456 2610 3514 peccatum
2642 3447 2953 3504 contrahat.
2983 3447 3137 3505 Unde
3163 3457 3299 3519 puto
3321 3459 3374 3502 et
3405 3444 3430 3484 ἀ
3466 3447 3570 3519 Py-

1959 3539 2242 3610 thagoram
2267 3541 2420 3596 illum
2451 3540 2830 3614 philosophum
2860 3541 3188 3598 imitatorem
3229 3536 3444 3614 juvenis
3472 3543 3571 3597 ltu-

1954 3635 2045 3706 jus
2073 3635 2239 3709 983
2270 3636 2570 3708 prophetici
2602 3638 2902 3693 instituisse
2930 3649 3136 3694 sectam
3167 3680 3181 3702 ,
3225 3649 3283 3693 ut
3321 3637 3570 3708 discipuli

1957 3730 2040 3784 sui
2087 3730 2457 3799 quinquennio
2483 3746 2588 3785 non
2635 3731 2920 3799 loquentes
2970 3741 3120 3785 tanto
3162 3729 3382 3786 silentio
3419 3731 3566 3800 loqui

1957 3820 2269 3886 discerent;
2301 3837 2421 3877 cum
2456 3824 2757 3893 praesertim
2792 3834 2843 3876 et
2875 3821 3070 3888 David,
3105 3821 3404 3892 superioris
3434 3834 3566 3876 aeta-

1959 3914 2027 3969 tis
2058 3930 2217 3986 qnam
2250 3915 2608 3987 Pythagoram
2637 3915 2801 3971 fuisse
2833 3933 2940 3971 non
2963 3916 3182 3972 dubium
3210 3918 3301 3979 sit,
3335 3917 3422 3988 qui
3455 3917 3563 3972 ait:

1959 4008 2107 4075 Dixi,
2137 4011 2422 4064 custodiam
2453 4010 2560 4062 rias
2594 4026 2748 4069 meas.
2771 4019 2825 4064 ut
2852 4027 2952 4064 non
2980 4011 3279 4080 delinquant
3309 4013 3362 4064 in
3390 4011 3569 4081 lingua

1959 4118 2093 4156 mea.
2126 4101 2290 4156 Posui
2319 4102 2397 4154 ori
2428 4118 2537 4154 meo
2581 4103 2871 4155 custodiam
2899 4102 2918 4171 (
2942 4101 3086 4156 Psal.
3117 4117 3341 4163 xxxvttt,
3367 4101 3400 4155 2
3424 4101 3462 4171 ).
3500 4102 3569 4157 Et

1960 4195 2084 4262 quia
2108 4193 2244 4245 forte
2275 4191 2564 4261 aliquando
2594 4193 2795 4259 aliquid
2830 4192 3043 4246 locutus
3069 4202 3214 4246 esset
3257 4192 3563 4257 incautius;

1963 4285 2083 4339 ideo
2113 4294 2298 4352 postea
2345 4300 2374 4337 a
2413 4284 2520 4339 Deo
2552 4285 2679 4354 poni
2713 4283 2793 4339 ori
2839 4300 2937 4339 suo
2988 4283 3292 4339 custodiam
3325 4284 3566 4354 postula-

1961 4377 2059 4430 vit.
2106 4375 2322 4430 Esaiam
2355 4392 2570 4446 qnoque
2621 4376 2988 4448 pythagoricis
3035 4376 3362 4431 anteriorem
3399 4374 3568 4434 fuisse

1960 4470 2080 4541 quis
2104 4469 2353 4525 nesciat?
2379 4470 2627 4540 Quicum
2660 4471 2924 4536 audisset,
2950 4471 3118 4525 clama
3149 4470 3322 4545 (Esai.
3347 4487 3437 4537 XL,
3466 4470 3521 4542 6)
3547 4487 3562 4538 ;

1961 4580 2067 4620 non
2096 4565 2246 4636 prius
2275 4566 2612 4630 clamaverit,
2649 4583 2808 4636 quam
2837 4565 3046 4621 audiret
3065 4565 3191 4635 quid
3213 4565 3450 4621 clamare
3465 4565 3563 4620 de.

253 4663 341 4733 qui
372 4672 490 4732 post
515 4662 757 4716 decursa:
772 4658 1074 4730 juventutis
1103 4672 1277 4712 annos
1302 4657 1488 4728 jugum
1511 4657 1712 4723 tulerit,
1747 4673 1854 4713 non
1883 4661 1933 4724 Ι)
1962 4660 2134 4715 beret.
2170 4658 2470 4729 Respondit
2498 4659 2641 4715 enim
2674 4677 2686 4713 :
2724 4657 2862 4724 Quid
2889 4659 3120 4713 clamabo
3155 4657 3343 4730 (Ibid)
3365 4659 3388 4713 ?
3412 4657 3566 4715 Unde

255 4765 338 4812 est
373 4755 555 4810 statim
584 4753 882 4826 perfectum
923 4753 1152 4808 bonum.
1201 4751 1492 4807 Stitnulant
1531 4752 1674 4806 enim
1725 4767 1849 4807 eum

328 4956 354 4982 κ
382 4944 641 5016 Tangitur
657 4943 994 5005 Graecorum,
1017 4943 1498 5016 Romanorumque
1519 4941 1857 5016 consuetudo

257 5017 446 5072 urendi
470 5014 763 5072 cadavera:
790 5032 898 5087 quo
923 5015 1190 5086 supplicio
1229 5015 1414 5086 gravia
1455 5014 1852 5086 peccatadigua

255 5089 525 5142 dicuntur.

324 5159 353 5197 1)
397 5161 524 5221 Mss.
561 5173 752 5213 omnes
777 5159 966 5215 Gallici
993 5202 1009 5226 ,
1043 5158 1349 5228 sapientiam
1377 5158 1742 5229 superiorum;
1773 5157 1853 5211 vel

256 5243 312 5285 nt
341 5231 581 5285 nonnulli
609 5231 830 5294 habent,
855 5231 1208 5300 superborum,
1239 5241 1327 5283 aut
1356 5232 1520 5283 etiam
1554 5239 1612 5283 ut
1637 5230 1750 5291 alii,
1769 5246 1856 5282 su-

255 5319 545 5374 pernorum.
595 5301 796 5358 Verum
846 5303 972 5370 qttid
1020 5318 1128 5374 per
1163 5302 1480 5366 sapientiam
1509 5301 1858 5374 _Atnbrusins

257 5371 356 5428 sibi
391 5375 590 5438 vellet,
645 5389 750 5428 non
782 5371 1044 5428 videmus.
1098 5372 1366 5441 Quocirca
1411 5371 1588 5443 p0tior
1641 5371 1856 5427 videtur

256 5444 386 5500 edit.
415 5449 656 5501 omnium
687 5445 870 5500 lcetio.

332 5550 354 5577 ε
389 5539 591 5595 Omnes
617 5539 748 5595 edit.
780 5553 843 5592 ac
872 5553 1004 5593 mss.
1038 5537 1258 5606 aliquot,
1294 5548 1349 5592 ut
1372 5537 1678 5605 abolefaciat
1717 5537 1858 5590 inve-

264 5622 428 5666 terata
450 5653 465 5678 ,
494 5622 603 5668 etc.
648 5611 750 5666 Alii
785 5611 969 5682 plures
999 5625 1063 5682 ac
1097 5610 1360 5678 potiores,
1389 5621 1444 5664 ut
1471 5609 1778 5682 abolefaciat
1810 5610 1863 5663 in

247 5687 517 5758 juventute
545 5687 678 5758 facta
702 5685 1022 5746 inveterata;
1056 5681 1106 5758 id
1136 5691 1238 5745 est,
1267 5694 1322 5734 ut
1347 5683 1558 5758 aboleat
1581 5681 1861 5758 eaqttibus

259 5772 356 5830 per
382 5753 552 5830 totam
580 5756 961 5830 iuventutem,
1005 5754 1106 5807 sub
1136 5767 1240 5824 qua
1269 5753 1496 5823 pueritia
1543 5753 1861 5808 adolescen-

263 5826 442 5898 iiaque
471 5829 560 5882 hic
586 5826 1504 5898 comprehendendo,assiieverat.

335 5897 360 5936 δ
394 5896 729 5969 Praecipuum
754 5899 1022 5969 quoddam
1047 5896 1421 5969 Pythagorica:
1441 5897 1740 5967 disciplinae
1771 5911 1864 5950 ne-

1959 4753 2165 4808 dictum
2194 4763 2279 4808 est
2303 4754 2384 4809 ei:
2419 4752 2599 4808 Omnis
2622 4770 2739 4807 caro
2751 4755 2949 4824 fenum,
2976 4763 3020 4808 ct
3043 4753 3208 4808 omnis
3233 4753 3402 4825 gloria
3427 4753 3561 4822 ejus,

1963 4955 2052 4995 mo
2083 4939 2256 4995 nescit
2287 4940 2337 4992 in
2371 4939 2589 4995 silentio
2616 4939 2783 4994 fuisse
2816 4941 3067 5010 positum.
3095 4939 3208 4994 Hoc
3235 4949 3418 4993 autem
3449 4950 3566 4993 erat

1961 5011 2457 5084 duplicisrationis.
2493 5013 2728 5084 Primum
2761 5010 2904 5082 quod
2925 5014 3203 5084 ἐχεμυθίαν
3219 5011 3562 5084 dictitabant,

1962 5082 2244 5152 discipulis
2273 5100 2676 5154 nonnumquam
2712 5083 2764 5138 in
2784 5081 3091 5147 biennium,
3117 5081 3316 5154 sa-pius
3338 5083 3388 5136 in
3407 5081 3565 5152 quin-

1963 5157 2257 5225 quennium
2300 5153 2676 5211 indicebatur:
2731 5156 2960 5209 alterum
3008 5170 3116 5224 quo
3167 5153 3420 5225 profanos
3467 5168 3564 5206 sua

1962 5224 2218 5282 eelahant
2271 5228 2568 5296 mysteria;
2631 5236 2685 5282 et
2727 5227 2827 5280 hoc
2873 5227 3118 5289 παντελὲς
3164 5224 3566 5296 nominabatur.

1963 5298 2114 5366 Quod
2149 5313 2276 5353 vero
2301 5295 2368 5353 ex
2397 5299 2612 5353 Davidis
2648 5308 2807 5367 atquc
2831 5299 2982 5351 ls:iiae
3000 5299 3216 5367 scriptis
3235 5297 3400 5350 multa
3421 5295 3568 5350 edis-

1962 5386 2086 5425 cere
2120 5371 2377 5439 potuerit,
2413 5385 2508 5424 nec
2536 5371 2672 5424 ratio
2695 5371 3074 5438 chronologica
3104 5379 3367 5439 repugnat
3393 5383 3408 5431 ;
3441 5380 3564 5421 cum

1962 5442 2057 5497 illo
2088 5441 2304 5512 quidem
2333 5439 2459 5506 556,
2496 5442 2596 5496 hoc
2624 5451 2800 5496 autem
2833 5440 2938 5512 216
2968 5441 3123 5494 annis
3177 5439 3445 5512 posterior
3465 5453 3566 5492 ex-

1963 5514 2159 5568 stiterit
2189 5532 2202 5566 :
2235 5525 2288 5568 et
2320 5522 2582 5582 pra'torea
2615 5515 2756 5567 favet
2788 5511 2866 5567 Fl.
2895 5511 3142 5583 Iosephi,
3169 5511 3440 5581 Origo-nis,
3467 5524 3566 5564 nec

1965 5602 2071 5641 non
2095 5585 2397 5641 Clementis
2426 5586 2652 5640 Alexan.
2687 5585 3003 5639 auctoritas.
3046 5583 3280 5638 Coosule
3311 5598 3474 5652 super
3498 5595 3563 5636 ea

1965 5675 2023 5712 re
2051 5657 2210 5712 Joau.
2242 5655 2370 5711 Ger.
2429 5657 2671 5711 Vossinm
2701 5656 2763 5710 de
2792 5654 3228 5728 Philosophomm
3259 5655 3412 5728 sectis
3440 5669 3561 5720 tzttp.

1964 5729 2020 5792 6,
2054 5728 2082 5800 ς
2113 5730 2166 5782 5.
2212 5729 2348 5782 Vide
2374 5729 2535 5783 etiam
2561 5744 2680 5798 quae
2714 5743 2809 5800 nos
2841 5726 2932 5783 lib.
2961 5724 3084 5782 n’de
3111 5724 3562 5800 Abrahamheap‘.

1966 5795 2233 5866 “fnum.
2263 5800 2354 5864 20,
2385 5795 2602 5856 sicuth
2633 5801 2698 5854 ad
2730 5799 2933 5856 calcem
2965 5800 3242 5856 Admonit.
3288 5798 3340 5852 in
3373 5795 3464 5850 lib.
3499 5795 3565 5849 de

1964 5870 2110 5928 Bono
2127 5875 2304 5927 mortis
2333 5871 2764 5927 observavimus.

2581 6014 2632 6034 ,η
