4124 6346
563 288 697 348 1211

1909 283 2153 346 SANOTI
2190 282 2520 347 ᾹΠΒΒΘΒΙΙ

3720 296 3857 354 lii!

557 415 613 459 ut
635 408 734 476 [los
762 406 889 478 (cui.
933 405 1083 461 Arsit
1108 410 1280 479 fenum
1314 411 1359 462 et
1401 406 1500 477 ﬂos
1537 408 1651 479 ejus
1687 404 1877 460 decidit
1903 422 1922 460 :
1947 405 2153 460 verbum
2178 404 2229 468 Δ
2261 405 2435 461 Fusco
2465 422 2600 476 sum,
2627 416 2676 463 et
2697 412 2901 476 decora,
2928 410 3054 480 filiae
3082 409 3415 467 Hierusalem
3443 412 3464 484 (
3487 410 3637 468 Cant.
3670 426 3719 481 t,
3751 416 3854 487 4);

556 506 728 555 autem
762 498 971 555 Domini
994 508 1167 553 mouet
1190 501 1246 554 in
1271 508 1519 555 (sternunt
1542 500 1561 573 (
1586 497 1729 555 Ibid.
1757 540 1771 566 ,
1796 498 1831 554 6
1852 528 1924 540 -—
1942 497 1977 555 8
1999 492 2022 570 j
2047 514 2060 566 ;
2105 506 2160 555 et

557 593 872 666 prophetica
900 604 1040 650 voce
1067 592 1343 649 clamavit.
2140 664 2147 669 χ

629 686 684 743 6.
734 687 972 760 Uterque
1001 687 1163 759 igitur
1187 687 1403 759 juvenis
1435 686 1847 762 pradicandus:
1899 695 1927 725 ι
1963 682 2056 742 ille
2080 695 2161 742 ta-

558 798 681 840 men
712 799 902 852 serus,
958 783 1046 839 hic
1068 794 1301 849 cautus;
1346 783 1433 838 ille
1467 799 1526 839 se
1566 780 1686 853 ipso
1730 785 2052 850 contentus,
2104 790 2160 838 et

558 891 855 949 numquam
885 876 988 932 sibi
1036 875 1231 931 solus:
1274 875 1379 931 iste
1420 874 1696 946 pulchram
1742 873 1891 931 aetati
1939 873 2160 931 lubricae

557 968 898 1039 disciplinam
929 966 1237 1023 adsciscens
1265 966 1468 1023 silentii
1493 982 1509 1035 ;
1541 978 1641 1024 nec
1665 966 1843 1023 adhuc
1862 966 1962 1022 sibi
1989 966 2163 1024 abun-

552 1061 712 1129 dans,
742 1060 838 1117 sed
866 1060 989 1117 aliis
1018 1074 1077 1116 se
1109 1060 1305 1116 timens
1328 1059 1596 1117 credere:
1640 1073 1892 1130 quaerens
1921 1068 2099 1115 tamen
2128 1073 2158 1115 ι

550 1157 837 1225 juventute
861 1166 1234 1226 congregare,
1271 1169 1390 1226 qua:
1434 1154 1488 1209 in
1535 1162 1817 1211 senectute
1861 1162 1917 1210 et
1958 1152 2060 1209 sibi
2106 1160 2163 1210 et

556 1249 819 1319 proximis
843 1248 955 1304 suis
975 1247 1205 1319 prosint,
1236 1262 1306 1304 ne
1331 1246 1542 1302 dicatur
1564 1248 1642 1302 ei:
1675 1248 1802 1315 Quae
1823 1248 1876 1301 in
1895 1247 2162 1318 juventute

558 1352 663 1398 non
689 1340 980 1411 collegisti,
1021 1340 1280 1412 quontodo
1317 1342 1545 1396 invenies
1589 1342 1643 1397 in
1671 1350 1922 1397 senectute
1948 1340 1968 1415 (
1993 1340 2160 1396 Eccli.

559 1450 709 1500 xxv,
746 1433 871 1504 5)?
914 1434 1056 1507 Ergo
1084 1436 1129 1490 is
1159 1436 1204 1491 si
1232 1436 1284 1491 iu
1310 1437 1545 1492 concilio
1586 1437 1860 1492 seniorum
1910 1435 2160 1504 sederit,

557 1541 776 1583 manum
798 1526 1081 1583 adhibebit
1109 1527 1191 1582 ori
1221 1542 1320 1582 suo
1345 1544 1360 1595 ;
1391 1538 1450 1583 ut
1477 1529 1703 1584 audiens
1731 1529 2026 1584 sententias
2048 1528 2162 1584 col-

554 1620 707 1691 ligat,
734 1619 879 1691 quod
902 1619 1003 1675 sibi
1032 1619 1098 1674 ad
1125 1621 1475 1678 maturiorem
1491 1629 1901 1678 servetaetatem
1929 1640 1943 1677 :
1971 1636 2163 1693 quem-

556 1714 847 1770 admodum
881 1716 1045 1769 Maria
1076 1730 1198 1770 cum
1228 1716 1391 1773 verba
1422 1717 1626 1774 Christi
1680 1717 1929 1786 audiret,
1975 1718 2163 1775 confe-

2262 498 2408 556 l'usca
2435 517 2528 573 per
2553 503 2786 574 culpam,
2822 502 3019 560 decora
3045 520 3143 576 per
3168 505 3420 577 gratiam.
3452 506 3591 564 Dicit
3620 518 3669 565 et
3694 523 3856 563 caro:

2263 590 2439 648 Fusco
2464 610 2600 662 sum,
2620 606 2668 650 et
2688 595 2913 665 decora;
2946 596 3095 653 fusca
3125 599 3355 667 pulvere
3382 600 3630 656 surculari
3656 642 3670 667 ,
3703 616 3860 670 quem

2261 688 2524 744 certando
2550 688 2740 761 collegi
2765 708 2779 745 :
2813 701 2836 730 ο
2864 690 3062 747 decora
3094 692 3217 748 oleo
3238 694 3464 762 spiritali
3492 718 3507 762 -,
3539 709 3645 765 quo
3673 696 3863 753 mundi

2261 781 2421 849 hujus
2460 783 2738 854 pulverem
2772 784 3216 857 squalloremque
3252 784 3479 843 detersi.
3543 788 3715 845 Fusca
3767 804 3866 861 per

2260 874 2487 930 vitium:
2516 877 2611 931 sed
2642 876 2837 933 decora
2866 877 2977 949 jam
3010 894 3107 951 per
3147 879 3421 937 lavacrum
3447 924 3461 948 ,
3504 881 3648 952 quod
3696 881 3868 938 abluit

2262 982 2425 1024 omne
2450 967 2730 1025 delictum.
2780 969 2954 1026 Fusca
2984 985 3103 1027 sum
3130 1012 3147 1038 ,
3180 972 3304 1041 quia
3326 974 3550 1046 peccavi
3584 992 3599 1031 :
3629 974 3824 1031 decora
3848 1018 3863 1043 ,

2261 1065 2384 1136 quia
2424 1064 2536 1135 jam
2580 1082 2665 1122 me
2691 1067 2867 1140 diligit
2888 1065 3178 1123 Christus:
3226 1084 3386 1141 quam
3430 1070 3765 1142 relegaverat
3810 1070 3864 1128 in

2262 1156 2395 1223 Eva,
2425 1159 2630 1229 recepit
2661 1156 2725 1215 ex
2754 1159 2995 1233 Virgine,
3030 1161 3273 1230 suscepit
3303 1177 3370 1217 ex
3395 1161 3582 1219 Maria.

2332 1249 2388 1305 9.
2423 1249 2561 1306 Dicit
2586 1252 2750 1307 etiam
2792 1253 3108 1325 Synagoga,
3144 1254 3301 1325 cujus
3329 1256 3584 1328 mysteria
3613 1255 3715 1313 hoc
3745 1256 3868 1313 loco

2264 1343 2542 1413 pleriSque
2573 1345 2823 1401 videntur
2852 1346 3083 1417 exprimi
3123 1366 3136 1401 :
3184 1363 3304 1419 quae
3332 1362 3453 1403 cum
3481 1361 3541 1405 se
3577 1348 3725 1420 rejici
3753 1349 3865 1421 jam

2261 1438 2474 1494 videret
2508 1451 2731 1510 propter
2772 1440 2934 1495 totius
2976 1441 3150 1512 plebis
3184 1443 3516 1513 impietatem
3542 1484 3558 1511 ,
3590 1443 3871 1500 solabatur

2262 1544 2323 1586 se
2349 1540 2526 1587 tamen
2564 1533 2731 1604 ;quia
2773 1534 2949 1604 ipsum
2980 1534 3251 1591 Christum
3295 1534 3362 1591 de
3405 1537 3603 1606 populo
3639 1548 3740 1591 suo
3768 1578 3782 1602 ,
3813 1546 3870 1593 et

2264 1623 2479 1680 Petrum
2507 1634 2560 1681 et
2587 1625 2849 1683 Joannem
2888 1636 2943 1684 et
2970 1627 3252 1695 Jacobum,
3279 1627 3497 1685 Christo
3521 1630 3869 1687 adhaerentes

2260 1718 2497 1785 videbat,
2528 1719 2622 1789 qui
2654 1720 2885 1776 habebat
2913 1721 3126 1794 eloquia
3155 1722 3256 1778 sibi
3283 1722 3524 1788 credita;
3555 1730 3609 1778 et
3637 1722 3760 1780 ideo
3787 1723 3872 1779 di-

553 1807 709 1863 reltat
736 1822 799 1863 ea
827 1808 1007 1863 omnia
1037 1810 1091 1864 in
1112 1808 1278 1866 corde
1306 1824 1408 1865 suo
1438 1808 1591 1883 (Luc.
1628 1825 1687 1876 tt,
1720 1810 1853 1883 Si):
1903 1812 2162 1883 quemad-
2190 1814 2239 1880 Β
2267 1813 2420 1869 cebat
2451 1831 2465 1867 :
2504 1813 2674 1869 Fusco
2696 1829 2807 1869 sum
2836 1822 2885 1870 et
2908 1816 3117 1881 decora,
3146 1815 3271 1886 ﬁlia:
3300 1814 3629 1872 Hierusalem
3654 1834 3675 1885 ;
3719 1818 3870 1875 lusca

556 1902 777 1959 modum
808 1904 1046 1961 Joannes
1068 1918 1189 1961 cum
1216 1914 1380 1976 caput
1407 1920 1563 1961 suum
1604 1920 1766 1975 supra
1813 1915 2003 1976 pectus
2028 1905 2157 1963 Jesu

550 1994 772 2052 Domini
801 1996 1092 2055 reclinaret
1117 1998 1299 2071 (Joan.
1324 2015 1440 2069 xm,
1465 1998 1584 2073 25),
1619 1983 1902 2057 hauriebat
1932 2000 2160 2072 profun-

557 2090 625 2145 da
656 2101 868 2148 secreta
899 2091 1199 2165 sapientiae.

630 2183 683 2239 7.
739 2185 820 2240 En
866 2185 963 2241 tibi
1008 2185 1266 2256 juvenem
1304 2186 1396 2258 qui
1426 2187 1569 2243 viam
1612 2202 1767 2245 suam
1798 2188 1851 2243 in
1877 2188 2159 2260 juventute

555 2281 816 2334 correxit.
836 2279 1080 2336 Piscator
1101 2289 1221 2335 erat
1241 2294 1364 2337 cum
1389 2280 1556 2338 fratre
1573 2297 1700 2349 suo;
1721 2282 1856 2338 vidit
1874 2282 2157 2340 Dominum

556 2372 761 2438 Jesum,
787 2387 909 2429 cum
934 2373 1164 2445 plicaret
1192 2375 1329 2431 retia
1352 2390 1447 2431 sua
1473 2417 1488 2444 ,
1518 2383 1573 2432 et
1611 2375 1818 2432 audivit
1842 2377 2112 2434 dicentem
2141 2396 2155 2432 :

561 2466 745 2523 Venite
783 2509 798 2523 .
847 2510 860 2523 .
908 2486 922 2523 :
968 2508 981 2522 .
1022 2470 1214 2540 faciam
1244 2486 1332 2525 vos
1358 2472 1639 2541 piscatores
1659 2472 1920 2527 hominum
1962 2513 1977 2528 .
2019 2513 2034 2528 .
2079 2513 2095 2530 .
2141 2514 2154 2529 .

557 2574 605 2619 et
646 2564 837 2620 relictis
864 2568 1054 2621 retibus
1081 2568 1206 2634 suis,
1233 2577 1284 2622 et
1302 2578 1469 2637 patre,
1492 2581 1695 2626 secutus
1714 2580 1787 2624 est
1807 2586 1921 2625 eum
1940 2569 2155 2642 (Matth.

555 2673 634 2726 tv,
671 2659 737 2716 l9
766 2671 813 2714 et
841 2659 962 2731 ‘20).
992 2659 1149 2718 Viam
1180 2661 1363 2717 saeculi
1385 2671 1625 2733 coeperat
1653 2678 1874 2720 currere
1904 2682 1917 2718 :
1948 2666 2041 2721 sed
2063 2680 2158 2720 au-

554 2753 684 2808 ditis
709 2753 905 2809 Christi
928 2754 1196 2823 imperiis,
1225 2754 1469 2811 deseruit
1492 2755 1658 2810 vitam
1691 2756 1907 2825 mundi,
1940 2765 2159 2813 secutus

557 2854 641 2903 est
666 2846 982 2903 Christum:
1019 2847 1268 2918 probavit
1306 2849 1430 2919 quia
1477 2849 1531 2903 in
1572 2863 1637 2904 eo
1683 2849 1889 2920 corrigit
1919 2849 2159 2923 juvenior

556 2942 690 2994 viam
719 2957 886 3008 suam,
917 2942 963 2997 si
980 2941 1183 2997 Christi
1205 2942 1369 2998 verba
1393 2942 1686 3009 custodiat,
1714 2943 1899 2999 dicens
1917 2943 1982 2998 ad
2000 2956 2154 3001 eum:

559 3031 849 3107 Diligamus
879 3034 1032 3089 ubera
1059 3042 1150 3090 tua
1175 3050 1331 3107 super
1352 3035 1524 3090 vinum
1557 3035 1741 3107 (Cant.
1774 3048 1813 3103 t,
1841 3036 1867 3090 1
1894 3036 1934 3107 ).
1962 3035 2052 3093 Sic
2079 3046 2155 3090 ta.

557 3143 683 3184 men
709 3128 902 3186 bibens
930 3169 947 3196 ,
976 3137 1035 3183 ut
1063 3144 1172 3184 non
1200 3129 1582 3186 absorberetur
1633 3131 1757 3186 viu‘o
1784 3144 1796 3184 :
1838 3128 1936 3187 sed
1985 3132 2155 3202 gratia

2264 1922 2360 1978 per
2409 1907 2838 1965 incredulitatem
2866 1952 2881 1975 ,
2911 1908 3109 1965 decora
3151 1925 3249 1981 per
3280 1909 3515 1982 Legem:
3570 1910 3718 1967 fusca
3768 1926 3871 1984 per

2264 2000 2471 2069 lapsum
2501 2020 2515 2069 ;
2565 2001 2762 2057 decora
2792 2044 2808 2070 ,
2838 2002 2962 2073 quia
2990 2002 3186 2058 dilexit
3221 2018 3304 2059 me
3326 2004 3404 2058 sol
3432 2049 3449 2070 ,
3475 2013 3530 2060 ct
3554 2006 3701 2075 prior
3730 2004 3871 2062 facta

2262 2107 2380 2148 sum
2411 2095 2760 2165 congregatio
2798 2095 2917 2152 Dei.
2950 2095 3130 2152 Nolite
3160 2097 3410 2168 refugere
3441 2111 3528 2153 me
3555 2140 3571 2166 ,
3605 2101 3728 2169 quia
3757 2098 3873 2154 fus-

2262 2200 2324 2241 ca
2356 2202 2474 2243 sum
2502 2203 2517 2254 ;
2564 2187 2687 2244 ideo
2730 2189 2875 2245 fusca
2906 2204 3049 2258 sum,
3082 2191 3210 2261 quia
3242 2191 3321 2246 sol
3352 2202 3439 2246 me
3466 2192 3686 2263 reliquit
3707 2192 3873 2261 justi-

2264 2281 2351 2335 tite
2374 2322 2388 2345 ,
2419 2282 2508 2352 qui
2537 2290 2662 2336 ante
2690 2296 2775 2337 me
2803 2281 3109 2338 illuminare
3130 2290 3490 2338 consueverat
3514 2298 3529 2348 ;
3581 2283 3741 2338 amisi
3770 2297 3868 2337 co-

2264 2374 2437 2429 lorem
2472 2375 2652 2430 vultus
2685 2375 2824 2442 mei;
2876 2375 3069 2430 obtusa
3110 2374 3251 2428 iacta
3294 2383 3379 2429 est
3408 2374 3553 2429 acies
3581 2374 3864 2430 oculorum

2263 2482 2508 2523 meorum
2537 2509 2553 2536 ,
2599 2468 2792 2539 quibus
2820 2478 2945 2524 ante
2973 2468 3145 2524 solem
3175 2467 3422 2522 videbam
3462 2486 3475 2522 :
3529 2468 3580 2521 in
3624 2468 3869 2524 tenebris

2262 2563 2500 2631 ambulo,
2534 2564 2660 2635 quia
2686 2566 2829 2622 diem
2854 2565 3053 2621 Christi
3085 2565 3293 2621 nescio.
3341 2563 3519 2620 Nolite
3551 2575 3729 2621 tamen
3770 2565 3870 2620 de.

2262 2660 2474 2731 Spicerc
2518 2676 2606 2716 me
2647 2678 2661 2727 ;
2709 2660 2963 2733 quoniam
2996 2661 3083 2731 qui
3113 2659 3371 2731 reliquit,
3424 2667 3602 2730 potest
3649 2674 3867 2715 rursum

2261 2757 2528 2829 aspicere,
2564 2757 2806 2813 misereri
2837 2756 3055 2812 iterum.
3108 2756 3255 2813 Solet
3286 2768 3619 2827 congregare
3654 2754 3870 2824 disper—

2261 2864 2374 2917 sos,
2404 2850 2651 2907 desertos
2676 2852 2956 2923 requirere
2981 2892 2996 2915 ,
3025 2850 3282 2922 colligere
3306 2848 3613 2905 destitutos.
3659 2848 3867 2904 Omnes

2262 2944 2434 3000 tribus
2462 2943 2623 2999 lsracl
2656 2945 2948 3000 convenite
2973 2985 2989 3011 ,
3018 2942 3043 2980 ά
3069 2943 3297 3015 aspicite
3325 2958 3412 2999 me
3436 2941 3689 2998 decoram
3736 2951 3866 2999 ante

2261 3037 2509 3091 dilecmm
2538 3054 2551 3090 :
2579 3036 2759 3091 Nolite
2781 3038 3011 3108 aspicere
3042 3053 3121 3090 me
3145 3077 3158 3100 ,
3196 3036 3439 3106 quoniam
3471 3032 3721 3102 ojj'uscato
3751 3049 3866 3087 sum

2262 3128 2457 3200 (lbid.,
2492 3128 2547 3201 5)
2582 3146 2597 3194 ;
2632 3128 2736 3184 hoc
2767 3137 2852 3184 est
2874 3170 2888 3195 ,
2918 3145 3025 3184 non
3058 3128 3163 3183 hoc
3188 3129 3361 3183 solum
3391 3125 3665 3196 aspiciatis
3690 3166 3706 3191 ,
3739 3125 3863 3195 quia

556 3222 673 3291 ejus
704 3222 945 3279 laetitiam
977 3223 1157 3279 cordis
1189 3222 1454 3291 hauriret,
1488 3238 1593 3279 non
1625 3225 1870 3296 Corporis
1895 3224 2155 3281 ebrietate
2185 3222 2231 3287 C
2261 3221 2519 3277 offuscata
2560 3236 2700 3277 sum.
2746 3220 2863 3276 Non
2892 3231 2976 3277 est
3007 3221 3237 3275 intuitus
3267 3234 3353 3274 me
3383 3218 3462 3273 sol
3491 3260 3505 3285 ,
3536 3225 3593 3273 et
3628 3216 3754 3272 ideo
3777 3218 3863 3273 of.

557 3315 835 3372 titubaret.
872 3315 1113 3388 Denique
1139 3316 1327 3372 bibens
1350 3316 1452 3373 hoc
1481 3318 1663 3374 vinum
1684 3360 1700 3387 ,
1728 3318 1940 3390 aperuit
1968 3319 2156 3376 oculos

556 3422 684 3463 suos
706 3450 720 3475 ,
767 3416 822 3463 et
843 3408 980 3464 vidit
1007 3410 1148 3464 viam
1180 3420 1383 3466 rectam
1411 3452 1425 3478 ,
1474 3410 1692 3482 reliquit
1739 3418 2010 3467 tortuosas
2042 3412 2157 3468 vias

555 3501 743 3557 dicens
767 3517 783 3559 :
809 3500 1059 3573 .Equitas
1090 3503 1273 3558 dilexit
1301 3514 1347 3559 te
1378 3504 1395 3573 (
1424 3502 1590 3567 lbid..
1618 3505 1654 3561 5
1677 3502 1697 3576 )
1721 3520 1735 3570 ;
1766 3504 1869 3559 hoc
1898 3512 1982 3560 est
2005 3547 2019 3571 ,
2047 3521 2155 3560 non

556 3592 794 3649 llexttosa
829 3594 1018 3650 itinera
1048 3604 1100 3651 te
1126 3604 1429 3667 sequuntur
1454 3638 1467 3659 .
1499 3596 1594 3652 sed
1626 3596 1775 3652 solus
1807 3596 1872 3651 ad
1901 3601 1956 3652 te
1982 3606 2158 3667 potest

552 3687 775 3757 justitia:
805 3697 1007 3744 trames
1033 3690 1338 3760 pervenire.
1366 3689 1467 3758 Qui
1497 3689 1641 3745 enim
1666 3688 1842 3761 diligit
1864 3690 2154 3760 justitiam,

554 3798 662 3838 non
690 3797 751 3839 se
780 3784 974 3839 avertit
1020 3799 1049 3837 a
1080 3782 1337 3841 Christo.
1380 3784 1664 3852 Quomodo
1708 3785 1853 3841 enim
1894 3785 2154 3841 arbitrum

547 3878 796 3948 justitias,
818 3886 1393 3951 remuneratoremque
1416 3881 1731 3937 meriturum
1760 3880 2023 3936 innocens
2044 3895 2158 3937 me-

554 3979 669 4026 tuat
697 3972 1031 4028 conscientia
1054 3972 1078 4027 ?

627 4064 681 4120 8.
736 4063 796 4119 ln
850 4063 955 4121 hoc
1001 4078 1133 4136 ergo
1162 4063 1190 4103 ι)
1213 4066 1415 4138 juvene
1459 4067 1599 4122 viam
1645 4080 1796 4122 suam
1846 4067 2156 4139 corrigente

553 4166 798 4228 spectato
824 4173 1017 4230 magna
1040 4159 1299 4231 mysteria
1328 4203 1344 4228 ,
1388 4176 1509 4232 quae
1552 4160 1606 4217 in
1637 4158 1879 4217 Canticis
1901 4161 2154 4219 Cantico-

551 4267 674 4308 rum
702 4261 924 4308 sanctus
953 4251 1209 4309 Salomon
1238 4253 1478 4325 repletus
1511 4254 1722 4310 Domini
1768 4256 1961 4326 spiritu
1987 4257 2160 4312 resul—

552 4344 704 4401 tavit.
755 4344 1035 4402 Constitue
1080 4347 1364 4402 Dominum
1405 4347 1591 4403 Jesum
1642 4349 2049 4404 recumbentcm
2102 4351 2155 4406 in

553 4438 850 4505 convivio,
905 4439 1264 4496 reclinantem
1324 4454 1383 4497 se
1427 4439 1693 4496 Joannem
1750 4456 1911 4513 supra
1968 4452 2158 4513 pectus

554 4530 692 4597 ejus,
735 4530 1000 4587 mirantes
1028 4533 1164 4588 alios
1194 4533 1337 4604 quod
1369 4548 1561 4589 servus
1587 4547 1646 4590 se
1672 4544 1835 4606 supra
1868 4535 2153 4592 Dominum

2263 3319 2467 3373 fuscata
2499 3332 2640 3372 sum.
2682 3315 2791 3373 Sed
2831 3298 2973 3371 lucet
3000 3315 3083 3371 sol
3108 3329 3272 3385 super
3297 3313 3473 3384 justos
3503 3321 3559 3369 et
3591 3313 3861 3384 injustas:

2261 3428 2425 3482 super
2447 3413 2627 3481 justus
2659 3425 2754 3481 per
2784 3408 3037 3483 gratiam,
3068 3423 3233 3479 super
3265 3405 3492 3478 injustas
3524 3418 3623 3477 per
3653 3405 3866 3461 miseris

2260 3505 2502 3561 cordiam
2530 3522 2544 3570 ;
2595 3504 2700 3560 illis
2730 3502 3035 3560 mercedem
3064 3501 3381 3557 meritorum
3414 3500 3661 3555 tribuens
3692 3541 3706 3566 ,
3742 3498 3863 3554 istis

2260 3608 2481 3673 chcata
2529 3599 2827 3654 dimittens.
2875 3597 2944 3653 Et
2992 3596 3244 3669 gentibus
3290 3610 3399 3650 non
3446 3594 3665 3650 lucebat
3689 3602 3817 3648 ante
3846 3637 3861 3661 ,

2260 3704 2407 3750 nunc
2437 3696 2615 3749 lucet:
2662 3706 2805 3748 nunc
2835 3691 2944 3747 illis
2981 3691 3155 3746 oritur
3177 3732 3191 3758 ,
3237 3689 3326 3760 qui
3358 3687 3637 3744 oriebatur
3681 3685 3810 3741 mihi
3838 3702 3851 3752 ;

2259 3788 2350 3859 qui
2382 3785 2488 3840 illis
2518 3782 2763 3851 remisit,
2817 3783 3056 3839 remittet
3083 3791 3140 3838 et
3184 3781 3336 3837 mihi.
3383 3780 3560 3837 Nolite
3608 3779 3863 3835 arbitrari

2259 3879 2516 3952 quoniam
2559 3875 2823 3933 oi't‘uscata
2856 3892 2975 3932 sum
3002 3919 3015 3941 ,
3049 3875 3193 3946 quod
3224 3875 3441 3948 penitus
3470 3872 3751 3945 reliquerit
3778 3888 3865 3928 me

2258 3974 2365 4039 sol,
2394 3984 2449 4028 et
2469 3972 2579 4044 jam
2607 3976 2713 4027 nun
2733 3971 3031 4040 intueatur,
3058 3980 3082 4008 ι’
3106 3986 3211 4026 non
3235 3969 3477 4042 requirat
3496 3983 3715 4039 aegram.
3745 3967 3862 4022 Dis-

2259 4065 2532 4123 simulavit
2557 4081 2586 4121 a
2619 4080 2745 4131 me;
2778 4063 2902 4136 quia
2935 4079 3041 4120 non
3067 4063 3276 4120 servavi
3309 4060 3559 4118 mandata
3591 4060 3746 4131 ejus:
3777 4075 3864 4116 rc-

2258 4159 2637 4216 conciliabitur
2663 4200 2679 4227 ,
2705 4174 2827 4215 cum
2859 4157 3050 4213 viderit
3090 4171 3335 4213 meorum
3367 4153 3741 4226 paenitentiam
3769 4153 3866 4210 de-

2259 4253 2530 4309 lictorum.
2581 4252 2697 4309 Non
2738 4251 2875 4308 vidit
2902 4266 2987 4308 me
3017 4250 3099 4305 sol
3126 4291 3141 4316 ,
3191 4250 3316 4320 quia
3343 4258 3453 4304 non
3483 4246 3664 4318 recepi
3704 4247 3865 4302 adve-

2258 4349 2499 4403 nientem
2519 4363 2532 4413 ;
2555 4359 2660 4401 non
2690 4344 2881 4414 aperui
2911 4343 3202 4409 fenestras,
3237 4351 3297 4397 ut
3324 4342 3507 4397 lumen
3539 4340 3664 4394 vita:
3692 4339 3866 4394 intra-

2257 4451 2362 4497 ret.
2412 4441 2547 4496 Cum
2580 4452 2890 4512 aperucro,
2941 4434 3488 4492 illuminabitoculos
3532 4446 3722 4496 meos,
3769 4430 3861 4502 qui

2257 4537 2407 4592 venit
2431 4545 2489 4592 ut
2514 4538 2684 4590 talum
2710 4532 2967 4589 mundum
2997 4528 3350 4595 illuminaret,
3373 4536 3429 4583 et
3456 4526 3674 4583 videant
3692 4526 3859 4582 etiam

553 4623 863 4692 reclinaret,
893 4626 1036 4698 quod
1066 4642 1191 4683 caro
1221 4628 1308 4684 illa
1332 4626 1500 4702 985
1524 4631 1798 4700 peccatrix
1827 4645 1989 4702 supra
2021 4641 2157 4688 tem-
2180 4623 2237 4686 D
2262 4646 2367 4685 non
2398 4628 2663 4684 videntes.

553 4718 699 4789 plmn
734 4719 892 4776 Verbi
922 4721 1264 4777 recumberet
1287 4764 1301 4786 ,
1330 4723 1470 4792 quod
1499 4724 1677 4777 anima
1707 4723 1799 4778 illa
1822 4726 2004 4780 carnis
2031 4724 2151 4781 vin-

554 4813 690 4869 culis
718 4814 910 4869 innexa
933 4856 949 4882 ,
976 4815 1154 4869 aulam
1184 4815 1382 4871 divina:
1415 4815 1764 4887 plenitudinis
1792 4830 2146 4878 scrutaretur.

554 4905 684 4962 Haec
708 4920 838 4978 ergo
861 4906 1182 4964 mirantibus
1210 4907 1333 4963 aliis
1362 4906 1645 4981 respondit
1672 4910 1849 4967 anima
1889 4909 2149 4968 Joannis:

630 5084 655 5113 ιι
693 5073 766 5134 Ut
794 5073 954 5147 hujus
983 5074 1102 5147 loci
1131 5073 1440 5147 obscuritas
1485 5073 1833 5147 removeatur
1857 5118 1872 5144 ,
1921 5074 2148 5134 adverte

554 5163 676 5204 eum
705 5147 796 5218 qui
828 5140 950 5202 séro
973 5140 1132 5218 rediit
1159 5144 1226 5202 ad
1254 5142 1447 5201 bonam
1479 5143 1689 5218 frugem
1718 5189 1734 5215 ,
1764 5148 1817 5204 ei
1845 5140 1934 5218 qui
1964 5150 2147 5205 statim

553 5220 622 5274 ab
648 5216 1011 5274 adulescentia
1037 5216 1250 5272 Domini
1272 5218 1457 5290 jugum
1483 5216 1686 5283 tulerit,
1710 5219 1761 5274 iu
1783 5216 1949 5287 priori
1980 5236 2149 5276 mem-

552 5291 653 5346 bro
682 5292 922 5359 opponi:
972 5290 1024 5344 in
1070 5291 1356 5359 posteriori
1384 5299 1564 5345 autem
1596 5290 1734 5347 duos
1765 5292 1887 5347 illos
1914 5292 2055 5348 inter
2092 5308 2151 5348 se

552 5358 877 5435 comparari,
902 5376 1037 5435 quos
1059 5358 1276 5431 Quillem
1299 5362 1497 5435 ambos
1515 5361 1692 5419 eidem
1712 5364 2001 5435 jugocolla
2024 5365 2153 5420 sub-

553 5430 793 5515 didiSse,
836 5430 935 5489 sed
966 5441 1149 5489 tamen
1178 5448 1287 5488 non
1332 5430 1500 5489 simili
1551 5430 1801 5501 ratione,
1847 5432 2010 5508 Supra
2041 5452 2154 5493 me-

557 5514 812 5559 litoravtt.

624 5575 652 5615 δ
703 5576 831 5633 Mss.
879 5576 1227 5654 complures,
1274 5578 1327 5654 in
1374 5577 1469 5654 Itoc
1496 5576 1669 5654 autem
1703 5583 1894 5654 juvene
1936 5590 2161 5650 spectato

556 5666 753 5723 magna
773 5647 1034 5723 mysteria.
1074 5647 1189 5704 \‘et.
1224 5649 1377 5714 edit.,
1410 5651 1464 5723 in
1487 5650 1585 5705 ltoc
1613 5647 1784 5706 autem
1804 5647 1992 5722 juvene
2018 5668 2162 5723 spec-

558 5719 665 5777 tato
687 5766 700 5788 ,
732 5719 923 5796 hoc'est
947 5761 963 5786 ,
991 5719 1196 5796 Jgoatme
1221 5721 1447 5794 pra'vide
1474 5739 1663 5796 magna
1688 5719 1951 5796 mysteria.
1999 5719 2157 5779 unm.

559 5809 689 5851 cum
718 5809 848 5850 mss.
879 5794 1097 5866 paucis,
1117 5804 1181 5866 ut
1211 5793 1261 5848 itt
1295 5802 1462 5853 textu.
1509 5793 1659 5866 Hauc
1686 5793 1850 5866 porro
1872 5796 2159 5866 laetiouettt

564 5864 900 5948 praetulimus
923 5906 940 5933 ,
987 5864 1132 5947 quod
1159 5879 1322 5925 voces
1364 5882 1484 5951 quae
1514 5864 1566 5923 in
1597 5864 1705 5931 illis
1741 5864 2119 5934 desiderantur
2142 5909 2159 5939 ,

1490 5963 1531 5984 εκ

2335 4724 2422 4780 10.
2454 4720 2584 4778 Filii
2606 4721 2782 4777 matris
2804 4735 2931 4775 mea:
2960 4723 3313 4790 pugnaverunt
3341 4714 3585 4768 adversus
3614 4728 3692 4766 me
3715 4754 3729 4780 ,
3764 4727 3859 4782 po-

2258 4826 2470 4872 suerunt
2492 4833 2573 4872 me
2591 4814 2851 4871 custodem
2879 4815 2933 4868 in
2966 4813 3144 4869 vineis.
3206 4809 3416 4866 Vineam
3445 4823 3607 4862 meam
3637 4822 3739 4859 non
3771 4821 3863 4860 cu-

2259 4908 2465 4966 stodivi.
2511 4907 2712 4964 Putant
2736 4908 2899 4981 aliqui
2933 4905 3037 4962 huc
3067 4905 3134 4961 de
3162 4904 3266 4959 illis
3296 4901 3401 4957 dici
3427 4942 3440 4967 ,
3489 4898 3579 4969 qui
3621 4898 3864 4971 Synago-

2254 5092 2377 5133 cum
2405 5074 2704 5133 habeantur
2733 5072 2788 5130 in
2815 5071 2937 5128 aliis
2959 5110 2976 5140 ,
3031 5081 3356 5139 magnopere
3384 5063 3859 5138 interpolationem

2258 5146 2567 5206 redoleaut.

2334 5230 2354 5255 π
2387 5220 2513 5291 Mss.
2549 5212 2819 5280 nonnulli,
2849 5215 3033 5291 decora
3060 5212 3210 5291 oculo
3241 5208 3487 5291 spiritali.
3560 5280 3572 5291 .
3666 5278 3697 5291 η

2329 5291 2357 5328 ά
2390 5289 2514 5347 Mss.
2556 5296 2681 5345 octo
2704 5330 2720 5351 ,
2749 5282 2960 5359 aspicite
2997 5301 3077 5340 me
3109 5280 3351 5359 decoram
3394 5291 3511 5359 ante
3538 5280 3856 5359 derelictam.

2263 5344 2652 5431 Duojnetnpe
2679 5344 2820 5416 Nav:
2856 5357 3183 5431 primus,et
3211 5344 3445 5431 S._Aud.
3476 5395 3492 5431 ε
3527 5394 3540 5408 .
3578 5395 3591 5409 .
3624 5352 3864 5409 decoram

2262 5445 2378 5490 aute
2406 5426 2600 5488 delicta
2621 5450 2639 5488 :
2666 5432 2807 5503 quod
2842 5426 3255 5503 nondisplicct.
3280 5426 3703 5503 lieliquiAtameu
3733 5437 3856 5503 cum

2265 5488 2398 5563 edit.
2432 5512 2492 5560 ut
2524 5510 2574 5561 in
2617 5488 2762 5558 tcitu
2791 5517 2804 5567 ;
2859 5501 2999 5556 unde
3025 5488 3109 5556 vel
3142 5500 3338 5556 excidit
3362 5488 3550 5571 copula
3579 5543 3593 5564 ,
3622 5488 3705 5552 vel
3730 5495 3866 5550 alte-

2264 5594 2387 5635 rum
2416 5574 2739 5649 adjectivum
2772 5574 2843 5629 ibi
2876 5573 2996 5628 vice
3020 5572 3338 5649 substantivi
3370 5570 3609 5649 ponitur.

2340 5660 2364 5687 θ
2395 5639 2536 5705 Edit.
2568 5648 2725 5703 Rom.
2753 5688 2769 5716 ,
2818 5658 2908 5700 nec
2956 5645 3139 5699 revisat
3169 5639 3409 5716 nigram.
3444 5639 3804 5716 Dissim‘ulavit
3833 5654 3864 5716 ᾳ

2265 5718 2362 5777 m'e.
2398 5721 2518 5777 Vet.
2550 5711 2763 5785 autem,
2784 5733 2884 5772 non
2909 5717 3135 5787 requirat
3162 5757 3176 5781 ,
3204 5711 3248 5769 et
3278 5715 3496 5789 gratiam
3522 5711 3863 5789 dissimulavit

2263 5811 2297 5849 a
2320 5811 2420 5849 me.
2469 5793 2597 5849 Mss.
2632 5783 2762 5848 vero
2791 5783 2986 5862 magno
3010 5783 3547 5862 consensu'nostram
3577 5783 3862 5862 lectionem

2268 5865 2614 5938 confirmant,
2633 5856 3102 5949 exceptis'duobus
3118 5860 3231 5930 ubi,
3257 5859 3450 5930 revisit,
3472 5872 3591 5942 pro,
3614 5856 3861 5930 requirat.
