4070 6468
276 384 420 441 HIS

1375 375 1438 431 IN
1481 373 1808 431 PSALMUM
1851 373 2057 432 CXVII!
2097 373 2482 432 EXPOSITIO.

3437 380 3576 438 1⁵214

272 516 395 572 gum
425 498 492 555 ad
519 497 676 567 Legis
707 503 974 566 praecepta
1006 493 1421 566 constringunt;
1472 501 1532 548 ut
1561 493 1757 565 Legem
1785 508 1878 548 cu-
1905 496 1951 556 Λ
1985 493 2113 547 bant
2151 494 2396 550 meridie.
2441 491 2554 548 Illis
2590 493 2845 549 meridies
2866 494 3038 551 factus
3059 509 3138 559 es,
3165 497 3255 568 qui
3287 509 3580 567 pascuntur

275 595 478 649 stodiat
505 635 520 659 ,
551 592 758 646 vineam
799 604 953 644 suam
986 597 1204 644 tueatur
1227 630 1242 657 ,
1274 605 1436 661 quam
1464 589 1736 645 custodire
1763 604 1873 646 non

276 689 464 758 potuit.
522 684 763 756 Denique
792 682 1130 739 custodiebat
1176 693 1233 738 ut
1281 682 1485 739 faceret
1529 698 1700 749 uvas,
1745 682 1876 738 fecit

271 792 452 838 autem
481 781 682 850 spinas.
732 779 866 846 Qua:
896 778 968 833 sit
992 777 1154 848 igitur
1179 777 1345 852 985
1373 779 1526 833 vinea
1557 817 1572 841 ,
1598 777 1746 832 venit
1769 777 1874 832 Da-

268 875 357 930 vid
393 873 667 929 testificari
699 872 854 927 nobis
880 871 1069 928 dicens
1090 870 1332 926 :Vineam
1355 889 1418 928 ex
1438 871 1672 944 ﬁgypto
1705 881 1873 925 trans-

269 969 668 1042 tulisti,ejecisti
696 977 892 1040 gentes,
918 977 964 1021 et
989 968 1232 1038 plantasti
1249 983 1360 1022 eam
1384 967 1553 1041 (Prol.
1579 982 1759 1029 Lxxtx,
1789 963 1870 1038 9).

268 1062 506 1118 Possunt
547 1070 604 1116 et
631 1061 865 1130 apostoli
895 1075 1016 1115 esse
1063 1060 1158 1115 lilii
1184 1061 1375 1116 matris
1402 1061 1518 1132 ejus
1543 1103 1558 1128 ,
1606 1061 1697 1131 qui
1742 1073 1873 1116 vere

267 1154 728 1225 impugnaverunt
756 1151 1096 1223 Synagogam
1123 1152 1368 1209 dicentes
1394 1175 1406 1209 :
1453 1151 1590 1208 Ecce
1616 1151 1870 1207 converti-

266 1265 382 1302 mur
403 1249 472 1303 ad
501 1256 673 1319 gentes
702 1247 857 1320 (Act.
885 1261 1010 1310 xm,
1042 1245 1112 1300 46
1133 1244 1188 1318 );
1217 1255 1270 1301 ot
1310 1246 1617 1301 nationibus
1644 1245 1867 1301 verbum

264 1342 364 1398 Dei
392 1341 668 1398 seminare
693 1347 992 1410 eruperunt.
1017 1339 1253 1394 Possunt
1276 1349 1329 1396 et
1361 1341 1642 1412 propheta:
1672 1338 1872 1395 intelli-

265 1437 356 1508 gi,
388 1435 482 1507 qui
507 1435 779 1490 monendo
807 1433 1281 1506 denuntiandoquc
1307 1477 1322 1499 ,
1372 1443 1430 1490 ut
1474 1436 1684 1491 vineam
1711 1450 1867 1490 suam

263 1527 566 1583 custodiret
599 1527 879 1599 Synagoga
905 1566 922 1594 ,
951 1526 1085 1581 nihil
1114 1526 1481 1597 profecerunt.
1527 1528 1679 1584 Fecit
1721 1528 1866 1584 enim

264 1623 452 1692 Spinas
478 1621 846 1690 improbitatis
873 1662 888 1685 ,
919 1637 1039 1691 quae
1067 1622 1282 1677 virtutis
1309 1623 1507 1677 uberes
1536 1621 1742 1677 fructus
1767 1621 1864 1677 de-

263 1715 412 1771 ferre
453 1715 732 1771 debuerat.
793 1715 860 1771 Et
900 1716 1023 1772 ideo
1069 1716 1396 1785 conﬁtetur,
1441 1719 1565 1790 quia
1607 1719 1863 1790 populum

260 1825 419 1864 suum
453 1809 730 1866 custodire
759 1826 868 1865 non
903 1811 1114 1880 potuit;
1171 1813 1474 1884 meritoque
1509 1828 1636 1869 sero
1669 1815 1863 1885 qmerit

1975 585 2030 640 in
2053 586 2253 641 divitiis
2282 589 2409 654 tuis,
2432 595 2486 642 et
2515 588 2569 642 in
2596 597 2646 643 te
2677 599 2918 660 sperant.
2949 589 3076 646 ideo
3099 601 3157 646 ut
3184 591 3319 647 dixit
3359 592 3524 648 David
3562 609 3579 656 ;

1978 678 2211 734 Deduces
2255 696 2434 734 eorum
2475 683 2727 747 iustitiam
2755 693 3013 754 tamquam
3037 685 3230 750 lumen,
3259 696 3303 739 et
3321 687 3586 759 judicium

1975 791 2149 830 eorum
2178 784 2437 844 tamquam
2474 777 2736 830 meridiem
2764 776 2944 848 (Psal.
2988 794 3176 846 xxxvi,
3205 778 3285 850 6).

2047 869 2134 925 12.
2173 867 2384 936 ρυιυνίε
2436 883 2566 939 ergo
2616 877 2889 940 tamquam
2923 871 3122 936 aliena,
3165 887 3285 941 qua:
3325 871 3570 942 proxima

1972 979 2094 1020 eras
2124 981 2137 1017 ε
2173 971 2442 1034 tamquam
2470 977 2697 1033 pauper,
2751 979 2871 1032 qua:
2896 963 3051 1020 dives
3078 964 3246 1020 fuisti.
3277 965 3371 1022 Vis
3397 964 3572 1035 sequi,

1972 1073 2094 1128 qua:
2131 1056 2479 1128 prmcedebas
2509 1074 2522 1110 :
2557 1067 2720 1126 atque
2759 1058 2963 1113 utinam
3006 1059 3090 1114 vel
3130 1061 3396 1131 sequaris,
3439 1075 3576 1130 quos

1972 1151 2281 1223 praecedere
2302 1149 2563 1206 debuisti!
2598 1150 2931 1207 Mercenaria
2961 1168 3082 1210 esse
3110 1154 3408 1219 desideras,
3455 1169 3579 1226 ane

1969 1255 2096 1302 ante
2126 1245 2490 1300 mercenaries
2513 1243 2830 1316 colligebas.
2864 1245 3207 1302 Mercenariae
3249 1249 3434 1318 utique
3471 1263 3575 1303 vox

1969 1337 2069 1394 ista
2107 1338 2335 1394 dicentis
2377 1346 2495 1393 est:
2527 1335 2609 1392 Ne
2675 1340 2805 1409 forte
2835 1339 2958 1408 ﬁam
3001 1339 3381 1394 circumamieta
3425 1357 3580 1412 super

1968 1451 2143 1508 greges
2171 1433 2429 1488 sodalium
2467 1443 2674 1486 tuorum
2701 1431 2877 1503 (Cant.
2910 1449 2948 1497 ι,
2977 1432 3055 1503 6).
3094 1434 3224 1500 Quae
3266 1435 3574 1506 proselytos

1969 1543 2035 1584 ex
2081 1527 2332 1599 gentibus
2368 1535 2492 1582 ante
2537 1526 2891 1598 suscipiebas,
2947 1528 3114 1600 983
3160 1542 3299 1583 nunc
3347 1528 3462 1598 ipsa
3522 1529 3575 1584 in

1967 1621 2273 1678 nationibus
2317 1622 2398 1676 vis
2447 1636 2546 1692 pro
2583 1620 2872 1694 proselytis
2919 1623 3140 1692 suscipi,
3195 1632 3248 1678 et
3299 1633 3574 1695 tamquam

1968 1715 2172 1772 advena
2231 1717 2575 1788 congregari.

2040 1814 2126 1868 13.
2172 1813 2483 1884 Respondit
2507 1814 2705 1870 Jesus:
2739 1826 2761 1853 ο
2800 1813 2918 1868 Nisi
2947 1830 3130 1868 noscas
3156 1822 3203 1868 te
3231 1814 3468 1868 decoram
3496 1814 3578 1867 in-

262 1915 473 1971 tenere,
500 1920 661 1977 quem
692 1921 817 1962 cum
850 1914 1078 1974 teneret,
1109 1908 1324 1963 amisit:
1357 1909 1525 1963 multo
1552 1908 1870 1965 dissimilior
1899 1911 1948 1973 B
1975 1917 2050 1963 ter
2088 1910 2325 1963 mulieres
2360 1907 2524 1981 (Ibid.
2555 1909 2634 1979 7).
2696 1907 2835 1977 Quid
2884 1917 2968 1964 est
3015 1923 3074 1964 se
3119 1922 3365 1972 noscere,
3393 1907 3495 1962 nisi
3518 1915 3576 1962 ut

258 1998 378 2071 ejus
407 2015 528 2070 qum
553 1999 722 2055 dicit:
756 1998 940 2055 Inveni
967 2016 1114 2071 quem
1139 2001 1318 2056 dilexit
1347 2005 1522 2057 anima
1545 2019 1676 2070 mea,
1725 2003 1868 2057 tenui

258 2111 404 2159 eum,
434 2103 478 2148 et
509 2111 610 2149 non
638 2096 923 2166 relinquam
947 2112 1062 2150 eum
1093 2095 1269 2166 (Cant.
1302 2113 1379 2166 In,
1411 2096 1492 2170 ti).

339 2188 429 2246 Η.
475 2189 719 2261 Denique
748 2190 836 2245 illa
854 2191 1110 2246 invitatio
1137 2191 1353 2248 hortum
1380 2207 1536 2248 suum
1571 2191 1862 2263 Sponsum:

259 2283 383 2339 haec
406 2282 494 2338 ubi
531 2294 717 2352 pascat
744 2285 1048 2355 requirens,
1089 2285 1220 2342 dicit
1263 2285 1331 2341 ad
1365 2287 1574 2357 ipsum:
1605 2285 1867 2341 Annuntia

258 2378 388 2432 mihi
421 2394 570 2448 quem
598 2378 778 2433 dilexit
808 2381 981 2433 anima
1011 2395 1124 2435 mea
1178 2378 1353 2452 (Cant.
1386 2399 1424 2448 ι,
1458 2383 1536 2452 6).
1569 2381 1676 2436 Cur
1703 2395 1865 2452 quem

257 2469 449 2524 dilexit
475 2471 654 2525 anima
685 2486 804 2526 mea
834 2471 1062 2540 dicis,et
1085 2488 1197 2528 non
1235 2489 1393 2543 quem
1421 2473 1759 2545 diligit?Cur
1787 2474 1867 2528 di-

260 2565 480 2632 misisti,
515 2581 672 2636 quem
715 2566 971 2622 tenebas?
998 2578 1023 2605 δι
1058 2567 1301 2624 Dilexisti
1336 2578 1547 2638 patrum
1567 2568 1692 2633 ﬁde,
1733 2569 1867 2622 ami-

259 2659 377 2714 sisti
407 2659 827 2717 incredulitate:
861 2661 1084 2717 tenebas
1108 2662 1392 2718 charitatis
1414 2665 1680 2731 vinculis,
1731 2667 1869 2718 ami-

265 2752 388 2807 sisti
421 2754 580 2825 longo
604 2753 734 2811 fune
765 2756 1020 2826 perfidiae.
1060 2757 1187 2811 ldeo
1210 2759 1389 2813 nescis
1421 2759 1508 2812 tibi
1541 2767 1745 2828 pascat,
1777 2757 1868 2812 ubi

266 2856 517 2911 maneat;
567 2863 692 2902 nam
733 2848 778 2903 si
817 2849 1008 2915 scires,
1049 2865 1154 2904 non
1186 2866 1482 2920 quaereres.
1510 2851 1652 2906 Dicis
1681 2851 1823 2906 enim
1853 2867 1866 2904 :

203 2969 207 2973 -
270 2936 374 2993 Ubi
411 2939 626 3008 pascis?
663 2940 752 2993 ubi
791 2958 966 2995 manes
992 2943 1045 2996 in
1083 2943 1296 2996 meridie
1325 2941 1554 3013 (Ibid)?
1595 2943 1870 2999 Mcridiem

267 3033 408 3088 nosti
450 3048 571 3088 esse
611 3033 932 3101 Ecclesiatn,
973 3051 1094 3106 quae
1132 3046 1312 3092 teneat
1351 3036 1622 3093 Christum
1668 3055 1680 3091 :
1722 3049 1775 3092 et
1815 3046 1869 3092 tu

263 3142 389 3182 eum
413 3127 464 3180 in
497 3127 746 3184 noctibus
765 3129 1000 3199 quaeris?
1027 3130 1144 3195 Dic,
1176 3129 1371 3200 inquit,
1425 3131 1574 3197 mihi,
1607 3131 1821 3186 Christe
1849 3149 1864 3186 :

266 3222 539 3293 responde
575 3223 661 3279 vel
694 3233 919 3295 propter
949 3223 1002 3279 id
1029 3228 1154 3295 quia
1185 3236 1312 3280 ante
1341 3240 1504 3279 carus
1530 3226 1674 3280 fuisti
1706 3235 1866 3296 atque

1969 2001 2101 2056 sciat
2125 2017 2183 2058 se
2204 2003 2574 2073 unusquisque
2597 2003 2872 2057 hominem
2899 2001 3272 2073 adimaginem
3307 2009 3365 2057 et
3386 2000 3581 2056 simili-

1971 2093 2209 2152 tudinem
2267 2097 2361 2152 l.)ei
2406 2096 2653 2162 factum,’
2683 2096 2918 2152 rationis
2954 2111 3233 2167 capacem,
3259 2096 3348 2167 qui
3378 2107 3576 2152 terram

1969 2205 2119 2244 suam
2143 2189 2397 2245 excolere
2427 2200 2696 2260 tamquam
2730 2190 2906 2246 bonus
2926 2190 3162 2261 agricola
3207 2189 3400 2244 debeat
3451 2203 3579 2244 ara.

1971 2289 2053 2336 tro
2075 2281 2328 2352 quodam,
2355 2290 2411 2338 et
2437 2282 2570 2336 falco
2591 2283 2888 2353 sapientia,
2918 2293 2975 2337 ut
2999 2283 3082 2336 vel
3110 2282 3245 2336 dura
3263 2281 3572 2347 llmlantur;

1969 2377 2054 2432 vel
2079 2376 2404 2432 luxuriantia
2443 2375 2752 2432 rccidantu'r
2779 2396 2792 2433 :
2821 2377 3239 2447 quilnferiorem
3267 2376 3346 2430 sui
3377 2377 3581 2446 portio-

1970 2487 2092 2527 nem
2129 2470 2294 2526 animi
2337 2469 2567 2540 imperio
2599 2470 2792 2526 debeat
2838 2470 3188 2540 gubernare?
3215 2467 3372 2526 Unde
3410 2469 3576 2525 etiam

1969 2563 2023 2619 in
2056 2564 2198 2635 Lege
2266 2564 2525 2634 scriptum
2551 2575 2636 2619 est
2676 2581 2690 2616 :
2732 2565 2951 2618 Attende
2990 2563 3101 2631 tibi,
3130 2580 3192 2618 ne
3215 2564 3308 2634 ﬁat
3368 2563 3578 2618 uerbum

1969 2657 2323 2712 absconditum
2363 2659 2415 2712 in
2443 2659 2599 2712 corde
2630 2667 2717 2712 tuo
2743 2657 2924 2730 (Deut.
2955 2675 3045 2726 xv,
3085 2658 3168 2731 9).
3201 2658 3346 2723 Tibi,
3377 2659 3574 2729 inquit,

1970 2751 2212 2818 attende,
2244 2766 2349 2806 non
2382 2753 2565 2822 utique
2597 2752 2730 2806 dicit
2771 2752 3016 2821 pecunia:
3045 2761 3172 2817 tum,
3218 2767 3326 2806 non
3363 2765 3580 2820 posses-

1969 2843 2214 2897 sionibus
2277 2844 2405 2908 tuis,
2436 2859 2542 2897 non
2571 2843 2773 2897 viribus
2812 2842 3062 2912 corporis
3091 2859 3107 2898 :
3140 2843 3238 2899 sed
3278 2844 3460 2897 animo
3484 2853 3579 2898 tuo

1971 2948 2035 2990 ac
2074 2934 2237 2989 menti
2273 2944 2376 2988 tua:
2399 2950 2415 3000 ;
2437 2935 2577 2989 unde
2609 2935 2791 2989 omnia
2819 2936 3072 3002 consilia,
3104 2936 3263 3004 facta,
3296 2937 3582 3008 cogitatio-

1971 3044 2179 3100 nesque
2217 3039 2465 3084 manant.
2497 3029 2617 3084 Tihi
2646 3045 2778 3101 ergo
2804 3029 3026 3084 attende
3061 3031 3156 3098 ibi,
3188 3031 3278 3086 uhi
3311 3031 3576 3100 potiorem

1970 3138 2092 3178 esse
2121 3135 2173 3179 te
2196 3123 2359 3179 nosti.
2405 3122 2430 3160 ἀ
2462 3123 2637 3178 Nosce
2669 3124 2932 3194 teipsnm,
2955 3124 3096 3194 quod
3125 3125 3362 3195 Apollini
3386 3123 3582 3198 Pythio

1969 3217 2250 3287 ssignant
2293 3215 2527 3287 gentiles
2566 3217 2691 3282 viri,
2739 3219 2892 3289 quasi
2933 3219 3049 3288 ipse
3075 3229 3262 3274 auctor
3285 3217 3450 3274 fuerit
3479 3221 3581 3275 hu-

266 3313 500 3370 dilectus
529 3315 657 3370 mihi
685 3334 698 3371 :
727 3317 827 3372 etsi
855 3331 955 3385 ego
985 3326 1145 3372 tanta:
1165 3318 1576 3388 praerogativam
1622 3319 1866 3374 Charila-

1975 3311 2064 3382 jus
2121 3312 2451 3377 sententiae;
2514 3328 2636 3368 cum
2704 3312 2772 3368 dc
2810 3323 3001 3368 nostro
3043 3323 3360 3385 usurpatum
3390 3315 3454 3368 ad
3486 3329 3582 3369 sua

266 3407 335 3464 tis
363 3409 547 3473 amisi;
589 3419 643 3464 tu
684 3418 865 3464 tamen
896 3412 1044 3480 quasi
1090 3411 1207 3482 pius
1235 3412 1503 3480 responde
1553 3412 1686 3468 mihi
1719 3431 1732 3468 :
1770 3413 1869 3469 Ubi

265 3507 434 3575 pascis
457 3505 482 3558 ?
505 3506 590 3558 ubi
610 3506 828 3560 manes?
855 3505 1138 3578 Reliquisti
1180 3524 1286 3572 tne,
1315 3508 1492 3564 abiisti
1538 3509 1603 3563 ad
1631 3523 1818 3580 gentes
1849 3527 1868 3566 :

267 3600 543 3654 recessisti
579 3599 738 3670 longe
777 3615 805 3654 a
844 3616 968 3666 me;
1010 3611 1062 3656 et
1093 3601 1200 3657 illis
1240 3603 1462 3674 propior
1499 3602 1673 3658 factus
1713 3619 1792 3670 es,
1836 3619 1866 3659 a

265 3692 463 3762 quibus
490 3693 647 3763 longe
670 3709 824 3761 eras;
851 3691 945 3749 sed
975 3692 1146 3750 factus
1167 3710 1227 3752 es
1252 3711 1442 3766 prOpe,
1463 3697 1588 3767 quia
1613 3695 1870 3752 credide-

265 3795 391 3840 runt
412 3787 656 3856 sanguini
703 3795 794 3841 tuo
819 3804 832 3840 :
857 3803 886 3840 a
911 3802 997 3842 me
1025 3789 1332 3854 recessisti;
1371 3790 1495 3859 quia
1525 3805 1626 3860 ego
1649 3803 1865 3844 crucem

268 3888 412 3932 luam
447 3893 552 3933 non
583 3879 815 3949 suscepi,
860 3889 920 3934 ut
959 3880 1140 3935 mundi
1181 3880 1632 3951 redemptionem,
1683 3882 1777 3937 sed
1812 3893 1868 3939 nt

267 3970 412 4026 noxii
445 3973 870 4028 damnationem.
913 3973 1014 4040 Qui
1055 3983 1235 4029 autem
1276 3985 1604 4044 receperunt
1640 3985 1714 4042 te,
1758 3977 1864 4030 Do-

267 4065 435 4129 mine,
483 4066 622 4121 sicut
661 4066 854 4123 salutis
893 4077 1194 4134 auctorem,
1226 4070 1280 4124 in
1306 4069 1531 4124 meridie
1569 4078 1712 4124 sunt.
1757 4069 1866 4124 Illis

265 4156 436 4222 luces,
464 4157 570 4211 illis
596 4157 853 4229 relulges,
880 4160 986 4214 illis
1024 4160 1169 4214 calet
1203 4161 1375 4231 gratia
1399 4173 1508 4226 tua,
1540 4161 1679 4216 sicut
1703 4161 1866 4215 meri-

264 4250 402 4305 dies.
445 4249 570 4304 Mihi
612 4252 904 4306 matutinus
943 4267 1088 4317 eras,
1129 4268 1253 4307 cum
1310 4252 1488 4307 adhuc
1527 4251 1806 4308 crederem
1850 4273 1864 4306 :

264 4341 361 4397 sed
385 4356 490 4398 non
519 4342 806 4398 credebam
839 4343 1017 4413 plene,
1048 4341 1076 4382 δ
1100 4345 1224 4414 quia
1246 4359 1356 4400 non
1395 4360 1514 4400 sum
1555 4346 1771 4402 inventa
1813 4347 1866 4403 in

265 4436 521 4503 meridie;
555 4435 695 4491 sicut
718 4436 919 4508 Joseph
945 4453 1067 4493 cum
1111 4438 1367 4494 fratribus
1407 4441 1518 4494 suis
1558 4439 1646 4510 qui
1684 4454 1866 4496 cinna-

1975 3409 2325 3475 transferant,
2358 3419 2410 3465 et
2445 3409 2602 3479 longe
2629 3410 2870 3466 anterior
2898 3410 3111 3482 Moyses
3132 3410 3312 3478 fuerit,
3341 3410 3428 3480 qui
3447 3411 3583 3464 scri-

1973 3501 2298 3574 psitlibrum
2332 3502 2764 3570 Deuterouomii,
2805 3519 2966 3575 quam
3008 3503 3313 3574 philosophi
3344 3503 3435 3573 qui
3477 3503 3576 3559 ista

1974 3597 2265 3652 finxerunt.

2047 3688 2134 3744 li.
2181 3688 2330 3744 Unde
2359 3697 2416 3744 et
2442 3688 2701 3746 Salomon
2743 3691 3022 3746 oraculum
3070 3690 3314 3746 divinum
3356 3699 3578 3746 secutus

1973 3783 2193 3853 scripsit
2236 3785 2287 3838 in
2331 3782 2572 3837 Canticis
2601 3782 2948 3837 Canticorum
2985 3805 2997 3838 :
3036 3782 3158 3838 Nisi
3175 3785 3308 3838 scias
3351 3792 3397 3838 te
3423 3783 3578 3838 deco-

1969 3895 2076 3934 ram
2104 3881 2234 3932 inter
2256 3878 2490 3932 mulieres
2513 3876 2690 3950 (Cant.
2726 3891 2765 3944 ι,
2801 3877 2855 3948 7)
2888 3894 2902 3944 ;
2948 3877 3051 3934 hoc
3079 3887 3182 3945 est,
3209 3878 3312 3934 nisi
3339 3893 3574 3948 cognos-

1968 3981 2142 4028 caste
2175 3971 2482 4039 mortalem,
2523 3973 2870 4038 rationalem,
2929 3983 2980 4029 ct
3024 3983 3114 4028 tua
3144 3983 3362 4044 peccata
3413 3975 3578 4028 fatea-

1965 4058 2076 4130 ris,
2099 4065 2206 4120 cito
2245 4065 2395 4120 dicas
2428 4066 2740 4136 iniquitates
2778 4075 2898 4121 tuas
2960 4076 3018 4122 ut
3068 4067 3414 4138 jnstificeris;
3475 4068 3576 4122 nisi

1969 4156 2326 4219 convertaris,
2367 4164 2421 4210 et
2462 4155 2610 4226 prior
2637 4171 2860 4210 accuses
2889 4156 3084 4211 delicta
3129 4167 3239 4220 tua,
3281 4158 3430 4211 venit
3457 4156 3576 4211 dies

1971 4252 2184 4320 mortis,
2214 4251 2394 4321 etjam
2428 4250 2634 4305 nullum
2666 4251 3037 4306 conversionis
3060 4251 3358 4306 remedium
3388 4259 3472 4304 est
3498 4267 3510 4304 :
3541 4262 3565 4287 υ

1971 4345 2290 4418 praeveniris
2335 4344 2461 4400 dum
2507 4360 2614 4400 non
2666 4347 2890 4416 cogitas.
2924 4345 3172 4401 Accende
3199 4345 3370 4400 facem
3401 4355 3569 4412 tuam,

1971 4441 2286 4512 priusquam
2333 4438 2531 4510 Sponsi
2572 4438 2670 4495 tibi
2714 4439 2994 4494 claudatur
3009 4439 3192 4509 janua,
3228 4440 3570 4511 quiexspec-

339 4608 384 4673 ἰν
405 4599 644 4666 Quatuor
679 4615 811 4656 mss.
858 4599 1143 4673 Perdidisti
1195 4609 1400 4668 patrum
1437 4601 1614 4672 ﬁdem,
1644 4603 1862 4657 amisisti
1888 4603 1941 4664 D
1969 4619 2094 4657 num
2117 4601 2294 4671 jussu,
2331 4610 2386 4656 ut
2419 4601 2572 4673 Plato
2620 4601 2670 4656 in
2698 4600 2986 4657 Charmide
3007 4610 3196 4657 auctor
3221 4610 3327 4665 est,
3363 4601 3573 4673 legere-

267 4672 618 4745 credttlitatem
651 4688 839 4745 :quem
871 4672 1092 4745 tenebas,
1127 4685 1234 4729 elc.

340 4741 366 4781 δ
407 4744 462 4798 1η
485 4745 692 4800 cunctis
706 4741 828 4801 cod.
858 4743 994 4802 Gali.
1017 4745 1233 4812 desunt,
1260 4747 1380 4816 quia
1401 4761 1502 4800 non
1533 4761 1645 4800 sum
1667 4746 1865 4802 inventa

263 4815 322 4869 in
350 4817 579 4870 meridie.

344 4898 365 4924 ο
406 4887 483 4942 lta
510 4897 614 4943 vet.
641 4889 770 4944 edit.
797 4903 860 4944 ac
879 4889 1048 4944 multo
1075 4891 1247 4958 major
1265 4903 1396 4944 mss.
1425 4905 1707 4945 numerus.
1754 4889 1863 4946 Ali-

266 4959 358 5030 qui
391 4967 591 5033 tanten,
621 4977 685 5017 ac
713 4961 868 5015 Rom.
901 4957 1056 5028 cdit.,
1089 4957 1187 5016 nisi
1213 4978 1497 5033 cognoscas
1548 4971 1614 5028 te,
1655 4962 1858 5032 decora,

266 5039 372 5085 etc.
410 5032 502 5085 llis
531 5032 710 5088 favent
743 5045 850 5088 non
878 5034 1050 5088 solum
1082 5032 1247 5095 LXX,
1281 5032 1384 5088 iubi
1433 5042 1747 5089 constanter
1788 5034 1862 5086 le-

266 5101 415 5172 gitur
439 5105 470 5162 ἡ
497 5105 624 5164 καλή
649 5121 662 5168 ;
698 5121 888 5159 verum
911 5113 967 5159 et
1007 5108 1324 5161 Ambrosius
1349 5107 1464 5174 ipse
1491 5105 1583 5158 lib.
1606 5103 1683 5158 De
1709 5105 1864 5160 Isaac

270 5186 318 5248 et
338 5175 522 5227 Anima
552 5191 672 5243 cap.
699 5177 756 5239 4,
789 5192 938 5248 num.
969 5178 1054 5233 15.
1084 5179 1416 5248 Quamquam
1442 5177 1561 5232 istic
1579 5179 1739 5248 etiam
1762 5178 1868 5248 lec-

270 5243 471 5300 tionem
499 5257 738 5301 nostram
769 5247 980 5302 videtur
1003 5243 1292 5315 indicare;
1317 5265 1438 5304 cum
1481 5247 1669 5303 scribit
1701 5266 1714 5302 :
1746 5247 1866 5304 Nisi

273 5334 456 5388 noscas
487 5329 554 5383 te,
579 5321 698 5388 quia
728 5319 914 5372 decora
941 5337 1012 5384 cs,
1043 5331 1146 5376 etc.

342 5387 369 5425 ά
408 5387 740 5446 Sententiam
776 5392 912 5445 hanc
939 5392 1089 5446 multi
1120 5393 1352 5447 tribuere
1375 5391 1586 5446 Chiloni
1616 5390 1864 5447 Larazde-

269 5461 492 5534 moniti,
532 5471 592 5516 ut
638 5473 829 5517 auctor
859 5462 1042 5534 ltnmil.
1077 5465 1127 5518 in
1157 5467 1313 5519 Cant.
1345 5472 1486 5518 cant.
1516 5463 1656 5532 apud
1689 5463 1817 5534 Orig
1851 5507 1865 5530 ,

270 5533 633 5605 Hieronymus
656 5534 844 5588 homil.
868 5533 922 5590 2.
958 5545 1012 5589 et
1042 5536 1153 5602 alii,
1186 5537 1326 5591 inter
1351 5547 1486 5605 quos
1509 5537 1782 5591 Ausonius
1797 5533 1862 5590 "in

270 5620 338 5658 vn
365 5603 605 5675 Sapient.
633 5606 705 5660 ita
721 5607 908 5662 scribit
943 5625 954 5660 :

518 5710 629 5762 rgat;
651 5713 826 5762 σωυτὸν,
851 5699 980 5762 quod
1002 5698 1202 5749 latinum
1222 5708 1317 5762 est,
1344 5699 1501 5751 Nosce
1520 5707 1587 5751 tc.

522 5738 671 5810 iitu't'u"
679 5738 784 5812 ἰἷόἓ
792 5738 1150 5814 satis;
1157 5738 1600 5829 ’ἰιίίῑὸῖιῑένιῖὖῖεῖιζ

268 5855 377 5921 Sed
397 5861 545 5940 forte
575 5864 762 5920 eadem
786 5881 813 5919 a
837 5867 1158 5937 quibusdam
1191 5865 1424 5939 Apollini
1454 5870 1724 5940 adscripta
1747 5870 1866 5936 fuit,

270 5935 413 6022 quod
448 5937 713 5996 columnae
741 5935 925 6014 templi
949 5940 1190 6017 Delphici
1227 5935 1481 6021 inscripta
1529 5935 1872 6020 Amphictyo-

1975 4684 2078 4730 tur.
2107 4674 2218 4730 lloc
2245 4675 2407 4729 etiam
2429 4671 2703 4728 Ausonius
2730 4673 2891 4728 tradit
2913 4674 2964 4728 in
2995 4675 3348 4744 sequentibus
3373 4694 3384 4729 :

2223 4761 2480 4830 Brevitate
2503 4773 2639 4829 nota,
2664 4779 2756 4830 qua
2782 4765 3003 4817 Lacones
3025 4768 3224 4830 utimur,

2222 4829 2515 4879 Commendo
2539 4829 2776 4882 nostrum.
2801 4842 2909 4880 rvet:
2928 4844 3100 4886 σιαυτὸν,
3124 4829 3284 4879 NoSce
3309 4838 3360 4880 te
3388 4844 3401 4879 ε

2218 4894 2355 4953 Quod
2381 4896 2427 4942 in
2448 4893 2668 4942 columna
2685 4893 2786 4955 jam
2809 4899 3008 4942 tenetur
3032 4893 3290 4957 Delphica.

1972 4983 2178 5041 Floruit
2226 4992 2402 5038 autem
2441 4982 2631 5056 Chilon
2678 4983 2834 5039 annis
2890 4993 3010 5052 post
3041 4987 3260 5056 Moysen
3293 4983 3420 5049 950,
3453 4997 3573 5052 post

1969 5057 2316 5113 Saloinoncm
2361 5070 2488 5108 vero
2545 5055 2670 5110 615.
2705 5057 2807 5110 Alii
2855 5055 3393 5125 praeterea’hnjusce
3449 5072 3575 5126 pro-

1971 5130 2198 5184 nuntiati
2229 5136 2481 5182 auctores
2508 5127 2674 5181 habiti
2707 5137 2855 5193 sunt,
2908 5143 3043 5199 quos
3084 5128 3228 5181 Elias
3258 5125 3483 5182 Vinctus
3515 5131 3568 5186 in

1972 5200 2266 5258 Ausonium
2291 5209 2705 5254 commemorat.
2749 5200 2905 5253 Plura
2961 5213 3175 5269 quoque
3222 5201 3462 5262 reperies
3517 5203 3567 5258 in

1971 5273 2142 5343 Adag.
2189 5270 2424 5333 Erasmi,
2457 5271 2584 5325 chil.
2612 5273 2665 5334 1,
2694 5282 2836 5343 rent.
2868 5271 2923 5335 6,
2954 5274 3111 5340 adag.
3146 5271 3238 5326 95.
3268 5270 3376 5326 Sed
3423 5271 3576 5330 lubet

1971 5345 2073 5399 huc
2095 5341 2263 5399 etiam
2297 5342 2557 5410 adjicere,
2590 5344 2730 5411 quod
2757 5341 2895 5396 idem
2925 5343 3014 5397 ille
3044 5354 3198 5412 poeta
3229 5344 3454 5397 nimium
3486 5363 3572 5401 ne-

1967 5418 2091 5490 gligi
2121 5425 2305 5470 monet
2334 5414 2589 5484 doletque
2618 5414 2830 5485 Etlyllio
2864 5415 2955 5479 5f,
2991 5415 3138 5470 hisce
3171 5415 3416 5470 versibus
3447 5433 3459 5468 :

2218 5509 2518 5568 Quamquam
2538 5503 2735 5568 difﬁcile
2759 5511 2833 5554 est
2859 5519 2914 5554 se
2941 5520 3167 5566 noscere,
3187 5519 3299 5558 rvat.
3322 5520 3473 5568 ataatbv

2284 5567 2438 5628 Quam
2457 5581 2668 5633 propere
2694 5567 2921 5630 legimus,
2943 5575 3041 5618 tam
3065 5572 3161 5621 cito
3188 5567 3501 5632 negligimus.

2048 5663 2071 5690 ε
2112 5652 2202 5707 Sic
2250 5663 2438 5706 omnes
2481 5652 2609 5708 edit.
2639 5653 2708 5707 At
2746 5663 2877 5705 mss.
2908 5653 3247 5720 negationem
3275 5667 3380 5706 non
3405 5665 3571 5722 agno-

1974 5734 2132 5781 scunt
2161 5742 2172 5776 :
2200 5737 2431 5793 quorum
2460 5725 2699 5778 nonnulli
2732 5723 2953 5783 habent,
2990 5725 3312 5790 prwve‘uires,
3340 5723 3464 5776 dum
3481 5735 3570 5779 co-

2011 5799 2107 5852 itas
2127 5812 2308 5862 ;unus,
2330 5798 2603 5868 prwvenire
2626 5796 2748 5849 dum
2761 5794 2978 5868 cogitas,
3006 5795 3222 5849 accende
3243 5800 3430 5868 facem,
3465 5807 3569 5851 etc.

2011 5817 2107 5852 uas
2127 5817 2308 5862 ;unus,
2330 5817 2603 5868 prwvemre
2626 5817 2748 5849 aunt
2761 5817 2978 5868 cogitas,
3006 5817 3222 5849 accenae
3243 5817 3430 5865 ιαειπι,
3465 5817 3569 5851 (ηε.

1974 5817 2093 5926 Esi
2146 5877 2324 5923 autem
2381 5869 2494 5923 lucc
2535 5882 2634 5922 suo
2678 5883 2840 5922 sensu
2867 5881 2975 5924 non
3029 5876 3268 5934 careant,
3319 5865 3572 5931 videntur

1981 5953 2164 5999 tamen
2197 5942 2331 5998 edit.
2363 5939 2779 6015 anteponendas.
