4124 6346
541 300 681 360 1215

1891 293 2140 352 SANCTI
2177 292 2502 353 AMBROSII

3696 298 3840 356 12l6

538 430 654 478 tare
690 419 784 477 diu
821 433 930 476 non
968 417 1111 475 solet
1134 416 1489 490 negligentes.
1533 413 1655 470 Nisi
1676 413 1812 470 scias
1837 422 1904 481 te,
1938 413 2132 484 inquit,
2161 421 2213 484 Α
2239 412 2514 485 cognoscit
2533 412 2678 469 enim
2710 412 2972 468 Dominus
2995 411 3086 484 qui
3117 420 3246 468 sunt
3273 412 3466 486 ipsius,
3519 419 3574 472 et
3619 415 3736 472 vult
3780 426 3842 473 ut

539 516 778 572 decoram
832 514 968 568 inter
1012 511 1250 567 mulieres
1273 526 1293 577 ;
1315 518 1371 566 et
1399 508 1549 564 dicas
1571 524 1591 564 :
1614 505 1791 563 Fusco
1832 524 1944 562 sum
1970 515 2015 562 et
2043 507 2133 561 de-

539 624 662 666 cora
700 607 876 680 (Cant.
904 623 944 672 ι,
967 606 1023 678 ι)
1052 625 1067 664 :
1101 605 1246 661 lusca
1291 619 1433 671 sum,
1467 605 1592 674 quia
1635 603 1852 676 peccavi
1879 622 1892 656 :
1919 601 2014 658 sed
2044 600 2138 657 de-

539 720 704 771 cora;
747 705 871 776 quia
903 703 1121 775 diligor,
1148 700 1270 772 quia
1298 714 1470 772 genus
1496 715 1615 756 sum
1629 697 1886 766 Abrahae,
1909 699 2137 753 electum

539 815 733 873 genus,
795 798 1055 855 dilectum
1113 798 1272 852 Deo:
1318 794 1451 850 nihil
1495 794 1588 849 tibi
1645 792 1887 865 proderit
1926 803 2138 863 patrum

538 892 710 964 gratia
738 908 753 958 ;
795 903 987 962 potens
1015 898 1101 946 est
1128 888 1270 944 enim
1302 888 1445 944 Deus
1473 888 1540 943 de
1582 886 1854 958 lapidibus
1879 887 1998 942 istis
2025 900 2143 941 sus-

539 984 710 1040 citare
764 985 902 1039 lilios
953 984 1207 1039 Abt-alite.
1261 981 1329 1037 Et
1366 981 1495 1037 alibi
1549 982 1601 1036 in
1644 981 1937 1052 Evangelio
1967 981 2143 1052 legisti

542 1075 694 1149 (Luc.
730 1092 848 1142 xm,
879 1077 944 1132 11
973 1105 1035 1116 —
1066 1075 1174 1147 15),
1209 1075 1332 1146 quia
1355 1073 1591 1129 Abraha:
1621 1073 1785 1129 tiliam
1819 1074 2006 1146 ligavit
2031 1073 2146 1129 dia-

537 1171 696 1227 bolus
722 1171 980 1242 nequitiae.
1002 1185 1113 1225 sua:
1144 1169 1404 1235 vinculis,
1457 1184 1616 1238 quam
1673 1168 1834 1224 solvil
1887 1168 2145 1223 Dominus

540 1263 631 1320 die
661 1265 897 1321 sabbati.
923 1263 1036 1318 Nisi
1066 1278 1196 1334 ergo
1219 1263 1361 1318 scias
1396 1272 1469 1330 te,
1494 1262 1633 1318 nihil
1661 1261 1761 1318 tibi
1788 1261 2051 1334 proderit.
2079 1263 2146 1319 Et

539 1359 585 1413 si
625 1359 820 1414 dicas:
864 1358 1096 1414 Abrahae
1126 1373 1246 1413 sum
1284 1357 1415 1425 tilia,
1474 1371 1597 1428 quae
1637 1372 1743 1412 non
1783 1357 1982 1424 credis,
2024 1373 2146 1429 quae

541 1466 786 1508 errorem
839 1467 949 1507 non
989 1452 1256 1523 corrigis;
1293 1451 1563 1507 Abraham
1604 1451 1821 1522 quidem
1861 1451 2141 1507 solvatur:

537 1547 639 1602 sed
679 1556 732 1602 te
763 1546 1016 1603 nobilitas
1044 1547 1259 1617 generis
1283 1545 1637 1616 nonjuvabit,
1673 1555 1698 1582 ³
1722 1545 1824 1600 nisi
1863 1545 1998 1602 ﬁdes
2030 1561 2145 1601 ser-

540 1640 768 1696 vaverit.
800 1638 915 1696 Non
946 1649 999 1696 te
1027 1639 1262 1709 decipiat
1305 1639 1425 1694 data
1481 1639 1726 1710 patribus
1768 1640 2140 1710 repromissio.

538 1733 657 1789 Non
687 1734 926 1804 suscipio
957 1748 1244 1805 personam
1288 1733 1546 1800 hominis,
1600 1749 1706 1790 non
1735 1735 1974 1804 suscipio
2007 1750 2146 1805 prae-

2239 509 2374 566 sciat
2403 523 2462 564 se
2486 507 2876 579 unusquisque,
2901 509 3035 564 sciat
3061 523 3121 563 se
3149 508 3377 580 p0pulus
3398 508 3516 566 Dei.

2314 601 2402 656 l7.
2431 599 2537 656 Sed
2565 612 2683 656 esm
2712 613 2818 655 non
2845 609 3243 671 cognoscantur
3270 601 3571 658 errantium
3594 602 3843 671 vire,sic-

2243 703 2301 748 ιιι
2346 693 2476 749 dicit
2509 693 2768 750 Dominus
2794 711 2806 748 :
2835 693 2957 748 Non
2988 694 3105 749 navi
3128 710 3237 762 vos,
3263 696 3513 750 discedite
3538 712 3570 750 a
3592 714 3686 764 me,
3715 714 3844 770 ope-

2243 788 2371 840 rarii
2393 787 2674 858 iniquitatis
2706 787 2861 861 (Luc.
2882 804 2999 851 xm,
3023 788 3119 862 27)
3137 808 3149 842 :
3168 789 3254 845 hic
3275 803 3454 846 autem
3473 791 3726 863 juvenior
3750 793 3845 866 qui

2244 889 2422 951 potest
2479 881 2752 952 corrigere
2801 883 2942 936 viam
2997 897 3172 947 suam,
3227 882 3454 940 fortasse
3496 883 3749 956 juvenior
3773 887 3849 942 sit

2247 984 2427 1042 mtate,
2463 990 2566 1030 non
2593 977 2869 1044 moribus;
2898 984 2956 1033 et
2991 976 3187 1032 haheat
3209 976 3260 1032 in
3292 978 3469 1049 primo
3497 977 3629 1034 ﬂore
3650 979 3849 1048 juven-

2247 1069 2377 1124 tutis
2401 1085 2514 1126 sua:
2543 1072 2766 1127 senilem
2819 1069 3174 1140 intellectum,
3219 1072 3286 1128 de
3331 1089 3437 1144 quo
3467 1075 3542 1129 ait
3575 1093 3587 1129 :
3621 1071 3848 1129 Canities

2248 1170 2418 1218 autem
2456 1173 2528 1218 est
2573 1164 2863 1219 intellectus
2916 1165 3208 1221 hominibus
3227 1164 3381 1239 (Sap.
3417 1183 3489 1235 tv,
3547 1166 3623 1240 8),
3648 1168 3849 1240 quibus

2251 1257 2533 1312 maturitas
2598 1258 2832 1325 consilii,
2900 1259 3244 1330 gravitasque
3297 1261 3556 1330 suppetit.
3609 1259 3765 1317 Unde
3795 1271 3852 1318 et

2249 1348 2539 1406 Hieremiae
2580 1351 2813 1407 dicitur:
2847 1351 2973 1407 Noli
3013 1354 3182 1408 dicere
3201 1353 3321 1423 quia
3332 1355 3542 1426 juvenis
3567 1371 3679 1408 sum
3708 1355 3848 1426 (Jer.

2249 1459 2289 1508 ι,
2322 1444 2398 1516 7).
2426 1445 2489 1501 Et
2513 1446 2696 1517 utique
2719 1456 2832 1502 erat
2857 1456 3016 1502 aetate
3039 1447 3291 1518 juvenis;
3326 1447 3419 1504 sed
3450 1449 3700 1520 prohibet
3724 1465 3850 1505 eum

2243 1539 2499 1609 juvenem
2546 1557 2605 1597 se
2633 1541 2838 1609 dicere,
2867 1543 2959 1614 qui
2987 1552 3135 1598 esset
3181 1543 3491 1598 maturioris
3523 1542 3851 1613 prudentiae.

2251 1634 2438 1690 Daniel
2468 1649 2588 1690 cum
2623 1651 2756 1706 puer
2781 1646 2946 1703 esset,
2976 1642 3188 1706 accepit
3209 1637 3456 1709 spiritum
3503 1652 3611 1708 quo
3655 1636 3856 1709 dignus

2248 1727 2543 1784 senectutis
2573 1728 2824 1799 primitiis
2854 1729 3176 1794 haberetur;
3207 1739 3264 1783 ut
3307 1730 3657 1800 redargueret
3691 1743 3856 1786 senes

539 1827 836 1896 rogativam
865 1828 1117 1896 generis;
1167 1827 1270 1882 nisi
1311 1827 1498 1884 videro
1538 1839 1926 1899 congruentem
1957 1829 2141 1900 generi
2173 1840 2221 1900 Β
2249 1823 2362 1895 ipse
2394 1841 2498 1879 non
2523 1824 2707 1880 senior
2734 1825 3095 1896 longrevitate,
3130 1825 3225 1880 sed
3253 1826 3456 1896 gratia;
3488 1833 3606 1880 erat
3625 1826 3768 1881 enim
3799 1827 3854 1882 in

541 1934 752 1976 morum
777 1919 1137 1986 nobilitatem,
1166 1929 1226 1976 ut
1254 1921 1346 1976 ﬁat
1375 1922 1507 1992 justi
1537 1923 1752 1994 generis
1781 1923 1998 1979 electio.

613 2013 704 2069 15.
747 2011 902 2081 Quod
951 2015 997 2069 si
1053 2016 1197 2070 scias
1253 2023 1327 2084 te,
1384 2025 1441 2072 et
1479 2033 1741 2088 agnoscas
1769 2019 1892 2090 quia
1924 2027 2146 2089 peccato

540 2104 777 2160 obnoxia
809 2122 905 2173 es;
939 2107 1246 2163 exeundum
1275 2109 1328 2164 in
1351 2111 1622 2167 calcaneis
1648 2127 1871 2183 gregum
1911 2121 1992 2168 est
2025 2112 2142 2167 tibi.

538 2196 640 2254 Exi
671 2214 804 2270 ergo
832 2199 973 2256 nuda
998 2200 1156 2272 pede.
1180 2213 1227 2257 et
1248 2219 1401 2275 pasce
1439 2203 1615 2258 hiedos
1638 2214 1754 2259 tuos
1801 2205 1856 2260 in
1903 2205 2143 2260 taberna-

539 2293 670 2347 culis
716 2304 981 2362 pastorum
1031 2293 1206 2369 (Cant.
1262 2314 1298 2366 ι,
1357 2298 1431 2371 7).
1489 2299 1588 2367 Qui
1633 2301 1750 2357 sine
1793 2312 2015 2371 peccato
2040 2311 2145 2372 est,

542 2401 714 2458 agnos
737 2388 903 2462 987
938 2391 1132 2461 pascit,
1175 2407 1305 2448 oves
1338 2394 1532 2463 pascit.
1563 2394 1694 2463 Quae
1718 2405 1897 2452 autem
1925 2407 2149 2467 peccato

544 2481 778 2538 obnoxia
803 2497 907 2549 est,
937 2485 1111 2555 pascit
1143 2486 1330 2542 htedos
1361 2487 1453 2559 qui
1483 2503 1514 2543 a
1554 2487 1789 2544 sinistris
1820 2500 1982 2556 sunt;
2042 2506 2150 2546 non

543 2575 689 2630 enim
721 2585 900 2646 potest
924 2591 1046 2634 esse
1077 2578 1133 2634 in
1178 2579 1398 2636 dextera
1433 2582 1668 2651 pastoris
1695 2583 1844 2638 boni.
1885 2584 2154 2656 Sequatur

542 2669 716 2739 magis
745 2670 1015 2727 dicentem
1046 2671 1209 2728 Petro
1239 2691 1253 2727 :
1292 2673 1426 2728 Veni
1446 2686 1584 2730 retro
1616 2692 1716 2743 me,
1743 2687 1926 2732 satana
1956 2677 2146 2751 (Marc.

545 2777 658 2826 vni,
690 2763 806 2835 55).
840 2764 1130 2837 Sequendo
1158 2767 1352 2825 Petrus
1374 2769 1427 2824 in
1460 2770 1682 2826 dextera
1739 2773 1935 2828 meruit
1983 2776 2156 2831 collo-

543 2856 694 2921 cari;
716 2855 948 2928 ideoque
978 2858 1026 2913 ei
1056 2857 1252 2914 dicitur
1283 2878 1295 2913 :
1322 2860 1490 2916 Pasce
1508 2864 1775 2933 agniculos
1804 2882 1940 2921 meos
1967 2867 2150 2933 (Joan.

544 2966 659 3018 xm,
708 2951 824 3020 16).
865 2951 972 3008 Sed
1003 2969 1113 3024 quo
1134 2965 1319 3021 exeat,
1353 2957 1478 3012 audi
1511 2977 1523 3012 :
1553 2959 1635 3012 Ad
1674 2961 2041 3029 tabernacula,
2075 2963 2154 3018 in-

547 3045 683 3114 quit,
718 3053 1016 3112 pastorum;
1041 3048 1142 3102 hoc
1172 3056 1279 3115 est,
1311 3048 1378 3104 ad
1401 3061 1613 3120 gentes,
1635 3051 1699 3106 ad
1735 3053 2150 3123 dispersionem.

548 3137 788 3209 ldquue
815 3139 994 3196 dixit:
1031 3141 1328 3198 Percutiant
1378 3155 1656 3215 pastorem,
1697 3157 1745 3201 et
1797 3148 2156 3220 dispergentur

2248 1918 2345 1974 illo
2374 1927 2504 1974 astas
2534 1919 2838 1974 senectutis
2862 1919 2970 1973 vita
3004 1917 3348 1974 immaculata
3389 1917 3552 1992 (Dan.
3579 1934 3694 1986 xm,
3733 1918 3854 1993 45).

2247 2009 2343 2067 Cui
2377 2011 2514 2067 bene
2548 2013 2810 2084 competit
2861 2013 3173 2068 Davidicum
3221 2012 3351 2066 illud
3399 2012 3583 2069 dicere
3625 2031 3640 2070 :
3682 2012 3858 2086 Super

2247 2107 2470 2162 seniores
2498 2107 2734 2162 intellexi
2763 2107 2944 2181 (Infra
2999 2123 3129 2162 vers.
3160 2106 3309 2180 100).
3331 2106 3561 2178 Ideoque
3583 2117 3857 2178 tamquam

2249 2198 2316 2254 de
2338 2200 2580 2254 veterani
2613 2199 2852 2266 consilii,
2875 2211 2930 2255 et
2958 2199 3144 2254 senilis
3171 2200 3416 2255 scientiae
3468 2199 3586 2256 viro
3609 2199 3856 2256 divinum

2251 2294 2617 2365 pronuntiavit
2642 2294 2919 2351 oraculum
2948 2313 2959 2349 :
2991 2283 3126 2360 ‘Quis
3150 2294 3452 2365 prudentior
3481 2311 3636 2365 quam
3666 2293 3861 2351 Daniel

2257 2387 2442 2459 (Ezec.
2471 2390 2774 2454 xxv1tt,5)?

2327 2485 2413 2541 18.
2455 2483 2609 2540 Nunc
2632 2484 2764 2540 illud
2786 2485 3150 2551 advertamus,
3179 2485 3223 2539 si
3255 2483 3514 2554 possibile
3541 2493 3627 2541 est
3649 2493 3708 2540 ut
3733 2500 3858 2542 cor-

2253 2579 2395 2648 rigat
2413 2579 2665 2649 juvenior
2699 2579 2836 2633 viam
2865 2593 3042 2645 suam,
3068 2592 3135 2632 an
3167 2577 3312 2632 non?
3340 2576 3396 2634 Si
3431 2592 3536 2633 non
3568 2589 3687 2646 est;
3725 2593 3860 2651 ergo

2254 2673 2515 2729 mentitur
2543 2673 2846 2745 Propheta:
2880 2674 2973 2727 sed
3006 2673 3128 2744 quia
3152 2689 3258 2727 non
3282 2673 3564 2742 mentitur,
3597 2673 3861 2744 possibile

2255 2777 2357 2824 est.
2390 2769 2468 2824 lta
2501 2777 2678 2824 tamen
2733 2768 3010 2838 possibile,
3055 2779 3110 2823 ut
3139 2768 3282 2840 quod
3311 2768 3645 2840 impossibile
3673 2768 3859 2826 videa-

2257 2871 2364 2927 tur,
2391 2864 2483 2918 liat
2509 2863 2768 2935 possibile
2791 2881 2804 2928 ;
2830 2865 2874 2919 si
2916 2863 3190 2919 custodiat
3217 2863 3404 2934 juninr
3443 2865 3609 2920 verba
3643 2864 3736 2920 Dei
3772 2867 3864 2921 :si

2255 2970 2435 3014 antem
2469 2975 2575 3014 non
2599 2959 2891 3027 custodiat,
2926 2959 3286 3031 impossibile.
3322 2959 3479 3017 Unde
3521 2960 3651 3015 illud
3684 2960 3862 3017 Evan-

2255 3054 2489 3125 gelicum
2512 3074 2524 3108 :
2546 3053 2781 3110 Facilius
2803 3066 2874 3111 est
2899 3056 3151 3110 camelum
3175 3073 3268 3128 per
3289 3061 3520 3127 foramen
3546 3072 3668 3110 acus
3693 3065 3865 3109 trans-

2254 3147 2353 3213 ire,
2382 3164 2536 3218 quam
2584 3147 2790 3203 divitem
2820 3151 3013 3203 intrare
3056 3150 3109 3202 in
3143 3165 3354 3220 regnum
3407 3149 3576 3223 988
3611 3149 3860 3204 (telorum

545 3249 662 3287 oves
707 3234 878 3306 gregis
906 3233 1092 3304 (Zaclt.
1139 3251 1254 3302 χιιι,
1307 3236 1394 3310 7);
1438 3247 1495 3292 nt
1524 3239 1801 3309 repleatur
1832 3251 1977 3296 totus
2005 3241 2156 3297 orbis
2185 3227 2228 3290 C
2265 3239 2484 3314 (Matth.
2507 3256 2626 3307 xu,
2652 3239 2770 3311 9.4).
2803 3239 2958 3307 Quod
2983 3241 3083 3295 hoc
3114 3257 3330 3312 quoque
3359 3241 3496 3296 libro
3525 3241 3864 3312 impossibile

545 3337 810 3382 terrarum
853 3343 1018 3399 grege
1046 3328 1270 3396 Christi,
1301 3331 1608 3402 signiﬁcans
1636 3343 1763 3390 tunc
1794 3335 1908 3392 fore
1946 3338 2148 3390 salvam

545 3419 910 3493 Synagogam,
945 3439 1068 3479 cum
1108 3440 1168 3480 se
1198 3424 1323 3481 huic
1350 3426 1673 3496 dispersioni
1723 3441 1776 3484 et
1825 3431 1938 3501 ipsa
1978 3429 2152 3486 socia-

546 3516 707 3579 verit,
732 3531 854 3587 qute
887 3517 1117 3587 replevit
1137 3517 1278 3575 hunc
1308 3521 1601 3588 mundum;
1637 3523 1981 3579 tabernacula
2005 3525 2147 3579 enim

548 3619 849 3679 pastorum,
881 3625 1050 3682 regna
1075 3625 1200 3668 sunt
1229 3622 1408 3669 terrte.
1442 3613 1678 3686 Ideoque
1735 3617 1998 3688 propheta
2049 3619 2152 3673 Da-

543 3702 633 3758 vid
659 3705 908 3759 nationes
934 3707 1261 3763 annuntians
1283 3707 1592 3765 crediturae
1613 3709 1690 3763 ait
1723 3727 1738 3764 :
1767 3709 1948 3784 Regna
1977 3719 2148 3778 terrce,

546 3807 748 3852 cantate
767 3796 876 3853 Deo
909 3799 1084 3869 (Psal.
1112 3817 1278 3869 van,
1305 3801 1420 3875 55).
1458 3804 1596 3874 Ergo
1635 3805 1772 3860 sciat
1793 3821 1851 3861 se
1876 3805 2149 3876 juvenior,

548 3900 606 3946 ut
635 3892 875 3964 corrigat
906 3894 1046 3950 viam
1079 3911 1255 3951 suam.

621 3985 711 4041 16.
753 3986 861 4043 Sed
892 3987 1029 4044 dicis
1063 3991 1232 4057 :Quis
1270 4000 1448 4062 potest
1479 4007 1808 4063 cognoscere
1832 3995 1972 4051 viam
1999 3997 2154 4067 juve-

547 4078 689 4145 nior,
713 4091 771 4135 ut
799 4082 1072 4153 corrigat;
1098 4099 1219 4138 cum
1245 4083 1515 4155 Propheta
1544 4085 1726 4142 dicat:
1755 4085 1876 4141 Tria
1903 4099 2020 4143 sunt
2057 4091 2154 4144 im-

547 4172 812 4244 possibilia
837 4175 962 4228 ntilii
983 4175 1288 4246 intelligere,
1303 4189 1350 4233 et
1365 4188 1603 4248 quartum
1623 4180 1761 4249 quod
1782 4198 1882 4235 non
1905 4199 2152 4255 agnosco:

547 4269 762 4343 vestigia
816 4269 1007 4338 aquit'te
1050 4270 1292 4333 volantis,
1341 4272 1474 4326 viam
1521 4276 1776 4344 serpentis
1805 4277 1857 4328 in
1911 4287 2082 4347 petra,
2108 4286 2155 4330 et

547 4363 757 4416 sentitas
781 4363 925 4417 itavis
947 4365 1256 4435 uavigantis,
1290 4377 1337 4419 et
1357 4367 1464 4420 vias
1494 4367 1589 4420 viri
1613 4368 1669 4421 in
1697 4367 2148 4438 iuuentute(Prov.

553 4471 682 4522 xxx,
709 4455 776 4510 18
799 4466 848 4510 et
881 4455 992 4525 19).
1034 4458 1090 4512 Si
1124 4458 1378 4514 Salomon
1408 4457 1609 4514 fatetur
1646 4461 1788 4531 quod
1836 4476 1943 4516 non
1989 4476 2158 4532 agno-

548 4557 664 4604 seat
696 4548 811 4603 vias
866 4548 967 4603 viri
1000 4550 1051 4604 in
1101 4549 1421 4620 juventule;
1464 4553 1737 4619 quomodo
1775 4562 1954 4625 potest
1996 4555 2153 4625 juve-

2253 3349 2374 3390 esse
2401 3333 2553 3402 dixit,
2606 3336 2683 3390 sic
2706 3343 2886 3391 tamen
2921 3335 3269 3406 intelligimus
3320 3334 3656 3406 impossibile
3701 3348 3858 3401 esse,

2253 3427 2377 3499 quia
2425 3427 2620 3484 divites
2670 3443 2778 3484 non
2807 3427 3121 3485 custodiunt
3150 3428 3400 3484 mandata
3428 3429 3522 3483 Dei
3554 3447 3566 3483 :
3601 3429 3644 3484 si
3675 3438 3861 3483 autem

2253 3522 2584 3589 custodiant,
2612 3522 2670 3578 lit
2697 3523 2956 3594 possibile
2993 3523 3133 3594 quod
3167 3522 3499 3593 impossibile
3555 3521 3857 3576 videbatur.

2257 3616 2355 3673 Hic
2380 3627 2458 3672 eSt
2483 3617 2724 3672 camelus
2767 3617 2857 3688 qui
2893 3617 3058 3672 intrat
3085 3632 3182 3686 per
3229 3625 3505 3686 augustam
3531 3614 3708 3680 viain;
3739 3629 3861 3684 qua:

2254 3710 2405 3766 illum
2428 3721 2554 3766 ante
2575 3726 2772 3782 capere
2804 3727 2908 3766 non
2958 3721 3170 3782 poterat
3218 3713 3716 3780 concupiscentem.
3747 3709 3859 3777 jam

2254 3806 2403 3876 capit
2428 3807 2824 3863 custodientem
2871 3805 3121 3861 mandata
3156 3805 3357 3860 divina.
3396 3817 3417 3844 ε
3449 3805 3859 3861 Οιιειοιιὶριιιοηι

2254 3911 2432 3958 autem
2464 3902 2624 3958 verba
2665 3902 2783 3965 Dei,
2834 3902 2955 3971 quia
2993 3901 3281 3956 custodivit
3317 3917 3402 3968 ea,
3443 3902 3653 3975 Moyses
3708 3905 3861 3974 quasi

2255 3996 2528 4051 seniorem
2560 3995 2722 4066 elegit
2752 3993 2948 4066 (Exod.
2976 4009 3067 4056 vit,
3090 3993 3175 4062 1);
3230 4003 3283 4048 et
3327 4011 3469 4050 nunc
3505 3995 3701 4066 quibus
3757 3997 3861 4052 hoc

2258 4087 2458 4158 Spiritu
2513 4088 2609 4142 Dei
2635 4087 2989 4142 committitur
3029 4084 3216 4152 ofﬁcii,
3259 4095 3316 4141 ut
3367 4087 3570 4158 eligant
3617 4088 3863 4143 seniores

2259 4182 2452 4247 viros,
2507 4180 2719 4252 eligunt
2777 4180 2899 4235 sine
2966 4178 3132 4235 dubio
3193 4178 3334 4235 inter
3398 4179 3649 4235 seniores
3706 4179 3864 4248 juve-

2257 4291 2380 4331 nem
2421 4276 2781 4344 corrigentem
2827 4274 2968 4329 viam
3010 4289 3163 4329 suam
3191 4315 3206 4339 ,
3238 4273 3291 4328 in
3325 4271 3682 4329 custodiendo
3698 4272 3863 4328 verba

2257 4366 2374 4421 Dei.
2405 4367 2468 4420 Et
2495 4368 2538 4418 si
2564 4367 2798 4420 senioris
2842 4367 3018 4419 :etatis
3039 4365 3213 4419 virum
3241 4365 3530 4434 elegerint,
3565 4377 3670 4418 n0u
3706 4367 3862 4434 quasi

2259 4458 2557 4530 longaevum
2587 4458 2770 4528 utique
2794 4458 3097 4526 elegerunt,
3126 4457 3220 4512 sed
3259 4457 3412 4527 quasi
3463 4457 3861 4513 custodientem

2259 4555 2420 4610 verba
2474 4554 2779 4624 Dei:qood
2837 4552 2881 4605 si
2933 4549 3198 4623 repetitur
3253 4551 3305 4604 in
3332 4550 3573 4618 juniore,
3596 4551 3783 4622 utique
3807 4562 3866 4608 et

549 4639 672 4695 nior
710 4644 1078 4711 cognoscere?
1126 4641 1224 4698 Cui
1267 4644 1684 4716 respondebitur
1739 4647 1880 4717 quod
1913 4648 2019 4703 illae
2048 4649 2151 4704 via:
2179 4650 2232 4710 D
2259 4649 2373 4719 ipse
2391 4658 2472 4701 est
2494 4645 2796 4717 eligendus.
2824 4645 3016 4716 Liquet
3043 4645 3206 4714 igitur
3234 4659 3301 4700 ex
3329 4643 3414 4699 his
3463 4645 3604 4714 quod
3633 4659 3738 4699 non
3771 4660 3862 4701 se-

549 4735 650 4791 viri
681 4736 734 4791 in
763 4737 1050 4806 juventule
1084 4753 1189 4794 non
1219 4750 1641 4808 cOgnoscantur,
1667 4756 1786 4812 quas
1823 4753 1950 4797 sunt
1998 4757 2155 4798 secus

552 4830 668 4884 vias
694 4833 964 4902 serpentis
987 4832 1039 4887 in
1066 4843 1236 4902 petra,
1271 4842 1325 4888 et
1374 4849 1533 4890 secus
1582 4835 1803 4889 semitas
1847 4839 1998 4891 navis
2049 4836 2152 4891 llu-

549 4924 805 4991 ctnantis,
863 4934 914 4979 et
969 4923 1197 4996 vestigia
1244 4926 1478 4981 volantis
1525 4926 1741 4997 aquilae,
1798 4942 1920 4998 quae
1941 4941 2153 4998 ungues

547 5034 772 5089 asperos
827 5019 1012 5086 habet,
1045 5019 1073 5058 ιι
1101 5020 1338 5092 praedam
1382 5019 1630 5087 includit,
1667 5027 1724 5076 et
1772 5036 1934 5088 supra
1981 5022 2151 5077 nubes

552 5113 719 5181 volat,
770 5115 820 5168 in
843 5130 971 5170 aere
1011 5125 1176 5181 errat,
1209 5117 1258 5168 in
1287 5115 1418 5169 mari
1449 5115 1650 5185 piscem
1675 5113 1959 5181 interlieit;
1991 5124 2042 5169 et
2075 5123 2152 5169 ta-

551 5221 673 5263 men
706 5221 812 5262 non
836 5216 920 5262 est
947 5209 1287 5278 impossibile
1308 5208 1409 5264 hoc
1439 5216 1712 5279 quartum,
1738 5205 1879 5262 sicut
1903 5207 1990 5264 illa
2023 5206 2145 5274 tria;

622 5382 646 5410 α
690 5373 832 5430 Edit.
866 5373 1025 5430 Rom.
1049 5375 1186 5441 sola,
1235 5375 1335 5429 nisi
1362 5375 1515 5444 fidem
1532 5373 1833 5428 servaveris.

623 5488 649 5527 ι»
693 5487 937 5544 Prtedam
961 5488 1198 5550 includit,
1233 5488 1286 5542 in
1314 5495 1425 5541 aut.
1461 5485 1592 5541 edit.
1619 5501 1683 5542 ac
1723 5487 1996 5557 plerisque
2022 5501 2153 5542 mss.

559 5560 898 5688 deslidjratur
928 5576 944 5626 ;
977 5569 1034 5614 at
1057 5563 1106 5614 in
1136 5559 1458 5630 quibusdam
1487 5559 1752 5629 reperias,
1787 5560 2016 5629 prtedam
2055 5575 2158 5614 non

555 5649 638 5687 mc
665 5651 691 5684 tt
737 5643 796 5686 tl.

629 5736 652 5764 ο
695 5725 817 5780 Vel.
847 5723 983 5780 edit.
1013 5738 1137 5779 cum
1160 5739 1294 5779 mss.
1329 5725 1554 5789 aliquot,
1580 5727 1948 5781 custodientem
1989 5735 2159 5780 autem

559 5796 709 5869 uerba
735 5798 934 5869 divina,
966 5797 1086 5869 quia
1117 5795 1346 5869 custodit
1389 5812 1466 5852 ea.
1500 5795 1717 5869 Moysen
1741 5799 1890 5869 quasi
1915 5800 2162 5853 seniorem

550 5868 718 5939 elegit.
743 5868 1078 5939 Voces,quia
1117 5867 1435 5936 custoditea,
1485 5867 1608 5923 cum
1655 5867 1899 5940 sequenti
1958 5876 2156 5941 puncto

2260 4741 2490 4797 nectutis
2531 4739 2844 4809 longaevitas
2894 4739 3143 4810 eligatur,
3178 4738 3270 4794 sed
3298 4737 3540 4794 custodia
3571 4739 3861 4794 verborum

2258 4837 2374 4892 Dei.
2406 4836 2650 4907 Denique
2670 4837 2784 4907 ipse
2814 4835 3026 4907 Moyses
3046 4834 3230 4890 Jcsum
3261 4832 3405 4888 Nave
3433 4841 3488 4888 et
3510 4829 3676 4887 Caleb
3700 4832 3861 4900 juve-

2256 4944 2356 4985 nes
2409 4943 2520 4999 prae
2568 4928 2786 4984 creteris
2828 4928 3184 4998 approbahat,
3209 4941 3437 4998 quorum
3491 4926 3775 4982 consilium
3808 4927 3860 4981 in

2258 5031 2418 5078 terrae
2445 5023 2707 5078 electione
2734 5023 2928 5094 magis,
2952 5038 3112 5094 quam
3139 5023 3429 5076 multorum
3483 5023 3780 5087 seniorum,
3806 5031 3862 5077 et

2250 5117 2365 5187 ipse
2386 5125 2604 5170 secutus
2624 5128 2725 5182 est,
2753 5126 2807 5171 et
2838 5118 2976 5171 Deus
2999 5114 3234 5186 protulit
3272 5113 3466 5186 (Nam.
3495 5129 3608 5181 XIV,
3640 5113 3672 5170 6
3705 5124 3752 5168 et
3777 5112 3857 5184 7).

2329 5209 2418 5266 19.
2459 5207 2612 5265 Unde
2660 5221 2715 5266 et
2757 5209 2889 5266 illud
2919 5208 2988 5266 de
3038 5207 3207 5266 Jacob
3231 5207 3374 5278 quod
3402 5222 3561 5277 supra
3584 5206 3858 5262 diximus:

2258 5372 2384 5428 inde
2405 5374 2628 5427 sustulit
2657 5372 2792 5428 edit.
2821 5373 2979 5428 Rom.
3013 5372 3117 5428 Alii
3167 5374 3350 5444 plures
3397 5389 3527 5429 mss.
3568 5375 3863 5430 custodiem

2261 5457 2359 5500 tem
2380 5444 2890 5519 (unuscustodiens)
2914 5456 3199 5501 autem.....
3234 5445 3439 5518 Moyses
3489 5448 3634 5514 quasi
3686 5447 3862 5519 senior

2261 5519 2488 5588 eligitur.
2544 5517 2696 5572 Unde
2726 5520 2813 5572 vix
2848 5517 3012 5572 nilum
3047 5517 3346 5586 legitimum
3407 5534 3624 5572 sensum
3653 5517 3856 5573 elicias.

2262 5588 2454 5662 Melius
2482 5605 2612 5662 ergo
2645 5589 2776 5660 Reg.
2811 5603 2861 5644 et
2887 5588 3097 5662 Reinig.
3129 5597 3186 5644 nt
3216 5591 3267 5643 in
3299 5599 3468 5645 textu.
3493 5589 3652 5662 Quod,
3677 5601 3858 5643 autem

2262 5661 2484 5723 dicitur,
2515 5661 2635 5731 quia
2657 5662 2877 5716 custodit
2906 5679 2996 5727 ea;
3033 5661 3172 5718 idem
3231 5671 3317 5727 est
3363 5678 3425 5726 ac
3453 5663 3496 5715 si
3529 5661 3860 5726 scriberetur

2265 5749 2373 5805 non
2397 5733 2557 5788 aliain
2586 5734 2658 5805 ob
2683 5747 2930 5805 causam,
2957 5734 3052 5790 sed
3092 5743 3315 5805 propter
3342 5733 3446 5791 hoc
3484 5733 3682 5800 solum,
3732 5734 3859 5803 quia

2262 5804 2443 5862 divina
2476 5793 2726 5861 mandata
2748 5793 3004 5862 custodit.
