4070 6462
241 359 380 417 1217

1345 355 1411 415 ΙΝ
1451 352 1779 415 PSALMUM
1818 349 2028 413 CXVIII
2066 356 2449 415 EXPOSITIO.

3399 363 3538 423 1218

243 477 388 531 Deus
422 477 507 543 qui
535 478 697 547 pascit
728 492 805 531 me
825 491 856 528 a
876 475 1138 543 iuventute
1168 489 1280 529 mea
1311 474 1461 546 (Gen.
1497 490 1684 541 vam,
1714 475 1834 546 l5);
1866 478 1916 540 Α
1947 474 2014 530 ad
2053 474 2347 532 discrimen
2377 476 2613 549 :rgroti?
2663 476 2945 535 Constitue
2995 480 3229 552 aliquem
3275 485 3542 554 praeposi—

244 571 551 626 manifestat
591 570 745 625 nobis
772 570 839 625 de
867 584 933 626 eo
955 569 1181 634 dictum,
1199 568 1290 639 qui
1318 568 1696 639 tuleritjugum
1719 584 1839 622 ver-

244 666 298 721 bi
321 667 371 721 in
386 667 668 736 jnventute
686 663 1110 733 sua(TItren.1tt,
1127 663 1197 718 27
1218 673 1265 717 et
1281 662 1397 733 ι23),
1420 672 1474 718 et
1488 663 1752 719 recedens
1770 663 1838 718 ab

244 758 735 815 Esauetsimilibus
760 760 901 830 ejus,
928 759 1065 816 sedit
1085 757 1452 829 singulariter,
1472 758 1526 812 in
1548 773 1608 814 se
1628 766 1840 828 tempus

242 864 585 923 exspectans,
632 870 740 926 quo
787 854 956 927 possit
985 870 1106 909 cum
1137 854 1421 924 disciplina
1449 852 1694 923 proferre
1721 869 1838 909 ser-

242 964 460 1005 monem
484 967 497 1015 ;
533 958 588 1005 et
632 959 920 1020 propterea
948 948 1172 1019 spiritali
1201 947 1534 1003 estdonatus
1554 947 1836 1013 alimento,

241 1046 418 1101 adhuc
436 1046 534 1100 aevi
550 1046 782 1115 integer,
800 1044 895 1099 sed
920 1052 1210 1099 veteranus
1226 1043 1478 1098 consilio.
1492 1041 1678 1111 Neque
1692 1043 1835 1098 enim

241 1142 462 1212 dignum
512 1149 595 1196 est
635 1151 692 1193 ut
721 1138 1003 1194 credamus
1033 1139 1173 1209 quod
1204 1147 1385 1193 tantus
1415 1137 1719 1208 patriarcha
1770 1137 1837 1192 de

243 1235 514 1305 corporali
541 1234 665 1289 cibo
688 1232 883 1288 dixerit
909 1251 921 1287 :
954 1232 1092 1287 Deus
1113 1234 1200 1304 qui
1220 1234 1382 1305 pascit
1406 1250 1482 1289 me
1503 1252 1535 1288 a
1565 1236 1839 1306 juventute

241 1346 354 1383 mea
388 1347 406 1395 ;
449 1328 573 1398 quia
606 1342 705 1383 nec
731 1328 1065 1397 corporalem
1091 1342 1279 1397 panem
1302 1327 1677 1393 desiderabat,
1711 1342 1835 1382 cum

241 1423 448 1479 diceret
480 1439 495 1475 :
527 1422 589 1477 Si
615 1420 864 1477 Dominus
884 1420 1028 1475 Deus
1055 1437 1249 1475 mecum
1279 1434 1371 1485 est,
1400 1430 1454 1474 ut
1483 1423 1687 1476 det.....
1710 1421 1838 1475 mihi

240 1536 425 1591 panem
481 1518 814 1584 manducare,
864 1527 912 1573 et
956 1528 1141 1572 uestem
1178 1516 1445 1572 indui.....
1473 1517 1701 1571 omnium
1722 1532 1837 1587 qua:

241 1614 336 1666 dus
383 1610 529 1673 mihi,
583 1610 831 1665 decimam
859 1610 1124 1665 decimabo
1148 1610 1239 1663 tibi
1264 1607 1421 1679 (Gen.
1450 1625 1637 1675 xxvttt,
1671 1609 1742 1665 20
1765 1640 1837 1650 —

238 1708 354 1775 29.).
380 1706 508 1761 Nam
540 1706 585 1760 si
616 1715 796 1776 patres
824 1704 994 1761 nostri
1021 1704 1319 1774 spiritalem
1344 1720 1526 1760 escam
1547 1704 1838 1760 manduca-

240 1810 453 1864 veruut,
484 1808 540 1854 et
563 1798 863 1869 spiritalem
894 1809 1077 1869 potum
1110 1798 1397 1861 biberunt;
1426 1805 1628 1867 quanto
1663 1797 1835 1867 magis

238 1904 458 1950 sanctus
478 1892 646 1949 Jacob
682 1893 805 1948 cibo
840 1901 1024 1961 pastus
1046 1899 1130 1946 est
1161 1890 1391 1959 spiritali
1423 1892 1436 1945 l

308 1992 398 2047 20.
442 1991 538 2046 Ille
588 2005 801 2061 quoque
836 1988 1147 2043 intellectus
1170 1987 1274 2043 hoc
1297 1988 1417 2043 loco
1443 1988 1703 2059 suppetit,
1736 2004 1838 2045 nec

238 2085 449 2139 alienus
471 2099 499 2136 a
515 2098 642 2137 vero
665 2092 777 2146 est;
802 2081 925 2151 quia
942 2080 1193 2148 juvenior
1218 2079 1309 2136 ille
1336 2096 1403 2135 ex
1421 2081 1840 2152 congregatione

237 2177 478 2248 gentium
512 2175 759 2245 populus,
782 2179 874 2245 qui
904 2184 1195 2240 antequam
1242 2174 1292 2227 in
1315 2171 1536 2228 Christo
1568 2174 1833 2241 crederet,

238 2279 487 2327 tortuosa
516 2267 734 2323 errabat
762 2266 1039 2334 anfractu;
1074 2267 1127 2321 in
1156 2281 1224 2322 eo
1253 2266 1479 2337 corrigit
1514 2265 1655 2321 viam
1686 2281 1836 2322 suam

237 2367 362 2436 quia
391 2364 482 2419 Dei
513 2362 675 2419 verba
701 2362 1014 2428 custodivit,
1037 2378 1157 2434 qua:
1181 2361 1352 2416 noluit
1373 2361 1648 2417 custodire
1670 2377 1841 2433 popu-

240 2463 321 2518 1ιις
342 2459 689 2521 Iudaeorum;
721 2466 779 2513 et
805 2457 925 2513 ideo
955 2458 1049 2513 ille
1074 2457 1217 2511 viam
1245 2457 1435 2512 salutis
1460 2456 1707 2513 invenire
1729 2473 1839 2513 non

239 2556 435 2627 potuit.
465 2552 885 2609 Consideremus
914 2560 968 2607 et
995 2559 1310 2622 sequentem
1338 2565 1577 2605 versum.

310 2650 400 2701 2|.
436 2645 618 2719 (Vers.
651 2643 764 2715 10.)
806 2642 872 2697 In
893 2653 995 2698 toto
1025 2643 1180 2697 corde
1222 2659 1334 2697 meo
1362 2643 1610 2713 exquisivi
1649 2652 1728 2707 te;
1778 2659 1842 2697 ne

240 2739 460 2811 repellas
512 2754 591 2792 me
616 2755 644 2790 a
671 2737 929 2791 mandatis
959 2736 1079 2790 tuis.
1126 2736 1183 2792 Si
1216 2737 1361 2792 Deus
1408 2736 1627 2805 repellit
1651 2752 1841 2792 unum-

242 2849 537 2905 quemque,
586 2847 745 2902 quem
797 2830 1168 2901 repellendum
1222 2840 1408 2897 putat,
1451 2830 1731 2885 videamus
1773 2845 1842 2885 ne

243 2925 652 2984 excusationem
676 2926 723 2977 ei
751 2922 967 2987 tribuat,
1015 2923 1106 2992 qui
1135 2938 1259 2977 cum
1282 2924 1432 2992 sequi
1463 2924 1632 2978 Deum
1657 2922 1839 2984 vellet,

242 3019 497 3088 repulsus
524 3017 616 3071 sit.
648 3015 717 3071 Et
744 3016 973 3086 primum
1013 3015 1468 3086 quemadmodum
1500 3016 1675 3070 honus
1701 3017 1842 3072 Deus

240 3112 818 3183 repellitsequentem,
853 3108 954 3164 nisi
980 3109 1097 3178 ipse
1142 3119 1417 3164 mereatur
1446 3110 1670 3179 repelli?
1692 3110 1843 3165 Sicut

239 3207 357 3276 ipse
388 3204 649 3259 Dominus
693 3204 769 3257 ait
808 3220 823 3255 :
866 3200 1057 3271 Vulpes
1074 3206 1247 3273 faueas
1274 3200 1457 3255 habent
1484 3201 1698 3268 (Matth.
1726 3218 1837 3265 vtu,

1944 575 2051 621 tum
2081 568 2472 625 aedificantibus
2495 611 2510 635 ,
2544 572 2628 626 vel
2653 572 2813 627 etiam
2846 574 3153 630 texentibus
3174 616 3190 642 ,
3223 575 3316 647 qui
3341 575 3539 632 debeat

1939 673 2205 716 summam
2235 665 2419 731 operis
2448 666 2759 737 explicare;
2791 677 2972 724 utrum
3003 669 3048 725 is
3079 669 3174 725 tibi
3202 671 3535 740 probabiliur

1939 752 2170 818 videtur,
2198 755 2243 810 si
2278 755 2329 809 in
2358 755 2411 811 id
2441 757 2725 828 diligenter
2752 760 2990 829 insistat,
3018 777 3081 817 ac
3108 763 3153 817 si
3184 778 3345 834 quem
3395 762 3538 820 forte

1939 848 2267 904 incuriosum
2298 849 2596 907 adverterit
2624 853 2691 908 de
2723 854 2793 908 iis
2816 854 2906 925 qui
2954 864 3251 926 operantur
3282 855 3337 911 in
3370 856 3538 914 domo

1938 942 2119 1013 aliqua
2147 944 2507 999 construenda
2533 986 2549 1011 ,
2600 946 2827 1015 repellat
2870 962 2991 1003 eum
3015 990 3029 1015 ,
3064 950 3259 1005 melius
3303 951 3538 1008 credens

1940 1051 2045 1091 non
2073 1036 2345 1092 aedificare
2371 1080 2385 1103 ,
2416 1054 2576 1108 quam
2608 1037 2884 1096 hiantibus
2913 1040 3070 1095 rimis
3122 1041 3387 1099 aedificata
3419 1043 3536 1099 dis-

1938 1130 2074 1184 solvi
2102 1145 2117 1193 ;
2166 1142 2327 1199 atque
2356 1130 2593 1201 aliquem
2625 1131 2679 1186 in
2710 1132 2829 1201 ejus
2858 1133 3156 1190 substituat
3198 1136 3375 1193 locum
3400 1179 3413 1201 ,
3446 1138 3541 1209 qui

1939 1237 2061 1277 cum
2085 1221 2367 1291 diligentia
2386 1221 2654 1277 aedificet?
2681 1222 2946 1279 Similiter
2975 1226 3137 1281 etiam
3160 1229 3378 1283 textrini
3403 1244 3538 1301 pra:-

1942 1317 2178 1387 positum
2211 1318 2548 1387 repulsorem
2580 1318 2973 1388 negligentiam
3001 1362 3018 1387 ,
3046 1329 3106 1375 ut
3135 1323 3426 1380 substituat
3458 1324 3536 1379 di-

1940 1408 2191 1477 ligentes,
2225 1425 2293 1465 ne
2322 1411 2475 1482 longa
2510 1414 2801 1467 textrinum
2822 1415 3399 1485 corrumpatineuria;
3430 1434 3540 1474 non

1940 1506 2111 1575 magis
2135 1504 2414 1576 probabis,
2443 1521 2603 1577 quam
2637 1508 2784 1562 illum
2806 1509 2896 1580 qui
2926 1508 3146 1565 desides
3177 1510 3230 1565 in
3251 1525 3345 1565 sua
3370 1514 3542 1585 negli-

1939 1598 2118 1668 gentia
2151 1614 2499 1666 perseverare
2530 1601 2807 1671 patiatur?

2011 1696 2102 1749 ‘25.
2137 1695 2329 1750 Transi
2358 1714 2501 1753 nunc
2529 1698 2594 1752 ad
2618 1713 2712 1753 eos
2736 1699 2827 1770 qui
2861 1700 3111 1755 mandata
3144 1702 3420 1757 tediticant
3445 1742 3460 1767 ,
3485 1710 3541 1758 et

1940 1793 2113 1860 legem
2166 1792 2437 1857 intexunt,
2475 1802 2530 1848 et
2559 1794 2796 1848 animam
2830 1796 3261 1867 uniuscujusque
3311 1812 3538 1867 recepe-

1864 1887 1915 1947 B
1941 1895 2065 1941 runt
2092 1887 2409 1941 sanandam.
2440 1887 2635 1943 Nonne
2685 1888 2730 1943 si
2779 1889 2899 1959 quis
2945 1905 3135 1946 eorum
3164 1891 3398 1948 :cdiﬁcet
3441 1892 3541 1947 do—

1943 1994 2089 2033 tnum
2121 1980 2217 2034 Dei
2248 1995 2370 2036 cum
2397 1981 2606 2050 justitia
2641 2024 2654 2047 ,
2688 1991 2836 2037 texat
2859 1982 3237 2041 indumentum
3268 2001 3389 2041 cum
3418 1984 3543 2041 dili-

1942 2071 2142 2143 gentia,
2179 2079 2334 2127 sanet
2364 2074 2597 2128 animam
2625 2090 2746 2129 cum
2774 2077 2971 2145 gratia,
2991 2092 3129 2148 opus
3157 2078 3357 2133 bonum
3388 2078 3542 2133 facit?

1942 2166 1987 2220 si
2016 2181 2148 2221 vero
2176 2166 2484 2222 incuriosus
2512 2184 2576 2223 ac
2607 2172 2869 2225 remissus
2895 2170 3120 2243 aliquis,
3152 2171 3321 2240 fabri,
3357 2182 3539 2229 teno-

1943 2258 2038 2322 ris,
2057 2258 2251 2315 medici
2275 2260 2538 2328 spiritalis
2562 2262 2737 2317 locum
2760 2273 3011 2332 occupet,
3032 2273 3090 2317 ut
3115 2263 3372 2321 sacerdos
3395 2280 3543 2321 sum-

1942 2368 2083 2431 mus,
2117 2362 2174 2407 ut
2196 2353 2501 2424 presbyter,
2534 2350 2862 2413 titminister
2902 2356 3091 2412 altaris
3122 2358 3301 2424 sacri;
3353 2374 3536 2416 nonne

1942 2448 2281 2504 conunodins
2306 2458 2387 2504 cst
2418 2465 2524 2504 non
2559 2450 2741 2506 subire
2801 2466 3238 2524 unumquemque
3265 2452 3319 2509 id
3349 2469 3542 2511 mune-

1944 2545 2045 2611 ris,
2073 2546 2218 2616 quod
2247 2545 2475 2614 implere
2500 2561 2607 2601 non
2632 2557 2819 2616 queat.
2865 2563 3027 2619 quam
3056 2548 3378 2604 subeuntem
3404 2589 3419 2615 ,
3446 2563 3542 2605 ne-

1943 2655 2048 2709 que
2076 2639 2251 2709 ipsum
2284 2652 2507 2696 strenue
2528 2650 2786 2712 suscepto
2808 2641 2957 2713 fungi
2994 2659 3242 2709 munere,
3274 2653 3327 2700 et
3356 2644 3540 2713 eripe-

1945 2748 2006 2788 re
2034 2734 2211 2788 locum
2236 2734 2417 2801 alteri,
2445 2736 2537 2804 qui
2564 2736 2774 2790 naviter
2796 2750 2920 2789 eum
2953 2736 3124 2805 possit
3155 2738 3294 2790 tueri
3317 2737 3339 2788 ἶ)
3362 2735 3537 2804 Quid!

1946 2825 2091 2894 quod
2117 2827 2281 2880 etiam
2308 2826 2408 2894 ipsi
2436 2827 2761 2894 consulitur,
2790 2828 2881 2898 qui
2901 2828 3181 2884 remissior
3203 2842 3324 2885 cum
3346 2829 3436 2896 sit,
3456 2844 3543 2886 re-

1946 2917 2203 2986 pellitur,
2238 2932 2305 2973 ne
2339 2919 2455 2986 plus
2486 2918 2805 2975 oll‘ensionis
2830 2920 3138 2977 contrahat.

2016 3009 2108 3062 24.
2125 3009 2263 3077 Quid
2283 3012 2353 3065 sit
2380 3019 2557 3066 autem
2575 3013 2763 3081 repelli
2791 3012 3222 3079 consideremus;
3246 3016 3442 3072 lectum
3458 3025 3544 3074 est

1946 3104 2091 3158 enim
2113 3123 2125 3158 :
2148 3106 2563 3162 Sicutvulnerati
2576 3108 2904 3173 dormientes,
2933 3111 3149 3181 proiecti
3173 3111 3224 3164 in
3241 3128 3543 3167 monumen-

1944 3199 2028 3262 tis,
2048 3215 2267 3269 quorum
2281 3217 2383 3255 non
2398 3201 2674 3256 meministi
2687 3203 2909 3271 amplius
2928 3220 2946 3268 ;
2962 3214 3007 3257 et
3035 3204 3236 3274 quidem
3250 3202 3352 3273 ipsi
3365 3206 3428 3257 de
3439 3221 3543 3259 nta-

238 3298 367 3370 28);
400 3306 454 3352 ct
488 3295 610 3351 ideo
635 3295 786 3365 quasi
832 3294 1047 3364 vulpem
1100 3294 1337 3363 repellit.
1381 3294 1452 3348 Et
1500 3294 1628 3349 alibi
1661 3311 1675 3349 ε
1704 3294 1838 3362 Quia
1868 3311 1914 3375 ρ
1946 3308 2014 3346 nu
2029 3302 2118 3347 tua
2143 3296 2337 3366 repulsi
2359 3304 2479 3349 sunt
2503 3294 2674 3367 (Psal.
2696 3312 2939 3363 LXXXVII,
2962 3298 3040 3369 5).
3060 3297 3421 3354 Advertamus
3450 3299 3545 3372 igio

239 3395 377 3449 omni
402 3382 839 3447 [tabenti'dabitur
858 3406 877 3454 ;
904 3389 951 3443 ei
983 3399 1156 3442 autem
1181 3390 1267 3459 qui
1297 3404 1397 3442 non
1435 3390 1601 3450 habet,
1637 3388 1841 3457 etquod

238 3487 438 3541 videtur
468 3486 671 3550 habere,
701 3486 964 3555 auferetur
994 3483 1057 3536 ab
1086 3499 1143 3537 eo
1176 3481 1392 3553 (Matth.
1438 3498 1565 3549 xxv,
1595 3482 1708 3552 29).
1742 3480 1839 3537 Cui

239 3581 409 3645 addit,
464 3579 567 3635 nisi
598 3578 646 3632 ei
674 3578 765 3649 qui
822 3587 934 3632 toto
965 3576 1129 3631 corde
1154 3577 1389 3647 exquirit
1418 3591 1576 3642 eum;
1607 3586 1665 3630 ut
1693 3576 1838 3645 quod

239 3674 394 3730 deest
425 3686 657 3739 naturae,
689 3672 741 3726 id
770 3672 861 3726 Dei
893 3671 1209 3742 operatione
1238 3670 1480 3742 acquirat
1520 3678 1576 3724 et
1618 3669 1785 3738 gratia
1815 3671 1838 3723 ?

238 3769 390 3827 Sicut
424 3769 701 3835 Salomon,
760 3768 850 3840 qui
877 3784 943 3823 ex
984 3777 1097 3823 toto
1122 3766 1286 3823 corde
1320 3767 1612 3837 exquirens
1644 3766 1836 3833 Deum,

238 3866 563 3937 sapientiam
593 3866 761 3937 989
793 3864 1086 3933 postulavit
1116 3883 1128 3920 :
1160 3863 1363 3932 etquia
1404 3877 1509 3917 non
1559 3877 1694 3933 opes
1734 3860 1839 3916 sibi

239 3961 434 4031 regias,
460 3958 553 4016 scd
577 3958 773 4013 dixitne
802 3958 1200 4029 munusgratiae
1227 3956 1566 4026 depoposcit,
1591 3956 1841 4025 accipere

238 4055 432 4110 meruit
459 4053 739 4123 sapientim
792 4052 1132 4122 disciplinam
1167 4051 1447 4121 :repletus
1499 4060 1582 4105 est
1628 4048 1839 4103 Domini

240 4147 463 4218 Spiritu,
513 4155 572 4201 ut
620 4154 971 4216 cognosceret
1000 4144 1247 4199 mandata
1274 4142 1451 4198 omnia
1485 4142 1575 4213 (lll
1608 4141 1739 4213 Reg.
1774 4140 1833 4194 11

237 4250 286 4296 et
314 4241 421 4311 μὲ).
449 4240 553 4307 Qui
578 4249 756 4294 autem
785 4254 891 4293 non
943 4238 1126 4302 habet,
1156 4247 1213 4289 nt
1240 4237 1294 4290 in
1322 4236 1488 4291 corde
1530 4250 1628 4288 suo
1655 4232 1841 4302 exqui-

238 4343 321 4390 rat
345 4332 631 4386 Dominum
652 4372 669 4398 ,
700 4340 755 4385 et
787 4330 917 4385 facit
941 4328 1160 4399 quidem
1200 4342 1336 4398 opus
1376 4327 1471 4382 Dei
1493 4369 1507 4393 ,
1538 4326 1633 4381 sed
1673 4324 1841 4395 negli—

236 4439 430 4501 genter
459 4426 615 4491 facit,
636 4424 926 4481 maledicto
952 4424 1227 4494 subjectus
1261 4433 1367 4490 est,
1400 4425 1536 4480 sicut
1569 4422 1797 4494 legimus
1823 4439 1835 4476 :

239 4523 374 4591 Quin
406 4521 712 4575 malediclus
742 4519 906 4573 omnis
956 4519 1045 4590 qui
1065 4536 1193 4592 opus
1220 4516 1318 4572 Dei
1356 4516 1485 4588 facit
1524 4518 1839 4591 negligenter

237 4616 450 4690 (Jerem.
481 4630 669 4679 vant,
695 4613 807 4684 10).
838 4611 1031 4668 Merito
1057 4626 1188 4683 ergo
1214 4610 1527 4681 repellitur,
1570 4609 1693 4681 quia
1725 4626 1839 4665 ma-

1948 3396 2033 3441 tur
2062 3402 2201 3457 quos
2218 3388 2532 3444 vulneratos
2561 3398 2615 3444 ct
2645 3390 2918 3460 projectos
2950 3391 3002 3445 in
3036 3392 3404 3448 monumentis
3444 3408 3537 3449 re-

1943 3480 2117 3550 pellit,
2147 3498 2376 3551 quorum
2408 3497 2514 3537 non
2543 3484 2854 3540 meminerit
2883 3487 3138 3557 amplius.
3172 3487 3263 3542 Isti
3295 3496 3421 3542 sunt
3448 3488 3540 3559 qui

1941 3591 1970 3630 a
2013 3577 2282 3633 mandatis
2338 3580 2428 3634 Dei
2488 3582 2845 3650 repelluntur.
2895 3581 3163 3638 Peccatori
3205 3593 3372 3638 autem
3410 3583 3544 3639 dixit

1941 3670 2120 3727 Deus:
2148 3673 2321 3739 Quare
2376 3683 2432 3727 tu
2480 3692 2693 3730 enarras
2727 3677 2964 3749 justitias
3014 3694 3151 3732 meas
3177 3676 3490 3749 (Psal.xux
3525 3720 3539 3745 ,

1945 3763 2066 3837 ‘16)?
2098 3765 2167 3820 Et
2193 3767 2317 3838 quia
2369 3783 2399 3822 a
2430 3769 2700 3825 mandatis
2730 3770 2821 3824 Dei
2855 3770 3193 3840 repelluntur
3219 3814 3233 3837 ,
3264 3772 3539 3843 repellun.

1944 3868 2032 3915 tur
2062 3861 2244 3931 utique
2290 3862 2357 3916 de
2388 3877 2547 3918 manu
2580 3862 2696 3917 Dei.
2732 3863 2800 3917 Et
2830 3863 2966 3919 bene
2997 3864 3297 3933 prospexit,
3330 3880 3397 3921 ne
3418 3865 3540 3935 quis

1942 3950 2011 4007 de
2038 3968 2199 4008 manu
2234 3954 2326 4009 Dei
2348 3954 2593 4010 videatur
2620 3955 2754 4025 eripi
2777 3972 2791 4020 ;
2813 3956 2941 4027 quia
2962 3972 3123 4012 nemo
3150 3966 3327 4024 potest
3347 3974 3541 4030 quem-

1942 4062 2103 4118 quam
2130 4062 2321 4117 rapere
2349 4048 2418 4105 de
2442 4064 2606 4104 manu
2634 4050 2746 4105 Dei.
2773 4050 2879 4119 Qui
2905 4066 3036 4122 ergo
3066 4053 3310 4122 privatur
3353 4070 3542 4112 mune-

1944 4143 2019 4196 ris
2048 4144 2283 4210 suscepti
2317 4142 2499 4198 ol‘ftcio
2529 4144 2613 4197 vel
2644 4144 2839 4213 gratia,
2874 4161 2978 4199 non
3011 4146 3237 4215 rapitur,
3272 4147 3368 4202 sed
3414 4147 3543 4217 reji-

1945 4235 2112 4299 citur;
2140 4245 2196 4289 ut
2230 4234 2366 4291 dixit
2398 4236 2658 4291 Dominus
2697 4236 2856 4292 Jesus
2887 4238 2955 4292 ad
2986 4238 3361 4294 Hierusalem:
3398 4238 3541 4306 Qua-

1944 4329 2037 4383 ties
2060 4329 2196 4383 volui
2226 4345 2533 4403 congregare
2558 4331 2699 4397 ﬁlios
2729 4340 2962 4387 tuos.....
2992 4333 3159 4405 990
3180 4343 3229 4388 et
3274 4333 3488 4388 noluisti
3519 4334 3538 4387 .'

1943 4422 2078 4480 Ecce
2132 4426 2447 4496 relinquetur
2489 4424 2626 4480 vobis
2646 4427 2829 4481 damus
2872 4437 3039 4481 vestra
3080 4427 3281 4481 deserta
3310 4426 3538 4501 (Matth.

1944 4536 2103 4585 χχιιι,
2134 4521 2201 4575 57
2228 4529 2276 4575 et
2300 4519 2417 4589 58).
2450 4519 2687 4575 Abstulit
2706 4519 2816 4575 illis
2841 4519 3350 4587 sanctificationem,
3373 4520 3545 4578 altare

1943 4613 2337 4686 thymiamatis,
2362 4622 2418 4669 et
2446 4612 2712 4669 orationis
2744 4614 3041 4669 sacrarium
3062 4656 3075 4680 ,
3108 4614 3539 4686 propitiatorium

235 4710 435 4765 ledicto
454 4710 652 4779 dignus
678 4720 783 4773 eSt,
809 4706 936 4777 quia
969 4705 1158 4777 polluit
1192 4704 1357 4775 magis
1374 4712 1430 4759 et
1455 4703 1682 4775 impedit
1701 4718 1839 4775 opus
1867 4715 1915 4778 ι)
1941 4709 2112 4764 altare
2130 4706 2547 4773 sacriﬁciorum,
2564 4708 2907 4764 sacerdotum
2931 4720 2986 4764 et
3015 4708 3302 4765 levitarum
3350 4708 3541 4765 minis-

236 4802 378 4874 quod
395 4803 730 4873 negligenter
758 4801 1023 4871 putaverit
1043 4798 1466 4869 exsequendum.

307 4897 397 4951 εξ.
425 4896 846 4952 Consideremus
866 4910 996 4966 ergo
1026 4904 1208 4949 utrum
1233 4893 1446 4949 bonitas
1462 4894 1534 4948 sit
1554 4894 1745 4964 repelli
1772 4894 1839 4950 ab

236 5008 403 5064 opere
450 4992 852 5063 negligentem:
886 5006 953 5046 an
1008 5005 1141 5046 vero
1170 4989 1415 5045 retineri.
1444 4989 1514 5044 Et
1540 4990 1832 5061 imaginem

232 5087 316 5143 rei
350 5085 507 5153 hujus
555 5100 619 5140 ex
650 5084 770 5139 aliis
800 5099 1075 5139 sumamus
1125 5082 1355 5138 artibus.
1397 5080 1565 5138 Curat
1591 5081 1833 5137 medicus

235 5188 523 5252 aegrotum,
548 5186 574 5214 ει
605 5177 700 5233 sed
734 5178 1068 5251 negligenter
1095 5196 1107 5232 :
1135 5187 1189 5234 et
1214 5177 1423 5233 desidia
1457 5177 1649 5233 medici
1680 5178 1829 5232 virus

233 5274 344 5329 alta
375 5272 620 5328 vulneris
658 5273 849 5341 serpit.
881 5273 1097 5339 Quanto
1126 5272 1291 5343 igitur
1336 5273 1533 5328 melius
1561 5271 1831 5327 removeri

233 5366 546 5435 hujusmudi
578 5366 848 5423 medicum
905 5366 994 5436 qui
1046 5374 1258 5436 tempus
1282 5366 1443 5430 terit,
1468 5380 1591 5420 cum
1617 5364 1829 5433 profec-

238 5476 351 5522 tum
384 5463 588 5519 nullum
632 5463 833 5519 sentiat
885 5461 1237 5530 vulneratus;
1268 5471 1322 5518 ut
1345 5461 1571 5518 curandi
1594 5450 1830 5517 officium

1948 4803 2081 4858 teria
2108 4819 2121 4865 ;
2156 4811 2210 4856 et
2233 4812 2413 4857 tamen
2436 4816 2560 4857 cum
2584 4800 2704 4857 haec
2729 4801 2944 4856 sublata
2974 4810 3159 4857 essent
3186 4802 3390 4867 omnia,
3420 4816 3542 4873 qua:

1943 4895 2239 4952 secundum
2269 4895 2430 4967 Legis
2471 4894 2723 4951 mandata
2748 4895 3040 4963 habebant,
3071 4896 3151 4950 ait
3198 4894 3492 4966 Apostolus
3523 4912 3537 4950 :

1948 4988 2215 5062 Numquid
2242 4990 2429 5063 repulit
2452 4988 2592 5045 Deus
2617 4989 2969 5045 hwt'editatem
2988 5004 3252 5043 suam.....
3283 4986 3337 5043 Ν
3342 5005 3431 5054 an,
3450 4987 3538 5045 in-

1939 5085 2079 5156 quit,
2114 5085 2402 5159 repulit....
2440 5084 2530 5140 sed
2560 5083 2815 5138 conclusit
2853 5082 3027 5137 ontnia
3048 5083 3102 5137 in
3142 5081 3502 5138 incredulitate
3528 5125 3542 5153 ,

1940 5187 1993 5232 ut
2024 5179 2251 5233 omnium
2279 5178 2581 5233 misereatur
2603 5176 2781 5248 (Rom.
2804 5192 2879 5240 xt,
2913 5177 2967 5243 l,
2999 5176 3035 5230 2
3062 5185 3111 5230 et
3139 5174 3255 5246 32).

2009 5270 2101 5326 25.
2143 5271 2283 5327 Sunt
2310 5285 2441 5341 ergo
2470 5268 2562 5341 qui
2606 5268 2673 5323 ad
2717 5278 2933 5340 tempus
2963 5284 2994 5324 a
3017 5266 3289 5324 mandatis
3314 5277 3541 5337 propter

1936 5362 2366 5420 misericordiam
2411 5360 2787 5431 repelluntur;
2819 5359 2961 5415 sicut
3004 5368 3061 5416 et
3087 5359 3198 5414 illis
3232 5359 3540 5416 consulitur

1934 5459 2026 5531 qui
2056 5464 2370 5513 vomuntur.
2396 5454 2527 5509 Nam
2560 5452 3020 5525 quemadmodum
3053 5466 3284 5508 manens
3314 5451 3367 5507 in
3409 5469 3537 5509 cor-

236 5558 303 5616 ad
336 5574 456 5614 eum
506 5556 771 5611 medicum
803 5553 1159 5610 transferatur
1180 5595 1194 5621 ,
1225 5556 1317 5626 qui
1368 5556 1632 5610 maturius
1663 5554 1833 5624 possit
1931 5566 2066 5624 pore
2092 5552 2236 5622 qund
2268 5549 2595 5605 Vomendum
2627 5556 2734 5611 est,
2768 5546 2887 5615 plus
2930 5545 3174 5602 acescit:
3206 5546 3275 5599 ita
3306 5547 3396 5616 qui
3425 5546 3521 5602 de-

232 5659 448 5725 a'groto
481 5665 578 5704 sua
609 5648 890 5718 diligentia
919 5647 1213 5704 subvenire
1242 5648 1256 5701 l
1286 5647 1473 5703 Nonne
1502 5646 1830 5703 clementior

232 5743 435 5815 estqui
465 5741 686 5813 repellit
712 5742 844 5798 nihil
871 5742 1271 5812 proficientem,
1305 5757 1465 5814 quam
1506 5742 1596 5814 qui
1625 5740 1820 5797 retinet

1935 5646 2028 5703 bet
2051 5644 2286 5710 excludi,
2316 5645 2360 5700 si
2418 5643 2756 5706 retineatur,
2809 5654 2908 5695 nec
2953 5654 3014 5695 se
3063 5638 3323 5709 corrigat,
3354 5648 3527 5694 totum

1918 5754 2131 5810 corpus
2159 5738 2443 5795 exulcerat
2471 5777 2482 5791 .
2519 5736 2817 5806 Meritoque
2840 5732 3051 5804 Angelo
3090 5730 3372 5787 Laodiceae
3405 5730 3538 5788 dicit

226 5976 231 5987 ι
302 5929 328 5957 α
357 5916 477 5975 Non
510 5918 665 5988 pauci
696 5930 852 5985 mss.,
887 5916 976 5976 sed
1020 5914 1328 5987 negligentia
1353 5923 1398 5970 et
1422 5914 1617 5969 desidia
1655 5910 1837 5968 medici
1866 5910 2005 5967 virus
2027 5909 2254 5966 vulneris
2279 5910 2455 5981 serpit.
