4124 6346
550 305 686 372 1219

546 433 702 489 testis
728 430 907 487 ﬁdelis
935 435 991 485 et
1020 439 1186 485 verus
1213 443 1227 479 :
1262 424 1386 482 Scio
1415 438 1576 494 apera
1597 430 1704 489 tua,
1730 420 1855 492 quia
1877 436 2041 489 neque
2053 421 2152 492 fri—
2175 417 2230 480 Δ

543 527 697 600 gidtts
713 543 789 593 es,
814 540 973 596 neque
999 522 1197 579 calidus
1223 537 1238 588 ;
1263 520 1458 574 utinam
1481 516 1702 589 [rigidus
1724 531 1878 581 esses,
1909 516 1986 570 vel
2013 514 2145 569 cali-

546 623 682 678 dus:
722 619 812 676 sed
833 620 955 690 quia
985 617 1190 689 tepidus
1214 631 1266 670 es
1295 655 1310 681 ,
1341 613 1588 684 incipiam
1615 620 1663 667 te
1694 627 1921 667 evomere
1965 626 2029 666 ea:
2060 626 2149 664 ore

548 732 658 770 meo
685 714 875 785 (Apoc.
904 728 981 779 nt,
1021 713 1087 769 15
1137 719 1184 766 et
1217 705 1331 780 16).
1363 710 1565 777 Aperte
1603 705 1988 778 negligentiam
2017 718 2145 774 gra-

549 809 683 866 viori
708 809 929 865 damnat
955 806 1182 876 judicio,
1206 819 1369 875 quam
1421 803 1861 873 imprudentiam.
1893 797 2146 870 Frigidus

550 910 636 958 est
656 901 800 957 enim
823 901 913 972 qui
939 899 1096 955 (idem
1120 897 1324 954 nescit:
1371 895 1580 952 calidus
1597 896 1688 967 qui
1713 895 1948 965 Spiritus
1971 890 2149 948 sancti

547 995 770 1053 fervore
793 1009 1093 1052 succensus
1142 1001 1247 1049 est.
1305 992 1406 1061 Qui
1451 1005 1584 1063 ergo
1614 990 1852 1046 calorem
1881 988 2005 1043 iidci
2039 1003 2148 1043 non

545 1089 736 1156 habet,
768 1087 1106 1145 tolerabilius
1131 1086 1209 1142 illi
1239 1086 1415 1141 fuerat
1456 1084 1620 1141 (idem
1672 1099 1779 1138 non
1820 1080 2105 1149 accepisse
2130 1121 2148 1147 ,

543 1198 706 1254 quam
734 1181 1061 1252 neglexisse.
1089 1179 1186 1235 Est
1222 1178 1366 1234 enim
1401 1177 1617 1248 tepidus
1637 1173 2059 1248 “pejoririgido,
2084 1181 2140 1228 ut

554 1275 778 1331 Judazus
800 1274 890 1344 qui
915 1271 1244 1330 sibividetur
1257 1271 1417 1328 [idem
1439 1270 1640 1326 habere
1660 1283 1819 1341 quam
1834 1282 1940 1324 non
1964 1265 2147 1322 habet.

542 1366 760 1435 Quanto
802 1363 1230 1421 tolerabiliorem
1272 1377 1492 1419 causam
1540 1359 1762 1433 gentilis
1810 1358 2016 1424 habet,
2059 1357 2152 1429 qui

549 1469 733 1530 potest
757 1458 968 1514 dicere:
994 1457 1114 1513 Non
1137 1457 1364 1528 cognovi
1394 1456 1594 1527 Legem
1623 1496 1640 1522 ,
1673 1469 1781 1510 non
1809 1451 1991 1509 audivi
2022 1465 2151 1521 pro-

540 1554 755 1624 phetas,
791 1553 912 1608 ideo
942 1568 1048 1607 non
1073 1551 1277 1608 credidi
1303 1591 1318 1618 ,
1346 1567 1508 1623 quam
1542 1549 1638 1606 ille
1667 1549 1757 1621 qui
1787 1550 1917 1620 legit
1946 1548 2151 1615 omnia,

542 1663 609 1703 ex
639 1647 834 1718 quibus
863 1657 1152 1703 venturum
1192 1646 1382 1704 Jesum
1421 1647 1710 1713 crederet,
1745 1653 1799 1702 et
1826 1661 1932 1700 non
1979 1643 2154 1700 credi-

1891 296 2139 358 SANCTI
2176 297 2508 357 AMBllOSli

3712 297 3851 354 i210

2256 424 2436 488 potest
2467 428 2634 488 regno
2664 413 2961 472 editorum:
2983 412 3078 470 sed
3110 413 3330 486 eloquia
3361 411 3598 477 Domini,
3633 412 3850 484 eloquia

2249 521 2436 578 casta,
2475 519 2759 582 argentum
2788 509 2913 581 igne
2964 507 3376 576 examinatum,
3423 507 3622 578 quibus
3675 506 3852 576 ipsum

2252 621 2482 680 regnum
2505 605 2834 678 acquiritur.
2864 604 3018 660 Hunc
3047 619 3178 675 ergo
3225 605 3542 660 thesaurum
3571 601 3854 673 sapientiae

2249 711 2304 757 et
2348 701 2672 773 cognitionis
2711 699 3088 758 absconditum
3118 700 3174 754 in
3200 713 3354 768 agro,
3386 697 3444 754 in
3471 713 3584 768 quo
3608 697 3851 768 plantata

2249 804 2378 851 sunt
2396 795 2564 852 verba
2586 793 2987 864 Scripturarum
3025 791 3365 857 caelestium;
3414 805 3538 848 cum
3580 789 3858 862 invenerit

2253 892 2420 950 homo
2445 933 2460 962 ,
2494 890 2785 949 abscondit
2811 891 2963 946 illum
2995 890 3048 945 in
3081 888 3253 945 corde
3278 903 3378 944 suo
3402 929 3417 954 ,
3469 901 3573 944 nec
3613 886 3857 958 divulgat

2255 1002 2414 1043 eum:
2447 986 2626 1043 sciens
2657 985 2781 1055 quia
2813 986 2857 1040 si
2891 983 3252 1056 divulgaverit
3282 980 3601 1054 Babyloniis
3630 979 3854 1035 thesau-

2252 1097 2372 1138 rum
2398 1081 2522 1149 Dei,
2552 1095 2800 1153 magnam
2830 1079 3092 1136 offensam
3121 1077 3449 1141 contrahet;
3485 1087 3543 1132 ut
3568 1076 3778 1131 dicatur
3805 1073 3856 1130 ci

2253 1189 2508 1231 sermone
2523 1173 2841 1246 prophetico
2863 1171 2976 1230 :Do
2994 1172 3187 1228 semine
3202 1182 3291 1226 tuo
3308 1169 3579 1243 accipient,
3600 1180 3648 1225 et
3660 1169 3856 1239 facient

2253 1267 2510 1335 spadones
2557 1267 2612 1321 in
2658 1268 2812 1321 domo
2835 1264 3172 1338 regis(Esai.
3212 1265 3414 1330 una,
3473 1261 3551 1334 Ἰ).
3597 1263 3705 1318 Per
3734 1277 3855 1332 qua:

2254 1358 2591 1429 signiﬁcatur
2631 1358 2756 1430 quia
2786 1358 2832 1414 is
2862 1357 2958 1430 qui
2999 1356 3303 1428 prodiderit
3329 1353 3511 1411 divina
3557 1354 3814 1426 mysteria
3838 1396 3855 1421 ,

2254 1451 2631 1521 posteritatem
2656 1451 2855 1506 animae
2881 1466 3018 1519 suae,
3048 1449 3513 1521 seminariumque
3538 1449 3854 1506 meritorum

2255 1543 2459 1602 habere
2483 1561 2586 1600 non
2614 1545 2804 1616 possit.

2329 1660 2420 1716 98.
2458 1660 2601 1716 Cave
2630 1675 2762 1732 ergo
2788 1677 2856 1716 ne
2881 1659 3102 1718 divitias
3134 1670 3254 1716 tuas
3285 1660 3502 1732 perﬁdis
3530 1661 3730 1731 prodas
3756 1678 3769 1714 :
3803 1669 3860 1717 et

541 1739 619 1794 dit
643 1741 656 1794 !
691 1739 896 1796 Neuter
915 1739 1136 1812 quidem
1165 1751 1479 1808 excusatur,
1510 1755 1611 1796 nec
1632 1739 1728 1796 ille
1755 1739 1848 1810 qui
1876 1739 2028 1809 legit,
2053 1753 2155 1794 nec

2258 1753 2304 1808 si
2361 1752 2658 1808 amicitiam
2701 1753 2982 1820 simulent,
3015 1769 3122 1809 non
3169 1754 3279 1809 illis
3323 1755 3542 1824 aperias
3593 1754 3857 1810 interiora

542 1833 635 1889 ille
666 1833 754 1904 qui
782 1833 964 1902 legere
993 1834 1203 1890 noluit:
1234 1833 1329 1889 sed
1357 1833 1477 1904 plus
1498 1833 1788 1903 delinquit,
1820 1832 1913 1903 qui
1934 1830 2154 1902 negavit
2184 1823 2236 1888 Β
2257 1846 2449 1902 domus
2470 1855 2612 1913 tum;
2646 1862 2754 1903 ηοη
2778 1863 2995 1904 maeres
3018 1849 3303 1903 thesauros
3331 1823 3532 1918 régios,
3565 1863 3704 1918 quos
3747 1848 3857 1903 Ba-

541 1927 686 1998 quod
717 1927 946 2000 legerat,
975 1943 1137 1999 quam
1165 1929 1256 1998 qui
1284 1943 1446 1997 opera
1483 1943 1590 1982 non
1621 1927 1768 1993 iecit,
1793 1942 1912 1997 qua:
1945 1925 2152 1980 iacien-

549 2020 618 2078 da
652 2039 761 2078 non
787 2022 1058 2093 cognovit.
1089 2023 1490 2090 Quantaautem
1517 2021 1710 2078 ﬁdeiet
1735 2020 1960 2091 justitiae
1981 2019 2156 2090 gratia

545 2125 651 2182 est,
684 2125 740 2170 ut
773 2116 826 2170 in
857 2130 954 2171 ore
975 2115 1072 2171 Dei
1093 2116 1186 2184 sit,
1218 2115 1310 2186 qui
1335 2114 1497 2170 tidem
1525 2123 1695 2181 tenet,
1723 2124 1778 2169 et
1799 2128 1964 2184 opera
1992 2128 2150 2168 exer-

544 2220 629 2264 cet
657 2208 880 2278 justitias
906 2226 918 2264 :
949 2218 1004 2264 et
1029 2218 1292 2280 quantum
1323 2209 1546 2272 amittit,
1571 2222 1731 2278 quem
1763 2206 2063 2262 evomuerit
2087 2221 2150 2262 ex

543 2321 640 2361 ore
670 2320 769 2361 suo
801 2305 1067 2368 Dominus
1095 2303 1277 2374 Jesus,
1307 2313 1367 2362 et
1387 2321 1454 2360 ex
1485 2305 1597 2360 suis
1629 2302 1930 2359 visceribus
1975 2301 2152 2372 ejece-

543 2399 646 2455 rit!
678 2414 841 2468 quam
869 2400 989 2469 pius
1013 2407 1194 2455 tamen
1213 2441 1227 2466 ,
1258 2400 1352 2468 qui
1375 2408 1431 2456 et
1455 2399 1632 2469 justus
1654 2398 1707 2453 in
1739 2413 1834 2453 ore
1855 2413 1955 2453 suo
1981 2405 2151 2462 tenet,

541 2499 600 2547 et
628 2490 860 2560 iniustos
887 2506 998 2546 non
1021 2500 1148 2547 ante
1168 2507 1268 2547 evo
1279 2492 1396 2559 mit,
1415 2507 1578 2562 quam
1597 2491 1881 2548 denuntiet
1896 2505 2154 2546 evomen-

543 2582 681 2638 dns!
709 2591 767 2636 ut
795 2585 879 2640 vel
914 2583 1225 2654 ltujusmodi
1253 2583 1626 2641 admonitione
1649 2584 1904 2640 conversi
1927 2583 2149 2655 dignum

542 2675 747 2746 aliquid
793 2675 1033 2732 efﬁciant
1057 2717 1075 2744 ,
1103 2693 1212 2748 quo
1238 2693 1345 2734 non
1393 2686 1702 2734 vomantur.
1735 2676 1889 2734 Nunc
1932 2678 2149 2734 tertiqu

542 2769 876 2824 versiculum
900 2770 1336 2826 consideremus.
1427 2780 1434 2786 ’

617 2861 708 2917 26.
741 2861 926 2935 (Vers.
963 2863 1082 2937 11.)
1115 2864 1176 2920 In
1199 2867 1353 2922 corde
1382 2883 1514 2934 tneo,
1548 2867 1742 2940 inquit,
1770 2865 2016 2922 abscondi
2046 2868 2149 2921 elo-

544 2959 667 3025 quia
691 2966 779 3011 tua
805 2998 819 3023 ,
855 2965 909 3012 ut
941 2975 1040 3014 non
1063 2975 1265 3030 peccem
1286 2961 1397 3015 tibi.
1435 2961 1731 3032 Propterea
1780 2976 1910 3032 ergo
1944 2972 2148 3033 myste-

543 3050 681 3106 rium
708 3051 852 3121 regis
881 3051 1083 3107 bonum
1113 3063 1197 3109 est
1225 3053 1562 3110 abscondere
1587 3073 1600 3120 ;
1637 3055 1985 3125 peccatcnim
2012 3055 2146 3120 Deo,

543 3146 635 3216 qui
667 3147 963 3204 Commissa
989 3147 1091 3203 sibi
1126 3159 1337 3205 secreta
1369 3152 1628 3222 mysteria
1681 3152 1954 3222 putaverit
2004 3150 2148 3206 indi-

544 3240 669 3308 guis
699 3254 826 3296 esse
843 3239 1134 3308 vulganda.
1164 3241 1471 3298 Periculum
1501 3245 1682 3314 itaque
1725 3254 1810 3300 est
1839 3259 1945 3302 non
1970 3245 2148 3300 solum
2176 3230 2222 3292 C

544 3331 685 3388 falsa
709 3332 913 3399 dicere,
949 3335 1045 3391 sed
1065 3336 1230 3391 etiam
1258 3353 1384 3393 vera
1411 3379 1425 3403 ,
1453 3340 1497 3393 si
1529 3339 1652 3408 quis
1681 3354 1743 3395 ea
1769 3339 2007 3395 insinuet
2035 3339 2152 3408 qui-

543 3428 647 3483 bus
675 3433 782 3483 non
807 3439 1044 3500 oportet.
1077 3430 1235 3499 Quod
1284 3433 1475 3488 vitium
1523 3433 1982 3506 quadripertitum
2025 3441 2148 3498 est,

547 3522 634 3578 vel
668 3521 995 3578 adulationis
1023 3566 1037 3592 ,
1073 3525 1158 3580 vel
1184 3526 1428 3582 avaritiae
1455 3568 1470 3594 ,
1500 3528 1588 3582 vel
1617 3527 1929 3598 jactantim,
1959 3527 2045 3583 vel
2074 3528 2155 3583 lo-

545 3615 1136 3686 quacitatisincautm;
1169 3621 1296 3689 quia
1323 3620 1450 3675 dum
1498 3621 1708 3677 adulari
1738 3622 1849 3676 vult
1880 3621 2076 3692 aliquis
2102 3621 2152 3676 ei

544 3710 632 3765 cui
666 3711 924 3782 loquitur,
949 3713 1179 3769 cll'undit
1204 3717 1546 3787 mystcriunt.
1571 3715 1827 3774 Nonnulli
1855 3719 2017 3773 etiam
2041 3727 2156 3773 stu-

547 3804 638 3868 dio
667 3804 803 3861 lucri
833 3805 1137 3870 mercedem
1171 3809 1496 3878 proditionis
1519 3818 1857 3880 sequuntur;
1887 3819 1944 3864 ut
1972 3820 2156 3879 tegen-

547 3900 613 3955 da
641 3900 864 3956 silentio
894 3901 1132 3958 vendant
1173 3903 1469 3974 loquendo.
1502 3903 1608 3959 Alii
1641 3946 1655 3970 ,
1689 3913 1746 3959 ut
1796 3903 1947 3974 plura
1993 3918 2156 3960 nosse

545 3993 854 4062 videantur,
885 4003 939 4052 et
962 3997 1250 4052 scientiam
1269 4013 1424 4052 suam
1450 3999 1989 4070 jactitent,aperiunt
2013 3997 2154 4069 quod

551 4087 732 4144 celare
755 4087 1042 4144 deberent.
1077 4089 1330 4161 Plerique
1350 4090 1476 4147 dum
1507 4090 1628 4147 sine
1668 4090 1877 4160 judicio
1921 4091 2154 4162 loquun-

549 4191 637 4238 tur
665 4225 680 4250 ,
707 4184 934 4239 verbum
967 4183 1246 4254 emittunt,
1279 4185 1422 4258 quod
1471 4201 1734 4243 revocare
1755 4202 1861 4242 non
1907 4197 2152 4257 possunt.

552 4275 679 4332 Ideo
713 4277 792 4332 vir
825 4277 1076 4334 laudatur
1106 4280 1285 4334 serius
1311 4321 1327 4345 ,
1356 4289 1410 4334 et
1435 4297 1542 4336 non
1569 4281 1766 4336 otiose.
1814 4281 1947 4334 Erat
1996 4283 2158 4336 homo

555 4371 900 4427 abscondens
933 4388 1216 4430 sermones
1236 4390 1387 4443 suos,
1424 4386 1480 4430 ut
1508 4377 1786 4445 apostolus
1813 4375 2031 4442 Paulus,
2065 4375 2158 4446 qui

556 4466 708 4520 novit
732 4467 860 4536 quid
891 4467 1144 4537 loquatur
1161 4469 1410 4540 singulis,
1437 4479 1492 4525 et
1513 4470 1731 4540 quando
1752 4469 1882 4540 quid
1903 4471 2046 4539 loqui
2065 4469 2159 4524 de-

551 4558 702 4614 beat.
735 4557 890 4616 Unde
921 4569 975 4616 et
1003 4559 1298 4617 Corinthiis
1329 4563 1466 4619 dicit
1494 4581 1506 4616 :
1555 4561 1663 4618 Lac
1689 4563 1827 4617 vobis
1870 4575 2048 4633 potum
2071 4564 2159 4616 de-

2257 1939 2462 2012 hylonii
2484 1943 2628 1997 scire
2656 1958 2762 1997 non
2795 1941 3028 2008 debent;
3053 1958 3122 1998 ne
3149 1941 3377 1998 veniant
3406 1951 3462 1997 et
3482 1943 3700 2012 capiant
3724 1957 3860 2014 pos-

2259 2042 2406 2089 teros
2438 2044 2580 2099 tuos,
2606 2043 2661 2090 et
2704 2036 3056 2091 seminarium
3102 2035 3317 2091 virtutis
3344 2035 3690 2091 abscindant.
3743 2035 3862 2090 lloc

2257 2137 2342 2182 est
2382 2126 2525 2197 quod
2549 2127 2716 2182 etiam
2745 2127 2799 2182 in
2827 2126 3127 2200 Evangelio
3163 2128 3297 2184 dicit
3328 2128 3623 2184 Dominus:
3678 2127 3862 2183 Nolite

2256 2219 2454 2274 mittere
2483 2221 2794 2290 margaritas
2822 2229 3014 2276 uestras
3041 2221 3212 2292 porcis
3239 2220 3462 2291 (Matth.
3491 2236 3582 2285 vn,
3616 2221 3696 2293 6).
3729 2221 3860 2278 Ideo

2256 2309 2396 2367 bene
2417 2311 2652 2382 l'acitqui
2673 2313 3193 2385 absconditeioquia
3222 2314 3500 2370 Dominiin
3531 2314 3697 2370 corde
3728 2329 3855 2382 suo,

2256 2408 2398 2463 sicut
2423 2407 2790 2464 abscondcbat
2820 2409 3080 2479 prepheta
3128 2409 3318 2474 David,
3350 2409 3494 2465 sicut
3517 2409 3704 2474 Maria,
3733 2426 3861 2479 qua:

2257 2503 2616 2558 conservabat
2659 2504 2842 2558 omnia
2882 2503 3047 2560 verba
3073 2503 3289 2558 Domini
3313 2503 3443 2560 Jesu
3474 2503 3528 2558 in
3555 2503 3722 2559 corde
3753 2519 3860 2559 suo

2257 2595 2412 2666 (Luc.
2428 2611 2488 2662 ιι,
2508 2597 2623 2666 51).
2656 2596 2868 2654 Etenim
2891 2599 2936 2652 si
2967 2597 3164 2652 bonum
3185 2607 3270 2653 est
3289 2597 3406 2651 viro
3422 2610 3706 2652 sermones
3725 2611 3861 2652 suos

2255 2691 2613 2758 abscondere,
2646 2701 2851 2764 quanto
2871 2693 3040 2764 magis
3071 2707 3380 2749 sermonem
3407 2692 3499 2747 Dei
3522 2691 3702 2747 cordis
3725 2707 3863 2747 nos-

2257 2785 2322 2839 tri
2345 2784 2554 2855 gremio
2574 2786 2838 2841 debemus
2867 2787 3100 2855 operire,
3130 2785 3393 2842 debemus
3412 2783 3745 2841 abscondere
3771 2785 3784 2838 !

2325 2879 2415 2934 99.
2449 2877 2754 2950 (νωμᾶ.)
2776 2879 2980 2947 Quarto
2995 2893 3160 2934 versu
3174 2877 3302 2934 dicit
3317 2896 3330 2932 :
3345 2876 3650 2933 Benedictus
3663 2875 3862 2944 es,Da-

2254 2972 2424 3027 mine:
2443 2972 2568 3026 doce
2582 2988 2662 3026 me
2665 2973 3070 3046 jnstiﬁcationes
3092 2972 3348 3028 tnas.Non
3371 2971 3517 3028 enim
3534 2972 3860 3040 quicumque

2254 3064 2480 3132 dixerit,
2500 3066 3126 3138 Domine,Domine,ipsc
3142 3067 3362 3122 intrabit
3375 3067 3428 3121 in
3442 3081 3667 3136 regnum
3695 3065 3857 3122 cmlo-

2254 3173 2374 3212 rum
2402 3157 2530 3213 :scd
2550 3159 2990 3228 quivoluntatem
3024 3159 3118 3215 Dei
3150 3159 3358 3215 fecerit.
3380 3158 3860 3228 ldeoistequicor—

2255 3250 2460 3306 rexerit
2487 3253 2630 3306 viam
2655 3266 2807 3306 suam
2839 3267 2866 3305 a
2893 3252 3182 3323 iuventute
3202 3267 3327 3321 sua,
3349 3253 3670 3309 custodierit
3693 3255 3861 3310 verba

2255 3343 2350 3399 Dei
2384 3344 2436 3399 in
2465 3353 2580 3400 toto
2606 3344 2791 3412 corde,
2823 3346 3103 3416 quasierit
3143 3345 3430 3402 Dominum
3463 3347 3634 3402 Deum
3655 3361 3814 3402 suum
3841 3391 3858 3416 ,

2257 3453 2359 3494 nec
2388 3439 2638 3510 repulsus
2667 3439 2740 3494 sit
2781 3454 2812 3493 a
2839 3439 3110 3496 mandatis
3138 3440 3258 3508 Dei,
3291 3450 3346 3496 et
3387 3441 3584 3512 dignus
3633 3439 3856 3496 habitus

2258 3532 2348 3588 cui
2394 3531 2872 3588 committerentur
2907 3547 3102 3588 arcana
3151 3533 3436 3606 sapientiae
3461 3576 3475 3601 ,
3505 3533 3859 3590 absconderit

2255 3640 2318 3681 ca
2349 3627 2403 3681 in
2433 3625 2598 3682 corde
2625 3641 2745 3693 suo,
2778 3641 2845 3682 ne
2875 3637 3124 3698 peccaret
3151 3628 3300 3694 Deo;
3331 3628 3483 3698 quasi
3514 3627 3716 3683 habens
3746 3626 3860 3682 elo—

2256 3720 2383 3791 quia
2408 3720 2521 3786 Dei,
2548 3720 2749 3791 gratias
2777 3721 2907 3791 agit,
2936 3723 3126 3779 dicens
3150 3741 3163 3778 :
3187 3721 3496 3778 Benedictus
3525 3740 3595 3790 es,
3615 3720 3861 3788 Domine;

2259 3822 2313 3869 et
2339 3813 2615 3871 desiderat
2634 3816 2811 3886 ipsum
2833 3815 3112 3872 doctorem
3139 3816 3366 3884 habere,
3384 3816 3610 3887 cupiens
3631 3831 3863 3886 cognos-

2258 3921 2385 3963 cere
2412 3917 2621 3964 secreta
2653 3907 2844 3980 Legio,
2887 3917 2945 3965 et
2973 3908 3430 3981 quemadmodum
3453 3908 3864 3979 interpretatio-

2258 4016 2380 4056 nem
2413 3999 2608 4058 haheat
2634 4019 2646 4054 :
2680 4001 2746 4058 Si
2775 4003 2959 4058 emeris
2988 4019 3200 4073 puerum
3231 4000 3527 4075 Hebrccitttt,
3551 4012 3599 4057 et
3629 4001 3864 4056 servierit

2262 4095 2351 4150 tibi
2377 4097 2528 4152 annis
2557 4111 2648 4151 sea'
2671 4094 2869 4168 (Exod.
2894 4113 3004 4162 ιιι,
3034 4097 3094 4167 2)
3120 4139 3134 4163 ,
3165 4105 3220 4151 et
3244 4096 3474 4166 reliqua,
3499 4095 3694 4165 quibus
3723 4111 3865 4163 pra:-

2261 4191 2486 4245 missum
2517 4199 2604 4246 est
2634 4189 2732 4246 itas
2775 4191 3018 4260 justitias
3045 4191 3258 4247 discere
3289 4232 3304 4257 ,
3356 4205 3491 4262 quas
3519 4191 3772 4261 proponit
3802 4191 3857 4245 in

2261 4295 2559 4356 conspectu
2586 4284 2817 4340 ﬁliorum
2847 4285 3010 4340 Israel
3037 4303 3050 4339 :
3084 4284 3197 4340 lucc
3230 4300 3258 4338 a
3289 4283 3519 4339 Domino
3535 4281 3730 4354 quaerit
3751 4281 3866 4337 dis-

2257 4392 2402 4442 cere,
2432 4391 2555 4448 qua:
2588 4377 2841 4434 homines
2862 4377 3062 4434 docere
3102 4394 3209 4433 non
3240 4386 3529 4446 poterant;
3564 4375 3665 4430 nisi
3717 4374 3867 4430 Deus

2260 4481 2386 4528 ante
2412 4471 2709 4527 docuisset.
2743 4471 2874 4539 Qua:
2902 4481 3254 4541 posteaquam
3277 4485 3308 4525 a
3329 4469 3543 4524 Christo
3560 4467 3870 4523 didicerunt

2263 4565 2520 4636 apostoli,
2555 4565 2794 4620 Ecclesia
2827 4563 2994 4618 dicit:
3018 4562 3318 4618 Introduxit
3343 4577 3424 4616 me
3452 4561 3566 4617 Rea
3583 4562 3636 4615 in
3654 4561 3869 4617 cubicu-

551 4652 607 4704 di
631 4694 646 4719 ,
677 4668 778 4707 non
796 4669 966 4708 escam
989 4671 1009 4722 ;
1041 4656 1422 4712 nondumenim
1449 4660 1695 4728 poteratis
1721 4661 1846 4712 :sed
1868 4673 1958 4712 nec
1987 4657 2158 4712 adhuc
2185 4636 2238 4698 Ῑ)
2266 4661 2370 4715 lunt
2401 4675 2552 4714 suum
2603 4659 2775 4728 (Cant.
2802 4673 2857 4726 ι,
2899 4659 2956 4729 5)
2982 4674 2996 4723 ;
3029 4657 3130 4712 hoc
3159 4664 3247 4712 est
3266 4697 3282 4723 ,
3311 4655 3364 4710 in
3407 4654 3540 4711 illud
3593 4665 3868 4712 secretum

551 4746 762 4816 quidem
791 4749 1003 4819 potestis
1032 4749 1088 4822 (l
1111 4747 1232 4804 Cor.
1261 4765 1341 4815 nt,
1368 4749 1448 4822 2).
1470 4750 1598 4806 ideo
1626 4750 1798 4808 bosin
1830 4749 2058 4806 transitu
2080 4752 2160 4805 vi—

553 4837 677 4893 det:
710 4849 896 4895 manet
922 4850 1103 4897 autetn
1134 4840 1278 4913 apud
1310 4841 1620 4911 Ephesios;
1655 4841 1800 4912 quod
1828 4843 1990 4915 991
2023 4843 2159 4897 osti-

554 4947 643 4986 um
675 4932 777 4989 sibi
804 4949 1061 5005 magnum
1085 4945 1332 5006 apertum
1361 4943 1509 4990 esset
1534 4977 1549 5002 ,
1576 4946 1766 4992 notum
1793 4935 1978 4991 facere
2022 4951 2157 5006 gen-

551 5028 697 5084 tibus
727 5031 1050 5102 mysterium
1080 5030 1283 5087 Christi
1311 5030 1370 5100 (Ι
1401 5028 1524 5087 Cor.
1557 5046 1685 5099 1m,
1716 5031 1750 5088 8
1771 5041 1818 5087 et
1849 5031 1925 5102 9).
1951 5029 2079 5086 Ideo
2104 5040 2161 5087 et

553 5120 812 5178 Salomon
846 5133 1062 5196 tempus
1091 5123 1305 5180 tacendi
1335 5164 1348 5188 ,
1397 5133 1457 5180 et
1494 5133 1710 5196 tempus
1752 5137 1877 5182 esse
1903 5123 2160 5194 loquendi

552 5215 710 5274 docet
738 5217 963 5289 (Eccles.
995 5236 1073 5288 ut,
1099 5218 1180 5290 7).

626 5309 718 5366 27.
752 5310 871 5366 Prin
900 5311 1115 5367 caeteris
1144 5322 1326 5368 autem
1356 5312 1619 5368 Dominus
1647 5311 1808 5368 Jesus
1830 5311 1884 5368 in
1914 5311 2163 5384 Evange-

557 5403 632 5458 lio
649 5403 888 5459 declarat
906 5419 1027 5470 suo,
1042 5403 1254 5474 dicens,
1276 5404 1472 5461 Simile
1495 5421 1620 5462 esse
1645 5420 1874 5476 regnum
1895 5405 2162 5462 calorum

554 5495 814 5550 thesauro
836 5495 1158 5552 abscondito
1187 5497 1244 5552 in
1275 5511 1410 5566 agro
1431 5495 1652 5569 (Matth.
1679 5513 1795 5564 xui,
1820 5496 1934 5570 44).
1964 5497 2162 5568 Utique

552 5585 580 5625 ι’
611 5602 720 5645 non
740 5603 957 5655 aurum,
981 5605 1090 5646 non
1117 5599 1426 5662 argentum,
1459 5606 1570 5648 nou
1591 5591 1824 5664 pecunia
1854 5592 2161 5662 compa-rari

630 5738 654 5764 *ι
672 5726 789 5786 Νοη
823 5728 979 5801 pauci
1008 5746 1162 5796 mss..
1188 5731 1335 5806 peior
1359 5733 1556 5806 frigido
1575 5775 1590 5801 ,
1615 5734 1748 5790 inter
1770 5745 2042 5805 utrumque
2055 5733 2160 5806 (vel

556 5809 772 5872 utraque
802 5812 1042 5858 naturam
1072 5805 1333 5860 mentitur.

632 5870 658 5910 ι)
689 5870 890 5946 Scripti
916 5876 1040 5934 cod.
1072 5877 1343 5945 nonnulli,
1377 5895 1479 5936 non
1509 5895 1665 5949 auro,
1685 5895 1789 5937 non
1803 5885 2037 5951 argento,
2065 5887 2168 5928 ηωι

2265 4768 2422 4808 suum
2455 4752 2506 4807 in
2540 4767 2648 4822 quo
2685 4761 2816 4808 sunt
2864 4750 3106 4806 thesauri
3150 4749 3396 4806 scientia:
3438 4758 3493 4805 et
3537 4747 3870 4819 cognitionis

2263 4862 2399 4902 suae.
2428 4845 2663 4916 Ideoque
2690 4846 2789 4902 tibi
2814 4845 3055 4901 dicitur:
3101 4844 3230 4902 Cum
3279 4861 3419 4912 oras,
3446 4846 3587 4901 intra
3633 4846 3688 4899 in
3718 4845 3866 4900 cubi-

2265 4939 2438 4994 culum
2461 4949 2604 4994 tuum
2623 4938 2806 5010 (Hau.
2832 4956 2906 5007 vt,
2938 4940 3018 5009 6),
3049 4939 3195 5011 quod
3221 4939 3492 5012 significat
3515 4938 3718 4995 mentis
3740 4938 3867 4992 ani-

2268 5033 2450 5105 mique
2477 5042 2772 5090 secretum.
2805 5034 2861 5089 to
2885 5033 2991 5088 hoc
3007 5033 3318 5089 cubiculum
3332 5031 3666 5103 justitiarum
3688 5031 3868 5101 Spon-

2263 5143 2321 5183 sa
2352 5143 2415 5183 se
2441 5127 2689 5199 poposcit
2712 5127 2932 5193 induci;
2955 5142 3080 5184 cum
3104 5136 3227 5198 post
3250 5125 3474 5184 odorem
3499 5124 3755 5197 unguenti
3772 5139 3867 5180 ex-

2265 5222 2520 5286 currerit,
2549 5219 2695 5292 quod
2720 5234 2940 5290 semper
2963 5219 3113 5286 lluit,
3137 5227 3198 5276 et
3225 5234 3522 5290 numquam
3549 5216 3751 5272 deﬁcit.

2336 5315 2427 5370 50.
2463 5312 2644 5385 (Vers.
2677 5313 2793 5383 15.)
2825 5311 2958 5369 Ideo
2983 5313 3140 5383 quasi
3170 5312 3398 5370 edoctus
3423 5309 3688 5381 Propheta
3707 5309 3869 5379 justi-

2265 5405 2368 5462 tias
2392 5405 2582 5476 quinto
2610 5421 2774 5462 versu
2790 5404 2922 5462 dicit
2938 5403 2988 5460 ;1
2995 5423 3029 5460 n
3045 5405 3332 5462 tabiismeis
3348 5403 3677 5477 pronuntiavi
3691 5403 3867 5456 omnia

2254 5499 2459 5571 judicia
2492 5501 2594 5554 oris
2623 5499 2793 5556 tui.Et
2811 5499 3089 5571 quomodo
3118 5499 3244 5558 alibi
3274 5495 3440 5553 dicit:
3467 5495 3680 5551 Iudicia
3700 5495 3866 5568 992

2267 5602 2359 5649 tua
2385 5595 2520 5650 sicut
2544 5595 2764 5666 (εὐωδίη
2794 5595 2962 5654 multa
3007 5593 3237 5667 (Pulsa.
3267 5607 3433 5656 xxxv,
3457 5589 3512 5664 7)
3534 5590 3557 5644 ?
3579 5589 3867 5660 Quomodo

2274 5736 2491 5807 pecunia
2545 5735 2836 5808 comparari
2878 5744 3037 5806 potest
3083 5750 3296 5806 regnum
3324 5734 3584 5808 caelorum.
3625 5730 3733 5788 Sed
3778 5729 3865 5784 hic

2272 5806 2587 5879 comparari,
2612 5806 2978 5874 cellationem,
3010 5821 3114 5864 non
3148 5806 3556 5878 acquisitioncm
3578 5814 3750 5859 sonat.
