4070 6492
223 402 360 462 {ﬁt

1335 382 1403 453 tu
1441 390 1776 454 ossuum
1812 388 2024 450 cxvut
2063 375 2444 460 exrostrto.

3389 386 3531 448 liii

222 516 521 587 Apostolus
551 516 661 573 ait:
715 516 763 571 υ
786 514 1007 570 altitudo
1033 513 1311 585 sapientiai
1356 524 1403 569 et
1427 513 1654 570 scientia
1681 513 1779 568 Dei
1802 555 1816 579 ,
1848 515 1896 573 Α
1928 512 2136 583 pitcrna
2171 512 2263 567 Dei
2287 528 2318 567 a
2348 511 2504 565 nobis
2535 524 2630 581 per
2659 522 2720 565 ea
2752 506 3023 565 intellecta
3047 523 3170 564 esse
3190 549 3205 574 ,
3235 524 3357 580 qua:
3384 508 3524 563 facta

221 626 384 680 quam.
402 609 763 666 inmutabilia
782 618 903 664 sunt
911 607 1119 679 judicia
1130 610 1268 681 ejus,
1301 617 1350 665 et
1391 606 1829 678 ininoestigabiles

224 705 321 759 sint
344 703 496 775 ejus!
523 701 654 768 Quis
675 704 809 761 atina
832 703 1073 774 cognorit
1088 716 1298 757 sensum
1309 700 1522 757 Domita
1547 700 1723 773 (Rom.
1749 714 1825 765 si,

225 796 294 852 55
306 793 498 867 sibi)?
541 796 599 851 Si
617 795 987 852 inmutabilia
1008 794 1378 864 suutjudicia,
1398 794 1673 866 quomodo
1695 804 1831 864 ergo

221 888 741 960 judiciaiquomodo
769 890 942 944 omnia
960 888 1310 957 pronuntiavi,
1329 887 1713 959 aitPropheta,
1725 889 1821 957 ju-

227 979 365 1035 dicia
374 982 482 1037 oris
495 982 609 1038 tut?
623 981 731 1038 Sed
753 982 984 1038 fortasse
1003 996 1108 1037 non
1131 980 1319 1038 eadem
1341 989 1468 1036 sunt
1484 980 1685 1051 judicia
1708 978 1826 1046 Dei,

225 1092 349 1143 quze
364 1075 573 1146 judicia
599 1076 871 1147 orisejus.
903 1075 961 1132 Si
976 1075 1082 1131 alia
1098 1084 1226 1133 sunt
1252 1115 1268 1143 ,
1303 1076 1442 1131 bene
1466 1075 1697 1132 dicitur:
1730 1072 1832 1129 Co-

224 1169 563 1240 gitationibus
588 1171 691 1225 tatis
709 1171 827 1242 quis
863 1169 1052 1226 similis
1090 1169 1190 1224 erit
1223 1167 1399 1240 (Pent.
1427 1179 1616 1237 Irus,
1638 1166 1741 1237 ωι
1764 1168 1831 1223 Et

226 1262 352 1318 ideo
381 1264 751 1320 inscrutabilia
763 1263 1096 1335 suntjudicia
1107 1263 1241 1335 ejus;
1258 1264 1383 1335 quis
1394 1278 1461 1320 ex
1473 1272 1833 1335 parteotigno-

224 1358 452 1426 scimus,
472 1369 526 1413 et
546 1376 612 1415 ex
634 1368 788 1430 parte
813 1359 1222 1429 prophetamus.
1243 1357 1301 1415 Si
1325 1358 1506 1415 autem
1521 1357 1703 1415 nullus
1720 1357 1827 1412 nisi

224 1451 480 1508 Christus
512 1453 619 1508 hoc
643 1453 814 1521 dicit,
843 1452 937 1524 qui
973 1460 1154 1523 potest
1185 1451 1411 1509 dicere:
1444 1448 1562 1524 Ego
1591 1461 1640 1507 et
1670 1449 1831 1506 Pater

227 1562 393 1601 unum
414 1562 595 1601 senius
618 1545 839 1621 (Jama.
865 1563 922 1613 ι,
952 1545 1068 1621 5ο).

296 1636 387 1694 51.
434 1637 837 1708 Distinguamus
861 1647 1068 1706 tamen,
1114 1654 1218 1696 nec
1245 1652 1534 1695 vereamur
1554 1652 1625 1694 ne
1651 1637 1831 1708 impu-

225 1742 356 1802 gnet
384 1744 447 1787 se
474 1730 623 1787 velut
641 1731 931 1789 coturariis
973 1730 1258 1803 Scriptura
1286 1729 1636 1788 venerabilis.
1682 1728 1830 1785 Con-

1931 615 2058 658 sunt
2083 603 2261 673 (Rom.
2285 620 2322 671 ι,
2346 603 2463 672 20).
2487 602 2542 657 ln
2574 602 2812 661 Caulicis
2841 617 3054 677 quoque
3076 601 3335 658 habemus
3358 602 3522 675 993

1930 696 2221 767 scriptum:
2246 695 2409 767 Equis
2443 712 2568 751 meo:
2592 697 2645 750 in
2670 695 2900 750 curribus
2931 693 3225 749 Pharaonis
3248 692 3529 749 assimilavi

1933 805 2000 859 te,
2017 794 2253 867 proxima
2278 808 2417 847 mea.
2441 789 2619 863 lnquo
2631 792 2757 848 dum
2780 790 3045 848 velocium
3068 802 3328 863 equorum
3344 788 3528 844 cursui

1932 886 2237 944 similitudo
2256 886 2520 943 Ecclesiae
2548 899 2738 955 compa
2748 886 2855 941 tari
2873 884 3105 954 videtur,
3123 885 3421 941 aestimatur
3441 881 3529 937 di-

1936 995 2029 1037 ves
2058 982 2173 1050 ejus
2200 980 2396 1051 gratia.
2422 977 2537 1033 Non
2561 979 2723 1049 igitur
2752 993 2912 1033 unam
2944 992 3137 1049 equam
3169 975 3355 1033 divitis
3382 974 3529 1045 regis

1931 1076 2165 1146 accipias
2186 1092 2199 1129 :
2220 1074 2317 1131 sed
2340 1074 2588 1130 absolute
2615 1084 2715 1145 pro
2730 1075 2995 1145 equitatu,
3018 1082 3077 1129 ut
3103 1086 3251 1144 saepe
3265 1071 3526 1136 diximus,

1932 1169 2109 1241 qualis
2133 1169 2253 1225 ovis
2277 1168 2425 1224 illius
2455 1175 2539 1223 est
2569 1178 2666 1238 pro
2705 1181 2870 1238 grege
2890 1168 3093 1223 ovium.
3128 1166 3340 1221 Pharao
3368 1164 3529 1235 igitur

1933 1270 1993 1318 ut
2016 1262 2425 1334 potentissimus
2459 1274 2553 1316 rex
2576 1300 2590 1327 ,
2616 1267 2669 1316 et
2695 1258 2959 1330 praedives
2991 1258 3221 1314 habebat
3249 1266 3531 1329 equospo-

1935 1362 2146 1423 tentes,
2179 1363 2238 1410 ut
2265 1353 2547 1425 Scriptura
2600 1351 2732 1407 dicit
2756 1364 2954 1407 currus
2983 1349 3318 1417 Pharaonis;
3374 1347 3530 1421 quasi

1935 1449 2365 1520 potentissiinum
2388 1458 2563 1521 genus
2583 1447 2649 1503 ad
2675 1446 2939 1503 bellorum
2970 1458 3147 1510 usum,
3165 1445 3527 1501 etsubsidium

1934 1544 2235 1614 prteliandi.
2281 1544 2529 1615 Denique
2576 1542 2660 1597 his
2703 1542 2953 1599 curribus
3000 1539 3213 1596 Pharao
3257 1538 3524 1611 fugientes

1934 1637 2193 1693 Hebraeos
2226 1637 2389 1694 facile
2409 1633 2845 1708 comprehendit.
2874 1633 3027 1689 Sicut
3050 1646 3182 1703 ergo
3209 1632 3330 1703 equi
3354 1629 3530 1701 juncti

1934 1731 2275 1787 concorditer
2296 1729 2519 1785 trahunt
2544 1742 2788 1796 currum,
2820 1734 2872 1783 et
2906 1727 3175 1799 pelionter
3219 1724 3524 1794 suscipiunt

225 1826 533 1883 sideretnus
585 1828 732 1882 enim
761 1827 889 1898 quia
936 1843 1045 1884 non
1090 1827 1266 1883 dixit:
1323 1825 1534 1883 Judicia
1568 1825 1682 1881 oris
1709 1826 1833 1895 ejus
1929 1824 2141 1896 jngum,
2173 1835 2227 1881 et
2257 1830 2475 1895 portant
2498 1830 2735 1895 Congrua
2765 1835 2888 1880 eum
2917 1822 3116 1894 gratia,
3164 1828 3219 1876 et
3236 1818 3348 1892 iugi
3382 1819 3527 1875 illius

223 1921 371 1976 sicut
393 1921 625 1993 abyssus
645 1920 848 1976 multa:
877 1920 974 1977 sed
999 1920 1215 1977 Iudicia
1242 1929 1330 1976 tua
1351 1921 1520 1987 dixit;
1553 1935 1655 1976 nec
1679 1920 1827 1990 Apoo
1862 1920 1913 1982 Β
1936 1919 2285 1991 susceptione
2315 1925 2739 1973 mansuescunt:
2772 1918 2851 1972 sic
2897 1922 2949 1971 et
2979 1912 3330 1985 congregatio
3362 1912 3536 1967 natio-

221 2015 399 2070 stolus
438 2014 658 2084 posuit:
716 2013 1089 2071 lnscrutabilia
1136 2014 1339 2086 judicia
1365 2015 1477 2070 oris
1505 2014 1661 2083 eius;
1694 2013 1826 2068 sed:

224 2104 603 2162 Inserutebiiia
621 2106 830 2180 judicia
852 2109 984 2179 ejus.
1015 2108 1314 2164 Possumus
1345 2107 1489 2162 enim
1509 2106 1713 2177 judicia
1737 2106 1831 2162 Dei

222 2200 525 2266 :estimare,
555 2216 681 2271 qttar
700 2202 913 2257 occulta
941 2201 1098 2257 nobis
1120 2215 1227 2256 non
1253 2199 1573 2271 patefecerit
1593 2198 1831 2269 ;judicia

223 2303 409 2350 autem
430 2295 544 2349 oris
569 2293 715 2366 ejus,
746 2310 868 2361 qua
903 2294 1311 2350 annuntiaverit
1334 2335 1349 2361 ,
1377 2302 1435 2351 et
1484 2307 1580 2363 per
1608 2308 1670 2348 os
1700 2307 1829 2364 pro-

226 2389 522 2458 phetarum
551 2390 764 2445 locutus
784 2399 891 2445 est.
917 2390 992 2446 0s
1036 2389 1182 2447 enim
1232 2390 1327 2445 Dei
1358 2390 1625 2461 propheta
1670 2389 1832 2445 intel-

226 2481 440 2551 ligitur,
467 2480 559 2537 cui
587 2482 823 2538 dicitur:
856 2481 1042 2540 Clama
1066 2502 1084 2549 ;
1125 2490 1184 2539 et
1206 2482 1298 2537 ille
1324 2482 1398 2538 ait
1428 2501 1443 2536 :
1476 2482 1614 2547 Quid
1640 2482 1834 2538 clama-

224 2574 289 2631 bo
309 2576 335 2630 i‘
375 2575 443 2631 Et
469 2576 795 2646 inspiratam
829 2585 993 2631 estut
1021 2575 1230 2632 diceret
1254 2593 1268 2629 :
1303 2575 1486 2631 Omnis
1507 2592 1629 2631 caro
1656 2579 1836 2647 fenum

227 2668 402 2737 (Esai.
430 2685 523 2736 xu,
556 2669 638 2740 6).
663 2669 819 2738 Quod
844 2671 1031 2741 utique
1064 2671 1280 2726 locutus
1306 2711 1321 2735 ,
1344 2671 1456 2725 oris
1481 2670 1577 2726 Dei
1621 2670 1835 2725 iunctus

230 2759 419 2816 cilicio
444 2770 565 2826 est;
602 2760 731 2832 quia
761 2762 970 2818 locutus
990 2771 1077 2818 est
1096 2761 1358 2831 judicium
1392 2762 1509 2818 Dei.
1542 2762 1681 2833 Ergo
1712 2776 1838 2831 pro-

235 2851 448 2922 phetica
480 2853 833 2924 oracuiajam
860 2870 971 2909 non
996 2854 1141 2910 sicut
1159 2855 1413 2926 abyssus,
1441 2855 1539 2910 sed
1561 2854 1725 2910 etiam
1757 2856 1840 2922 ip-

234 2959 298 2999 sa
327 2952 456 3000 sunt
489 2944 721 3016 abyssus
745 2962 763 3010 ;
791 2946 919 3015 quia
945 2960 1111 3001 nemo
1134 2946 1307 3015 potuit
1352 2945 1406 3000 in
1430 2947 1576 3003 ctelo
1597 2985 1612 3009 ,
1639 2945 1725 3001 vel
1784 2945 1838 2999 in

238 3048 387 3094 terra
411 3078 426 3102 ,
450 3035 671 3108 aperire
693 3036 912 3105 librum,
935 3038 1041 3095 nisi
1068 3036 1343 3094 Christus.
1372 3037 1671 3093 Veniamus
1695 3046 1843 3093 nunc

236 3130 304 3187 ad
334 3140 553 3187 sextum
579 3145 824 3188 versum.

307 3224 409 3282 32.
425 3224 609 3298 (νει-ς.
640 3225 758 3298 16.)
776 3224 839 3279 In
861 3226 965 3292 via,
982 3226 1178 3296 inquit,
1207 3224 1617 3280 testimoniorum
1632 3235 1840 3279 tuorum

1936 2014 2064 2070 nam
2078 2011 2371 2086 gentilibus
2384 2011 2647 2068 indomita
2668 2009 2908 2067 moribus
2927 2025 2989 2065 se
3006 2018 3132 2064 ante
3155 2006 3421 2080 jactabat;
3445 2005 3539 2062 tibi

1935 2124 2066 2165 vero
2088 2108 2533 2179 suscepitjugum
2566 2106 2831 2163 dicentis:
2863 2106 3030 2161 tollite
3045 2109 3423 2178 jugummeum

1933 2201 2177 2275 quinisve
2204 2210 2280 2258 est
2297 2217 2318 2255 :
2339 2209 2387 2255 et
2414 2215 2546 2255 onus
2562 2214 2752 2264 meum,
2790 2200 2910 2270 quia
2923 2213 3077 2254 suave
3092 2206 3169 2253 est
3187 2196 3346 2269 (Mat.
3367 2214 3440 2263 xl,
3464 2195 3537 2253 29

1936 2304 1987 2353 et
2003 2294 2118 2369 ‘50);
2150 2305 2203 2352 et
2225 2294 2394 2365 ctepit
2421 2294 2633 2365 Sponsa
2657 2291 2862 2348 Christi
2888 2279 3182 2363 concordia
3206 2300 3258 2348 et
3278 2306 3534 2347 mansuc—

1942 2390 2127 2447 tudinc
2161 2389 2479 2461 pepulerum
2504 2401 2626 2444 esse
2653 2386 2925 2455 sublimis,
2958 2397 3014 2444 et
3063 2390 3176 2443 toto
3200 2384 3543 2442 circumferri

1938 2485 2092 2551 orbe,
2111 2491 2387 2554 tamquam
2407 2494 2600 2538 currus
2613 2480 2766 2552 equis
2786 2478 3064 2537 velocibus
3091 2492 3255 2551 supra
3277 2476 3537 2536 mundum

1941 2586 2117 2645 rapta,
2153 2576 2396 2632 ascendit
2425 2574 2495 2632 ad
2521 2573 2817 2647 Sponsum.

2012 2670 2106 2725 ⁸54.
2148 2669 2390 2740 Denique
2416 2678 2470 2725 et
2496 2669 2549 2724 in
2581 2667 2978 2740 posterioribus
3001 2666 3348 2723 Canticorum
3379 2662 3547 2737 parti-

1940 2764 2045 2820 bus
2098 2764 2231 2819 dicit
2260 2781 2273 2817 :
2318 2763 2475 2819 Ροεηί
2503 2770 2551 2818 te
2577 2779 2760 2819 currus
2791 2760 3079 2817 Antinadab
3107 2759 3284 2833 (Cant.
3309 2775 3384 2830 νι,
3431 2758 3543 2832 12).

1945 2857 2139 2912 Multos
2170 2870 2365 2913 currus
2398 2856 2564 2913 habet
2588 2857 2640 2912 in
2673 2872 2733 2913 se
2759 2854 3028 2923 Ecclesia,
3058 2870 3195 2927 quos
3223 2870 3413 2912 omnes
3440 2857 3550 2927 spi-

1947 2949 2196 3004 ritalibus
2224 2945 2451 3005 habenis
2483 2948 2744 3005 Dominus
2776 2948 2921 3021 regit
2945 2966 2961 3003 :
2984 2957 3039 3006 et
3069 2962 3169 3005 una
3202 2951 3381 3005 anima
3413 2948 3552 3006 mul-

1948 3051 2032 3097 tas
2057 3040 2415 3110 cogitationes
2439 3040 2621 3108 habet,
2643 3056 2776 3112 quas
2802 3040 3013 3098 Domini
3038 3041 3247 3099 habena
3272 3042 3554 3115 restringit

1948 3146 2005 3193 et
2032 3146 2286 3204 revocat;
2314 3139 2602 3209 nequando
2628 3139 2681 3195 in
2715 3150 3050 3211 praeruptum
3088 3148 3273 3199 noster
3304 3143 3391 3198 hic
3429 3156 3553 3198 cur-

1948 3244 2041 3285 rus
2065 3230 2289 3286 feratur.
2314 3229 2621 3288 Aminadab
2652 3239 2834 3290 autem
2868 3230 3319 3306 interpretatione
3348 3234 3554 3307 signiﬁ-

236 3320 515 3378 detectatns
531 3339 662 3386 sum,
682 3323 815 3375 sicut
828 3322 1130 3377 inomnilms
1148 3320 1363 3375 divitiis.
1382 3320 1557 3375 Aliiin
1570 3335 1723 3387 auro,
1745 3316 1837 3376 alii
1867 3318 1914 3384 C
1945 3331 2102 3379 catur
2130 3332 2284 3395 pater
2308 3323 2654 3396 beneplacili,
2681 3327 2835 3398 cujus
2864 3328 3009 3384 illius
3040 3326 3238 3401 legitur
3271 3331 3321 3385 in
3353 3326 3556 3389 Nume-

240 3414 296 3470 iu
329 3422 572 3485 argento,
596 3414 687 3468 alii
712 3415 765 3470 iu
788 3414 1059 3479 vestibus;
1086 3413 1175 3468 alii
1207 3413 1260 3467 in
1279 3412 1739 3483 possessionibus,
1756 3414 1841 3468 vi-

242 3507 404 3573 netis,
425 3506 586 3574 oleis,
613 3506 924 3578 segetibus;
949 3506 1043 3563 alii
1067 3508 1123 3562 in
1147 3506 1407 3577 operibus
1429 3506 1678 3577 picturas,
1698 3521 1847 3562 mar-

242 3614 477 3665 morum;
506 3600 559 3654 in
586 3600 815 3655 diversis
840 3599 1083 3670 denique
1106 3599 1305 3671 singuli
1333 3598 1728 3655 delectationes
1749 3598 1847 3654 ha-

244 3691 409 3747 bent:
441 3691 701 3763 Spiritalis
731 3692 785 3748 in
827 3692 913 3747 via
944 3693 1381 3749 testimoniorum
1408 3693 1719 3750 ctelestium
1745 3695 1845 3750 de-

246 3788 500 3855 lectatur,
527 3796 809 3859 tamquam
836 3805 1003 3846 omne
1016 3789 1311 3862 possidens
1334 3790 1758 3861 patrimonium,
1790 3790 1848 3845 in

249 3884 501 3940 erunibus
547 3885 734 3952 dives;
788 3885 932 3941 sicut
973 3886 1270 3958 Apostolus
1305 3886 1475 3943 dicit:
1504 3885 1721 3943 Gratias
1747 3900 1851 3959 ago

255 3975 362 4031 Deo
384 3994 495 4033 meo
535 3994 738 4051 semper
765 3996 861 4051 pro
881 3979 1020 4035 nobis
1057 3980 1113 4035 in
1153 3982 1324 4052 gratia
1375 3980 1473 4036 Dei
1498 3981 1661 4036 nostri
1686 4023 1701 4046 ,
1735 3996 1851 4051 quae

254 4074 377 4127 data
400 4082 475 4128 est
504 4072 647 4129 vobis
676 4075 733 4128 in
762 4074 969 4130 Christo
993 4071 1117 4130 Iesu
1136 4092 1156 4129 :
1195 4077 1319 4146 quia
1340 4076 1393 4129 in
1416 4076 1652 4131 omnibus
1672 4076 1854 4131 divites

256 4167 382 4238 [acti
406 4168 530 4222 estis
556 4167 613 4222 in
636 4168 782 4239 ipso,
824 4168 879 4222 in
908 4168 1048 4223 omni
1074 4167 1227 4223 verba
1249 4208 1265 4235 ,
1304 4177 1350 4222 et
1374 4170 1430 4222 in
1457 4168 1599 4223 omni
1641 4167 1857 4221 scientia

260 4262 462 4336 (iCor.
494 4278 533 4327 ι,
565 4261 601 4318 ι
628 4272 675 4317 et
695 4260 839 4333 5).ln
861 4270 1070 4317 tantum
1101 4262 1346 4317 doctrina
1375 4260 1624 4331 Apostoli
1651 4251 1852 4314 Corin-

259 4354 359 4411 thii
386 4354 741 4424 proiecerunt
761 4395 776 4421 ,
805 4364 865 4409 ut
884 4354 976 4425 qui
1001 4361 1130 4408 ante
1158 4365 1268 4408 non
1299 4362 1557 4424 poterant
1586 4352 1690 4408 nisi
1718 4352 1861 4407 sicut

255 4446 469 4521 parvuli
494 4446 577 4501 lac
604 4446 779 4502 solum
812 4446 998 4502 bibere
1022 4487 1037 4513 ,
1067 4454 1257 4517 postea
1298 4446 1350 4500 in
1370 4444 1624 4501 omnibus
1648 4443 1857 4501 divitiis

256 4539 606 4597 abundarent
628 4538 959 4610 cognitionis
1002 4547 1057 4595 et
1082 4538 1257 4595 verbi.
1289 4537 1674 4594 Delectabatur
1728 4552 1858 4607 ergo

261 4632 431 4688 David
458 4634 513 4687 in
534 4632 791 4687 omnibus
823 4631 1035 4688 divitiis
1054 4631 1384 4703 cognitionis
1410 4672 1424 4697 ,
1456 4632 1695 4687 scientia
1720 4673 1734 4696 ,
1766 4645 1858 4685 sa-

1949 3419 2029 3473 ris
2050 3417 2268 3474 Naason
2303 3420 2558 3490 princeps
2601 3420 2783 3489 pepuli
2812 3418 3003 3492 (Nam.
3034 3436 3091 3489 ιι,
3123 3422 3201 3493 5),
3232 3422 3321 3493 qui
3365 3424 3434 3478 sit
3474 3424 3556 3479 in-

1951 3510 2278 3581 telligendus
2331 3511 2774 3582 interpretatione
2806 3513 3190 3585 serpentinus;
3221 3522 3277 3570 et
3301 3515 3554 3586 agnoscis

1951 3604 2135 3670 istud,
2168 3605 2217 3661 si
2266 3618 2503 3676 repetas,
2548 3607 2673 3678 quia
2721 3606 2864 3664 sicut
2909 3620 3137 3680 serpens
3192 3610 3449 3681 pependit
3501 3610 3555 3668 in

1952 3696 2099 3768 ligno
2120 3696 2214 3768 qui
2240 3706 2294 3753 te
2318 3697 2571 3753 redemit.

2024 3792 2118 3848 55.
2162 3790 2305 3861 Ergo
2335 3792 2514 3847 anima
2560 3806 2754 3848 currus
2809 3799 2893 3849 est
2943 3792 3062 3859 Dei,
3093 3803 3152 3850 ut
3206 3794 3283 3850 ira
3337 3795 3476 3866 ejus,
3507 3803 3564 3852 ct

1954 3884 2139 3949 libido,
2175 3892 2230 3940 et
2258 3884 2440 3952 timor,
2465 3892 2521 3941 et
2548 3899 2738 3943 omnes
2769 3886 3061 3943 saeculares
3102 3887 3564 3960 concupiscentia:

1956 3974 2325 4031 refreneutur.
2379 3976 2621 4032 Ecclesia
2664 3992 2883 4049 quoque
2930 3988 3124 4034 currus
3168 3989 3252 4035 εει
3296 3976 3411 4045 Dei,
3444 3992 3572 4049 quas

1957 4071 2193 4142 regenda
2247 4079 2333 4127 est
2381 4070 2768 4143 gubernaculis
2809 4070 3051 4140 Christi;
3110 4088 3178 4131 ne
3226 4074 3566 4131 diversorum

1958 4165 2287 4236 populorum
2326 4176 2510 4220 motus
2538 4181 2657 4220 eam
2705 4165 3188 4240 dissensionesque
3220 4171 3564 4240 perturbent.

1960 4255 2063 4313 illo
2091 4271 2310 4328 quoque
2352 4257 2565 4315 Naason
2608 4259 2750 4317 bene
2783 4261 3104 4334 intelligitur
3135 4262 3413 4332 Christus;
3441 4267 3568 4337 quia

1963 4354 2113 4422 virga
2143 4353 2327 4409 Aaron
2358 4368 2622 4409 conversa
2654 4353 2710 4409 in
2757 4365 3071 4425 serpentem
3115 4357 3241 4413 illos
3281 4370 3569 4430 serpentes

1962 4445 2249 4519 Egyptios
2287 4446 2572 4504 devoravit
2599 4447 2799 4523 (Exod.
2832 4464 2928 4515 vn,
2976 4447 3086 4522 12).
3125 4448 3236 4506 llas
3267 4464 3400 4524 ergo
3429 4446 3567 4509 divi-

1964 4543 2068 4599 tias
2120 4542 2436 4612 habeamus,
2485 4541 2570 4599 his
2622 4544 2987 4610 delectemur,
3036 4555 3095 4600 ut
3142 4554 3367 4602 currant
3409 4546 3567 4605 nobis

1964 4637 2089 4707 equi
2125 4635 2497 4704 rationabiles,
2529 4646 2584 4694 et
2615 4650 3019 4695 commercatur
3049 4639 3103 4695 in
3150 4641 3442 4713 praeceptis
3472 4650 3571 4701 eo-

259 4728 502 4801 pientiac,
520 4726 811 4784 etirvomni
834 4735 961 4784 actu
994 4728 1261 4783 bonorum
1288 4741 1540 4797 operum.
1575 4727 1641 4782 Et
1666 4726 1711 4783 si
1742 4726 1866 4796 quis
1890 4722 1951 4786 Β
1971 4745 2116 4785 ι-ιιιιι.

263 4840 410 4881 nunc
436 4824 681 4880 intentus
704 4821 927 4890 divinis,
959 4822 1228 4893 triplicem
1252 4821 1399 4877 ilium
1424 4821 1708 4894 sapientiae
1728 4820 1866 4877 hau—

274 4920 381 4975 riat
430 4919 812 4991 disciplinam,
862 4920 1175 4996 θεωρητικήν
1209 4959 1222 4984 ,
1271 4922 1556 4996 πρακτικήν
1581 4960 1595 4983 ,
1625 4918 1863 4990 lower)»;

263 5013 443 5069 bonus
490 5011 674 5067 studio
743 5010 1111 5082 percipiendae
1161 5008 1490 5080 cognitionis
1524 5050 1539 5076 ,
1588 5008 1874 5078 pulchrior

270 5108 373 5165 erit
399 5105 761 5176 exsequendas
790 5104 1072 5162 rationalis
1100 5104 1433 5173 moralisque
1456 5102 1720 5157 doctrinas
1748 5115 1877 5172 gra-

269 5205 397 5261 tiam
430 5208 644 5257 tenens.
696 5199 801 5269 Qui
829 5199 1143 5271 prophetica
1189 5198 1474 5269 (enigmata
1527 5196 1623 5252 Dei
1673 5195 1870 5265 spiritu

269 5278 554 5351 revelante
581 5292 924 5365 cognoverit,
955 5290 1228 5363 Evangelii
1248 5288 1590 5346 altitudinem
1637 5286 1691 5342 in
1741 5301 1874 5358 ope-

271 5387 427 5445 ribus
457 5384 935 5458 comprehenderit
964 5394 1019 5440 et
1043 5384 1285 5441 consiliis
1312 5424 1326 5449 ,
1353 5381 1636 5454 apostolici
1664 5396 1874 5439 sermo-

272 5481 359 5538 nis
385 5480 750 5538 moraiitatem
773 5476 1105 5541 adverterit;
1138 5477 1185 5532 is
1211 5459 1486 5550 tamquam
1537 5475 1597 5539 in
1621 5474 1873 5533 omnibus

273 5575 451 5639 dives,
488 5573 716 5633 uberem
744 5573 929 5645 capiet
952 5570 1309 5641 voluptatem.

349 5666 442 5723 35.
485 5666 553 5724 Et
591 5668 719 5739 quis
745 5666 933 5724 suavis
957 5672 1044 5722 est
1086 5662 1390 5735 corporalis
1414 5662 1693 5735 voluptas,
1754 5659 1883 5719 ideo

279 5775 391 5818 non
412 5754 571 5833 quasi
598 5772 696 5833 pro
720 5759 910 5835 gratia:
934 5758 1198 5834 qualitate
1221 5773 1344 5821 cum
1363 5757 1703 5833 spiritalibus
1729 5770 1881 5813 com-

280 5862 537 5924 paratur;
564 5853 659 5913 sed
690 5854 846 5925 quasi
878 5852 949 5913 ad
977 5852 1351 5915 testimonium
1390 5850 1671 5911 mutatis
1698 5865 1881 5909 arces-

279 5948 441 6004 situr.
472 5945 751 6015 Siquidem
774 5956 825 6004 et
856 5950 890 6001 Α
906 5947 1151 6018 postulas
1175 5946 1334 6005 docet
1352 5944 1639 6002 invisibilia
1654 5953 1703 6001 et
1731 5959 1877 6001 scm-

2044 4823 2133 4881 56.
2175 4823 2363 4895 (Vere.
2399 4824 2521 4896 15.)
2566 4821 2638 4881 Ει
2689 4824 2813 4882 ideo
2864 4827 2940 4883 ait
2986 4843 3003 4883 :
3048 4822 3117 4882 In
3163 4828 3418 4884 mandatis
3469 4829 3573 4886 luis

1971 4916 2261 4983 exercebar,
2290 4927 2339 4974 et
2360 4917 2702 4975 considerabo
2728 4919 2840 4975 uias
2879 4929 3016 4975 tuas.
3040 4920 3145 4989 Qui
3174 4922 3327 4977 enim
3350 4938 3575 4980 exerce-

1974 5018 2063 5066 tur
2089 5012 2142 5066 in
2167 5011 2347 5067 verbis
2368 5013 2763 5083 apostolorum,
2804 5012 2934 5070 Iesu
2953 5014 3164 5070 Domini
3191 5014 3440 5073 mandata
3481 5031 3574 5074 co-

1973 5105 2205 5177 gnoscit,
2226 5116 2283 5163 et
2297 5107 2609 5164 considerat
2629 5108 2747 5164 vias
2769 5106 2911 5180 ejus,
2930 5109 3129 5182 quibus
3153 5106 3275 5166 ﬂuis
3292 5120 3373 5167 est
3389 5108 3574 5168 Chris-

1979 5211 2087 5268 tus,
2113 5202 2203 5273 qui
2234 5202 2309 5257 ait
2338 5219 2352 5257 :
2379 5199 2494 5274 Ego
2518 5219 2633 5258 sum
2656 5203 2738 5258 via
2764 5200 2941 5273 (Joan.
2967 5216 3080 5272 xtv,
3114 5203 3190 5275 6).

2048 5293 2142 5349 57.
2185 5292 2365 5365 (Vere.
2402 5293 2522 5365 16.)
2551 5292 2623 5349 Et
2658 5294 2713 5349 in
2740 5292 2838 5348 tuis
2862 5294 3083 5363 justitiis
3120 5294 3425 5362 meditabor,
3472 5314 3577 5354 non

1979 5385 2252 5443 obliviscar
2280 5386 2547 5441 verborum
2574 5394 2794 5441 tuorum.
2834 5383 3105 5443 Admonet
3147 5387 3432 5445 hic-locus
3460 5406 3577 5447 mes

1981 5493 2163 5534 mores
2181 5476 2584 5550 Scripturarum
2613 5494 2710 5535 nos
2737 5491 2861 5537 esse
2882 5475 3107 5547 debere,
3121 5487 3179 5537 et
3197 5478 3436 5550 justitias
3457 5482 3584 5553 ejus

1982 5585 2090 5629 non
2118 5573 2298 5629 solum
2315 5587 2594 5641 sermone,
2620 5571 2723 5631 sed
2745 5572 2910 5629 etiam
2936 5572 3121 5643 operis
3145 5573 3445 5630 imitatione
3464 5590 3579 5631 me-

1981 5670 2165 5727 ditari.
2186 5670 2305 5728 Non
2330 5671 2477 5728 enim
2504 5670 2596 5744 qui
2618 5668 2899 5742 disputant
2922 5668 3145 5743 Legem,
3162 5674 3217 5726 et
3242 5683 3351 5725 non
3376 5669 3577 5726 faciunt

1982 5785 2104 5843 qua:
2131 5766 2292 5847 Legis
2322 5775 2485 5838 sunt;
2511 5764 2730 5840 sedqui
2754 5765 2997 5825 factores
3017 5763 3184 5839 [θεῖε
3201 5772 3357 5833 sunt,
3378 5764 3580 5838 justiti-
3658 5830 3669 5839 δ

1981 5872 2192 5920 που,
