4070 6470
1048 476 1279 538 SERMO
1315 473 1636 533 TERTIUS.

1199 622 1245 671 .J
1286 614 1476 670 Gimel.

619 758 671 814 l.
714 755 896 814 Tertia
950 756 1135 812 littera
1178 755 1482 813 secundum
1521 755 1780 813 Hebraeos
1835 762 1920 811 est
1958 754 2147 818 Cimel,

547 868 670 925 quae
701 853 893 909 Latine
921 850 1207 908 retributio
1230 849 1454 906 dicitur.
1481 849 1726 919 Denique
1751 848 1807 904 in
1839 847 2018 919 primo
2039 857 2149 902 sta-

547 946 647 1000 tim
673 959 833 1000 versu
867 944 969 1002 hoc
1001 943 1322 1000 ostenditur.

617 1038 785 1113 994
821 1038 875 1093 2.
919 1037 1109 1112 (Vers.
1145 1038 1260 1109 l7.)
1299 1036 1562 1103 Retribue,
1620 1036 1812 1107 inquit,
1847 1051 1990 1091 servo
2038 1045 2144 1089 tuo.

545 1133 830 1201 Quonde
857 1149 1020 1204 supra
1061 1133 1177 1203 ipse
1231 1131 1398 1186 David
1427 1148 1440 1184 :
1482 1129 1605 1186 Non
1632 1133 1912 1185 secundum
1941 1138 2151 1200 peccata

547 1236 722 1282 nostra
747 1226 936 1282 reddas
979 1225 1125 1280 nobis
1150 1240 1169 1279 :
1203 1241 1364 1296 neque
1392 1225 1674 1279 secundum
1716 1225 2007 1293 iniquitates
2033 1239 2152 1278 nos-

543 1328 648 1374 tras
677 1318 931 1373 retribuas
959 1318 1106 1372 nobis
1134 1315 1307 1388 (Psal.
1340 1333 1434 1384 cu,
1471 1313 1584 1389 l0);
1608 1327 1664 1373 et
1686 1317 1772 1371 hic
1797 1317 1970 1388 poscit
1993 1316 2150 1372 retri-

544 1412 869 1468 hutionem?
898 1410 991 1466 Illa
1015 1409 1228 1466 videtur
1250 1427 1349 1465 vox
1380 1411 1684 1481 peccatoris
1700 1425 1844 1475 esse,
1872 1410 1985 1465 lucc
2013 1410 2150 1465 bene

546 1507 653 1564 sibi
677 1505 906 1572 conscii,
937 1506 1028 1578 qui
1059 1506 1281 1576 pra-mia
1314 1506 1440 1562 boni
1473 1504 1656 1576 operis
1685 1515 1964 1577 expOscat.
1999 1503 2150 1561 Unde

546 1616 837 1674 possumus
853 1601 1018 1657 etiam
1041 1600 1145 1656 hoc
1173 1601 1495 1672 intelligere,
1521 1600 1664 1673 quod
1687 1599 1756 1657 de
1772 1600 1892 1670 ejus
1916 1614 2148 1669 persona

545 1695 790 1768 psalmus
838 1694 945 1751 iste
989 1694 1277 1761 formetur,
1329 1693 1420 1764 qui
1477 1702 1636 1750 natus
1675 1711 1740 1751 ex
1788 1693 2004 1764 Virgine
2053 1708 2148 1764 pro

547 1788 713 1844 totius
742 1786 929 1841 mundi
979 1785 1356 1857 redemptione
1405 1784 1471 1839 ad
1512 1784 1791 1840 dexteram
1839 1783 2014 1838 Patris
2063 1798 2148 1838 se-

1900 353 2150 414 SANCTI
2190 351 2512 414 AMBROSII

2171 474 2225 533 Α
2252 471 2393 529 bene
2433 469 2642 528 addidit
2673 487 2688 526 :
2723 471 2885 528 Seruo
2915 479 3003 527 tuo
3051 471 3096 544 (l
3135 470 3258 528 Cor.
3300 488 3398 540 vn,
3425 472 3542 547 22);
3572 474 3628 530 in
3653 489 3764 546 quo
3811 483 3871 532 et

3716 355 3872 416 1224

2253 566 2578 622 humilitatis
2631 575 2714 623 est
2765 567 2962 636 gratia,
2993 577 3048 622 et
3087 567 3369 638 praemium
3423 568 3721 624 servitutis.
3755 568 3869 637 Qui

2249 660 2394 715 enim
2427 667 2653 716 vocatus
2675 668 2757 716 est
2788 660 2840 716 in
2870 659 3103 716 Domino
3130 675 3344 728 servus,
3376 660 3608 716 libertus
3629 668 3715 717 est
3747 659 3864 716 Do-

2251 752 2409 818 mini,
2443 762 2550 808 tam
2598 754 2840 824 pretioso
2887 762 3104 822 emptus
3151 754 3439 824 sanguine.
3470 752 3725 826 Magnum
3758 753 3862 810 tibi

2250 857 2334 902 est
2363 847 2548 902 vocari
2574 861 2801 918 puerum
2843 862 3046 913 meum,
3079 847 3234 918 quasi
3274 847 3342 902 ad
3370 862 3590 902 servum
3625 845 3858 903 dicitur.

2251 941 2309 997 Si
2337 941 2458 1012 quis
2484 956 2617 1012 ergo
2643 950 2730 998 est
2772 957 2982 1008 servus,
3025 950 3080 997 et
3111 941 3249 998 bene
3297 941 3471 998 servit
3516 941 3767 1008 Domino,
3805 950 3866 998 et

2253 1033 2389 1088 nihil
2421 1034 2548 1089 facit
2575 1034 2729 1104 quasi
2761 1049 2953 1090 servus
2978 1034 3186 1104 peccati
3209 1033 3333 1089 :sed
3356 1034 3446 1105 qui
3473 1033 3862 1091 dicit:Servus

2250 1125 2457 1181 inutilis
2484 1140 2650 1192 sum;
2674 1126 2821 1196 quod
2849 1125 3016 1183 debui
3040 1126 3241 1194 facere,
3273 1125 3376 1182 ieci
3400 1143 3414 1192 ;
3439 1125 3579 1183 bene
3608 1127 3654 1184 is
3671 1127 3804 1183 dicit
3841 1145 3856 1182 :

2251 1223 2492 1279 Retribuc
2517 1240 2660 1278 servo
2686 1233 2796 1278 tuo.

2322 1316 2373 1370 6.
2416 1315 2673 1372 Gloriosa
2719 1315 2976 1380 servitus,
3033 1332 3138 1386 qua
3183 1332 3284 1386 pro
3328 1316 3486 1371 nobis
3526 1315 3756 1372 servivit
3799 1325 3861 1372 et

2250 1408 2524 1465 Christus.
2552 1420 2577 1447 ιι
2606 1410 2772 1466 Beata
2799 1409 3060 1475 servitus,
3085 1426 3188 1479 qua
3217 1419 3273 1466 et
3297 1419 3354 1463 tu
3385 1410 3558 1466 servis
3584 1426 3598 1464 :
3630 1409 3724 1465 sed
3755 1411 3855 1475 ita,

2249 1503 2293 1559 si
2318 1501 2450 1557 nihil
2477 1503 2654 1574 possit
2694 1503 3042 1558 adversarius
3068 1503 3136 1559 de
3179 1513 3269 1558 tuo
3295 1503 3398 1560 sibi
3429 1504 3650 1560 servitio
3678 1501 3859 1558 vindi-

2248 1611 2395 1652 care.
2430 1597 2592 1652 Amat
2634 1612 2763 1667 ergo
2789 1595 3042 1652 Christus
3090 1595 3220 1651 boni
3271 1597 3578 1653 libertatem
3625 1596 3852 1652 servuli.

2249 1689 2491 1761 Denique
2523 1692 2574 1744 in
2603 1689 2846 1746 Canticis
2877 1689 3008 1744 dicit
3042 1709 3054 1744 :
3094 1692 3265 1759 Quam
3284 1693 3529 1762 speciosa:
3556 1695 3709 1764 factte
3735 1699 3858 1745 sunt

2249 1799 2394 1856 gena:
2422 1794 2522 1839 tute
2569 1785 2698 1838 sicut
2753 1784 2990 1850 turturis,
3049 1785 3220 1838 cervix
3249 1794 3340 1839 tua
3370 1784 3502 1838 sicut
3550 1783 3857 1838 redimicula

546 1881 678 1936 dere
722 1887 1011 1952 praesumat
1032 1920 1047 1944 ,
1081 1879 1223 1934 sicut
1255 1880 1370 1948 ipse
1403 1877 1479 1932 ait
1509 1895 1522 1930 :
1553 1877 1752 1931 Antodo
1782 1876 2014 1931 videbitis
2055 1872 2152 1928 Fi—
2178 1882 2226 1944 Β
2255 1878 2429 1952 (Cant.
2457 1895 2496 1947 ι,
2527 1878 2602 1950 9)!
2648 1878 2839 1934 Vultus
2869 1877 3091 1934 liberior
3139 1887 3246 1939 est.
3287 1879 3378 1933 ubi
3409 1887 3493 1934 est
3519 1876 3548 1916 δ
3589 1876 3857 1932 castitatis

540 1972 669 2028 lium
708 1972 929 2027 hominis
974 1971 1236 2027 sedentem
1274 1969 1342 2024 ad
1387 1969 1652 2026 dexteram
1688 1968 1891 2024 virtutis
1927 1967 2144 2040 (Matth.

548 2082 697 2132 xxvi,
725 2068 834 2136 64).

620 2161 674 2217 3.
716 2159 834 2216 Non
866 2169 950 2215 est
977 2170 1156 2215 tamen
1181 2159 1442 2226 alienum,
1473 2173 1576 2214 nec
1601 2172 1885 2229 arrogans,
1915 2157 1960 2212 si
1985 2157 2147 2214 etiam

552 2253 724 2311 David
755 2256 1248 2312 remunerationem
1277 2269 1310 2308 a
1347 2252 1578 2308 Domino
1610 2253 1722 2310 Deo
1750 2269 1850 2308 suo
1875 2267 1974 2322 pro
2003 2267 2150 2322 egre-

546 2351 651 2423 giis
689 2350 966 2407 laboribus
1011 2349 1266 2420 postulet.
1299 2347 1660 2414 Prasrogativa
1696 2357 1782 2404 est
1825 2347 1950 2403 ﬁdei
1987 2356 2151 2416 atque

542 2441 876 2514 justitiaa,de
904 2440 1315 2496 Domiuil'avore
1337 2439 1641 2496 mercedem
1671 2454 1956 2508 usurpare.
1986 2439 2151 2495 Deni-

547 2551 654 2608 que
676 2533 1094 2604 reprehenditur
1116 2533 1309 2590 Petrus
1333 2531 1550 2605 (Matth.
1570 2549 1680 2599 xtv,
1704 2532 1767 2588 51
1782 2534 1824 2599 ),
1841 2531 1964 2603 quia
1987 2546 2152 2601 super

549 2628 744 2684 ﬂuctus
787 2628 1096 2692 ambulans,
1128 2627 1365 2682 humano
1392 2625 1564 2697 magis
1615 2625 1880 2680 dubitavit
1931 2623 2147 2692 aﬁ'ectu,

545 2736 708 2793 quam
736 2719 1034 2789 apostolica
1065 2719 1392 2774 auctoritate
1424 2717 1786 2788 praesumpsit.
1821 2716 1878 2772 In
1907 2717 2150 2788 Evange-

542 2814 616 2871 lio
645 2827 862 2886 quoque
901 2811 1164 2868 docemur
1191 2811 1394 2868 habere
1436 2810 1596 2866 ﬁdem
1625 2809 1778 2882 (an.
1813 2826 1948 2874 xvn,
1978 2813 2056 2879 6),
2091 2819 2150 2866 et

539 2921 650 2964 non
682 2908 937 2964 haesitare
955 2906 1022 2962 de
1045 2907 1113 2964 iis
1131 2922 1251 2977 quae
1277 2921 1440 2976 supra
1465 2905 1745 2961 hominem
1775 2913 1923 2968 sunt,
1950 2919 2148 2976 geren-

543 3000 650 3056 dis.
678 2999 871 3056 Merito
900 3015 1032 3072 ergo
1058 2999 1226 3054 David
1267 3000 1320 3053 in
1349 2999 1746 3068 superioribus,
1773 2999 1930 3066 quasi
1971 2998 2149 3053 adhuc

543 3091 922 3163 imperfectus,
978 3090 1278 3147 secundum
1329 3100 1550 3161 peceata
1591 3091 1693 3146 sibi
1728 3090 1880 3146 reddi
1924 3089 2144 3161 refugit,

545 3196 712 3258 atque
727 3185 966 3242 declinat
984 3203 996 3239 :
1013 3185 1065 3241 in
1085 3187 1189 3242 hoc
1214 3193 1394 3241 autem
1423 3185 1634 3256 psalmo
1657 3186 1745 3257 qui
1770 3194 1855 3241 est
1873 3185 2148 3256 posterior

2251 1970 2586 2026 conscientia
2616 1988 2628 2022 :
2661 1979 2716 2026 et
2762 1981 2984 2041 portare
3013 1969 3218 2027 Christi
3237 1971 3427 2043 jugum
3472 1985 3640 2027 suave
3668 1979 3776 2034 est,
3805 1969 3856 2024 si

2252 2073 2569 2120 ornamenta
2623 2074 2780 2133 putes
2828 2064 3064 2120 cervicis
3097 2077 3200 2120 ture
3226 2079 3371 2124 esse.
3405 2080 3512 2119 non
3534 2079 3722 2118 ooera.
3753 2066 3854 2119 At-

2252 2157 2382 2213 tolle
2407 2173 2540 2228 ergo
2565 2157 2754 2212 oculos
2801 2172 3019 2227 semper
3045 2156 3112 2212 ad
3165 2157 3637 2231 Dominumws
3688 2156 3854 2211 Deum

2255 2260 2430 2319 tuum,
2461 2261 2514 2308 et
2545 2267 2727 2323 quer
2778 2251 2947 2306 Deum
2977 2260 3034 2306 ut
3063 2252 3328 2306 invenias.
3357 2251 3516 2321 Erige
3541 2251 3809 2305 cervicem
3838 2266 3853 2313 ;

2252 2345 2598 2409 redimicula,
2637 2361 2745 2400 non
2775 2345 2987 2401 vincula
3018 2345 3184 2417 geris.
3211 2345 3378 2402 Multa
3404 2361 3619 2415 quoque
3649 2344 3857 2399 anima-

2253 2439 2325 2494 lia
2375 2438 2710 2495 reditniculis
2757 2439 3016 2510 gaudent,
3049 2449 3105 2496 et
3155 2439 3426 2510 phalerari
3457 2439 3560 2494 sibi
3607 2438 3795 2508 magis,
3829 2448 3850 2475 ε

2253 2549 2413 2603 quam
2441 2533 2710 2588 vinculari
2734 2532 3006 2588 videntur.
3039 2532 3207 2589 Gente
3233 2534 3378 2588 sicut
3406 2533 3635 2588 turturis
3667 2529 3859 2602 prmle-

2251 2637 2376 2683 rant
2403 2629 2630 2700 insignia
2665 2629 3051 2684 verecundiae:
3087 2628 3402 2684 redimicula
3431 2627 3662 2684 cervicis
3689 2626 3855 2681 liber-

2252 2721 2376 2777 tatis
2407 2721 2661 2778 attollant
2684 2723 2956 2778 ﬁduciam.
2976 2722 3120 2779 Leve
3149 2732 3234 2779 est
3263 2724 3612 2793 enimjugum
3631 2719 3852 2786 Christi;

2251 2824 2306 2870 et
2329 2814 2454 2870 ideo
2474 2815 2657 2871 cervix
2690 2832 2757 2872 eo
2789 2831 2894 2870 non
2929 2817 3212 2886 premitur.
3239 2817 3332 2871 sed
3368 2817 3602 2871 levatur.

2325 2909 2379 2963 7.
2421 2909 2828 2974 Similitudines,
2855 2910 3049 2980 inquit,
3095 2911 3215 2964 auri
3243 2911 3500 2980 faciemus
3529 2911 3616 2964 tibi
3664 2929 3727 2966 ex
3761 2912 3846 2964 di-

2253 3003 2613 3058 stinctionibus
2637 3004 2882 3075 argenti;
2908 3003 3238 3073 quoadusque
3267 3001 3381 3058 Rea:
3417 3013 3492 3057 est
3537 3004 3590 3057 in
3632 3005 3852 3058 declina-

2251 3095 2390 3148 tione
2435 3111 2531 3149 sua
2582 3095 2770 3168 (Ibid.,
2807 3093 2919 3165 10).
2956 3095 3030 3149 Ex
3062 3094 3128 3150 iis
3150 3097 3297 3150 enim
3329 3094 3422 3163 Qui
3452 3110 3517 3150 ex
3552 3094 3698 3165 Lege
3733 3104 3856 3151 sunt

2253 3197 2307 3244 et
2342 3187 2641 3258 prephetis,
2676 3189 3026 3244 "lt‘diOt'l‘ilCI‘
3079 3198 3207 3248 ante
3250 3189 3599 3246 crediderant
3624 3190 3849 3258 gloriam

547 3279 721 3354 (Psal.
755 3295 850 3345 cu,
879 3277 990 3352 10).
1018 3278 1174 3350 quasi
1219 3279 1476 3334 fundatus
1503 3278 1725 3334 virtutis
1753 3293 2037 3349 processu,
2065 3294 2150 3333 re-
2179 3286 2220 3348 C
2256 3281 2466 3336 Domini
2491 3281 2651 3337 Jesu:
2678 3281 2770 3336 sed
2805 3281 3094 3337 haeretlitas
3114 3283 3234 3351 ejus
3255 3281 3444 3337 dili‘usn
3480 3298 3575 3353 per
3606 3282 3853 3353 populos,

545 3372 714 3429 tribui
742 3372 846 3429 sibi
877 3372 1175 3428 secundum
1209 3371 1335 3428 ﬁdei
1390 3373 1683 3442 operisque
1710 3373 2006 3429 certamina
2049 3372 2147 3428 de-

543 3478 815 3538 precatur.
847 3465 1128 3534 Siquidem
1169 3466 1335 3522 etiatn
1370 3465 1590 3532 Paulus,
1623 3465 1716 3536 qui
1742 3474 1870 3521 ante
1888 3466 2103 3520 dixerat
2135 3483 2148 3521 :

548 3559 674 3616 Non
701 3578 814 3615 sunt
838 3561 1030 3633 dignus
1056 3562 1228 3616 vocari
1245 3561 1513 3626 apostolus
1536 3559 1716 3632 (lCor.
1737 3575 1829 3620 xv.
1851 3559 1931 3632 9),
1958 3569 2148 3632 postea

546 3655 623 3711 ait
653 3673 666 3709 :
697 3654 951 3724 Reposito
1001 3665 1074 3710 est
1104 3655 1232 3708 mihi
1273 3671 1466 3710 corona
1501 3654 1743 3725 justitite,
1787 3671 1942 3724 quam
1976 3653 2151 3708 reddet

544 3750 673 3804 milii
715 3749 972 3805 Dominus
1013 3750 1067 3803 in
1114 3750 1208 3804 illa
1260 3750 1364 3812 die,
1392 3749 1754 3819 justusiudea:
1786 3766 1800 3802 :
1837 3765 1940 3803 non
1980 3749 2150 3803 solum

549 3854 726 3900 autem
776 3845 926 3911 mihi,
980 3844 1068 3899 sed
1115 3853 1162 3898 et
1190 3844 1263 3898 eis
1307 3843 1396 3914 qui
1439 3843 1662 3914 diligunt
1714 3843 1990 3898 adventum
2039 3844 2151 3909 ejus

548 3935 619 4009 (11
647 3935 784 3992 Tim.
810 3952 884 4002 tv,
909 3935 987 4008 8).
1007 3936 1075 3991 Et
1101 3935 1394 4006 Apostolus
1417 3934 1491 3990 ibi
1515 3935 1825 4005 pOlllCctur,
1859 3934 1947 3989 hic
1970 3942 2152 3988 autem

546 4029 916 4087 verecundius
944 4027 1124 4086 adhuc
1150 4041 1403 4098 precatur
1439 4046 1452 4083 :
1481 4027 1624 4100 quod
1653 4027 1842 4098 utique
1872 4042 1981 4082 non
2009 4027 2156 4081 inso-

545 4124 712 4182 lentis
755 4125 1106 4197 arrogantize,
1131 4123 1228 4180 sed
1259 4123 1566 4180 innocentis
1594 4132 1681 4179 est
1699 4122 2054 4179 conscientiae
2080 4121 2151 4176 ab

547 4220 670 4294 ipso
695 4221 782 4277 cui
825 4219 1112 4286 servieris,
1150 4228 1340 4292 petere
1380 4217 1721 4285 mercedem;
1761 4218 2016 4290 quoniam
2056 4215 2152 4273 de-

548 4332 774 4390 sperare
801 4316 1054 4387 segnitiei
1077 4323 1162 4372 est
1184 4314 1412 4370 materia
1439 4331 1452 4368 :
1475 4328 1702 4385 sperare
1728 4323 1934 4379 autem,
1964 4311 2152 4367 incen-

549 4411 716 4466 tivum
745 4410 948 4466 laboris
975 4417 1080 4466 est.

623 4503 678 4558 4.
720 4503 850 4560 Pete
879 4504 1043 4573 igitur
1067 4499 1430 4567 conﬁdenter,
1455 4499 1503 4555 si
1539 4499 1732 4555 merita
1763 4498 2148 4570 sull‘ragantur;

552 4606 611 4655 ut
639 4597 769 4653 talia
811 4597 1044 4668 petendo
1081 4595 1381 4653 studiosius
1408 4595 1678 4663 clabores,
1707 4594 1852 4667 quod
1904 4609 1968 4650 ea
2015 4593 2151 4664 peti-

2255 3394 2363 3450 quo
2394 3378 2731 3450 frequentius
2753 3379 3090 3443 examinata,
3112 3378 3214 3433 hoc
3244 3377 3480 3448 amplius
3501 3388 3587 3433 est
3610 3378 3854 3444 probata.

2253 3472 2470 3528 Crebra:
2501 3474 2646 3528 enim
2680 3473 3088 3544 persecutiones
3133 3472 3392 3528 Ecclesia:
3436 3473 3707 3542 justorum
3756 3487 3856 3528 no-

2253 3567 2337 3623 bis
2365 3565 2391 3604 τί
2426 3568 2635 3634 titulos,
2668 3578 2722 3622 et
2750 3567 2994 3640 martyrii
3029 3567 3284 3621 victorias
3331 3566 3643 3622 ediderunt.
3672 3566 3860 3637 Itaque

2253 3663 2388 3718 sicut
2425 3678 2614 3717 aurum
2649 3663 2876 3726 bonum,
2912 3663 2982 3716 ita
3017 3661 3258 3717 Ecclesia
3289 3677 3412 3716 cum
3460 3661 3654 3728 uritur,
3689 3661 3858 3716 detri-

2255 3767 2436 3811 menta
2487 3773 2594 3811 non
2639 3757 2826 3822 sentit,
2860 3754 2956 3811 sed
3008 3755 3182 3826 magis
3215 3753 3396 3825 fulgor
3443 3754 3561 3823 ejus
3596 3764 3850 3824 augetur;

2253 3847 2428 3904 donec
2452 3848 2702 3904 Christus
2745 3847 2928 3903 veniat
2958 3847 3012 3902 in
3053 3862 3278 3917 regnum
3329 3861 3512 3912 suum,
3540 3854 3598 3902 et
3627 3846 3859 3903 reclinet

2255 3951 2417 4013 caput
2462 3956 2618 3996 suum
2652 3942 2704 3996 in
2761 3941 3021 3996 Ecclesia:
3070 3941 3196 3996 lide.
3225 3940 3471 4009 Quicum
3502 3940 3742 3997 venisset
3791 3941 3855 3996 ad

2255 4051 2387 4092 oves
2413 4035 2656 4107 perditas
2697 4033 2892 4089 domus
2941 4033 3128 4100 lsrael,
3165 4050 3271 4089 non
3310 4033 3546 4088 habebat
3569 4033 3660 4088 ubi
3692 4041 3857 4102 caput

2254 4145 2410 4184 suum
2467 4127 2754 4184 reclinaret
2795 4145 2807 4182 :
2863 4142 3003 4183 nunc
3046 4136 3228 4182 autem
3275 4127 3386 4196 jam
3432 4125 3645 4183 redolet
3688 4125 3853 4192 ﬁdes;

2254 4221 2486 4293 ideoque
2530 4221 2662 4277 dicit
2711 4220 2998 4277 Ecclesia:
3029 4220 3247 4276 Nardus
3295 4237 3406 4274 mea
3453 4220 3586 4275 didit
3643 4221 3853 4275 odorem

2250 4315 2603 4387 suum(]bid.,
2630 4315 2740 4386 ll).
2776 4315 2843 4370 Et
2875 4314 3010 4371 dicit
3028 4329 3150 4371 cum
3184 4314 3611 4386 prmsumptione
3631 4329 3852 4385 exspec-

2256 4420 2380 4467 tans
2409 4409 2843 4466 retributionem.

2328 4501 2382 4558 8.
2427 4501 2654 4574 Fragrat
2677 4509 3009 4571 unguentum
3040 4502 3252 4574 gratiae,
3278 4519 3343 4559 ex
3363 4518 3472 4575 quo
3494 4503 3662 4574 Virgo
3692 4518 3853 4574 gene-

2254 4596 2414 4661 ravit,
2444 4603 2499 4650 et
2530 4592 2791 4650 Dominus
2823 4593 2983 4650 Jesus
3011 4605 3411 4652 sacramentum
3461 4595 3852 4652 lncarnationis

550 4692 697 4750 tione
718 4691 795 4747 sis
823 4691 1059 4762 dignior.
1096 4691 1229 4760 Quis
1249 4690 1449 4746 athleta
1477 4689 1525 4746 si
1563 4689 1817 4760 desperet
1861 4703 2142 4752 coronam,
2173 4692 2228 4753 1)
2253 4685 2884 4760 assumpsit.Colligatio,
2923 4689 3117 4761 inquit,
3139 4699 3300 4762 gutta:
3321 4689 3660 4744 consobrinus
3682 4705 3848 4753 meus,

509 4847 513 4850 ν
547 4785 846 4842 descendat
886 4784 941 4840 in
995 4783 1227 4839 stadium
1259 4801 1272 4838 :
1301 4791 1394 4838 aut
1451 4783 1494 4838 si
1535 4798 1655 4839 eam
1683 4782 1920 4855 postulet
1947 4783 2141 4849 victor,

549 4877 824 4934 oli'endat?
856 4876 1118 4934 Probatio
1166 4891 1316 4948 spem
1365 4875 1514 4942 facit,
1563 4890 1690 4946 spes
1735 4876 2144 4933 conﬁdentiam.

550 4970 689 5029 Justi
719 4987 851 5042 ergo
889 4971 1014 5028 talis
1055 4970 1231 5027 oratio
1274 4980 1359 5028 est
1390 4988 1403 5025 :
1434 4969 1735 5026 delectatur
1767 4970 2026 5026 Dominus
2057 4970 2147 5026 tali

548 5065 904 5138 precatione;
939 5073 998 5120 ut
1023 5079 1122 5136 pro
1169 5063 1406 5136 puritate
1447 5063 1800 5120 conscientia:
1827 5063 1998 5120 utaris
2023 5077 2151 5119 auc-

553 5160 795 5216 toritate.

624 5254 678 5310 5.
729 5253 934 5311 Tamen
985 5252 1278 5326 quominus
1323 5250 1570 5309 videatur
1618 5253 1814 5324 petitio
1863 5267 2147 5325 arrogans,

623 5431 652 5461 ³
694 5423 901 5480 Desunt
924 5421 976 5476 in
1006 5436 1164 5484 mss,
1197 5417 1358 5475 Beata
1397 5419 1634 5484 servitus,
1656 5434 1754 5485 qua
1781 5425 1828 5472 et
1871 5426 1928 5470 tu
1964 5415 2145 5470 seruis.

552 5495 660 5554 Sed
690 5511 796 5550 non
829 5493 1076 5549 videntur
1114 5491 1180 5548 ad
1213 5508 1432 5548 sensum
1477 5489 1858 5557 complendum
1907 5486 2138 5544 inutilia.

624 5565 654 5606 δ
691 5566 822 5622 Mss.
855 5568 1078 5634 aliquot,
1110 5563 1380 5619 charitatis
1407 5563 1717 5618 conscientia
1742 5577 1761 5616 :
1783 5575 1942 5626 unus,
1985 5559 2142 5613 casti-

553 5639 672 5695 tatis
702 5650 748 5693 et
778 5636 1041 5693 charitatis
1061 5635 1398 5692 conscientia.

628 5723 650 5752 ε
691 5709 894 5767 Omnes
914 5709 1044 5765 edit.
1072 5717 1122 5763 et
1148 5707 1553 5779 quatuordecim
1581 5722 1736 5779 mss.,
1761 5701 2146 5779 quam_nttd_ari.

471 5819 489 5838 .
552 5782 686 5848 Reg.
743 5781 892 5844 cod,
945 5797 1098 5854 quant
1130 5775 1354 5854 onerari,
1413 5779 1576 5854 paulo
1627 5778 1843 5854 melius.
1894 5775 2146 5854 Omnium

552 5847 778 5924 oplinte.
818 5847 968 5921 Vat,
991 5870 1145 5924 quam
1173 5847 1425 5910 vinculari
1455 5871 1468 5909 :
1501 5851 1570 5910 de
1588 5869 1695 5924 quo
1721 5851 1890 5907 verbo
1925 5847 2149 5906 consule

550 5926 740 6002 Cangii
769 5926 1125 5986 Glossarium.

2261 4797 2283 4824 ο
2311 4786 2490 4858 botryo
2513 4784 2671 4857 Cypri
2699 4789 2859 4850 frater
2878 4800 3021 4838 meus
3037 4783 3187 4849 mihi,
3211 4784 3347 4838 inter
3367 4782 3535 4837 media
3553 4781 3711 4836 ubera
3742 4797 3851 4837 mea

2256 4880 2527 4951 requiescit
2559 4877 2750 4952 (lbid.,
2786 4878 2898 4950 l2).
2921 4875 3132 4948 Corpus
3177 4877 3324 4932 enim
3348 4875 3652 4946 suscipiens
3680 4874 3852 4932 domi-

2255 4988 2357 5028 nus
2386 4971 2544 5028 Jesus
2575 4971 2862 5028 charitatis
2889 4985 2947 5026 se
2981 4968 3217 5025 vinculis
3258 4968 3518 5038 illigavit:
3550 4976 3608 5023 et
3636 4984 3746 5023 non
3773 4983 3852 5024 so.

2255 5065 2366 5120 lum
2390 5079 2448 5120 se
2471 5064 2731 5120 membris
2776 5062 2978 5118 nostris
3005 5069 3061 5117 et
3096 5059 3444 5130 passionibus
3489 5059 3849 5124 naturalibus,

2253 5157 2350 5214 sed
2378 5159 2543 5213 etiam
2583 5157 2732 5213 cruci
2780 5155 2986 5220 vinxit;
3017 5152 3247 5223 ideoque
3278 5153 3419 5208 sicut
3446 5151 3642 5224 botryo
3663 5153 3716 5206 in
3754 5153 3849 5210 Ec-

2253 5251 2433 5308 clesiae
2455 5251 2579 5319 ﬁde,
2597 5259 2652 5307 et
2670 5248 2861 5305 morali
2885 5244 3180 5318 requiescit
3203 5244 3399 5317 gratia.
3424 5243 3477 5300 Ν
3483 5245 3645 5300 ardus
3669 5243 3847 5316 Cypri,

2327 5412 2353 5449 ά
2395 5413 2524 5495 Mss.
2560 5426 2666 5495 non
2697 5411 2872 5495 pauci,
2903 5407 3078 5495 titulos
3100 5407 3336 5480 martyrii
3369 5406 3610 5481 (quidam
3655 5417 3847 5478 marty-

2252 5501 2390 5554 rum)
2422 5484 2650 5538 victoriis
2679 5481 2971 5538 ediderunt.

2327 5569 2350 5595 ε’
2391 5556 2552 5611 Rom.
2585 5555 2718 5610 edtt.
2767 5563 3032 5616 eraserat,
3076 5554 3254 5624 botryo
3309 5550 3471 5624 Cypri
3523 5550 3682 5619 frater
3711 5567 3850 5624 meus

2255 5629 2382 5683 mihi
2413 5644 2431 5683 :
2459 5643 2579 5698 qum
2603 5626 2763 5682 verba
2792 5635 2900 5698 tum
2927 5627 2993 5698 in
3013 5640 3140 5698 mss.
3173 5623 3236 5679 ac
3267 5623 3375 5698 vet.
3405 5624 3537 5698 edit.
3569 5623 3850 5698 reperiun-

2255 5711 2362 5766 tur,
2395 5695 2506 5754 tum
2536 5701 2696 5753 etiam
2739 5697 2878 5765 apud
2916 5695 3058 5752 LXX
3087 5699 3284 5765 interp.
3315 5695 3468 5762 Quod
3499 5702 3678 5748 autem
3714 5695 3848 5749 inira

2256 5773 2446 5830 eadem
2470 5770 2600 5824 edit.
2634 5769 2814 5832 habet,
2846 5767 3033 5824 Botrus
3063 5767 3219 5838 Cypri
3245 5767 3609 5838 consobrinus,
3635 5776 3767 5828 etc.,
3798 5767 3848 5822 iu

2253 5845 2356 5901 hoc
2377 5841 2598 5914 quidem
2628 5842 2691 5897 ad
2720 5841 3017 5914 Scriptura:
3041 5837 3244 5914 textum
3267 5838 3496 5914 accedit,
3519 5837 3615 5894 sed
3638 5839 3707 5894 ab
3735 5853 3852 5894 om-

2255 5906 2416 5976 nibus
2443 5929 2572 5971 mss.
2607 5930 2668 5971 ac
2696 5913 2828 5972 edit.
2849 5906 3236 5970 'Ambrosianis
3265 5910 3488 5966 recedit.
