4070 6514
221 375 351 435 Η.ῧῦ

1310 362 1382 427 ιΝ
1420 364 1748 430 ΡδΑιιιιιιι
1785 364 1994 431 CXVIII
2034 360 2418 430 EXPOSITIO.

3379 375 3519 436 1⁸226

222 494 555 554 consobrinus
579 506 720 549 metu
740 492 795 547 in
823 490 985 547 vineis
1010 487 1256 563 Engatldi
1279 488 1456 559 (Cant.
1484 504 1524 555 ι,
1549 486 1665 560 15).
1699 485 1807 542 Ειι-
1835 491 1887 551 Α
1914 487 2055 543 sicut
2092 488 2147 543 in
2190 486 2507 559 prophetico
2555 484 2697 542 libro
2747 485 3066 544 testiﬁcatur
3111 488 3229 562 ipse
3281 491 3469 551 dicens
3501 513 3516 550 :

219 590 396 663 gaddi,
423 589 468 645 si
520 587 697 643 locum
746 585 1066 658 quaerimus,
1097 583 1341 655 regionis
1378 580 1661 653 cujusdam
1690 593 1813 651 quas

222 685 271 741 in
297 683 481 739 Judata
510 690 615 749 est,
642 681 793 735 locus
823 678 901 735 sic
927 678 1156 746 dicitur,
1178 680 1230 734 iu
1262 668 1371 750 quo
1393 677 1808 749 opobalsamum

220 780 446 852 gignitur
471 797 485 834 :
509 779 554 833 si
581 778 1115 848 interpretationem,
1150 776 1394 848 Eugaddi
1436 775 1666 831 tentatio
1692 773 1816 829 lati—

223 886 286 928 ne
313 869 669 941 signiﬁcatur.
694 869 752 925 ln
796 870 905 925 illis
929 883 1059 940 ergo
1088 868 1259 924 vineis
1299 869 1499 938 lignum
1522 876 1625 933 cst,
1669 865 1817 938 quod

220 964 262 1019 si
284 964 406 1035 quis
433 973 787 1034 compungat,
841 970 1178 1034 unguentum
1226 961 1460 1016 emittit:
1491 960 1578 1016 hic
1609 960 1817 1015 fructus

220 1071 300 1115 est
332 1058 483 1130 ligni.
517 1058 575 1113 Si
604 1075 712 1114 non
741 1057 1267 1148 incidatur‘ligqum,
1300 1071 1406 1111 non
1432 1057 1503 1111 ita
1534 1056 1736 1127 fragrat
1764 1063 1819 1111 et

180 1120 466 1218 iredolet;
529 1168 652 1209 cum
703 1164 887 1208 autem
938 1120 1323 1221 coinptittetum
1374 1149 1539 1205 fuerit
1594 1147 1819 1203 artiﬁcis

147 1241 153 1277 ⁸
223 1265 405 1315 manu.
441 1257 571 1305 tunc
596 1249 893 1319 laerymam
920 1245 1147 1300 distillat
1177 1263 1191 1298 :
1219 1246 1361 1300 sicut
1388 1255 1443 1300 et
1465 1242 1717 1300 Christus
1764 1241 1817 1297 in

222 1341 313 1399 illo
342 1341 663 1409 tentationis
702 1342 848 1411 ligno
888 1339 1181 1394 cruciﬁxus
1227 1338 1602 1411 illacryntabat
1652 1351 1822 1408 popu-

223 1436 329 1494 lum
349 1478 364 1504 ,
393 1444 449 1493 ut
480 1447 700 1505 peccata
729 1445 910 1489 nostra
940 1433 1195 1499 dilueret,
1224 1442 1279 1489 et
1300 1432 1368 1489 de
1393 1432 1696 1488 visceribus
1722 1431 1822 1485 Ini-

224 1530 543 1591 serieordiat
570 1544 680 1584 sum
708 1527 963 1584 fundebat
991 1540 1351 1599 unguentum,
1376 1527 1565 1583 dicens
1590 1545 1604 1581 :
1640 1525 1817 1594 Pater,

225 1623 420 1686 dimitte
442 1623 580 1688 illis;
599 1622 720 1695 quia
733 1622 960 1676 nesciunt
980 1620 1109 1692 quid
1122 1622 1319 1691 faciunt
1339 1620 1517 1694 (Luc.,
1536 1636 1691 1687 χχιιι,
1706 1619 1818 1691 54).

1916 579 2030 651 Ego
2056 596 2190 649 sum,
2220 597 2313 653 ego
2334 597 2468 647 sum,
2488 581 2575 652 qui
2606 580 2748 635 deleo
2770 581 3067 653 iniquitates
3091 593 3227 652 tuas,
3249 595 3296 639 et
3325 602 3521 641 memor

1916 692 2018 731 non
2063 690 2191 731 ero:
2224 687 2279 731 tu
2320 686 2491 731 autent
2523 694 2714 732 memor
2742 688 2867 743 esto,
2903 688 2948 733 et
2962 678 3283 752 judicenmr.
3317 679 3412 736 Dic
3466 689 3523 735 tu

1917 772 2063 836 prius
2083 770 2379 842 iniquitates
2408 780 2544 836 tuas,
2578 782 2632 826 ut
2649 772 2956 843 justi/terris
2985 771 3156 847 (Εδαὶ.
3190 789 3345 837 xLIIt,
3375 773 3447 830 9.5
3472 782 3523 831 et

1914 862 2032 933 ‘26).
2059 861 2395 932 Quicumque
2425 877 2556 933 ergo
2597 863 2733 919 dicit
2766 864 3081 935 iniquitates
3109 881 3235 922 suas
3268 866 3400 933 Deo,
3428 866 3521 936 ju-

1918 956 2181 1011 stilicatur
2210 971 2222 1007 :
2255 964 2310 1011 et
2353 955 2681 1026 quicumque
2725 956 3074 1027 justiﬁeator,
3109 959 3523 1017 retributionem

1920 1064 2028 1104 non
2062 1048 2236 1115 timet,
2252 1048 2347 1104 sed
2373 1047 2653 1121 exposcit:
2673 1051 2764 1120 qui
2787 1051 3196 1109 retributionem
3216 1069 3324 1109 non
3345 1054 3523 1122 timet,

1919 1143 2084 1197 vivet.

1994 1236 2083 1292 ‘ll.
2128 1236 2233 1293 Sed
2257 1253 2425 1309 quare
2454 1237 2588 1294 dixit
2622 1255 2634 1292 :
2672 1237 2872 1307 Vivam,
2905 1247 2961 1294 et
2988 1256 3092 1296 non
3122 1242 3259 1298 dixit
3292 1262 3306 1297 :
3340 1242 3521 1305 Vivo?

1921 1331 2055 1402 Quia
2087 1330 2204 1387 luce
2232 1333 2335 1387 vita
2370 1349 2473 1389 non
2499 1344 2586 1395 est
2607 1334 2727 1389 loco
2749 1335 2981 1411 praemii,
3006 1352 3125 1403 quzc
3148 1336 3201 1391 in
3232 1338 3352 1393 loco
3376 1354 3527 1392 mor-

1921 1424 1993 1479 tis
2014 1434 2117 1480 est.
2153 1424 2312 1480 Dolet
2341 1426 2607 1501 Propheta
2647 1428 2699 1481 in
2747 1429 3023 1498 pulverem
3077 1430 3267 1487 mortis
3306 1445 3366 1486 se
3406 1446 3532 1488 es.~e

1924 1517 2214 1573 deductum
2250 1518 2423 1592 (Psal.
2454 1536 2563 1583 xxI.
2598 1519 2686 1592 l6)
2715 1538 2727 1575 :
2760 1522 3055 1592 Apostolus
3096 1524 3248 1592 cupit
3288 1539 3355 1578 ex
3428 1524 3533 1581 huc

1926 1614 2121 1670 mortis
2152 1629 2383 1685 corpore
2434 1615 2654 1672 liberari
2687 1615 2893 1695 (Rom.,
2925 1632 3018 1681 vn.
3052 1616 3169 1689 24);
3201 1626 3251 1672 et
3277 1627 3534 1693 putamus

227 1716 376 1772 ’l‘tmc
401 1730 532 1785 ergo
578 1716 631 1769 in
682 1714 832 1786 ligno
856 1724 1218 1785 compunctus
1264 1725 1348 1769 est
1380 1712 1595 1780 lancea,
1626 1723 1681 1767 et
1710 1712 1827 1767 exi—
1926 1706 2070 1778 quod
2119 1708 2185 1763 de
2233 1707 2335 1764 hac
2358 1708 2466 1763 vita
2499 1708 2603 1763 sibi
2655 1710 2963 1777 blandiatur
2992 1710 3307 1780 Propheta?
3337 1709 3536 1766 Omnia

226 1808 303 1865 vit
328 1808 397 1865 de
433 1824 500 1865 eo
527 1808 750 1879 sanguis
801 1817 856 1867 et
896 1823 1036 1879 aqua
1067 1808 1215 1862 omni
1262 1817 1543 1878 unguento
1583 1808 1824 1873 suavior,
1929 1800 2019 1857 hic
2049 1802 2207 1872 plena
2228 1803 2420 1859 mortis
2449 1814 2593 1859 sunt.
2618 1804 2787 1859 Intrat
2809 1820 2957 1861 mors
2985 1822 3082 1881 per
3110 1806 3429 1871 fenestram,
3455 1809 3537 1859 itt-

225 1914 445 1972 accepta
494 1903 608 1957 Deo
664 1901 865 1968 hostia,
918 1917 1014 1973 per
1059 1910 1229 1958 totum
1284 1902 1548 1957 mundum
1598 1902 1822 1958 odorem
1855 1898 1902 1960 Β
1930 1905 2038 1950 trat
2071 1912 2166 1965 per
2192 1898 2427 1963 ostium;
2463 1899 2561 1953 nisi
2586 1898 2849 1952 Dominus
2880 1900 3021 1953 ostio
3046 1908 3136 1953 tuo
3163 1909 3327 1970 ponat
3353 1912 3539 1954 custo-

152 1979 182 2028 ⁸
223 1995 672 2053 sanctiﬁcationis
719 1995 1048 2052 eﬂ‘undens:
1095 2005 1151 2052 et
1205 1997 1359 2068 quasi
1411 1997 1710 2051 balsamum
1761 2013 1829 2053 ex
1932 1985 2098 2041 diam.
2155 1986 2397 2058 Denique
2437 2003 2507 2042 ex
2564 1987 3215 2059 utultiluquiopeceatum
3269 1991 3549 2055 nascitur.

225 2089 456 2153 arbore,
480 2090 560 2144 sic
588 2091 764 2144 virtus
794 2088 1027 2144 exibate
1049 2104 1298 2160 corpore.
1328 2089 1482 2146 Untle
1515 2091 1623 2145 ait:
1651 2088 1830 2146 Sentio
1930 2080 2074 2153 Lt'ge
2117 2082 2374 2136 mandatla
2421 2080 2605 2154 Legis,
2655 2094 2710 2138 et
2759 2082 3006 2139 invenies
3058 2087 3321 2161 scriptum
3352 2100 3365 2137 :
3402 2083 3541 2153 Quia

226 2183 462 2238 virtutem
486 2183 651 2238 exisse
679 2183 743 2238 de
771 2198 854 2237 me
880 2181 1060 2254 (Lua,
1094 2199 1207 2249 vttt,
1243 2183 1359 2256 46).
1390 2184 1521 2240 Inde
1547 2191 1575 2220 ι
1610 2182 1833 2255 opobal-

224 2291 437 2331 samum
493 2275 777 2346 expressio
818 2276 1051 2343 dicitur;
1106 2291 1173 2333 eo
1214 2277 1360 2347 quod
1412 2276 1834 2350 compunctiune

226 2370 359 2442 ligni
413 2370 714 2425 balsamum
765 2385 862 2440 per
895 2385 1181 2425 cavernam
1226 2371 1537 2440 punctionis
1574 2370 1831 2441 erumpit.

1933 2177 2102 2229 vivens
2154 2177 2199 2230 si
2238 2187 2495 2231 mortuum
2526 2178 2818 2251 contigerit,
2845 2178 3149 2253 inquinatur
3182 2176 3370 2249 (Nunt.
3427 2192 3543 2241 xIx.

1937 2267 2050 2339 Η).
2080 2268 2325 2337 Quantos
2360 2270 2627 2341 tangimus
2659 2273 2939 2327 mortuos?
2971 2274 3116 2326 Inter
3138 2282 3375 2343 quantus
3397 2284 3548 2324 Illor-

1934 2372 2061 2417 tuus
2106 2365 2421 2419 versantur?
2463 2365 2588 2420 lt‘leo
2618 2366 2717 2421 tibi
2750 2365 2956 2425 Auctor
2998 2367 3121 2421 vitae
3151 2365 3282 2421 dicit
3319 2384 3332 2420 :
3360 2365 3547 2423 Relin-

228 2461 601 2532 Cumpuuctus
636 2465 799 2533 igitur
825 2462 986 2518 Jesus
1014 2462 1236 2519 odorem
1269 2466 1609 2520 remissionis
1645 2481 1835 2534 pecca-
1935 2475 2036 2528 que
2081 2470 2313 2514 mortuos
2358 2462 2575 2534 sepelire
2604 2473 2835 2516 mortuos
2872 2478 2994 2521 suos
3027 2460 3247 2535 (Matth.
3277 2450 3390 2529 vui.
3423 2456 3542 2523 22).

230 2564 431 2613 Iurutn.
460 2556 626 2629 996
650 2566 703 2610 et
724 2555 1121 2624 redemptionis
1137 2556 1326 2612 eﬂ'udit
1348 2556 1835 2629 (Luc.,xxnt,ll).
1939 2552 2066 2608 ldco
2100 2553 2195 2607 tibi
2223 2554 2347 2607 alibi
2381 2553 2578 2608 dicitur
2605 2573 2618 2609 :
2651 2554 2822 2629 Surge
2847 2554 2933 2626 qui
2977 2554 3196 2617 dormis,
3228 2564 3276 2608 et
3332 2569 3551 2625 exsurge

228 2647 363 2705 Nam
415 2659 472 2704 et
513 2649 848 2704 constrictus
893 2660 1010 2705 erat
1042 2649 1299 2714 Verbum,
1333 2666 1457 2705 cum
1487 2660 1633 2706 esset
1675 2653 1838 2705 homo
1940 2663 1971 2701 a
2002 2648 2215 2702 mortuis
2257 2646 2481 2720 (Ep/tes.
2516 2664 2568 2713 ν,
2604 2648 2720 2719 14).
2753 2648 3036 2719 Quomodo
3086 2650 3183 2703 tibi
3216 2648 3496 2708 diceretur
3531 2665 3547 2703 :

228 2741 412 2799 factus
437 2761 450 2796 :
479 2751 536 2797 et
562 2758 767 2811 pauper
796 2743 970 2797 tactus
992 2749 1097 2806 est,
1122 2758 1244 2797 cum
1271 2743 1422 2798 dives
1446 2752 1624 2807 esset;
1659 2752 1715 2797 ut
1739 2757 1839 2798 nos
1941 2741 2116 2811 Surge
2154 2758 2183 2793 τι
2218 2743 2451 2797 mortuis
2470 2783 2484 2809 ,
2522 2742 2623 2797 nisi
2650 2743 2791 2799 inter
2821 2752 3066 2798 mortuos
3089 2743 3341 2799 viveres?
3375 2744 3552 2798 Pona-

233 2834 379 2901 illius
434 2836 617 2903 inopia
664 2834 990 2889 ditaremur.
1028 2836 1229 2890 Potens
1259 2844 1398 2896 erat.
1432 2844 1487 2889 et
1537 2835 1846 2904 despicien-
1945 2847 2066 2886 ntus
2097 2842 2148 2886 te
2199 2833 2457 2887 mundum
2490 2848 2613 2888 esse
2642 2834 2711 2887 ab
2736 2835 2993 2904 Operibus
3039 2837 3288 2902 mortuis,
3319 2847 3373 2891 et
3423 2850 3552 2905 pec-

231 2927 367 2982 dum
399 2942 462 2982 se
491 2926 749 2996 praebuit;
800 2928 875 2983 ita
902 2940 961 2982 ut
992 2928 1237 2983 Herodes
1274 2939 1560 2998 sperneret
1611 2942 1733 2982 cum
1790 2934 1847 2981 et
1947 2924 2055 2979 cati
2079 2924 2421 2990 colluvione;
2456 2925 2729 2996 quomodo
2758 2926 2993 2981 mundus
3019 2943 3098 2991 es,
3125 2929 3215 2999 qui
3242 2928 3294 2981 in
3323 2943 3557 2997 corpore

237 3018 499 3075 illuderet
523 3018 594 3074 ei.
628 3019 851 3073 Terram
898 3021 1174 3084 movebat,
1199 3029 1256 3075 et
1300 3021 1537 3075 haerebat
1568 3020 1620 3073 in
1654 3019 1799 3089 ligno
1830 3037 1844 3072 :

235 3112 437 3168 omium
469 3110 774 3166 obducebat
807 3112 1072 3178 tenebris,
1101 3113 1362 3167 mundum
1394 3112 1770 3182 crueiﬁgcbat:
1794 3120 1850 3167 et

234 3202 536 3260 cruciﬁxus
565 3210 690 3257 erat
718 3222 731 3255 :
758 3202 1055 3258 inclinabat
1080 3214 1261 3275 caput,
1290 3216 1344 3260 et
1368 3205 1551 3260 exibat
1571 3205 1794 3258 verbum
1830 3220 1842 3255 :

235 3296 551 3354 exinanitos
577 3303 716 3360 erat,
745 3306 799 3350 et
828 3296 1080 3364 replebat
1106 3296 1286 3351 omnia
1318 3313 1330 3350 :
1359 3296 1644 3351 descendit
1676 3296 1841 3364 Deus,
1869 3287 1917 3351 C

239 3389 492 3453 ascendit
534 3387 743 3444 homo:
785 3387 1027 3446 Verbum
1065 3404 1193 3444 caro
1235 3390 1438 3445 factum
1477 3397 1599 3455 est,
1630 3399 1689 3443 ut
1716 3404 1846 3444 caro

240 3484 347 3541 sibi
370 3482 537 3539 Verbi
571 3482 771 3538 solium
801 3482 852 3536 in
884 3482 978 3537 Dei
1009 3481 1235 3538 dextera
1265 3483 1569 3538 vindicaret
1601 3499 1615 3537 :
1646 3480 1846 3537 vulnus

240 3576 508 3633 iullictum
535 3584 670 3640 erat,
697 3585 754 3631 et
781 3576 980 3635 ﬂuebat
1014 3586 1345 3647 unguentum
1371 3596 1384 3631 :
1406 3578 1716 3634 scarabaeus
1750 3591 1849 3634 au-

241 3670 519 3737 diebatur,
543 3679 600 3725 et
623 3670 761 3726 Deus
785 3669 1201 3741 agnoscebatur.

318 3764 373 3820 9.
415 3762 720 3829 Respondit
767 3774 820 3819 et
862 3763 1133 3820 Christus.
1187 3762 1325 3817 Ecce
1368 3780 1421 3819 es
1442 3763 1574 3818 bona
1617 3764 1853 3835 proxima

249 3873 387 3924 mea,
409 3872 525 3911 ecce
553 3872 607 3912 es
634 3856 765 3911 bona
796 3854 977 3926 (Cant.
1003 3872 1043 3923 I,
1075 3855 1189 3928 M).
1214 3857 1481 3925 Quoniam
1520 3868 1854 3928 cognoverat

248 3952 501 4011 Ecclesia
517 3951 929 4024 mysterium,et
960 3966 1059 4021 pro
1083 3952 1249 4006 totius
1273 3951 1457 4006 mundi
1475 3952 1855 4023 redemptione

251 4044 571 4107 cruciﬁxum
618 4043 903 4109 Dominum
952 4044 1139 4101 besem
1188 4044 1559 4114 prmdicabat,
1618 4056 1858 4099 meretur

250 4139 443 4203 audire
474 4157 489 4194 :
520 4138 657 4195 Ecce
682 4157 734 4195 es
756 4143 923 4207 bona;
948 4156 1070 4204 quae
1103 4154 1191 4195 me
1219 4140 1422 4195 bonum
1463 4138 1623 4203 dicis,
1659 4148 1708 4193 et
1742 4140 1863 4208 ipsa

254 4233 393 4288 bona
419 4249 476 4288 es
499 4273 515 4299 ,
548 4248 670 4303 qua:
723 4232 902 4287 vidisti
936 4232 1125 4299 gloria:
1172 4246 1307 4285 meae
1354 4233 1630 4293 decorem,
1655 4238 1703 4284 et
1749 4231 1863 4299 ipsa

254 4328 401 4383 bona
434 4344 490 4383 es
520 4339 569 4381 et
594 4326 800 4381 decora.
830 4325 969 4392 Quid
996 4333 1078 4380 est
1103 4332 1285 4378 autem
1314 4322 1590 4377 Christum
1630 4322 1816 4376 dicere
1844 4338 1859 4376 :

256 4421 410 4485 Bona
466 4438 544 4488 es,
584 4423 669 4477 vel
720 4422 905 4474 decora
958 4435 1047 4483 es;
1102 4418 1205 4472 nisi
1237 4417 1369 4472 illud
1423 4416 1859 4488 Evangelieum:

257 4515 520 4573 Constans
572 4523 708 4578 esto,
754 4513 898 4583 ﬁlia,
948 4511 1168 4567 remissa
1212 4520 1330 4566 sunt
1376 4510 1467 4565 tibi
1507 4521 1715 4582 peccata
1776 4519 1863 4564 tua

260 4609 480 4684 (Matth.
513 4624 597 4675 ιιι,
619 4607 715 4679 Si)
728 4608 755 4661 ‘l;

1949 3016 2141 3071 mortis
2197 3033 2296 3084 es,
2349 3019 2438 3088 qui
2489 3018 2631 3079 inter
2681 3019 2929 3095 sepulcra
2981 3020 3117 3076 vivis
3169 3021 3553 3083 mortuorum?

1951 3109 1979 3149 ι’
2009 3111 2306 3179 Oportebat
2344 3111 2563 3167 Petrum
2594 3113 2757 3191 997
2788 3113 2936 3189 loqtti
2967 3114 3227 3185 mortuis;
3265 3128 3322 3173 ut
3355 3131 3554 3190 proce-

1950 3202 2147 3259 derent
2173 3202 2241 3259 de
2269 3204 2535 3273 sepulcris
2565 3210 2698 3263 suis.

2023 3295 2114 3352 12.
2174 3294 2481 3362 lodigemus
2528 3314 2658 3375 ergo
2704 3300 3058 3375 purgatione,
3109 3302 3235 3377 quia
3279 3303 3554 3376 tetigimus

1947 3400 2190 3446 mortuos
2238 3391 2430 3462 (Num.
2475 3408 2598 3460 χιι,
2630 3391 2705 3465 t).
2752 3392 2863 3448 Lex
2916 3409 3016 3452 nos
3063 3395 3309 3455 mundari
3354 3396 3553 3468 jubet:

1949 3483 2071 3556 quis
2119 3494 2329 3548 tantus,
2371 3494 2432 3543 ut
2466 3502 2626 3556 supra
2659 3485 2855 3555 Legem
2885 3487 2991 3543 sit?
3021 3487 3200 3557 Ipsum
3242 3489 3558 3546 Nazarmum

1951 3588 2197 3634 sanctum
2242 3578 2373 3643 Dei,
2423 3579 2472 3635 si
2504 3580 2549 3633 is
2582 3578 2818 3651 tetigerit
2866 3590 3172 3649 mortuum,
3221 3582 3557 3641 immundum

1954 3674 2261 3744 pronuntiat
2299 3670 2489 3745 (Num.
2521 3688 2595 3739 VI,
2625 3672 2704 3746 9).
2738 3671 2975 3745 Ideoque
3000 3673 3143 3731 radit
3185 3685 3347 3746 caput
3374 3692 3553 3745 suum,

1953 3776 2006 3821 et
2034 3765 2257 3836 deponit
2283 3765 2536 3835 Capillum
2588 3765 2741 3836 quasi
2787 3782 2891 3820 non
2938 3775 3219 3833 sanctum;
3259 3778 3315 3825 et
3361 3769 3560 3829 iterum

1955 3869 2075 3916 orat
2096 3869 2155 3913 ut
2179 3857 2523 3924 exaudiatur,
2554 3857 2796 3928 quiante
2824 3867 3044 3929 propter
3072 3860 3270 3916 mortui
3301 3869 3564 3921 attactum
3633 3854 3647 3864 ’

1956 3966 2182 4008 exorare
2232 3967 2337 4006 non
2371 3952 2543 4022 potuit
2573 3967 2585 4004 :
2621 3950 3022 4007 irrationabiles
3060 3953 3216 4008 duxit
3244 3953 3394 4021 dies;
3436 3955 3565 4019 quia

1958 4042 2314 4099 irrationabili
2337 4043 2881 4116 appropinquaverat.
2904 4045 3129 4116 Deponit
3153 4046 3315 4117 igitur
3345 4059 3556 4105 mortua

1961 4148 2015 4193 et
2051 4137 2322 4207 superﬁua
2345 4139 2537 4207 capitis
2554 4138 2656 4203 sui,
2674 4148 2734 4195 ιιι
2758 4137 2975 4194 Christo
2994 4141 3396 4197 reconcilietur.
3420 4143 3562 4215 Ergo

1962 4230 2008 4284 si
2037 4229 2329 4284 Nazaratus
2362 4231 2696 4299 puriﬁcatur,
2730 4240 2785 4286 et
2816 4246 2914 4287 nos
2948 4232 3222 4302 puriﬁcari
3252 4242 3486 4304 oportet.

2038 4322 2125 4377 45.
2158 4321 2361 4378 Omnes
2406 4323 2732 4394 contigimus
2771 4334 3065 4378 mortuum.
3107 4325 3239 4392 Quis
3277 4326 3421 4383 enim
3449 4328 3567 4398 glo-

1964 4416 2193 4473 riabitur
2220 4427 2427 4472 castum
2469 4431 2529 4473 se
2574 4417 2777 4474 habere
2810 4434 2926 4481 eor,
2957 4430 3048 4474 aut
3088 4420 3209 4490 quis
3235 4419 3453 4477 audebit
3482 4422 3567 4479 di-

1966 4525 2095 4568 cere
2124 4511 2383 4567 mundum
2421 4525 2481 4567 se
2509 4527 2539 4566 a
2568 4512 2843 4582 peccatis?
2876 4512 2959 4567 Sit
2984 4511 3179 4581 aliquis
3214 4511 3446 4571 fortasse
3471 4516 3570 4588 qui

1970 4606 2024 4661 in
2057 4620 2308 4661 sermone
2353 4622 2457 4660 non
2490 4605 2813 4676 deliquerit,
2847 4606 2971 4662 licet
2998 4622 3154 4663 rarus
3182 4608 3316 4675 iste,
3350 4609 3419 4665 de
3461 4626 3569 4682 quo

338 4704 426 4761 10.
469 4702 653 4776 (Vera.
677 4700 792 4773 Π.)
822 4701 966 4772 Ετεο
991 4701 1079 4756 cui
1098 4698 1348 4756 Christus
1379 4708 1595 4771 peccata
1617 4698 1858 4764 donavit,
1890 4687 1945 4749 D
1971 4700 2114 4757 Deus
2142 4702 2306 4764 dicat,
2341 4700 2481 4757 sicut
2502 4701 2570 4757 de
2600 4712 2786 4757 sancto
2812 4700 2912 4759 Job
2937 4723 2951 4757 :
2985 4700 3086 4759 Ille
3106 4719 3207 4758 non
3235 4706 3458 4774 peccavit
3489 4704 3570 4761 la-

262 4808 414 4855 recte
432 4797 597 4854 dicit:
623 4796 871 4852 Retribue
889 4812 1035 4851 seruo
1065 4807 1171 4861 tuo,
1202 4804 1260 4849 ut
1285 4798 1470 4858 vivam,
1494 4806 1540 4849 et
1572 4795 1860 4849 custodiam

262 4892 414 4946 uerba
443 4899 551 4944 tua.
578 4886 694 4944 Non
724 4887 891 4943 habet
935 4888 987 4943 in
1018 4887 1377 4943 retributione
1397 4886 1541 4956 quod
1567 4887 1858 4957 desperet;

264 4984 395 5054 quia
425 4984 687 5038 Dominus
715 4980 875 5038 Iesus
895 4980 1045 5037 venit
1071 4982 1333 5038 mundum
1346 4979 1582 5047 salvare,
1604 4995 1707 5034 non
1740 4996 1863 5049 per-

265 5077 419 5137 dere.
454 5076 690 5147 Ideoque
722 5076 1005 5141 immemor
1024 5083 1110 5133 est
1138 5073 1372 5146 injuriae,
1406 5089 1613 5129 memor
1640 5074 1859 5143 gratiae;

345 5231 371 5259 ιι
410 5220 665 5293 Plerique
720 5234 862 5293 mss.
883 5229 1043 5290 atque
1073 5234 1263 5275 omnes
1285 5218 1453 5293 edit.‘
1478 5217 1863 5293 opobalsamum

272 5286 886 5368 expressiusqnonuulli
933 5286 1461 5368 mss_.,_e:rpressunt)
1512 5286 1867 5368 ilicitur._Alii

270 5362 461 5439 plures
513 5380 578 5420 ac
629 5362 907 5439 meliores,
933 5363 1319 5439 Opobalsamunt
1362 5363 1623 5428 expressio
1654 5362 1864 5439 dicitur.

273 5435 409 5508 Quae
436 5436 719 5506 expressio
748 5435 1022 5508 quomodo
1065 5436 1187 5508 iiut.
1210 5447 1616 5508 consequenter
1661 5436 1870 5489 descri-

275 5504 442 5568 bitur.
476 5504 677 5564 Eadem
710 5504 799 5563 res
840 5504 1016 5562 adhuc
1045 5506 1329 5561 dilucidius
1350 5505 1652 5576 explicatur
1695 5508 1763 5561 ab
1801 5522 1868 5562 eo

276 5586 566 5653 scriptore,
600 5581 686 5653 cui
729 5579 1093 5653 communiter
1122 5577 1418 5653 .Egt‘sippo
1447 5594 1642 5653 nomen
1695 5578 1866 5653 impof

275 5648 437 5711 nuni.
467 5648 543 5707 Ita
566 5652 708 5707 enim
734 5651 822 5706 ille
848 5669 860 5704 :
888 5652 1008 5705 Illic
1039 5648 1422 5723 opobalsamum
1447 5650 1710 5723 gignitur:
1731 5650 1869 5718 quod

276 5728 395 5791 ideo
420 5741 543 5789 cunt
567 5723 856 5791 adiectione
881 5722 1306 5794 signiﬁcauimus,
1334 5722 1456 5794 quia
1479 5722 1722 5794 agricolae
1745 5737 1869 5794 cor-

278 5799 379 5861 tice
402 5809 553 5866 tenus
580 5794 809 5865 virgulas
835 5792 1067 5853 incidunt
1097 5810 1207 5859 eas,
1252 5793 1307 5846 in
1327 5792 1764 5866 quibusbalsama
1792 5793 1873 5865 gi.

1970 4792 2180 4848 biissuis
2204 4792 2347 4865 (Job.
2363 4810 2495 4860 xxn,
2519 4796 2647 4866 lli);
2678 4805 2855 4850 tamen
2880 4811 2985 4851 non
3008 4811 3225 4866 semper
3244 4796 3442 4855 habere
3464 4813 3566 4868 po-

1971 4888 2071 4943 tuit
2098 4886 2326 4941 mundas
2355 4888 2537 4944 cordis
2567 4889 2647 4943 sui
2678 4889 3034 4961 cogitationes
3053 4931 3069 4957 ,
3101 4888 3274 4960 injicit
3297 4905 3356 4947 se
3380 4889 3570 4946 diabo-

1972 4980 2056 5036 lus
2096 4980 2150 5035 lo
2182 4996 2277 5037 cor
2303 4980 2556 5038 hominis.
2586 4983 2735 5039 Pone
2767 4992 2953 5055 parata
2994 4999 3211 5058 semper
3237 4993 3290 5039 et
3319 4984 3575 5056 pervigili

1971 5076 2216 5133 custodia
2242 5078 2524 5151 quisquam
2555 5093 2650 5137 cor
2678 5094 2835 5139 suum
2865 5079 3129 5149 sepserit,
3163 5088 3337 5147 tamen
3369 5079 3420 5135 in
3450 5094 3571 5139 me-

1970 5223 2183 5279 dicitur.
2209 5222 2317 5279 Alii
2346 5232 2533 5280 tamen
2564 5233 2739 5278 ortum
2768 5224 2872 5277 hoc
2896 5218 3094 5279 nomen
3118 5223 3325 5279 malunt
3344 5226 3446 5282 ὁ.πό
3476 5233 3572 5283 τοῦ

1973 5296 2127 5367 ὀποῆ,
2149 5297 2293 5367 quod
2324 5311 2545 5352 succum
2575 5312 2639 5355 ac
2669 5297 2933 5364 liquorem
2975 5308 3153 5350 sonat.
3178 5296 3340 5351 Multa
3367 5305 3434 5349 «tu
3467 5298 3571 5355 hac

1973 5320 2070 5361 ρπο
2114 5338 2127 5357 ,
2149 5320 2293 5367 ψιυιι
2324 5320 2545 5352 succum
2575 5320 2639 5355 Ὰυ
2669 5320 2933 5364 ιιιμιυιιξιιι
2975 5320 3153 5350 δυιιειι.
3178 5320 3340 5351 Mllua
3367 5320 3434 5349 "13
3467 5320 3566 5355 ιιιιε

1973 5320 2133 5492 zeli.
2179 5366 2372 5423 Gerar.
2406 5368 2632 5425 Vossius
2684 5368 2736 5422 in
2789 5367 3186 5443 Etbyntologico
3226 5369 3292 5427 ad
3353 5385 3566 5441 vocem,

2005 5456 2032 5491 ll
2060 5456 2275 5492 samum.

2005 5456 2275 5493 atsamum.

2044 5508 2072 5548 1)
2114 5510 2272 5565 Rom.
2304 5511 2437 5567 edit.
2473 5511 2610 5579 sola,
2648 5510 2930 5580 Oportebat
2977 5514 3200 5580 primum
3244 5512 3386 5583 loqui
3433 5528 3577 5583 mor:

1973 5582 2091 5636 tuis.
2119 5583 2295 5637 Minus
2323 5584 2497 5650 bene;
2528 5598 2648 5638 cum
2678 5582 2967 5645 IItnt-iteste
2997 5585 3270 5639 allutlatur
3291 5582 3356 5639 ad
3398 5582 3575 5640 illudi

1976 5653 2093 5707 Pet.
2119 5654 2255 5729 Iv.-6
2287 5671 2299 5709 :
2325 5653 2556 5729 Propter
2585 5654 2680 5715 hoc
2711 5664 2757 5729 et
2783 5656 3000 5729 mortuis
3027 5656 3428 5729 euangelizutum
3455 5664 3572 5723 est;

1975 5724 2454 5795 quemadumdum'
2482 5726 2634 5783 ἰιιίιιο
2680 5725 2923 5797 ejusdem
2976 5724 3169 5796 capitis
3212 5735 3269 5797 et
3320 5724 3422 5780 hoc
3460 5735 3575 5797 toto

1978 5798 2252 5870 Ambrosii
2285 5797 2408 5857 loco
2440 5798 2586 5856 inter
2623 5814 2684 5861 se
2713 5796 3068 5870 (temperatis,
3099 5796 3260 5861 facile
3287 5798 3465 5867 quivis
3495 5796 3581 5853 ina-

277 5864 549 5944 gnuntur;
580 5864 757 5944 utpar
782 5866 903 5921 illas
936 5881 1180 5923 concutias
1209 5865 1463 5944 paulgtiut
1489 5864 1759 5944 distillans
1775 5864 1878 5944 (ιιιτ
1978 5868 2203 5941 teHiget.

278 5934 396 5997 inor
448 5956 504 5996 se
554 5937 808 6010 colligat:
838 5954 1055 5995 caverna
1100 5934 1270 5994 autem
1325 5934 1508 5992 Graeco
1546 5937 1751 5993 nomine
1775 5938 1877 5998 ὀπὴ

689 6031 969 6096 Panos“
1016 6029 1161 6096 XV.
