4124 6346
558 288 699 350 ΙΕΞΞΊ

558 494 853 567 purificari.
891 492 1041 549 Unde
1072 491 1280 554 Esaias,
1319 503 1439 541 cum
1468 486 1695 541 dixisset
1727 504 1739 540 :
1774 484 1819 539 0
1850 486 2001 538 miser
2027 486 2157 555 ego!

557 590 797 659 quoniam
828 586 1091 640 intntunda
1116 584 1252 639 labia
1281 583 1459 644 habeo,
1490 590 1534 633 et
1562 581 1614 633 in
1650 579 1814 632 medio
1845 578 2021 649 populi
2049 594 2157 633 ver-

556 699 642 737 sor
672 680 931 734 immunda
954 679 1090 733 labia
1123 675 1351 731 [tabentis
1382 672 1581 747 (Esai.,
1610 689 1691 735 vt,
1723 674 1755 727 5
1781 682 1823 725 et
1855 671 1943 743 7);
1976 673 2155 726 statim

559 775 843 830 descendit
870 788 1033 826 unum
1063 771 1129 825 de
1166 767 1448 837 Seraphim
1470 810 1483 831 ,
1514 777 1569 822 et
1608 767 1830 836 contigit
1871 766 2008 821 labia
2040 767 2157 835 ejus

560 867 818 928 carbone,
850 874 910 920 ut
933 862 1203 919 immunda
1234 861 1351 931 ejus
1379 861 1516 914 labia
1549 859 1855 914 mandaret.

636 959 722 1015 14.
766 958 883 1013 Non
918 973 1078 1010 unum
1127 968 1211 1012 est
1239 955 1503 1024 baptisma
1535 971 1547 1007 :
1584 971 1747 1009 unum
1778 961 1860 1009 est
1894 952 2037 1023 quod
2074 952 2161 1007 hic

558 1051 721 1107 tradit
747 1051 1012 1111 Ecclesia,
1044 1065 1141 1120 per
1163 1064 1360 1118 aquam
1392 1058 1446 1102 ct
1472 1047 1733 1117 Spiritum
1758 1057 2025 1109 sanctum,
2054 1061 2161 1116 quo

558 1157 784 1200 necesse
829 1151 911 1197 est
962 1142 1220 1211 baptizari
1270 1139 1713 1195 catechumenos.
1770 1140 1862 1195 Est
1912 1147 1966 1193 et
2015 1136 2160 1192 aliud

558 1238 861 1306 baptisma,
909 1235 977 1289 de
1022 1251 1129 1305 quo
1174 1234 1305 1288 dicit
1338 1234 1596 1288 Dominus
1643 1233 1849 1288 .IeStts:
1893 1232 2163 1300 Baptisma

562 1330 720 1384 habeo
742 1329 1026 1392 baptizari,
1060 1327 1197 1397 quod
1230 1344 1314 1381 vos
1355 1326 1558 1380 nescitis
1590 1325 1766 1397 (Luc.,
1810 1340 1915 1385 xn,
1952 1324 2063 1395 10).
2100 1324 2164 1378 Et

560 1430 746 1496 utique
781 1425 892 1494 jam
928 1423 1229 1493 baptizatus
1258 1422 1308 1476 in
1338 1420 1577 1477 Iordane
1608 1420 1803 1484 fuerat,
1836 1419 1974 1474 sicut
2005 1434 2164 1488 supe—

564 1524 705 1575 riora
732 1519 1009 1575 declarant
1042 1517 1287 1589 (ιιιαιιΙιη
1322 1532 1397 1581 ιιι,
1439 1518 1527 1585 15)
1557 1534 1569 1569 :
1605 1514 1698 1569 sed
1730 1517 1799 1569 sit
1830 1513 1933 1569 hoc
1962 1514 2164 1583 baptis—

564 1629 714 1667 mum
746 1612 1043 1681 passionis,
1091 1627 1199 1679 quo
1238 1611 1397 1665 etiam
1442 1610 1699 1677 sanguine
1731 1622 1831 1663 suo
1876 1606 2166 1676 unusquis-

561 1722 667 1776 que
705 1705 1009 1759 mundatttr.
1048 1703 1146 1758 Est
1190 1704 1351 1757 etiam
1389 1713 1413 1738 ει
1456 1702 1781 1770 baptismum
1824 1702 1876 1755 in
1928 1699 2165 1769 paradisi

1900 275 2147 335 SANCTI
2186 273 2513 335 AMBROSII

558 404 648 456 dio
690 401 1035 471 peccatorum
1074 404 1342 457 versatur,
1389 401 1614 447 necesse
1642 388 1805 445 habet
1846 389 2011 445 etiam
2044 388 2159 459 ipse
2184 397 2236 457 Α

3719 278 3859 339 ηὲὃ

2336 388 2419 443 16.
2463 387 2656 444 Veniat
2680 402 2810 460 ergo
2839 388 2980 459 ignis
3006 399 3358 456 consumens,
3391 398 3589 449 exurat
3616 392 3668 447 in
3700 395 3859 450 nobis

2264 480 2539 549 plumbum
2572 481 2903 552 iniquitatis,
2938 484 3141 540 ferrum
3175 486 3416 556 peccati,
3463 487 3733 557 faciatque
3766 503 3861 542 nos
3896 476 3905 497 ’

2261 588 2453 627 aurum
2482 575 2776 630 sincerum.
2808 575 2940 631 Urat
2970 592 3131 633 renes
3157 593 3327 639 meos.
3360 588 3414 633 et
3439 594 3535 633 cor
3563 595 3773 645 meum;
3808 590 3863 635 ut

2263 667 2404 723 bona
2430 670 2695 739 cogitem,
2728 686 2790 725 ea
2820 687 2939 740 qua:
2967 672 3236 727 castitatis
3267 681 3419 739 sunt,
3454 676 3856 744 coacupiscam.

2264 762 2370 816 Sed
2404 764 2527 832 quia
2577 763 2664 818 hic
2713 776 3004 835 purgatus,
3041 766 3235 821 iterum
3280 782 3507 823 necesse
3545 767 3711 822 habet
3755 766 3861 823 illic

2265 857 2571 925 purificari;
2608 859 2717 913 illic
2746 875 2960 930 quoque
2992 874 3094 915 nos
3118 860 3386 931 puriﬁcet,
3416 861 3559 933 quod
3584 862 3731 917 dicet
3761 862 3860 917 Do-

2265 948 2483 1004 minus:
2519 950 2719 1005 Intrate
2770 951 2823 1005 in
2857 952 3101 1022 requiem
3137 970 3347 1019 meam;
3397 964 3454 1009 ut
3494 955 3865 1025 unusquisque

2267 1054 2512 1098 nostrum
2549 1054 2701 1099 ustus
2734 1046 3009 1115 romphaea
3042 1047 3133 1100 illa
3160 1048 3406 1103 ﬂammea
3433 1089 3447 1115 ,
3482 1066 3587 1103 non
3618 1058 3863 1115 exustus,

2268 1136 2643 1207 introgressus
2686 1138 2738 1192 in
2773 1139 2917 1192 illam
2952 1140 3188 1208 paradisi
3232 1143 3635 1210 amoenitatem,
3666 1145 3868 1214 gratias

2266 1244 2389 1302 agat
2420 1233 2651 1287 Domino
2677 1248 2811 1299 suo,
2845 1233 3035 1289 dicens
3069 1253 3081 1289 :
3129 1234 3395 1291 Induxisti
3441 1254 3533 1291 nos
3563 1238 3617 1291 in
3656 1239 3871 1310 refrige-

2267 1324 2406 1376 rium
2431 1322 2606 1394 (Psal.
2640 1341 2763 1391 va,
2802 1325 2911 1394 I2).
2944 1326 3043 1393 Qui
3076 1342 3205 1398 ergo
3234 1343 3332 1398 per
3364 1328 3542 1398 ignem
3573 1329 3868 1395 transietit,

2269 1420 2436 1475 intrat
2466 1421 2517 1475 in
2550 1422 2812 1491 requiem.
2847 1421 3061 1476 Transit
3083 1438 3113 1476 a
3139 1422 3509 1477 tuaterialibus
3531 1435 3693 1495 atque
3717 1439 3872 1478 muuo

2270 1516 2427 1572 danis
2458 1517 2524 1570 ad
2560 1516 2645 1571 illa
2679 1516 3105 1587 incorruptibilia
3139 1530 3301 1588 atque
3334 1527 3613 1588 perpetua.

2346 1609 2434 1664 17.
2480 1608 2630 1662 Alius
2656 1609 2758 1663 iste
2787 1618 2872 1663 est
2901 1608 3040 1679 ignis
3061 1626 3169 1679 quo
3195 1621 3496 1665 exuruntur
3524 1620 3741 1679 peccata
3765 1628 3871 1669 non

2271 1703 2611 1769 voluntaria,
2651 1704 2746 1759 sed
2780 1704 3002 1758 fortuita
3024 1745 3039 1770 ,
3072 1720 3230 1773 quem
3263 1706 3472 1773 paravit
3497 1706 3736 1761 servulis
3764 1706 3875 1762 suis

562 1802 850 1865 vesubulo,
897 1800 1037 1869 quod
1083 1811 1239 1853 antea
1287 1814 1394 1853 non
1440 1807 1559 1853 erat
1594 1815 1607 1851 :
1660 1796 1754 1852 sed
1810 1808 2164 1866 posteaquam
2198 1804 2246 1865 Β
2275 1798 2540 1851 Dominus
2584 1797 2773 1860 .Iesus,
2806 1808 2863 1853 ut
2892 1812 2987 1853 eos
3023 1798 3091 1853 ab
3122 1799 3221 1853 ista
3266 1800 3723 1866 commoratione,
3756 1816 3876 1873 quas

563 1902 816 1964 peceatnr
844 1894 1099 1948 exclusus
1129 1902 1239 1953 est.
1273 1892 1439 1960 coepit
1486 1905 1607 1945 esse
1653 1890 1931 1960 romphzea
1974 1889 2128 1958 ignea
2150 1930 2164 1954 ,

564 2002 724 2056 quam
759 1984 1090 2055 posuitDeus
1116 1984 1294 2059 (Gem,
1327 2000 1404 2047 ιιι,
1429 1980 1545 2055 24),
1571 2000 1690 2053 qua:
1714 1992 1867 2037 antea
1898 1998 2005 2037 non
2028 1991 2167 2047 erat,

563 2081 781 2149 quando
811 2093 1090 2150 peccatum
1123 2094 1228 2133 non
1260 2090 1396 2133 erat.
1426 2079 1598 2147 Culpa
1628 2079 1793 2147 erepit
1814 2120 1827 2143 ,
1872 2085 1927 2131 et
1967 2078 2168 2147 baptis-

565 2188 713 2227 mum
746 2174 905 2242 cmpit
938 2192 951 2225 :
986 2188 1090 2243 quo
1121 2172 1492 2241 put-ilicentur,
1527 2172 1617 2240 qui
1657 2172 1709 2225 in
1744 2171 2049 2241 paradisum
2082 2185 2168 2225 re-

566 2267 683 2323 dire
722 2267 1041 2336 cupiebtnt,
1092 2277 1149 2320 ιιι
1196 2266 1427 2335 regressi
1475 2264 1720 2321 dicereut
1768 2282 1780 2318 :
1818 2263 2172 2319 Transivimus

567 2377 658 2429 per
685 2362 849 2431 ignem
873 2370 916 2413 et
948 2376 1135 2430 aquam
1173 2358 1348 2428 (Psal.
1386 2374 1509 2423 va,
1546 2357 1659 2429 12).
1695 2358 1787 2413 llic
1820 2374 1915 2428 per
1938 2374 2167 2429 aquam,

565 2453 679 2507 illic
710 2468 807 2523 per
838 2452 1041 2522 ignem.
1077 2451 1180 2506 Per
1208 2466 1402 2520 aquam
1424 2493 1437 2513 ,
1484 2460 1541 2505 ut
1581 2450 1872 2504 abluantur
1904 2458 2123 2520 peceata
2158 2467 2168 2501 :

566 2560 667 2615 per
695 2547 872 2614 ignem
896 2586 912 2611 ,
947 2552 1004 2599 ιιι
1033 2554 1350 2599 exurautnr.
1384 2542 1491 2599 Sed
1523 2543 1665 2613 quod
1715 2552 1796 2598 cst
1827 2544 2042 2613 gravius
2063 2584 2076 2607 ,
2121 2550 2175 2596 ct

568 2640 659 2695 hic
689 2642 1020 2695 sustinemus
1052 2640 1251 2711 ignem,
1285 2649 1341 2695 et
1372 2640 1502 2695 illic.
1966 2622 1969 2625 ’

645 2735 731 2790 15.
774 2734 908 2802 Quis
938 2746 1019 2789 est
1048 2734 1138 2805 qui
1179 2734 1229 2789 itt
1266 2734 1369 2790 hoc
1414 2734 1533 2803 igne
1562 2732 1830 2804 baptizat!
1867 2730 1983 2787 Non
2022 2746 2175 2801 prcs-

571 2829 748 2900 byter,
798 2846 902 2882 non
943 2829 1259 2898 episcopus,
1310 2844 1415 2882 non
1466 2827 1734 2891 Joannes,
1784 2826 1878 2895 qui
1907 2827 1980 2880 ait
2014 2844 2025 2878 :
2062 2823 2175 2896 Ego

572 2936 660 2973 vos
685 2920 887 2989 baptizo
916 2921 971 2973 in
1009 2920 1354 2987 pwnitentimn
1395 2919 1611 2992 (Matth.
1642 2936 1731 2983 ιιι,
1772 2919 1893 2987 Il);
1930 2933 2035 2972 non
2068 2920 2177 2972 An-

573 3013 747 3084 gelus,
777 3028 881 3066 non
919 3012 1306 3082 Archangelus,
1342 3028 1447 3065 nou
1484 3010 1909 3073 Douiiuationes,
1944 3026 2048 3063 non
2074 3010 2178 3063 Po—

573 3115 840 3161 testates:
884 3104 976 3159 sed
1021 3105 1144 3171 ille,
1195 3106 1264 3159 de
1304 3120 1412 3175 quo
1454 3103 1690 3158 Joannes
1735 3102 1853 3156 ait:
1905 3102 2004 3168 Qui
2044 3103 2177 3155 venit

2274 1891 2540 1960 permixta
2583 1902 2667 1946 est
2712 1894 2972 1956 mortuis,
3023 1892 3284 1947 emendet
3323 1909 3335 1944 :
3388 1892 3527 1946 alius
3570 1892 3657 1947 ille
3702 1892 3874 1962 ignis,

2272 2000 2435 2052 quem
2467 1985 2748 2054 deputavit
2772 1984 2991 2039 diabolo
3012 1995 3067 2040 et
3086 1986 3293 2053 angelis
3320 1984 3459 2053 ejus,
3487 1985 3554 2040 de
3576 2002 3682 2053 quo
3707 1986 3875 2041 dicit:

2272 2078 2475 2131 Intrate
2522 2080 2574 2131 in
2616 2080 2785 2149 ignem
2811 2080 2864 2132 in
2906 2090 3152 2136 (cternum
3181 2077 3418 2149 (Mattio,
3450 2095 3579 2144 xxv,
3610 2077 3736 2147 4|);
3771 2095 3878 2149 quo

2273 2169 2368 2225 ille
2397 2171 2548 2225 dives
2580 2172 2837 2238 ardebat,
2871 2172 2959 2242 qui
3006 2173 3197 2227 stillari
3246 2172 3347 2226 sibi
3379 2171 3447 2227 de
3488 2172 3677 2227 Lazari
3709 2173 3878 2242 digito

2277 2263 2535 2335 poscebat
2565 2266 2867 2320 humorem.
2903 2268 2965 2320 At
2994 2282 3127 2320 vero
3154 2265 3388 2321 Lazarus
3416 2266 3467 2320 in
3500 2265 3730 2322 Abralue
3757 2268 3879 2322 sinu

2275 2363 2599 2413 recumbens
2628 2357 2807 2429 (Lua,
2841 2375 2947 2423 xvi,
2968 2356 3088 2429 ‘24),
3119 2358 3281 2412 vitam
3306 2358 3562 2425 carpebat
3594 2365 3878 2424 teternam,

2276 2468 2437 2523 quam
2479 2451 2577 2505 sibi
2622 2452 2891 2521 promittit
2933 2450 3207 2521 Proiibeta
3240 2450 3471 2505 dicens:
3512 2449 3687 2505 Vivam
3714 2460 3761 2504 et
3790 2467 3879 2504 cu-

2275 2544 2497 2598 stodiam
2528 2542 2682 2597 verba
2712 2554 2822 2597 tua.
2856 2542 3054 2602 Vivont,
3086 2544 3183 2609 ait,
3209 2542 3362 2613 quasi
3392 2542 3631 2597 nondum
3661 2542 3875 2608 vivens;

2278 2637 2365 2692 hic
2395 2638 2541 2691 enim
2574 2638 2627 2691 itt
2657 2639 2843 2691 umbra
2874 2638 3126 2691 vivimus.

2357 2731 2441 2785 l8.
2486 2729 2627 2799 Ergo
2660 2732 2760 2784 ista
2793 2731 2898 2784 vita
2934 2730 2984 2783 itt
3017 2746 3281 2799 Corpore.
3317 2730 3505 2785 umbra
3536 2740 3620 2785 est
3643 2731 3767 2785 vitm
3794 2741 3882 2786 at-

2278 2837 2386 2892 que
2416 2822 2614 2892 imago,
2662 2837 2770 2877 non
2805 2822 3025 2877 veritas.
3065 2822 3314 2893 Denique
3346 2824 3399 2877 in
3433 2823 3670 2895 imagine
3696 2824 3887 2879 ambu-

2280 2916 2353 2969 lat
2386 2916 2568 2979 homo,
2604 2929 2658 2972 et
2688 2917 2738 2970 in
2770 2918 2991 2986 regione
3024 2916 3229 2972 umbra:
3273 2918 3461 2973 mortis
3510 2917 3882 2975 consistimus.

2284 3011 2389 3067 Sed
2429 3012 2475 3065 si
2513 3012 2633 3081 quis
2666 3027 2769 3065 non
2803 3011 2867 3066 ad
2904 3024 3121 3067 terrena
3152 3014 3343 3069 oculos
3381 3016 3578 3069 mentis
3609 3013 3883 3081 intendat,

2284 3102 2380 3157 sed
2413 3104 2479 3157 ad
2521 3104 2781 3174 spiritalia
2822 3106 3022 3173 erigat;
3073 3116 3129 3160 ut
3177 3109 3348 3176 possit
3394 3107 3617 3163 dicere:
3654 3108 3887 3175 Spiritus

580 3211 692 3269 post
725 3218 830 3267 me,
860 3201 1043 3269 fortior
1065 3216 1142 3253 me
1169 3208 1240 3253 est
1262 3240 1277 3263 ,
1310 3200 1458 3263 cuius
1488 3214 1586 3250 non
1610 3213 1722 3251 sum
1752 3196 1938 3265 dignus
1968 3196 2173 3249 calcea-
2201 3200 2246 3261 C
2279 3204 2397 3249 ante
2438 3196 2620 3265 facient
2662 3207 2888 3249 nostram
2919 3195 3159 3252 Christus
3204 3196 3498 3264 Dominus;
3544 3199 3739 3269 dignus
3783 3200 3889 3254 erit

582 3306 751 3349 menta
789 3304 1031 3363 portare:
1087 3294 1196 3363 ipse
1228 3307 1315 3345 vos
1348 3291 1625 3359 boptizubit
1667 3290 1720 3343 in
1764 3289 1965 3360 Spiritu
2006 3297 2183 3341 sancto

577 3396 621 3441 et
652 3390 787 3458 igne.
819 3385 983 3439 [lubet
1009 3386 1350 3439 ventilabrum
1378 3384 1430 3436 in
1458 3400 1608 3435 ntanu
1638 3400 1750 3448 sua,
1785 3393 1832 3436 et
1863 3382 2179 3450 perntunda-

579 3478 649 3531 bit
689 3496 862 3533 aream
902 3494 1090 3544 suout;
1130 3486 1176 3531 et
1220 3476 1548 3547 congregabit
1592 3477 1815 3529 triticum
1860 3478 1913 3529 in
1942 3476 2183 3529 horreum

579 3588 759 3637 suum;
820 3572 995 3641 paleas
1064 3580 1237 3623 autent
1306 3575 1564 3623 contburet
1623 3570 1733 3641 igni
1774 3569 2182 3641 inexstinguibili

579 3663 771 3733 (Ibid.,
805 3679 840 3717 II
867 3676 912 3718 et
939 3662 1051 3735 l'l).
1082 3662 1197 3717 Non
1220 3663 1288 3718 de
1313 3667 1413 3719 hoc
1446 3664 1795 3732 baptismate,
1819 3664 1961 3734 quod
1986 3665 2044 3717 lit
2090 3680 2187 3732 per

582 3757 894 3811 sacerdotes
937 3756 1226 3819 Ecclesiae,
1278 3756 1477 3811 dictmn
1520 3756 1635 3826 ipse
1686 3759 1946 3812 Dominus
1995 3760 2184 3813 testiﬁ-

590 3862 745 3906 catur
789 3850 1035 3923 (Mattlt.,
1064 3867 1189 3913 xm,
1228 3852 1295 3906 49
1327 3861 1374 3905 et
1411 3850 1525 3922 5.0).
1571 3852 1847 3922 Siquidem
1898 3864 2021 3925 post
2048 3868 2183 3907 con-

592 3947 1005 4002 sntnmationem
1054 3946 1235 4000 saeculi
1284 3946 1462 4001 missis
1513 3948 1717 4014 angelis
1761 3948 1847 4017 qui
1899 3958 2189 4019 segregent

597 4040 769 4095 bonos
796 4051 849 4095 et
877 4040 1067 4103 malos,
1101 4040 1203 4094 hoc
1234 4040 1469 4093 futurum
1502 4050 1585 4095 est
1612 4040 1872 4111 baptisma
1916 4058 1930 4094 :
1972 4043 2188 4113 quando

584 4151 687 4205 per
712 4137 979 4190 eamiuutu
1008 4134 1174 4206 998
1210 4134 1347 4203 ignis
1391 4135 1647 4205 iniquitas
1696 4147 1988 4203 exuretttr;
2034 4147 2090 4193 ttt
2132 4139 2187 4194 in

588 4244 759 4298 regno
786 4228 876 4283 llei
902 4229 1141 4297 lulgeant
1162 4227 1294 4297 justi
1323 4226 1463 4281 sicut
1494 4229 1573 4282 sol
1601 4229 1717 4297 ipse
1743 4231 1793 4283 in
1822 4246 1987 4295 regno
2021 4232 2188 4299 patris

589 4323 697 4378 sui.
736 4322 802 4376 Et
834 4322 877 4375 si
903 4320 1097 4389 aliquis
1127 4331 1345 4374 sanctus
1374 4332 1433 4373 ut
1460 4320 1657 4374 Petrus
1686 4322 1793 4387 sit,
1838 4334 1893 4377 ut
1922 4322 2185 4389 JOannes,

590 4415 898 4483 baptizatur
937 4414 1042 4468 Itoc
1084 4413 1217 4482 igni.
1258 4412 1453 4469 Veniet
1500 4430 1629 4485 ergo
1673 4414 1911 4485 Baptista
1964 4432 2189 4487 magnus

587 4508 693 4575 (sic
724 4508 867 4560 enim
898 4521 1020 4559 eum
1056 4505 1307 4567 nomino,
1340 4506 1613 4576 quomodo
1646 4508 1943 4563 nominavit
1975 4508 2191 4565 Gabriel

2287 3289 2377 3358 qui
2420 3288 2604 3343 dit-at:
2648 3288 2713 3343 In
2756 3291 2934 3343 umbra
2972 3294 3086 3363 ejus
3128 3291 3353 3345 vivemus
3386 3290 3626 3363 (Tltren.,
3662 3307 3735 3354 tv,
3767 3291 3885 3360 20).

2285 3380 2537 3439 Chrisuts
2565 3385 2710 3439 enim
2746 3386 2851 3439 vita
2879 3395 2995 3450 est;
3028 3395 3083 3440 et
3111 3387 3235 3440 idi-o
3264 3387 3355 3457 qui
3385 3387 3439 3441 in
3465 3388 3659 3443 umbra
3686 3388 3888 3443 Christi

2286 3477 2439 3540 vivit,
2479 3479 2529 3532 in
2560 3479 2747 3532 utnbra
2784 3481 2909 3533 vitae
2940 3490 3045 3535 est.
3075 3479 3376 3552 Meritoque
3421 3481 3546 3537 alibi
3594 3482 3724 3535 dicit
3752 3482 3891 3538 San-

2286 3582 2405 3625 ctus
2438 3571 2652 3626 Domini
2686 3590 2699 3626 :
2742 3572 2809 3626 In
2856 3575 3037 3628 umbra
3074 3578 3279 3628 alarum
3321 3587 3525 3629 tuarum
3567 3586 3771 3647 protege
3813 3592 3893 3630 nte

2289 3667 2462 3742 (Psal.
2494 3686 2616 3732 xvt,
2646 3669 2726 3739 8).
2754 3670 2958 3725 Omnes
2995 3686 3127 3743 ergo
3171 3672 3333 3727 etiam
3380 3674 3550 3727 sancti
3599 3673 3650 3727 itt
3696 3672 3892 3727 umbra

2288 3774 2451 3828 sunt,
2492 3764 2748 3835 quamdiu
2795 3774 2922 3819 sunt
2972 3767 3020 3821 in
3068 3782 3338 3834 corpore:
3372 3782 3477 3822 non
3510 3767 3747 3837 perfeCIe
3807 3768 3894 3822 vi-

2287 3856 2455 3912 dent:
2492 3875 2597 3912 non
2628 3858 2895 3927 perfecte,
2946 3858 3040 3913 sed
3074 3875 3144 3914 ex
3181 3869 3331 3929 parte
3372 3869 3733 3928 cognoscunt.
3770 3860 3896 3930 Ipse

2288 3951 2485 4005 Paulus
2506 3953 2575 4006 ait
2594 3971 2606 4005 :
2635 3951 2712 4005 Ea:
2736 3962 2880 4021 parte
2900 3954 3034 4006 enim
3056 3954 3411 4025 coynoscitnus
3433 3953 3479 4025 (ι
3503 3952 3648 4015 Cor.,
3669 3970 3786 4018 snt,
3804 3953 3892 4026 9).

2288 4044 2407 4115 Ipse
2438 4045 2539 4099 Vas
2565 4046 2850 4100 electiOuis
2873 4088 2885 4109 ,
2919 4047 3003 4101 cui
3036 4046 3284 4101 Christus
3314 4046 3503 4103 oculos
3537 4048 3803 4112 reddidit,
3836 4057 3899 4104 et

2295 4156 2389 4195 sua
2425 4140 2753 4195 illuminavit
2781 4142 2985 4212 gratia;
3018 4158 3123 4195 non
3157 4142 3290 4197 l'acie
3321 4142 3387 4195 ad
3422 4141 3637 4207 faciem,
3670 4141 3763 4197 sed
3796 4157 3900 4211 per

2290 4236 2569 4303 speculum
2600 4235 2835 4290 vidi-bat.
2871 4234 2939 4288 Et
2968 4234 3135 4289 David
3166 4235 3395 4290 revelari
3427 4235 3615 4290 oculos
3637 4248 3765 4289 suos
3794 4250 3900 4303 pe-

2292 4330 2353 4383 tit
2380 4328 2515 4401 (lnf.
2550 4346 2678 4384 vers.
2712 4330 2835 4396 18);
2870 4339 2923 4385 ιιι
2951 4340 3335 4386 removeretur
3364 4330 3574 4395 umbra,
3602 4346 3723 4397 qua:
3753 4331 3901 4387 inte-

2290 4437 2444 4494 grum
2470 4423 2752 4475 oculorum
2799 4423 3129 4491 impediebat
3155 4424 3425 4478 obtutum.
3458 4423 3753 4493 Regionem
3785 4437 3897 4477 au-

2293 4525 2399 4571 tem
2432 4517 2570 4571 hanc
2615 4525 2951 4570 mortuorum
2999 4531 3122 4572 esse
3154 4519 3272 4587 quis
3318 4517 3561 4580 dubitet;
3590 4531 3712 4571 cum
3755 4516 3903 4570 San-

590 4601 780 4655 dicens
810 4598 962 4671 (Luc.
998 4616 1036 4664 ι,
1068 4600 1187 4664 15);
1220 4598 1320 4653 llic
1342 4600 1438 4653 erit
1462 4601 1723 4673 ntugnus),
1760 4603 1963 4658 videbit
1994 4607 2191 4657 multos
2217 4596 2267 4657 Ι)
2293 4620 2413 4665 ctus
2442 4611 2556 4679 ipse
2587 4609 2733 4664 dicat
2765 4627 2777 4663 ;
2816 4608 3038 4665 Placebo
3068 4606 3295 4663 Domino
3338 4612 3390 4663 in
3432 4610 3641 4680 regione
3664 4610 3903 4664 vivorum

590 4705 718 4749 ante
743 4692 973 4761 paradisi
998 4701 1205 4747 stantes
1225 4693 1568 4758 vestibulum,
1596 4696 1833 4750 movi-bit
1856 4697 2188 4764 rompharam

593 4784 934 4847 versatilem,
968 4784 1108 4839 dicet
1142 4786 1208 4840 iis
1237 4786 1325 4853 qui
1358 4802 1386 4838 a
1416 4785 1622 4841 dextris
1653 4798 1809 4857 sunt,
1843 4806 1947 4845 nou
1983 4790 2187 4847 haben-

588 4879 741 4934 tibus
788 4878 969 4947 gravia
1017 4885 1280 4947 peccata:
1316 4877 1517 4933 Intrate
1549 4882 1641 4949 qui
1690 4886 2047 4953 put-sumitis,
2096 4888 2187 4958 qui

589 4976 771 5043 ignem
805 4987 910 5027 non
957 4970 1181 5026 timetis.
1229 4972 1593 5029 Prtrdixeram
1624 4977 1768 5031 enim
1815 4978 1969 5033 vobis
2003 4997 2015 5033 :
2048 4981 2186 5037 Ecce

590 5067 753 5121 venio
779 5064 919 5118 sicut
945 5064 1083 5133 ignis
1109 5063 1276 5131 (Esui.
1311 5081 1452 5132 vat,
1490 5066 1612 5138 l5);
1645 5080 1699 5123 ei
1726 5084 1822 5138 ρο,-
1845 5071 2183 5129 Ειεςιιίριριη

584 5160 827 5216 dixeram
859 5177 870 5213 :
909 5158 1039 5212 Ecce
1055 5161 1357 5227 proﬁciscar
1383 5162 1434 5213 in
1463 5160 1810 5231 Hierusalem,
1839 5177 1883 5220 et
1905 5168 2185 5239 insumubo

585 5255 641 5307 in
670 5269 783 5312 vos,
830 5253 881 5305 in
926 5254 1041 5321 igne
1068 5252 1161 5305 inc
1207 5268 1367 5319 mete;
1416 5264 1469 5306 ut
1514 5256 1781 5311 tabescatis
1826 5275 1858 5311 a
1900 5261 2106 5329 plumbo
2136 5274 2185 5319 et

588 5347 726 5416 {erro
755 5344 969 5420 (Ezeclt.
1006 5362 1110 5400 χχιι
1130 5388 1144 5412 ,
1170 5346 1283 5417 ΞΟ).

662 5496 685 5524 η
726 5486 843 5540 .Iam
876 5486 1402 5559 anteannotavimus
1429 5486 1739 5552 opinionem
1773 5492 1909 5547 hanc
1936 5493 2183 5559 dejustis

583 5561 817 5612 extremi
847 5558 1031 5631 jtultcii
1063 5561 1151 5612 die
1193 5574 1291 5628 per
1338 5558 1512 5625 ignem
1550 5566 1912 5631 exinnrgantlis
1942 5558 2178 5623 Anthro-

584 5634 723 5685 sinm
766 5630 834 5682 ab
863 5628 1097 5698 Origene
1145 5642 1444 5683 mutuatum
1486 5646 1605 5685 esse
1636 5650 1647 5685 :
1682 5628 1787 5689 hoc
1832 5639 1948 5689 loco
1983 5642 2031 5689 id
2066 5650 2179 5695 tan-

582 5712 695 5755 tum
722 5702 987 5774 addimus,
1023 5704 1162 5774 inter
1192 5699 1333 5755 hunc
1364 5700 1540 5768 ignem
1565 5713 1763 5759 etcum
1794 5723 1899 5774 quo
1922 5708 2178 5769 Diabolus

582 5788 645 5830 ac
675 5772 889 5845 reprobi
911 5773 1151 5827 exarsuri
1175 5781 1321 5840 sunt,
1347 5775 1691 5831 tttanilestutn
1720 5772 2016 5838 diseritnen
2040 5784 2176 5839 infra

2293 4704 2468 4774 (Psal.
2500 4720 2644 4762 cstv.
2676 4703 2771 4775 9)?
2800 4704 2935 4771 Quia
2970 4705 3209 4775 perfecte
3245 4704 3331 4759 hic
3359 4704 3575 4773 placere
3614 4719 3773 4757 nemo
3798 4718 3906 4772 po-

2296 4806 2437 4863 test,
2487 4797 2577 4851 ubi
2624 4798 2785 4853 etiam
2818 4800 2862 4853 si
2915 4798 3029 4853 lieri
3066 4799 3271 4868 possit,
3319 4806 3375 4850 ut
3404 4812 3497 4850 sua
3531 4806 3747 4865 precata
3782 4812 3904 4853 non

2296 4892 2521 4957 habent;
2551 4891 2605 4945 in
2636 4892 2803 4964 999
2834 4894 2945 4962 ipsa
2976 4900 3153 4946 tamen
3198 4902 3531 4944 mortuorum
3562 4890 3784 4959 regione
3812 4890 3904 4945 vi-

2296 4985 2505 5053 vendo,
2542 4988 2917 5055 purificatione
2959 4986 3193 5056 indiget,
3242 5000 3364 5054 quae
3408 4999 3435 5038 a
3478 4985 3727 5056 contagio
3766 5001 3900 5041 eum

2294 5080 2531 5149 regionis
2568 5080 2726 5149 hujus
2760 5080 3023 5135 abSttlval.

2370 5173 2457 5227 19.
2504 5173 2558 5227 lit
2592 5174 2777 5228 umbra
2810 5173 2969 5235 igitur
2998 5171 3085 5226 hic
3107 5170 3359 5240 vivimus,
3389 5180 3446 5228 et
3472 5173 3594 5229 ideo
3622 5174 3675 5229 in
3704 5174 3900 5229 umbra

2293 5268 2629 5322 custodimus
2657 5268 2823 5323 verba
2856 5266 2971 5321 Dei.
2998 5265 3064 5321 Et
3094 5275 3151 5321 ut
3172 5267 3423 5335 exemplo
3451 5279 3704 5320 utamur:
3733 5265 3760 5304 ιι
3789 5268 3903 5321 ιιιί-

2293 5377 2399 5431 que
2436 5374 2565 5417 ante
2596 5373 2749 5417 erant
2781 5362 2881 5417 sub
2930 5361 3119 5417 umbra
3150 5361 3337 5434 Legis,
3370 5362 3585 5431 quando
3611 5362 3897 5418 custodie-

2290 5516 2441 5627 ὃιιιιι.
2492 5503 2577 5570 17,
2623 5501 2909 5569 constitui;
2956 5501 3097 5573 quod
3138 5501 3335 5559 fecisse
3383 5517 3606 5574 prorsus
3660 5510 3896 5573 negatur

2344 5590 2574 5627 l'Iﬂt'llt'S.

2344 5591 2574 5627 I'IEI'III'S.

2372 5592 2382 5623 I
2427 5591 2574 5627 ones.

2362 5590 2420 5682 δε
2434 5645 2572 5698 Edit.
2615 5645 2774 5699 Rom.
2806 5646 2919 5701 sola
2943 5689 2955 5707 ,
2986 5650 3162 5718 utique
3189 5658 3307 5702 ante
3335 5664 3537 5702 eramus
3577 5648 3670 5701 sub
3708 5647 3898 5702 umbra

2287 5714 2468 5787 Legis,
2516 5718 2724 5787 quando
2771 5714 3181 5775 custodiebunms
3227 5722 3515 5775 neomcnios
3560 5731 3607 5773 et
3652 5720 3890 5774 sabbata.

2293 5786 2411 5843 νει.
2439 5798 2493 5843 et
2530 5786 2668 5845 mss.
2712 5790 2920 5863 aliquot
2950 5809 2963 5845 :
2994 5803 3287 5861 utique.....
3337 5792 3745 5848 custodiebamus
3792 5790 3894 5853 ho-
