4124 6346
267 292 409 352 ηέθ

1367 293 1435 351 ΙΝ
1474 292 1802 352 PSALMUM
1841 295 2053 354 CXVIII
2092 295 2478 357 EXPOSITIO.

3433 311 3572 371 1230

261 411 396 465 bant
424 409 674 464 homines
703 409 923 463 sabbata
944 450 959 475 ,
992 423 1114 480 qua:
1155 418 1280 465 sunt
1309 410 1496 465 umbra
1528 411 1858 472 futurorum:
1891 415 1941 476 Α
1966 413 2090 483 .40);
2126 415 2176 469 in
2219 415 2327 468 alio
2356 415 2581 471 verbum
2609 415 2832 473 ctelesle
2854 460 2868 485 ,
2902 427 2957 474 et
3000 420 3224 477 verbum
3253 425 3570 495 angelorum

261 501 706 585 sicut’hodieque
740 502 944 568 Judici,
978 503 1069 562 qui
1099 519 1285 558 verum
1313 505 1600 558 saliliatnni
1647 523 1751 560 non
1790 507 1868 560 vi-

264 595 393 650 dent
413 637 427 658 ,
450 594 544 664 qui
575 596 874 666 exemplari
903 609 956 652 et
988 596 1192 653 umbra:
1225 599 1485 654 serviunt.
1514 599 1622 653 Nos
1649 615 1868 670 quoque

265 689 566 746 secundum
601 690 947 759 Evangelium
997 708 1140 746 nunc
1169 694 1442 759 viventes,
1488 694 1733 750 uuiliram
1783 710 1869 752 se-

263 787 484 858 quimur
508 785 803 841 verborum
832 786 946 841 Dei.
980 786 1278 844 Natbauael
1313 789 1414 844 sub
1440 790 1637 844 arbore
1669 787 1754 843 fici
1783 789 1866 843 vi-

265 880 424 936 detur
447 877 631 950 (Joan.
662 896 710 945 ι,
741 878 856 951 48),
889 879 1060 935 David
1103 882 1154 936 in
1188 882 1377 936 umbra
1417 883 1624 938 alarum
1653 881 1867 937 Domini

263 974 394 1030 .Icsu
421 989 646 1043 sperare
691 990 752 1031 se
788 975 923 1031 dicit
973 974 1148 1046 (Psal.
1181 992 1304 1042 xvt,
1335 977 1428 1048 8):
1475 976 1768 1032 Zacchmus
1815 978 1866 1034 in

264 1069 520 1123 arborem
571 1068 842 1140 sycomori
891 1067 1171 1135 ascendit,
1225 1078 1284 1124 ut
1333 1069 1607 1124 Christum
1660 1069 1870 1126 videret

265 1161 443 1233 (Luc.,
478 1177 603 1228 six,
634 1160 714 1232 4).
750 1159 918 1216 Nobis
935 1176 1150 1232 quoque
1196 1163 1456 1232 expandit
1503 1177 1696 1218 manus
1742 1179 1868 1219 suas

263 1255 462 1323 Jesus,
515 1264 574 1310 ut
623 1265 793 1310 totum
845 1254 1108 1310 mundum
1161 1257 1535 1313 obumbraret.
1587 1258 1870 1326 Quomodo

264 1364 374 1404 non
404 1363 596 1403 sumus
626 1349 677 1403 in
707 1348 918 1416 umbra,
954 1349 1044 1418 qui
1071 1349 1251 1404 crucis
1280 1349 1398 1419 ejus
1430 1350 1764 1420 protegimur
1789 1365 1869 1404 ve-

265 1443 552 1498 lamento?
579 1441 864 1511 Quomodo
891 1457 996 1497 non
1029 1458 1216 1497 sumus
1255 1443 1308 1496 itt
1335 1443 1551 1509 umbra,
1582 1458 1717 1510 quos
1744 1459 1870 1497 cru-

264 1539 460 1593 cilixus
511 1552 539 1590 a
571 1537 910 1607 malignitate
936 1536 1124 1591 saeculi
1175 1545 1232 1592 et
1277 1537 1528 1607 corporis
1555 1536 1752 1592 ardore
1777 1536 1872 1591 de-

265 1630 475 1687 fendit?
519 1631 602 1686 An
649 1631 922 1686 nescimus
963 1630 1218 1701 quoniam
1251 1629 1491 1686 Verbum
1527 1629 1622 1686 Dei
1651 1631 1874 1686 veniens

267 1728 322 1782 in
353 1726 498 1781 ltunc
533 1725 790 1780 mundum
812 1766 828 1791 ,
860 1741 966 1779 non
1008 1725 1148 1780 sicut
1182 1724 1417 1780 Verbum
1445 1724 1686 1786 advenit.
1715 1723 1874 1796 quale

1971 507 2024 562 iti
2069 507 2345 578 plerisque
2388 517 2490 563 est.
2539 511 2751 583 1000
2787 515 2924 566 Sunt
2969 515 3057 584 qui
3101 516 3302 572 habent
3343 520 3569 575 verbum

1973 600 2415 658 Dominatiouum
2444 613 2497 659 et
2526 603 2882 666 I’otcstatum.
2912 609 3134 663 verbum
3158 611 3380 678 justitize
3400 655 3414 679 ,
3445 629 3566 669 vcr-

1974 691 2100 748 bum
2131 696 2421 762 castitatis,
2457 695 2676 750 verbum
2707 697 3039 766 prudentior,
3076 704 3299 756 verbum
3335 705 3573 773 pictatis,

1969 788 2195 844 vet-lium
2220 789 2382 844 etiam
2409 791 2644 848 virtutis.
2678 793 2767 850 Sic
2791 811 2954 850 unum
2984 797 3208 854 verbum
3234 799 3397 854 multa
3424 810 3574 870 sunt,

1972 892 2029 940 et
2071 886 2236 940 multa
2282 884 2448 940 verba
2478 902 2644 943 unum
2691 898 2836 944 sunt.
2890 889 3000 946 Nec
3049 907 3184 947 vero
3223 894 3452 949 arduum
3497 905 3584 951 est

1970 979 2113 1034 istud
2161 979 2456 1041 aestimari;
2504 996 2628 1038 cum
2661 981 2953 1052 legerimus
2997 986 3122 1056 quia
3169 989 3352 1043 omnia
3401 997 3580 1058 potest

1972 1069 2209 1141 Spiritus
2235 1073 2534 1141 sapientia}.

2047 1165 2137 1220 2i.
2183 1165 2372 1238 Itaque
2403 1167 2544 1222 sicut
2568 1168 2658 1222 alii
2686 1167 2847 1224 datttr
2875 1185 2970 1237 per
2997 1170 3254 1240 Spiritum
3287 1189 3469 1229 sermo
3496 1190 3584 1230 sa-

1984 1259 2206 1329 pientiae
2227 1302 2242 1326 ,
2273 1271 2326 1314 et
2363 1261 2452 1314 alii
2484 1275 2666 1315 sermo
2696 1262 2940 1316 scientia:
2985 1265 3282 1319 scentulum
3327 1268 3578 1322 eumdem

1974 1352 2226 1422 spiritum
2253 1393 2267 1418 ,
2298 1351 2390 1406 alii
2431 1352 2564 1408 fides
2594 1355 2644 1406 in
2675 1354 2867 1408 eodem
2905 1357 3132 1424 spiritu,
3165 1358 3254 1411 alii
3285 1361 3457 1426 gratia
3491 1377 3585 1415 cu-

1978 1446 2249 1500 rationum
2280 1446 2331 1500 in
2372 1461 2479 1499 uno
2509 1447 2730 1515 spiritu,
2762 1447 2851 1502 alii
2879 1450 3124 1516 operatio
3157 1450 3450 1516 virtutum,
3487 1453 3576 1507 alii

1977 1539 2208 1609 Spiritus
2242 1539 2600 1610 cognitionis,
2643 1541 2731 1594 alii
2774 1541 2997 1611 spiritus
3027 1543 3240 1598 consilii
3293 1545 3580 1614 plenioris,

1976 1631 2069 1686 alii
2099 1631 2326 1702 spiritus
2353 1633 2708 1699 fortitudinis,
2743 1633 2834 1688 alii
2867 1635 3083 1705 pietatis
3110 1639 3370 1704 spiritus;
3403 1650 3582 1697 tamen

1979 1724 2033 1778 in
2065 1723 2319 1779 omnibus
2352 1739 2494 1779 unus
2534 1735 2697 1795 atque
2743 1726 2883 1780 idem
2915 1729 3140 1796 spiritus
3185 1740 3268 1784 est
3289 1772 3303 1794 ,
3335 1731 3583 1788 dividens

266 1821 320 1875 in
348 1818 620 1889 principio
645 1827 785 1882 erat,
815 1817 971 1889 quale
995 1828 1114 1872 erat
1141 1818 1282 1888 apud
1309 1819 1475 1873 Deum
1508 1835 1520 1871 :
1556 1817 1649 1872 sed
1677 1825 1877 1872 semct—
1905 1821 1953 1881 B
1980 1815 2206 1886 singulis
2229 1826 2388 1886 prout
2417 1817 2549 1872 vult.
2583 1817 2677 1872 Est
2704 1819 2932 1887 spiritus
2959 1819 3368 1890 prophetarum,
3397 1833 3454 1879 et
3473 1823 3586 1894 spi-

268 1915 449 1983 ipsum
487 1912 826 1980 exinanivit,
869 1911 1098 1967 formam
1128 1913 1269 1968 servi
1299 1913 1610 1982 accipiens?
1635 1911 1796 1966 Venit
1823 1912 1875 1965 itt

267 2008 414 2063 nube
438 2007 544 2062 levi
573 2025 588 2061 :
621 2016 677 2061 et
705 2022 826 2061 cum
864 2015 1012 2060 esset
1042 2005 1214 2061 virtus
1240 2005 1540 2071 Altissimi,
1583 2005 1875 2059 obumbra-

268 2101 347 2154 vit
380 2099 600 2164 Marini;
643 2105 703 2153 ut
747 2098 1153 2169 trausliguraret
1197 2114 1398 2169 corpus
1431 2097 1751 2154 humilitatis
1781 2114 1878 2153 no-

266 2205 396 2248 stra:
427 2194 710 2246 contorme
758 2191 871 2246 ﬁeri
913 2192 1130 2262 corpori
1175 2193 1363 2263 gloriae
1409 2207 1544 2247 suae.
1592 2191 1744 2249 Sicut
1787 2192 1877 2249 ille

269 2303 403 2358 ergo
429 2287 661 2342 mutavit
689 2285 951 2352 formam,
985 2300 1107 2340 cum
1151 2301 1216 2341 ex
1255 2285 1473 2356 Virgine
1515 2293 1830 2341 nasceretur
1860 2301 1874 2338 :

268 2383 343 2438 it-t
392 2391 450 2439 et
496 2380 656 2437 nobis
697 2395 979 2436 sermones
1030 2379 1127 2436 Dei
1180 2380 1543 2448 transligurati
1592 2379 1874 2444 videntur;

266 2493 392 2534 cum
442 2478 695 2547 leguntur
739 2475 790 2530 in
827 2475 1146 2545 Evangelio,
1175 2489 1297 2528 cum
1330 2475 1542 2542 species
1572 2489 1764 2529 eorum
1799 2473 1880 2528 \i-

272 2570 437 2625 detur
485 2571 537 2623 in
589 2569 890 2639 Scripturis
929 2567 1081 2639 quasi
1115 2583 1212 2640 per
1239 2567 1519 2637 Speculum
1542 2608 1557 2635 ,
1595 2567 1722 2638 quia
1769 2575 1877 2622 tota

264 2665 474 2720 veritas
506 2663 592 2716 ltic
623 2678 729 2718 non
761 2673 940 2732 potest
962 2659 1384 2732 comprehendi.
1417 2660 1551 2717 Cum
1574 2670 1756 2716 autem
1789 2676 1879 2716 ve-

265 2759 411 2816 nerit
438 2756 588 2829 quod
636 2755 942 2829 perfectum
985 2766 1100 2822 est,
1134 2772 1239 2811 non
1279 2756 1390 2826 jam
1437 2771 1532 2825 per
1561 2755 1878 2811 descensio-

269 2869 401 2909 nem
425 2895 440 2918 ,
475 2868 582 2908 non
609 2866 708 2922 per
735 2852 975 2922 Speciem
1004 2859 1064 2905 ut
1106 2850 1470 2922 transtigurati
1500 2869 1512 2904 :
1545 2850 1640 2906 sed
1667 2850 1874 2921 integra

265 2960 433 3020 atque
456 2962 718 3015 exoreSsa
744 2948 973 3002 veritate
1001 2946 1375 3018 reSpletident.

336 3042 433 3096 ΞΕ),
475 3040 663 3112 Neque
706 3050 758 3096 te
804 3049 1054 3105 moveat,
1098 3039 1242 3108 quod
1288 3039 1410 3094 ait:
1446 3048 1471 3076 ει
1515 3038 1679 3094 Multa
1711 3038 1877 3094 verba

264 3134 619 3200 custodiam;
666 3134 756 3204 qui
812 3149 979 3188 unum
1031 3132 1256 3189 verbum
1304 3133 1658 3203 cognoverit,
1709 3133 1876 3187 multa

1980 1909 2116 1963 rittts
2144 1909 2514 1979 apostolorum
2548 1928 2560 1962 :
2590 1921 2672 1964 est
2699 1910 2862 1965 etiam
2889 1911 3163 1967 artificum
3195 1915 3439 1984 spiritus,
3473 1917 3584 1972 sic-

1979 2011 2037 2058 ut
2071 2013 2127 2059 et
2170 2003 2409 2059 Beseleel
2440 2011 2495 2058 et
2525 2003 2700 2067 Oliab,
2736 2019 2874 2073 quos
2909 2005 3148 2074 implevit
3176 2007 3434 2062 Dominus
3461 2008 3585 2080 Spi—

1978 2096 2086 2150 ritu
2115 2095 2302 2150 divino
2325 2098 2604 2163 sapientia.-
2633 2106 2686 2150 et
2716 2099 2990 2162 scietttizu,
3021 2109 3075 2153 et
3119 2101 3300 2154 omnis
3327 2104 3494 2165 artis;
3527 2112 3586 2157 ιιι

1979 2187 2222 2244 facerent
2250 2189 2504 2243 amictum
2532 2199 2587 2242 et
2613 2188 3072 2254 Tabernacnlum,
3105 2201 3266 2260 atque
3295 2193 3468 2249 altare
3497 2209 3586 2250 se-

1979 2280 2462 2337 cundumsensum
2503 2297 2664 2352 quem
2694 2282 2840 2337 dedit
2871 2281 2954 2338 bis
2982 2282 3124 2337 Deus
3162 2283 3387 2356 (lixam,
3415 2303 3578 2356 xxxv,

1979 2374 2049 2430 '50
2073 2386 2119 2429 et
2150 2374 2316 2446 seq.);
2347 2375 2441 2430 scd
2465 2377 2630 2430 etiam
2653 2380 2867 2430 cati-ris
2889 2377 3226 2445 sapientibus
3281 2381 3587 2451 intelligere

1979 2478 2034 2524 et
2071 2468 2250 2524 facere
2295 2468 2477 2522 omnia
2511 2483 2674 2536 opera
2708 2469 3008 2522 secundum
3041 2472 3222 2525 omnia
3252 2488 3369 2537 qth
3400 2473 3584 2529 Domi-

1981 2574 2083 2614 nus
2115 2560 2440 2630 imperubat.
2473 2559 2658 2630 Itaque
2689 2560 2938 2616 fecerunt
2967 2578 3085 2632 qua:
3118 2579 3223 2618 non
3253 2563 3581 2636 dalicerant,

1980 2667 2080 2708 nec
2101 2652 2371 2716 viderant,
2403 2653 2699 2707 secundum
2735 2669 2795 2705 ca
2821 2669 2942 2722 qttze
2977 2653 3062 2708 Itis
3090 2654 3328 2722 Spiritus
3358 2657 3583 2715 demon-

1979 2747 2212 2802 strabat.
2247 2746 2311 2800 Et
2345 2747 2616 2816 plerisque
2646 2745 2863 2800 videtur
2892 2747 3029 2800 alius
3070 2763 3120 2812 al
3141 2751 3441 2804 ostolorum
3472 2752 3583 2820 spi-

1979 2841 2148 2902 ritus,
2189 2839 2331 2894 alius
2364 2838 2748 2908 prophetarum
2773 2880 2786 2902 ,
2820 2849 2874 2892 et
2913 2839 3164 2893 diversus
3205 2841 3256 2894 in
3303 2842 3580 2912 singulis:

1979 2930 2074 2987 sed
2109 2946 2213 2985 non
2248 2941 2332 2986 est
2357 2930 2628 2995 diversus,
2651 2929 2745 2985 sed
2777 2945 2916 2984 unus
2946 2945 3029 2986 est
3059 2931 3306 2999 spiritus,
3334 2935 3582 2993 «ιίνίιιρηε

1979 3039 2177 3094 genera
2218 3024 2433 3078 diversa
2480 3024 2758 3076 virtutum.
2797 3022 2948 3078 Unde
2995 3039 3100 3079 non
3147 3026 3370 3082 dubium
3411 3030 3582 3088 videri

1981 3118 2176 3184 debet,
2211 3119 2256 3174 si
2287 3119 2409 3173 aliis
2440 3117 2668 3172 verbum
2713 3117 3070 3188 aposmltcum
3096 3161 3110 3186 ,
3142 3120 3264 3175 aliis
3306 3123 3582 3192 proplteti-

266 3231 432 3286 verba
453 3229 754 3302 cognoscit.
777 3229 835 3284 In
865 3244 974 3284 uno
998 3229 1145 3284 enim
1170 3228 1334 3284 multa
1362 3237 1506 3293 sunt,
1535 3239 1588 3284 et
1613 3230 1665 3284 in
1696 3227 1871 3284 multis

1981 3227 2128 3278 cum,
2159 3223 2180 3250 ε
2215 3212 2336 3267 aliis
2361 3210 2732 3282 evangelicum
2753 3253 2767 3276 ,
2799 3211 2923 3266 aliis
2955 3213 3180 3267 verbum
3210 3218 3584 3284 operatorium

275 3341 440 3380 unum
465 3335 572 3382 est.
608 3323 956 3380 Prolnindunt
981 3333 1062 3378 est
1089 3322 1252 3394 igitur
1269 3323 1544 3394 quomodo
1569 3339 1733 3378 unum
1758 3339 1879 3378 ver-

269 3417 401 3472 bum
429 3418 600 3472 multa
646 3417 790 3484 sint,
823 3426 880 3470 et
923 3418 1088 3469 multa
1129 3415 1292 3469 verba
1328 3431 1492 3470 tmtttn
1527 3415 1750 3471 verbum
1781 3416 1872 3471 sit.

272 3509 383 3566 Nec
407 3520 490 3566 est
515 3508 737 3565 difficile
763 3507 986 3576 doceri,
1017 3523 1140 3564 cum
1171 3508 1368 3563 dixerit
1393 3507 1716 3578 Apostolus,
1749 3509 1875 3573 quia

270 3603 380 3676 ipse
410 3614 485 3658 est
507 3605 678 3675 imago
704 3601 804 3656 Dei
830 3601 1123 3666 invisibilis,
1148 3601 1520 3674 primoyenitus
1545 3600 1712 3655 omnis
1731 3617 1876 3654 crea-

268 3706 421 3763 ture,
455 3698 511 3750 in
538 3713 636 3768 quo
661 3705 833 3750 creata
854 3705 969 3749 sunt
993 3694 1163 3749 omnia
1190 3695 1242 3748 in
1261 3694 1547 3750 calcaribus
1567 3695 1689 3748 etin
1713 3705 1870 3762 terra,

267 3790 370 3844 sive
397 3789 643 3855 visibifia,
665 3789 770 3842 sive
798 3787 1096 3852 invisibilia,
1131 3788 1236 3842 sive
1278 3787 1468 3854 Sedes,
1499 3788 1603 3841 sive
1626 3786 1875 3842 Domina-

267 3885 460 3949 tiones,
505 3884 612 3938 sive
650 3881 1020 3953 Principatus,
1053 3882 1157 3936 sive
1199 3879 1524 3948 Potestates,
1566 3883 1740 3936 omnia
1783 3897 1874 3954 per

267 3980 440 4047 ipsum
465 3987 512 4034 et
532 3979 588 4032 in
618 3979 728 4048 ipso
747 3988 921 4033 creata
940 3987 1056 4032 sunt
1083 3975 1304 4050 (Colon.
1329 3993 1369 4045 ι,
1396 3977 1460 4032 l5
1479 3987 1529 4032 et
1554 3975 1665 4047 16).
1695 3977 1869 4033 Unum

265 4083 350 4126 est
376 4072 543 4142 igitur
569 4069 830 4136 Verbum,
857 4070 1000 4142 quod
1025 4081 1284 4140 operatur
1305 4071 1358 4124 in
1380 4070 1608 4141 singulis
1635 4088 1649 4125 :
1675 4079 1869 4127 etcum

266 4166 320 4220 in
368 4163 602 4236 singulis
644 4175 922 4229 operatur,
965 4172 1220 4232 Operatur
1260 4162 1440 4217 omnia
1492 4162 1545 4216 in
1595 4163 1867 4218 omnibus.

262 4260 380 4314 Hoc
413 4257 652 4314 Verbum
680 4259 896 4315 unicum
926 4256 1065 4326 apud
1098 4256 1312 4312 Patrem
1341 4270 1402 4311 se
1431 4254 1644 4311 dilTudit
1671 4256 1723 4310 in
1753 4255 1872 4326 plu—

263 4352 440 4416 rima;
473 4351 598 4420 quia
648 4349 716 4406 de
765 4349 1099 4421 plenitudine
1143 4348 1263 4419 ejus
1304 4362 1495 4404 omnes
1534 4347 1865 4418 accepimus.

263 4447 454 4520 Itaque
483 4447 529 4503 si
576 4447 760 4503 videas
805 4446 1014 4516 singula
1060 4445 1299 4500 omnium
1347 4460 1468 4515 quas
1516 4452 1698 4499 creata
1744 4450 1874 4498 sunt

261 4541 319 4596 in
351 4542 496 4612 ipso,
529 4539 738 4596 videbis
779 4539 833 4593 in
879 4538 1110 4610 singulis
1151 4553 1313 4592 unum
1341 4537 1567 4592 verbum
1599 4551 1723 4593 esse
1751 4552 1870 4590 om-

1979 3307 2167 3362 datum
2195 3315 2310 3371 est;
2359 3315 2416 3362 et
2456 3315 2637 3360 tamen
2677 3323 2841 3360 ttuutn
2870 3317 2956 3362 est
2981 3308 3204 3364 verbum
3250 3309 3498 3370 dividens
3526 3329 3586 3370 se

1979 3402 2210 3474 singulis
2246 3417 2343 3470 pro
2376 3409 2557 3455 nostra
2604 3401 2987 3470 possibilitate,
3019 3401 3107 3457 vel
3151 3417 3248 3472 pro
3273 3421 3368 3460 sua
3393 3406 3584 3462 volun-

1979 3493 2113 3549 taria
2161 3492 2426 3563 largitate.
2459 3491 2571 3546 lluc
2604 3490 2835 3545 Verbum
2877 3492 3060 3561 igitur,
3109 3494 3250 3563 quod
3293 3506 3375 3551 est
3417 3508 3582 3570 Caput.

1976 3588 2242 3653 omnium,
2277 3586 2364 3640 hic
2410 3601 2505 3655 per
2533 3584 2816 3655 speculum
2841 3584 3028 3650 video;
3063 3595 3117 3642 et
3144 3586 3268 3642 ideo
3298 3590 3459 3644 verba
3493 3592 3581 3648 hic

1975 3682 2251 3738 custodire
2275 3695 2381 3735 non
2417 3694 2634 3749 possum
2671 3697 2686 3736 :
2714 3679 2808 3734 sed
2843 3695 2963 3734 cum
2988 3679 3176 3736 videro
3202 3681 3428 3752 gloriam
3459 3686 3578 3754 ejus

1976 3774 2210 3832 revelata
2237 3774 2393 3839 facie,
2423 3783 2554 3828 tunc
2579 3772 2776 3838 vivam,
2805 3781 2859 3828 et
2883 3772 2989 3828 vita
3015 3772 3201 3832 vivens
3223 3777 3387 3834 etiam
3411 3779 3575 3836 verba

1974 3871 2158 3927 divina
2185 3870 2511 3926 custodiam.

2043 3965 2134 4019 22.
2177 3963 2359 4038 (Vers.
2397 3961 2673 4034 18.)Ideo
2717 3977 2848 4034 ergo
2893 3963 3138 4020 secundo
3185 3979 3346 4022 versu
3393 3967 3572 4028 dicit:

1971 4058 2203 4128 Adaperi
2232 4058 2409 4112 oculos
2435 4073 2605 4122 meos,
2639 4065 2687 4110 et
2724 4048 3058 4112 considerabo
3088 4059 3345 4116 mirabilia
3368 4064 3432 4116 de
3461 4065 3573 4137 lege

1971 4161 2082 4206 tua.
2112 4150 2215 4217 Qui
2241 4149 2507 4217 adaperiri
2539 4147 2640 4202 sibi
2673 4147 2862 4202 oeulos
2887 4150 3043 4217 petit,
3070 4151 3252 4221 utique
3280 4159 3336 4206 et
3355 4156 3568 4222 gravari
3593 4168 3608 4185 .

1970 4241 2246 4313 intelligit.
2292 4239 2479 4311 Neque
2505 4239 2652 4296 enim
2683 4238 2952 4295 utediCum
2992 4251 3181 4312 rogat,
3214 4243 3316 4298 nisi
3348 4246 3437 4316 qui
3481 4263 3569 4304 re-

1970 4333 2211 4390 medium
2258 4330 2560 4404 :egritudini
2607 4345 2721 4384 sua:
2767 4329 2961 4400 poscit.
3013 4330 3153 4387 Dicit
3195 4348 3326 4403 ergo
3370 4335 3473 4392 iste
3500 4338 3568 4393 ad

1969 4428 2242 4485 medicum
2273 4425 2579 4508 venientem
2611 4423 2680 4481 de
2707 4424 2850 4480 caalo
2878 4441 2893 4480 :
2923 4416 3151 4496 Aitaperi
3196 4428 3373 4483 oculos
3408 4447 3569 4488 meos.

1968 4523 2025 4579 Si
2056 4524 2302 4578 turbatus
2341 4530 2425 4578 est
2472 4520 2694 4588 oculus,
2744 4519 2902 4577 facile
2948 4522 3103 4577 dolor
3131 4524 3309 4580 omnis
3347 4528 3570 4586 sedatur

261 4609 446 4697 nium,
481 4632 636 4704 cujus
684 4648 783 4703 pro
821 4609 987 4702 captu
1012 4643 1201 4688 nostro
1244 4630 1536 4704 participes
1562 4645 1773 4686 sumus.
1804 4629 1864 4685 Ιιι

1976 4618 1999 4658 τι
2027 4620 2258 4693 collyrio
2290 4637 2303 4674 :
2336 4619 2420 4675 sin
2465 4633 2598 4673 vero
2640 4618 2787 4674 acies
2829 4617 2950 4688 ejus
2981 4619 3224 4674 humoris
3270 4621 3574 4681 sulfusione

262 4744 354 4785 me
378 4728 608 4784 verbum
637 4738 720 4784 est
742 4727 1061 4793 humanum,
1088 4727 1117 4767 b
1145 4728 1240 4784 sed
1266 4728 1558 4798 Apostolus
1585 4737 1868 4784 succurrat

262 4832 318 4881 et
348 4823 533 4879 dicat:
565 4821 700 4878 Puto
725 4834 773 4878 et
799 4839 890 4895 ego
933 4825 1173 4896 Spiritum
1211 4821 1306 4880 Dei
1333 4823 1495 4878 habeo
1521 4821 1732 4896 (1Com,
1755 4840 1861 4893 vn,

261 4985 430 5042 mines
478 4983 706 5040 sabbata.
753 4984 964 5051 Melius,
1014 4995 1202 5040 nustro
1239 4984 1455 5056 quidem
1503 4983 1728 5055 judicio,
1775 4986 1868 5042 alii

261 5059 428 5117 longe.
461 5057 702 5127 plurimi,
731 5067 790 5110 ιιι
818 5073 980 5126 supra
1013 5058 1065 5112 in
1097 5073 1348 5126 corpore.

337 5141 365 5166 ⁸
406 5129 502 5185 Sic
531 5130 661 5183 edit.
686 5139 798 5184 ant.
831 5144 952 5182 cum
981 5129 1104 5184 cod.
1141 5145 1301 5183 manu
1323 5128 1584 5184 exaratis.
1613 5130 1681 5183 At
1705 5129 1866 5186 Rom.

261 5201 400 5257 r-di‘t.
427 5202 846 5260 emenilaverat.
876 5198 944 5254 Et
964 5201 1260 5272 custodiam
1287 5204 1475 5264 verba;
1505 5201 1654 5272 quasi
1683 5205 1866 5269 multa,

260 5288 306 5327 et
341 5292 447 5327 non
474 5289 634 5326 utinm
663 5273 886 5326 verbum.
927 5271 1063 5326 Nam
1095 5277 1182 5344 qui
1215 5290 1406 5335 unum,
1441 5271 1546 5326 etc.
1577 5273 1692 5328 Non
1727 5273 1867 5329 infc-

260 5347 350 5401 lici
377 5358 615 5409 conatu;
647 5347 691 5398 si
715 5346 801 5400 vel
826 5359 964 5398 unus
997 5361 1099 5400 ius.
1131 5347 1532 5415 astipularetttr.

335 5416 364 5455 δ
415 5417 590 5471 Verba
632 5417 753 5473 illa.
787 5416 876 5471 sed
901 5416 1294 5484 Apostolus”...
1331 5416 1426 5468 Dei
1456 5415 1642 5471 habeo.
1669 5432 1787 5485 qum
1813 5416 1868 5472 in

257 5489 402 5545 edit.
436 5488 911 5551 desiderabantur,
949 5491 1192 5544 restituta
1242 5497 1369 5542 sunt
1407 5489 1729 5542 auctoritate
1773 5505 1870 5541 no-

257 5577 388 5617 veni
431 5576 567 5615 mss.
614 5562 666 5614 in
711 5562 908 5632 quibus
949 5561 1080 5632 Reg.
1117 5575 1283 5628 unus,
1325 5561 1432 5615 duo
1470 5560 1653 5626 Sorb.,
1686 5559 1868 5627 Vind.,

260 5634 440 5699 Piso,
470 5641 577 5687 etc.

340 5716 366 5742 ε
417 5707 544 5759 Mss.
595 5719 696 5762 nec
739 5705 934 5777 pauci,
979 5720 1080 5762 nec
1119 5703 1318 5761 inﬁma:
1349 5714 1520 5770 notae,
1568 5702 1686 5759 aliis
1712 5719 1872 5778 ange-

260 5779 452 5836 licam.

331 5845 367 5889 ἀ
409 5846 702 5922 Collyrium
747 5849 1053 5924 prmsertitn
1092 5851 1376 5911 oculorum
1417 5847 1874 5910 medicamentum

1976 4715 2311 4784 praetexitur,
2367 4712 2574 4783 majora
2622 4713 2861 4768 remedia
2911 4722 3246 4784 quaeruntur.
3299 4717 3397 4772 Est
3441 4735 3572 4792 ergo

1972 4809 2116 4866 sicut
2154 4809 2208 4864 in
2237 4806 2414 4865 oculis
2454 4805 2727 4878 corporis,
2773 4807 2842 4862 ita
2868 4806 3032 4863 etiam
3072 4808 3129 4864 in
3170 4810 3344 4866 oculis
3371 4813 3567 4871 animae

1971 4988 2267 5058 signiﬁcat;
2315 4987 2460 5045 unde
2507 4987 2849 5058 proverbium
2902 4986 3032 5042 illud
3090 4989 3228 5059 apud
3280 4990 3562 5050 Erasmum

1974 5061 2103 5116 Cllll.
2137 5062 2192 5124 4,
2229 5071 2372 5115 eent.
2405 5060 2457 5120 8.
2485 5061 2641 5127 adag.
2665 5059 2754 5119 ‘21.
2788 5077 2889 5112 uno
2911 5060 3124 5130 collyrio
3146 5063 3380 5118 omnibus
3402 5068 3566 5122 oculis

1975 5134 2164 5188 mederi
2189 5150 2207 5188 :
2238 5143 2472 5186 attamen
2506 5141 2666 5186 etiam
2692 5133 2809 5184 aliis
2839 5133 3024 5185 ttsilms
3051 5131 3368 5200 adhibetur;
3399 5137 3565 5193 immo

1975 5221 2026 5262 et
2067 5221 2236 5276 genus
2282 5202 2550 5274 qttmltlattt
2600 5204 2751 5276 panis
2795 5201 3349 5276 Ilicl'Ilallll'#:IIIIIlltliS
3395 5210 3566 5276 colly-

1975 5270 2138 5333 rium.
2166 5270 2388 5331 Fit-li'int
2419 5270 2927 5342 autemlmjusmoili
2965 5270 3351 5331 medicamenta
3388 5283 3465 5334 \el
3497 5270 3567 5338 ex

1975 5349 2167 5428 aridis,
2202 5360 2250 5402 et
2279 5347 2712 5428 ξηροὶιοῖλούριοεέ
2748 5347 2830 5399 vi-l
2857 5360 2920 5428 ex
2955 5346 3218 5413 litttnidis,
3247 5362 3300 5404 et
3328 5351 3572 5428 ὑγροκολ-

1978 5421 2162 5497 ᾉούριᾳ
2191 5416 2627 5473 nminiialianttti.
2660 5416 2848 5497 Figura
2883 5427 3022 5497 teres
3049 5429 3161 5497 erit
3182 5460 3197 5480 .
3227 5436 3276 5474 et
3307 5416 3568 5497 ιιιίξδιιιιι-

1983 5489 2264 5547 Ιιιιὶιιιιιειιι
2292 5497 2553 5544 truncata!
2582 5489 2768 5543 eatula-
2799 5491 2965 5542 muris
2995 5490 3278 5552 accedo-Its:
3303 5496 3569 5552 tmtlccol-

1984 5565 2116 5637 lyria
2148 5564 2292 5616 diota
2320 5564 2503 5637 volunt
2533 5564 2634 5617 ἀπὸ
2670 5561 2884 5622 κολοϐἦς
2917 5565 3091 5637 οὐρᾶς.
3130 5561 3278 5637 Alias
3323 5568 3565 5635 ejusdem

1983 5634 2133 5690 vocis
2174 5634 2527 5706 etytttologias
2570 5647 2634 5688 ac
2678 5634 3097 5755 διῗιιιιιτςιιιῘ-ιιθς
3143 5635 3321 5698 legere
3357 5634 3572 5705 poteris

1984 5709 2124 5755 aliud
2156 5707 2485 5755 Brissonimtt
2522 5707 2592 5755 ιιι.
2642 5718 2695 5755 ιιι
2775 5721 2801 5755 e
2831 5702 2980 5755 ναι-1).
3009 5704 3154 5755 .Iun's
3181 5725 3340 5755 ιιηη.-
3367 5723 3420 5755 et
3443 5709 3572 5755 Vm:-

1984 5709 2124 5774 apud
2155 5702 2485 5778 lilri~soniutu
2522 5707 2592 5778 lili
2642 5718 2695 5758 ιιι
2727 5702 2801 5778 De
2831 5702 2980 5778 νει-1).
3009 5704 3154 5778 Jnris
3181 5725 3340 5778 διατι..
3367 5702 3420 5765 et
3443 5709 3577 5766 Vos-

1985 5781 2130 5838 siutn
2158 5777 2330 5852 Etym.
2365 5776 2482 5833 Lat.
2515 5777 2705 5850 lingua:
2725 5775 2778 5833 itt
2803 5775 2994 5834 eodem
3024 5777 3210 5835 verbo.
