4070 6490
500 363 634 422 ΗΜ

1838 337 2085 403 SANCTI
2122 334 2450 399 AHBROSII

3663 323 3818 396 res:

494 481 807 556 httjnsmndi
838 476 1085 552 quadam
1118 474 1327 548 passio,
1359 485 1479 541 «iure
1507 469 1842 538 ingraveseat
1870 475 2095 517 necesse
2122 461 2173 519 Δ
2201 476 2286 526 tv,
2313 461 2349 517 ὅ
2373 468 2419 516 et
2446 458 2513 531 ι)
2541 474 2556 525 ;
2593 466 2649 514 et
2683 458 2861 513 adhuc
2890 470 3002 513 non
3044 455 3407 526 cognoscebat
3434 454 3765 528 mysterium
3797 497 3813 517 ,

493 554 611 643 est;
646 575 749 630 ui~l
776 575 951 627 bonus
979 569 1222 623 lllPdlCtlS
1254 567 1498 619 velamen
1531 559 1665 616 illud
1696 554 2005 619 abstulerit,
2041 561 2098 609 ct

495 672 749 730 nelmlatn
781 665 1068 737 qu-tmdam
1092 660 1332 718 concreti
1364 655 1631 719 ltmtoris,
1659 668 1778 722 qttte
1808 648 2093 719 impedire,

494 764 584 822 vel
616 762 795 834 potius
837 757 1092 832 operire,
1136 771 1200 808 ne
1229 751 1414 805 videat
1453 764 1574 819 quae
1607 745 1852 811 videbat,
1900 740 2097 798 mentis

497 860 795 915 aestimatur
862 853 1130 909 obtutum.
1179 846 1406 917 lrrepsit
1452 840 1718 912 agritudo
1762 838 1933 894 veteri
1989 835 2097 890 fer-

497 963 717 1016 mentu;
743 963 811 1005 eo
841 944 982 1011 quod
1012 958 1117 998 non
1149 939 1397 996 esuinms
1432 934 1518 991 vel
1556 932 1816 1006 gentilem
1837 973 1853 995 ,
1883 929 1969 984 vel
1997 927 2093 984 .ln-

496 1047 705 1103 daieutn
736 1040 1114 1101 sud’usioncm,
1144 1050 1267 1090 eum
1298 1031 1530 1101 primum
1558 1027 1869 1083 veniremus
1897 1023 1963 1078 ad
1993 1021 2098 1077 Ec.

496 1139 716 1198 cit-siam
748 1154 762 1190 :
800 1150 906 1189 non
947 1130 1253 1185 audivimus
1279 1140 1329 1182 et
1360 1134 1386 1162 ⁸
1410 1126 1696 1179 ducentem
1744 1120 1870 1175 boni
1900 1114 2096 1172 medici

492 1233 873 1303 disciplinam:
908 1225 1118 1301 ιω]
1164 1220 1527 1280 Exspoltantes
1572 1227 1785 1271 ueterem
1840 1211 2097 1265 hominem

492 1344 608 1383 cum
638 1325 836 1380 actibus
863 1322 991 1385 suis,
1018 1317 1218 1374 induite
1239 1330 1446 1379 uorum,
1470 1312 1556 1378 qui
1581 1321 1854 1363 renovatur
1873 1306 1928 1360 iu
1950 1301 2100 1375 agni-

493 1422 655 1482 tione,
688 1414 973 1473 secundum
1011 1410 1285 1481 imaginem
1324 1409 1435 1481 ejus
1477 1403 1564 1473 qui
1599 1401 1786 1458 ereavit
1833 1414 1949 1454 eum
1979 1394 2101 1468 (Co-

492 1512 619 1567 loss.
650 1524 731 1574 ιιι,
762 1511 795 1563 9
822 1517 869 1562 et
906 1507 1013 1575 l0).
1046 1500 1440 1571 Sttpervestivit
1469 1512 1599 1565 ergo
1630 1509 1689 1549 se
1726 1493 1923 1563 aliquis
1943 1530 1958 1555 ,
1990 1504 2097 1543 non

496 1604 823 1674 exspatiavit
854 1615 866 1653 :
899 1597 1066 1664 serpit
1110 1593 1323 1664 gravior
1363 1589 1627 1662 :t-gritttdo
1649 1629 1662 1647 .
1692 1592 1879 1657 gravat
1910 1581 2100 1636 oculos

495 1697 810 1752 diuturnum
858 1692 1143 1755 velamen;
1178 1703 1283 1741 nun
1318 1692 1496 1753 potest
1523 1683 1806 1752 quisquam
1836 1674 1968 1730 illud
1999 1688 2099 1727 au-

495 1789 664 1853 ferre,
694 1804 804 1841 non
832 1784 1095 1855 Angelus,
1119 1796 1226 1835 non
1249 1777 1509 1841 Virtutes,
1537 1791 1642 1829 non
1665 1770 2097 1833 Dmninationes,

2200 571 2308 626 quo
2347 553 2725 610 declarabatur
2767 551 3157 608 descensurum
3206 551 3258 605 in
3298 559 3473 606 terras
3509 547 3814 603 Dominum

2199 646 2513 717 Jesum.qui
2543 660 2666 701 cum
2694 658 2754 699 se
2784 641 3363 713 exinanisset,deponi
3396 642 3449 697 in
3474 655 3719 707 crucem,
3750 650 3816 695 et

2201 740 2391 812 ιιι-υ]ίοί
2424 746 2702 810 pateretur
2723 740 2775 795 in
2807 737 3097 803 tumulum,
3124 750 3144 774 ι’
3162 735 3318 809 quasi
3346 748 3573 807 serpens
3599 732 3668 790 de
3692 733 3817 789 vir-

2198 852 2262 906 ga
2294 834 2506 899 factus;
2534 834 2657 904 quia
2684 835 2737 889 in
2762 833 3027 889 tumulum
3055 830 3353 903 proiectus,
3386 828 3455 887 de
3476 843 3583 902 quo
3609 842 3817 885 secun-

2201 931 2329 988 dum
2359 930 2574 988 oracula
2599 929 2760 1003 Legis
2787 943 3082 1001 resurgens
3105 928 3158 984 in
3189 925 3420 1000 gloriam
3457 925 3549 982 Dei
3576 922 3817 980 divina:-

2201 1043 2308 1097 qne
2335 1025 2483 1082 sedis
2523 1026 2703 1097 regale
2733 1022 3071 1080 consortium
3101 1020 3170 1078 de
3215 1028 3469 1092 serpente
3508 1024 3810 1073 remearet.

2201 1117 2692 1191 Apprelteudamus
2718 1131 2850 1188 ergo
2878 1125 2935 1172 et
2966 1131 3066 1173 nos
3095 1114 3321 1171 caudam
3359 1112 3633 1185 serpentis
3661 1109 3816 1165 illius

2203 1212 2481 1279 cruciﬁxi;
2511 1221 2570 1269 ut
2596 1219 2920 1284 potestatem
2943 1209 3059 1282 ejus
3086 1209 3288 1281 regiam
3326 1208 3598 1279 possimus
3636 1218 3817 1275 agno-

2204 1322 2380 1363 scere.
2412 1305 2482 1362 Et
2520 1306 2609 1362 illa
2632 1318 2751 1375 qua:
2800 1303 2855 1359 in
2901 1302 3071 1377 pedes
3110 1302 3229 1373 eius
3258 1301 3405 1358 misit
3434 1306 3773 1372 unguentum
3794 1341 3809 1365 ,

2207 1400 2382 1457 tenuit
2399 1414 2544 1455 eum.
2565 1398 2801 1455 Cantiam
2821 1412 2950 1470 ergo
2971 1395 3245 1467 serpentis
3266 1392 3628 1465 apprehendit
3654 1391 3815 1464 Moy-

2208 1508 2295 1550 ses
2324 1512 2337 1549 :
2371 1502 2424 1550 et
2445 1500 2693 1565 apertum
2734 1499 2819 1548 est
2858 1506 2921 1547 os
2948 1490 3085 1561 ejus.
3115 1487 3233 1545 Non
3258 1500 3392 1558 ergo
3418 1486 3634 1542 locutus
3656 1488 3825 1541 esset

2208 1586 2275 1642 de
2302 1600 2369 1642 eo
2393 1603 2407 1640 :
2439 1584 2543 1641 nisi
2571 1585 2688 1656 ipse
2715 1583 2977 1639 Dominus
3001 1597 3064 1638 os
3085 1581 3207 1653 ejus
3234 1580 3562 1651 aperuisset.

2277 1679 2369 1735 25.
2417 1677 2582 1733 David
2622 1675 2893 1745 adaperiri
2944 1675 3049 1732 sibi
3087 1673 3277 1730 oculos
3319 1671 3408 1728 bic
3434 1672 3611 1743 petit,
3651 1676 3709 1725 et
3754 1667 3816 1724 in

2210 1773 2584 1842 superioribus
2609 1772 2737 1829 dixit
2762 1790 2777 1829 :
2805 1770 2936 1839 Quis
2963 1769 3184 1826 ostendit
3206 1768 3351 1823 nobis
3378 1766 3513 1821 bona
3537 1764 3815 1836 (Psol.tv,
3864 1844 3873 1851 _

493 1894 600 1940 neu
635 1883 961 1937 P-tlestates.
997 1875 1176 1931 Manet
1203 1876 1448 1928 velamen
1480 1866 1611 1923 illud
1631 1910 1645 1931 ,
1675 1865 1967 1922 lectionem
1994 1862 2094 1916 im-
2132 1874 2181 1937 Β
2209 1870 2314 1941 6)?
2336 1868 2464 1923 Erat
2491 1866 2593 1923 sub
2616 1865 2762 1938 Lege
2779 1864 3038 1931 nutritus,
3053 1862 3263 1919 sciebat
3286 1861 3407 1930 quia
3430 1859 3543 1916 Lex
3564 1858 3816 1914 umbram

494 1976 668 2048 pedit,
697 1976 965 2028 visinnetn
995 1970 1244 2033 nbducit;
1277 1966 1420 2037 quod
1465 1981 1571 2020 nun
1602 1960 1897 2026 revelatur,
1930 1959 2103 2028 inquit

488 2067 785 2138 Apostolus
806 2064 876 2142 (ll
905 2064 1127 2121 Cui-.1".
1156 2059 1265 2134 14),
1298 2061 1404 2114 line
1424 2069 1527 2117 est.
1553 2073 1581 2108 a
1605 2068 1948 2127 quocumque
1969 2050 2095 2118 alio,

489 2165 594 2221 IllSI
629 2166 681 2218 in
705 2160 918 2217 Christo
941 2159 1106 2215 fuerit
1132 2164 1473 2211 evacuatum.
1496 2150 1631 2207 (ium
1661 2162 1788 2205 vero
1810 2158 2106 2202 conversus

494 2257 806 2330 huiusmodi
835 2256 1002 2312 fuerit
1032 2253 1098 2310 ad
1140 2252 1461 2317 Dominum,
1494 2250 1768 2302 auferetur
1798 2244 2064 2298 velamen.

561 2356 654 2412 23.
690 2354 869 2409 llahes
899 2352 1059 2422 igitur
1085 2365 1250 2424 quom
1291 2344 1362 2402 do
1393 2342 1612 2399 auia-ras
1644 2339 1892 2396 velamen
1913 2377 1928 2399 ,
1960 2330 2107 2406 quod

489 2459 675 2509 manet
701 2464 862 2522 supra
893 2446 1083 2502 oculos
1114 2443 1297 2499 curdis
1324 2440 1422 2495 ttti.
1459 2437 1799 2493 Convertere
1828 2431 1895 2484 ad
1928 2428 2109 2483 Domi-

491 2560 661 2609 num,
698 2521 1026 2600 etis-elamen
1074 2538 1256 2594 cadet.
1304 2534 1622 2591 Conversus
1660 2537 1746 2584 est
1794 2525 1992 2583 Paulus
2038 2521 2105 2575 ad

491 2637 933 2697 benedictionem
967 2632 1211 2699 Ananiae.
1244 2627 1388 2683 Velut
1423 2639 1666 2696 squama:
1693 2619 2009 2676 ceciderunt
2036 2613 2106 2669 ab

492 2732 670 2791 oculis
700 2731 817 2802 t-jtts
844 2746 859 2797 ;
903 2738 957 2785 et
989 2727 1122 2782 vidit
1145 2723 1241 2811 qui
1274 2737 1368 2790 per
1394 2720 1631 2778 triduum
1664 2723 1791 2771 ante
1822 2728 1927 2768 non
1958 2708 2111 2767 ride-

492 2836 578 2884 rat
609 2825 776 2900 (.lct.,
805 2838 857 2879 Ix
880 2863 893 2887 ,
930 2818 1022 2892 l8)
1057 2839 1070 2873 :
1114 2806 1272 2873 simul
1299 2811 1489 2870 oculus
1518 2810 1766 2877 corporis
1808 2806 2112 2871 animmque

494 2899 748 2979 sanatur;
772 2915 898 2987 quia
933 2911 1390 2967 medicamentum
1415 2906 1464 2961 ei
1498 2899 1740 2958 medicus
1768 2899 2113 2955 denum-stra-

493 3022 647 3068 verat
690 3011 779 3065 ille
808 3007 878 3062 de
902 3006 1078 3070 cu‘ln,
1110 3002 1180 3057 de
1206 3018 1314 3070 quo
1342 2999 1602 3067 scriptum
1641 3004 1724 3049 est
1754 3012 1766 3048 :
1803 2992 1947 3047 Misit
1982 2988 2112 3043 Ver—

496 3103 618 3159 bum
651 3110 824 3157 suum.
861 3107 909 3152 et
935 3094 1136 3151 sanavit
1163 3107 1272 3157 eos,
1305 3101 1351 3146 et
1380 3105 1442 3145 ea:
1469 3088 1702 3143 omnibus
1722 3082 2115 3154 infirmitatibus

502 3195 612 3252 suis
644 3191 876 3248 liberavit
898 3186 1177 3259 eos(Psal.
1203 3198 1310 3247 cvt,
1333 3183 1451 3256 20).
1488 3180 1604 3236 Non
1633 3190 1718 3233 est
1750 3178 1992 3233 medicus
2010 3172 2116 3229 isfe

2210 1966 2373 2022 habet
2409 1962 2628 2036 1002
2666 1960 2968 2017 futurorum
3004 1958 3274 2015 bonorum
3305 1975 3319 2011 :
3363 1955 3476 2027 ipsa
3516 1954 3657 2010 bona
3700 1952 3815 2023 jam
3839 2016 3854 2031 .

2208 2075 2314 2115 non
2349 2072 2445 2128 per
2472 2056 2720 2111 umbram
2741 2096 2757 2122 ,
2785 2052 2881 2110 sed
2908 2053 3113 2124 apertis
3138 2049 3315 2106 oculis
3342 2048 3528 2104 videre
3558 2045 3819 2118 cupiebat

2210 2153 2425 2228 (Itebr.,
2448 2168 2480 2207 χ
2499 2194 2515 2220 ,
2546 2149 2622 2221 l).
2651 2146 2889 2205 Noverat
2914 2146 3040 2219 quia
3061 2144 3359 2217 exemplari
3389 2152 3443 2200 et
3476 2142 3683 2199 umbrae
3705 2156 3817 2198 cte-

2211 2250 2424 2305 lcStium
2446 2244 2828 2318 mysteriorum
2850 2242 3185 2306 serviebant,
3206 2239 3296 2313 qui
3317 2236 3617 2295 secundum
3638 2235 3817 2306 legem

2210 2341 2378 2416 Moysi
2433 2338 2836 2397 dcserviebant.
2894 2334 3125 2391 Volebat
3174 2333 3351 2405 ipsam
3408 2330 3589 2387 cultus
3650 2326 3819 2384 divini

2211 2432 2681 2507 comprehendere
2708 2432 2991 2488 veritatem
3017 2446 3034 2496 ;
3066 2436 3123 2485 et
3161 2425 3285 2485 ideo
3308 2435 3366 2482 ut
3401 2426 3472 2480 ab
3507 2422 3679 2480 oculis
3705 2420 3821 2477 suis

2210 2531 2456 2587 velamen
2480 2527 2808 2591 discuteret,
2842 2537 3141 2582 conversus
3184 2521 3251 2577 ad
3292 2521 3580 2576 Dominum
3622 2530 3818 2588 precs-

2214 2624 2378 2680 batur
2421 2620 2652 2677 dicens:
2700 2618 2927 2691 Adaperi
2969 2617 3143 2672 oculos
3186 2630 3357 2683 meos,
3398 2621 3446 2669 et
3480 2607 3820 2667 considerabo

2214 2715 2472 2772 mirabilia
2501 2714 2563 2770 de
2592 2712 2701 2784 lege
2730 2720 2836 2767 tua.
2875 2709 3218 2781 lutelligebat
3250 2722 3377 2763 vere
3407 2705 3662 2762 militiam
3686 2717 3809 2759 esse

2214 2809 2515 2873 caelestem,
2537 2822 2700 2879 quam
2724 2816 2907 2878 posset
2928 2804 3301 2875 unusquisque
3342 2808 3410 2857 ex
3451 2799 3596 2871 Lege
3621 2811 3821 2868 cogno-

2214 2919 2390 2968 scere,
2417 2902 2504 2959 eui
2537 2912 2715 2957 tamen
2756 2899 3019 2954 Dominus
3054 2896 3269 2952 revelas
3286 2904 3388 2950 set.
3419 2892 3555 2961 Quis
3584 2892 3729 2947 enim
3755 2889 3822 2945 de

2217 2995 2450 3053 terrenis
2490 2994 2559 3050 ad
2598 2991 2879 3061 caelestia,
2926 2990 2997 3047 de
3032 2988 3227 3045 umbra
3268 2987 3336 3043 ad
3369 2986 3677 3044 claritatem
3702 3023 3718 3050 ,
3754 2982 3822 3038 de

2217 3088 2514 3159 exemplari
2542 3085 2609 3142 ad
2638 3083 2936 3157 penetralia
2962 3082 3209 3138 veritatis
3232 3080 3473 3137 humano
3498 3079 3673 3152 gradu
3705 3076 3822 3134 sine

2218 3182 2404 3238 divino
2435 3181 2597 3236 ductu
2622 3178 2797 3251 possit
2822 3175 3164 3233 ascendere?

502 3289 571 3346 de
598 3293 784 3353 terris,
813 3286 903 3361 qui
935 3296 1128 3339 oumes
1154 3288 1312 3336 curat
1339 3279 1716 3335 inﬁrmitates,
1746 3280 1801 3329 et
1824 3268 1854 3311 ι’
1880 3270 2107 3343 populos
2136 3278 2185 3345 ο
2286 3274 2381 3331 26.
2413 3274 2545 3343 Quis
2579 3279 2758 3344 potest
2791 3270 3152 3327 considerare
3188 3268 3367 3324 altare
3403 3266 3539 3323 illud
3566 3264 3821 3332 caeleste,

503 3384 750 3454 integros
787 3386 964 3434 sanat.
1010 3374 1161 3432 Mitte
1188 3387 1351 3446 ergo,
1385 3371 1576 3438 Pater,
1612 3365 1880 3423 medicum
1908 3363 2111 3419 istum:

509 3477 695 3531 veniat
726 3469 965 3526 Verbum
995 3478 1170 3529 tuum.
1199 3463 1410 3535 aperiat
1440 3460 1629 3518 oculos
1653 3473 1827 3514 meus.
1877 3456 1939 3511 Bt
1968 3455 2117 3525 Apo-

506 3567 773 3625 stolorum
801 3561 945 3618 oculi
965 3559 1133 3617 clausi
1161 3567 1343 3624 erant,
1364 3554 1466 3610 nisi
1489 3568 1587 3611 eos
1604 3550 1767 3609 Jesus
1788 3551 2110 3621 aperuisset.

513 3660 759 3731 Denique
787 3654 1002 3712 duobus
1030 3668 1096 3709 ex
1125 3654 1208 3708 bis
1234 3649 1489 3707 euntibus
1520 3649 1574 3702 in
1597 3645 1881 3702 castellum
1904 3643 1993 3699 cui
2019 3657 2118 3698 no—

511 3751 637 3810 meti
680 3753 974 3817 Emmaus,
1027 3763 1149 3804 cum
1183 3746 1636 3816 interpretaretur
1669 3741 1981 3811 Scripturas
2006 3782 2021 3809 ,
2064 3746 2120 3795 et

514 3844 863 3902 benediceret
894 3854 988 3897 eos
1013 3885 1027 3907 ,
1061 3838 1239 3910 Aperti
1271 3834 1410 3902 sunt,
1445 3836 1640 3905 inquit.
1668 3833 1806 3889 oculi
1835 3847 2039 3896 eorum,
2071 3840 2119 3885 et

512 3942 859 4012 cognoverunt
877 3950 996 3989 cum
1016 3931 1196 4007 (Luc.,
1212 3945 1358 3998 xxxv,
1382 3927 1500 4000 51).
1519 3927 1663 4003 Ergo
1683 3926 1785 3980 nisi
1809 3924 1971 3982 Jesus
1991 3938 2119 3994 ape—

515 4029 721 4086 ruisset
746 4027 904 4084 nobis
927 4028 1136 4091 oculos,
1162 4038 1323 4081 nemo
1349 4022 1606 4078 vidisset:
1633 4018 1734 4076 nisi
1757 4018 1915 4076 .lesns
1941 4025 2121 4075 sustu-

517 4122 671 4178 lisset
700 4122 984 4187 velamen,
1013 4116 1147 4175 nulli
1180 4112 1458 4188 EVattgelli
1488 4115 1657 4188 gratia
1693 4113 2019 4169 refulsisset.
2053 4108 2124 4167 Et

504 4214 710 4271 'Petrus
736 4214 956 4269 clausus
984 4210 1219 4267 habebat
1241 4212 1433 4266 oculos
1453 4250 1469 4273 ,
1520 4217 1576 4265 et
1601 4206 1878 4263 .lehannes
1905 4207 2123 4263 clausos

516 4307 750 4364 habebat
776 4347 793 4372 ,
838 4316 894 4361 et
926 4304 1163 4361 lacubus
1202 4303 1421 4359 clausos
1464 4301 1723 4357 habebat.
1776 4300 2018 4370 Denique
2070 4299 2125 4353 in

520 4412 707 4459 monte
741 4402 948 4474 gravati
985 4408 1143 4467 erant
1185 4412 1411 4462 somno,
1453 4396 1547 4450 sed
1578 4394 1797 4450 excitati
1830 4393 2129 4463 maiestatis

531 4496 744 4565 fulgore
764 4495 971 4550 divinae
991 4495 1179 4549 oculos
1206 4492 1388 4548 cordis
1416 4490 1496 4544 sui
1521 4496 1869 4559 aperuerunt.
1902 4486 1971 4541 Et
2001 4486 2128 4555 quia

531 4591 621 4648 siti
646 4592 704 4644 in
732 4603 983 4657 corpore,
1013 4588 1177 4658 plene
1200 4588 1382 4642 videre
1404 4582 1510 4640 nun
1540 4591 1810 4654 poterant,
1835 4581 2132 4638 obumbra-

2226 3381 2529 3439 verumque
2558 3365 2821 3437 templum
2843 3408 2858 3431 ,
2889 3362 3205 3420 sacerdotes
3231 3372 3287 3418 et
3314 3362 3530 3427 levitas,
3563 3374 3671 3415 non
3696 3359 3824 3414 istos

2221 3461 2519 3518 secundum
2545 3459 2726 3515 carnis
2746 3456 2928 3514 ofﬁcia
2946 3498 2960 3522 ,
2989 3455 3085 3510 sed
3114 3455 3237 3510 illos
3265 3452 3568 3509 secundum
3598 3451 3820 3521 spiritm

2221 3556 2499 3630 gratiam?
2530 3554 2774 3626 Denique
2813 3552 2957 3609 banc
2985 3550 3157 3605 solam
3186 3547 3293 3604 sibi
3320 3547 3551 3620 gratiam
3586 3561 3685 3617 pro
3711 3559 3828 3599 ma-

2222 3651 2388 3710 ximis
2415 3649 2638 3722 optabat
2666 3645 2833 3705 David
2875 3647 3062 3701 dicens
3090 3662 3104 3699 :
3138 3641 3310 3700 Unam
3347 3643 3476 3714 petii
3503 3657 3536 3695 a
3565 3640 3821 3703 Domino,

2228 3747 2361 3802 hanc
2389 3745 2686 3823 requiram;
2729 3750 2788 3796 ut
2828 3739 3108 3795 inhabitcm
3132 3738 3188 3792 in
3225 3738 3377 3791 domo
3408 3733 3621 3790 Domini
3649 3744 3830 3788 omnes

2230 3842 2339 3897 dies
2367 3842 2483 3896 vita
2508 3854 2631 3895 mete
2652 3855 2671 3894 :
2699 3846 2749 3893 et
2773 3845 2830 3892 ut
2854 3834 3055 3891 videam
3082 3832 3473 3889 delectationem
3503 3829 3754 3893 Domini,
3786 3833 3835 3880 et

2230 3934 2548 3990 considerem
2580 3931 2825 4003 templum
2855 3933 2970 4003 ejus
2998 3925 3178 4002 (Psal.
3211 3940 3342 3982 xxvt
3362 3966 3379 3993 ,
3408 3924 3487 3997 il.
3517 3922 3652 3993 Quis
3679 3929 3833 3992 pote-

2234 4036 2320 4085 rat
2345 4040 2699 4098 cegnoscere,
2731 4023 2876 4095 quod
2905 4021 3135 4078 offerret
3160 4020 3312 4075 dives
3332 4032 3586 4088 magutm
3617 4027 3833 4079 munus,

2235 4121 2537 4180 secundum
2564 4118 2711 4189 quod
2740 4125 2922 4189 potest
2947 4130 3142 4172 manus
3164 4114 3285 4186 ejus
3309 4156 3323 4181 ,
3352 4121 3414 4168 ut
3440 4110 3687 4166 solvatur
3720 4107 3838 4179 ejus

2236 4222 2514 4288 peccatum
2539 4213 2562 4267 ?
2591 4211 2722 4280 Quis
2760 4218 2973 4281 poterat
2996 4209 3333 4278 intelligere,
3359 4206 3404 4261 si
3436 4218 3549 4259 non
3576 4194 3837 4257 haberet?

2232 4309 2370 4377 Quis
2396 4306 2615 4372 diferre,
2644 4305 2796 4362 verbi
2823 4304 3002 4377 gratia
3022 4346 3035 4370 ,
3068 4302 3303 4359 arietem
3334 4344 3348 4369 ,
3378 4301 3502 4372 quia
3530 4311 3639 4353 non
3663 4296 3839 4353 solre-

2237 4402 2400 4456 batur
2427 4401 2547 4471 ejus
2577 4398 2904 4470 peccatum!
2942 4397 3074 4464 Quis
3114 4403 3330 4467 poterat
3372 4393 3688 4457 advertere,
3721 4402 3840 4461 qua

2239 4502 2427 4549 essent
2455 4493 2561 4547 illa:
2589 4490 2984 4556 immunditite,
3018 4502 3155 4559 quas
3192 4488 3355 4543 solvit
3394 4500 3505 4541 non
3544 4484 3657 4539 Lex
3681 4492 3838 4554 quam

2242 4596 2433 4658 putant
2457 4586 2629 4643 Judmi
2654 4628 2668 4654 ,
2698 4588 2794 4641 sed
2822 4586 2908 4641 lex
2936 4584 3220 4655 spiritalis,
3251 4596 3413 4654 quam
3445 4579 3648 4635 Paulus
3678 4591 3843 4647 agno—

484 4756 487 4757 ν
530 4684 611 4739 vit
639 4698 735 4740 eos
760 4683 933 4738 nubes
962 4679 1206 4750 (Matth,
1234 4690 1410 4743 xxvn,
1443 4676 1547 4749 5),
1579 4692 1650 4734 ne
1676 4677 1926 4748 corporis
1947 4674 2135 4732 ocrdos
2159 4670 2216 4737 Β
2244 4685 2318 4738 νὴ
2337 4682 2364 4736 ?
2384 4680 2519 4749 Quis
2546 4689 2761 4752 poterat
2786 4677 2972 4734 videre
2999 4676 3354 4734 remissiones
3383 4681 3729 4745 peccatorum
3754 4685 3842 4724 ve-

533 4778 723 4848 glcriu:
752 4775 993 4833 cmlestis
1022 4772 1198 4844 fulgor
1224 4771 1526 4826 hebetaret.

607 4869 700 4925 24.
739 4869 876 4937 Quis
902 4867 1067 4939 igitur
1096 4875 1276 4920 tantus
1300 4873 1362 4918 ut
1386 4863 1595 4933 aperiat
1624 4863 1843 4929 oculos,
1880 4871 1937 4920 et
1972 4862 2133 4935 Legi:

539 4962 721 5020 videat
747 4970 1118 5027 sacramenta;
1155 4957 1257 5014 nisi
1285 4957 1333 5011 ei
1359 4957 1606 5012 Christus
1626 4955 1992 5011 demonstret?
2014 4956 2133 5011 Non

534 5055 750 5133 Moyses
786 5061 991 5108 tantus.
1034 5052 1279 5122 Denique
1301 5091 1316 5119 ,
1351 5049 1578 5120 jubcntc
1623 5046 1852 5117 Domino
1876 5091 1893 5121 ,
1926 5051 2133 5121 virgam

539 5146 788 5219 proiecit,
818 5155 874 5201 et
906 5144 1042 5209 facta
1073 5153 1157 5200 est
1183 5155 1429 5212 serpens,
1458 5151 1515 5197 et
1545 5140 1681 5212 fugit
1705 5141 1774 5203 ab
1804 5156 1904 5198 eo:
1941 5158 2139 5214 supra.

540 5237 732 5305 hendit
756 5238 987 5296 caudam
1020 5236 1316 5308 serpentis,
1347 5243 1405 5291 et
1424 5232 1576 5290 facta
1609 5242 1697 5291 est
1722 5232 1870 5305 virga
1897 5233 2137 5305 (Εποάη

613 5453 639 5485 ⁸
680 5442 821 5501 Edit.
856 5441 1012 5507 Dom.
1036 5456 1163 5499 cum
1182 5455 1295 5501 uno
1315 5438 1438 5497 cod.
1463 5439 1586 5499 Vat.
1612 5439 1864 5499 dicentem
1884 5442 2006 5503 boui
2026 5458 2139 5503 Ma

539 5514 641 5573 dici
660 5516 997 5587 discipulum.

576 5606 638 5689 ,ξι
668 5607 866 5689 Eadem
887 5606 1018 5689 edit.
1043 5604 1426 5689 w,_p0pfl‘0d
1453 5606 1651 5689 intrare
1676 5613 1847 5659 sanat.
1878 5604 2043 5689 Forte
2064 5620 2139 5665 ne

539 5679 814 5734 videreutr
830 5678 1147 5734 Ambrosius
1162 5678 1413 5732 docuisse
1432 5681 1663 5748 populos
1683 5692 1742 5732 sa
1752 5692 1850 5731 nos
1867 5692 1897 5732 a
1910 5678 2137 5738 Christo

538 5767 662 5832 esse
687 5759 926 5832 sanatos.
960 5748 1333 5832 Naut‘ittteger
1358 5751 1685 5832 quandoque
1718 5748 1869 5832 illud,
1893 5764 2135 5832 nissime

536 5821 582 5875 si
612 5823 681 5879 dc
701 5823 894 5876 anima:
918 5828 1154 5877 sanitate
1182 5834 1392 5891 agatur,
1419 5821 1689 5892 signiﬁcat
1709 5863 1723 5876 .
1748 5821 1860 5875 Sed
1889 5824 1979 5877 bic
2000 5825 2137 5881 inte-

528 5909 652 5967 gres
679 5893 917 5967 intellige
948 5902 1089 5951 totos
1127 5896 1245 5949 sive
1279 5892 1562 5951 universos
1587 5911 1603 5962 ;
1633 5902 1694 5950 ut
1730 5907 1837 5949 non
1862 5894 2138 5955 referatur

2242 4794 2360 4846 ras,
2388 4792 2612 4849 quarmn
2643 4775 2920 4846 exemplar
2946 4772 3000 4829 in
3028 4772 3198 4852 Lege,
3231 4773 3433 4827 veritas
3463 4769 3516 4823 iu
3548 4763 3842 4837 Evangelio

2243 4881 2363 4938 est,
2395 4870 2612 4928 dicente
2642 4868 2873 4925 Domino
2899 4865 3028 4923 Jesu
3055 4882 3068 4919 :
3107 4863 3333 4919 Dimisso
3372 4870 3493 4917 sunt
3516 4860 3608 4915 tibi
3640 4865 3843 4928 peccato

2248 4961 2649 5043 (Luc.,vn,48)
2675 4979 2690 5030 ;
2721 4977 2826 5019 non
2854 4975 2952 5037 per
2975 4958 3251 5013 hircorum
3280 4940 3728 5026 sanguinem,scd
3751 4964 3844 5022 per

2251 5040 2486 5116 bestiam
2515 5057 2599 5113 sui
2627 5054 2916 5127 corporis?
2954 5050 3049 5119 Ille
3074 5051 3259 5121 itaque
3279 5048 3434 5107 dives
3456 5049 3510 5109 in
3543 5044 3723 5117 Lege,
3753 5040 3843 5112 qui

2252 5155 2504 5226 ρει-[θεων
2541 5148 2847 5221 maiestatis
2893 5147 2949 5203 in
2988 5143 3206 5205 Christo
3244 5139 3641 5214 plenitudinem
3676 5133 3842 5192 couti-

2249 5247 2444 5314 tendo,
2476 5255 2530 5303 et
2553 5243 2706 5317 quasi
2732 5256 2853 5299 eam
2880 5238 3207 5323 quibusdam
3241 5236 3311 5292 ad
3346 5234 3482 5291 illud
3520 5232 3697 5289 share
3736 5243 3844 5286 cur.

2250 5450 2319 5506 ad
2348 5466 2527 5515 voces,
2556 5447 2621 5503 ab
2661 5444 2896 5501 omnibus
2938 5437 3463 5515 iuﬁnnitatibus,‘scd
3492 5435 3561 5492 ad
3594 5435 3736 5515 illas,
3763 5450 3844 5488 sa-

2250 5524 2389 5578 navit
2410 5507 2838 5578 eos.'...tiberavit
2867 5531 2957 5571 eos
2977 5507 3006 5570 ε’
3033 5529 3155 5586 qua
3196 5520 3322 5569 sunt
3353 5510 3477 5566 lata:
3511 5518 3568 5566 et
3606 5507 3846 5565 indetet‘v

2250 5597 2470 5652 minata:
2495 5587 2926 5663 signiﬁcationis.

2328 5702 2367 5769 °_
2386 5687 2547 5769 Quasi
2577 5700 2782 5769 serpens
2820 5685 2885 5739 de
2915 5682 3056 5769 virga
3080 5683 3326 5769 Iactus};
3347 5677 3470 5749 quia
3513 5676 3566 5730 in
3594 5673 3846 5769 tumulum

2251 5746 2508 5838 projectus
2532 5746 2699 5838 {iniec
2741 5750 2818 5838 in_
2837 5770 2967 5810 mss.
2989 5746 3141 5838 'Gall.
3173 5746 3590 5838 desiderantur;
3638 5746 3734 5831 sed
3763 5757 3845 5800 ta-

2250 5817 2375 5893 inea
2407 5828 2657 5897 nonnihil
2682 5827 2987 5885 conducere
3009 5823 3260 5881 videntur
3283 5821 3350 5878 ad
3373 5817 3843 5899 perspicuitatem.

2212 6079 2273 6086 «φο-ς

3960 5996 4048 6401 i
