4124 6346
282 380 427 440 ηὸδ

1365 377 1433 434 ΙΝ
1474 375 1799 438 PSALMUM
1843 375 2056 436 CXVIII
2093 377 2478 437 EXPOSITIO.

3441 386 3586 442 ηει

282 497 423 553 teste
454 492 580 550 fidei
609 491 861 549 manibus
890 492 1208 560 offerendo,
1244 505 1528 563 peccatum
1568 499 1726 549 suum
1763 493 1876 548 solo
1909 496 1966 557 Α
1991 494 2170 551 [labes
2205 498 2576 568 operationem
2624 497 2957 556 immaculati
2999 498 3274 572 corporis,
3310 499 3478 558 babes
3506 519 3591 560 re-

280 589 441 645 verit.
465 587 566 644 Ille
596 587 749 641 videt
779 603 968 642 verum
1000 585 1357 644 Sacerdotem
1379 628 1392 654 ,
1423 587 1516 660 qui
1544 587 1694 644 videt
1732 587 1888 644 Prin-

277 685 454 754 cipem
483 681 834 739 sacerdotum
860 700 873 736 :
907 682 1002 737 ille
1027 681 1287 752 templum
1315 697 1504 737 verum
1533 681 1883 750 considerat,

277 780 371 849 qui
399 777 556 832 atnlit
583 777 854 832 dicentem
889 793 902 830 :
945 775 1142 831 Solvite
1184 776 1428 845 templum
1467 776 1591 845 hoc,
1625 786 1673 830 ct
1710 777 1762 831 in
1794 776 1888 830 tri-

276 873 380 928 duo
409 873 648 928 excitabo
674 871 809 926 illud
838 868 1017 943 (Joan.
1061 887 1122 939 tl,
1157 870 1269 943 I9).
1310 871 1558 944 Magnum
1595 873 1882 944 templum,

277 969 349 1023 de
375 983 485 1039 quo
508 967 682 1022 virtus
701 965 907 1034 exibat,
932 975 986 1022 et
1007 965 1461 1021 curabatomnes.
1486 963 1731 1021 Mirabile
1755 965 1882 1021 illud

276 1061 488 1125 altare,
533 1059 588 1114 in
633 1075 742 1130 quo
787 1060 946 1114 unius
981 1061 1104 1129 agni
1150 1058 1476 1113 sacrificium
1518 1059 1636 1114 tulit
1664 1067 1884 1130 peccata

277 1153 489 1210 mundi.
521 1152 617 1209 Ille
649 1147 1142 1224 praestantissimus
1171 1151 1362 1220 levita,
1394 1150 1486 1220 qui
1513 1152 1658 1207 venit
1687 1167 1794 1206 non
1825 1161 1885 1208 ut

277 1248 646 1302 ministerium
671 1246 946 1316 exigeret;
976 1247 1071 1302 sed
1101 1255 1160 1300 ut
1190 1246 1441 1302 omnibus
1467 1246 1751 1302 exhiberet
1771 1262 1884 1303 sum

275 1342 644 1398 ministerium
677 1340 946 1410 passionis
971 1358 982 1394 :
1007 1341 1094 1396 cui
1125 1341 1300 1409 portio
1326 1340 1489 1409 Deus,
1515 1341 1605 1411 qui
1635 1339 1723 1397 hic
1746 1339 1882 1396 nihil

274 1434 611 1505 possederit,
656 1442 716 1488 nt
741 1432 922 1487 onmia
954 1432 1280 1504 possideret.

342 1527 435 1581 27.
479 1527 619 1595 Quid
650 1537 828 1582 autem
858 1525 1037 1582 dicam
1069 1526 1136 1582 de
1167 1525 1396 1582 liebrmo
1416 1569 1429 1594 ,
1463 1541 1622 1599 quem
1650 1527 1760 1584 Lex
1786 1542 1880 1584 sex

272 1620 654 1674 tantummodo
689 1619 846 1688 jubet
889 1619 1100 1675 servire
1141 1621 1336 1686 annis,
1380 1628 1437 1676 et
1464 1624 1697 1691 septimo
1737 1637 1881 1677 anno

269 1712 426 1766 exire
457 1727 486 1765 a
518 1711 748 1766 servitio
775 1709 1001 1780 (Exod.,
1026 1727 1138 1775 ut,
1169 1710 1279 1780 2)?
1319 1711 1452 1779 Quis
1485 1713 1586 1768 iste
1620 1712 1882 1769 Hebraeus

270 1805 514 1860 servus?
552 1803 686 1872 Quis
723 1803 985 1859 ilebraaus
1021 1803 1160 1860 liber
1183 1811 1398 1875 poterat
1434 1805 1703 1877 intelligi?
1748 1807 1881 1875 Quis

1993 587 2303 644 missionem
2338 589 2658 647 divinitatis.

2063 680 2150 735 5t).
2188 680 2294 737 Sed
2327 693 2383 736 ut
2414 682 2624 753 plenius
2651 693 2968 751 sanaretur,
3007 686 3224 748 spernit
3249 688 3439 746 oculos
3469 691 3585 761 ejus

1990 771 2178 828 dicens
2202 791 2216 828 :
2253 773 2414 841 Vade,
2447 777 2659 830 ostende
2680 788 2725 830 te
2751 780 3006 834 sacerdoti
3032 779 3214 853 (Lua,
3239 797 3296 848 v,
3318 780 3426 851 Η).
3447 784 3587 839 Mul-

1992 873 2076 920 tos
2111 867 2427 921 sacerdotes
2467 867 2702 924 habebat
2749 868 3073 944 Synagoga;
3127 873 3222 929 sed
3263 875 3354 945 qui
3400 877 3588 933 oculos

1990 959 2195 1026 aperit,
2234 960 2397 1015 falsos
2425 977 2530 1017 non
2561 963 2710 1018 videt
2749 966 3092 1033 sacerdotes,
3137 983 3323 1023 verum
3374 970 3586 1039 aspicit.

1989 1051 2118 1120 Quis
2143 1062 2229 1108 est
2254 1071 2414 1108 verus
2445 1056 2704 1110 sacerdos
2725 1097 2740 1122 ,
2771 1058 2870 1112 nisi
2905 1059 2994 1114 ille
3015 1061 3105 1131 qui
3136 1071 3219 1117 est
3243 1064 3502 1119 sacerdos
3534 1064 3584 1118 in

1987 1158 2252 1202 aeternum
2278 1149 2302 1201 ?
2334 1149 2398 1204 Et
2439 1149 2560 1204 ideo
2590 1149 2752 1206 Pater
2777 1151 2914 1208 dixit
2939 1153 3006 1208 ad
3033 1171 3154 1210 cum
3182 1173 3194 1210 :
3226 1155 3306 1211 Tu
3334 1173 3386 1212 es
3415 1175 3589 1212 sacer-

1988 1241 2082 1296 dos
2112 1241 2163 1294 in
2194 1251 2440 1297 quernum
2465 1243 2648 1315 (Psal.
2680 1260 2790 1311 ets,
2821 1245 2912 1316 4).
2969 1249 3195 1317 Aperuit
3233 1265 3363 1318 ergo
3391 1265 3426 1306 ο
3465 1250 3584 1308 ulos

1987 1334 2126 1404 ejus.
2153 1345 2210 1390 et
2239 1336 2390 1400 vidit,
2419 1345 2473 1391 et
2500 1337 2769 1394 intellexit
2794 1341 2953 1410 quale
2979 1357 3176 1397 munus
3207 1358 3302 1413 pro
3327 1347 3586 1400 emunda-

1989 1430 2135 1484 tione
2178 1445 2272 1484 sua
2317 1429 2544 1486 deberet
2585 1431 2806 1488 offerre.
2856 1433 3051 1488 Beatus
3101 1435 3191 1506 qui
3229 1435 3379 1489 audit
3427 1439 3579 1492 lucc:

1988 1532 2191 1593 quanto
2215 1522 2424 1579 beatior
2445 1525 2536 1594 qui
2557 1525 2722 1589 videt,
2749 1527 2837 1596 qui
2862 1541 2920 1580 se
2944 1543 3072 1582 vero
3097 1538 3274 1598 potest
3295 1532 3586 1588 ostendere

1989 1616 2301 1682 Sacerdoti,
2338 1626 2524 1672 utnon
2561 1618 2758 1673 habent
2795 1619 2936 1687 quod
2984 1619 3168 1675 timeat
3207 1623 3260 1676 in
3290 1637 3349 1676 se
3379 1623 3584 1690 videri,

1985 1711 2158 1781 quise
2185 1711 2331 1777 prius
2361 1711 2577 1782 aspicit,
2601 1711 2738 1768 facie
2767 1714 3039 1770 revelata!
3072 1715 3206 1771 Nam
3240 1717 3344 1772 nisi
3369 1717 3484 1787 ipse
3524 1734 3582 1774 se

1988 1805 2136 1874 prius
2159 1805 2378 1870 viderit,
2402 1823 2508 1860 non
2539 1807 2760 1861 audebit
2791 1823 2848 1862 se
2873 1809 3205 1876 ostendere;
3242 1812 3384 1866 sicut
3412 1811 3580 1866 Adam

271 1908 479 1964 tantus,
505 1908 567 1953 ut
594 1913 770 1954 annos
797 1908 1035 1954 :eternos
1059 1899 1113 1954 in
1137 1909 1320 1955 mente
1349 1898 1556 1955 habens
1580 1900 1760 1956 videat
1791 1917 1879 1956 ve-
1909 1909 1954 1969 Β
1984 1899 2076 1966 qui
2109 1916 2166 1954 se
2197 1901 2469 1954 oet-uitare
2492 1901 2778 1969 cupiebat,
2811 1903 2937 1971 quia
2983 1917 3043 1958 se
3085 1920 3190 1959 non
3227 1907 3577 1974 agnoscebat.

269 2005 392 2046 rum
422 1991 731 2056 Hebraeum,
756 1992 849 2062 qui
877 2007 983 2046 non
1013 1991 1066 2046 iu
1095 2000 1413 2062 perpetuum
1443 2001 1625 2048 manet
1653 2008 1874 2059 servus,

271 2084 369 2136 sed
407 2099 502 2139 sex
541 2084 700 2138 annis
727 2083 912 2140 servili
943 2083 1161 2139 functus
1189 2084 1372 2140 officio
1397 2124 1412 2151 ,
1459 2085 1696 2154 septimo
1733 2101 1876 2142 anno

267 2177 498 2246 gratiam
551 2175 817 2231 libertatis
856 2176 1213 2248 adipiscitur?
1258 2177 1425 2248 Cujus
1465 2179 1680 2235 videtur
1725 2180 1876 2237 lsaac

269 2268 585 2339 patriarcha
613 2269 894 2325 servitutis
921 2278 976 2325 et
1017 2270 1285 2326 libertatis
1312 2285 1420 2326 non
1453 2272 1732 2343 ignorasse
1761 2289 1875 2345 my-

265 2362 496 2417 sterium
519 2404 534 2429 ,
575 2363 667 2434 qui
703 2362 778 2417 ait
805 2383 818 2419 :
849 2362 1052 2420 Seruies
1077 2364 1229 2435 fratri
1253 2374 1364 2432 tuo,
1389 2373 1437 2418 et
1460 2366 1558 2420 erit
1579 2381 1692 2420 cum
1716 2366 1876 2437 depo-

266 2456 436 2509 sueris
476 2464 524 2509 et
557 2456 766 2510 solveris
786 2458 980 2529 juguut
1007 2457 1120 2528 ejus
1149 2473 1180 2510 α
1210 2456 1346 2513 collo
1373 2468 1460 2512 tuo
1499 2456 1655 2531 (Gen.
1692 2475 1871 2526 sxvn,

264 2548 404 2619 40),
424 2558 451 2585 ⁸
476 2548 789 2619 significans
821 2549 950 2644 fore
966 2559 1196 2620 tempus,
1227 2565 1336 2620 quo
1360 2559 1414 2606 et
1441 2551 1486 2606 si
1517 2553 1638 2622 quis
1669 2552 1873 2608 servie-

269 2644 342 2698 rit
370 2643 457 2698 hic
479 2643 686 2713 positus
702 2641 856 2698 fratri
885 2641 1006 2709 suo,
1051 2653 1238 2714 postea
1263 2653 1440 2700 tamen
1461 2645 1667 2700 exactis
1691 2647 1869 2713 annis,

265 2737 360 2806 qui
387 2753 482 2792 sex
515 2735 634 2791 istis
655 2736 871 2800 diebus,
901 2745 1062 2807 atque
1094 2737 1212 2792 istis
1237 2753 1372 2808 quos
1407 2736 1616 2810 1003
1637 2736 1725 2792 hic
1749 2739 1864 2792 esi-

264 2834 449 2903 gimus
476 2831 758 2886 mensibus
785 2831 1123 2902 colliguntur
1144 2872 1159 2899 ,
1192 2833 1572 2903 solvatjugum
1602 2847 1632 2887 a
1657 2831 1872 2888 cervice

263 2941 386 2990 sua,
415 2925 560 2996 quod
606 2927 667 2980 fit
713 2925 948 2996 septimo
986 2941 1130 2980 anno
1170 2926 1530 2982 remissionis.
1585 2927 1870 3000 Conjicere

266 3034 558 3090 possumus
585 3018 699 3073 veri
726 3018 938 3074 Ilebrtei
969 3028 1150 3090 typum
1183 3020 1234 3074 in
1259 3017 1483 3087 .loseph,
1516 3019 1606 3088 qui
1636 3023 1871 3091 portavit

265 3113 550 3168 servitutis
594 3114 828 3183 iugum:
879 3111 976 3167 sed
1018 3127 1142 3167 eum
1178 3112 1336 3184 culpa
1381 3128 1488 3168 non
1535 3113 1716 3183 cepit,
1759 3129 1868 3170 non

264 3220 454 3263 carcer
475 3206 718 3272 inclusit,
739 3219 847 3260 non
870 3203 1138 3277 Egyptus
1157 3205 1512 3262 decoloravit.
1535 3207 1868 3278 Conjicinius

1979 1989 2088 2046 Sed
2106 1991 2216 2059 jam
2242 1993 2408 2046 etiam
2440 1993 2488 2046 id
2514 1993 2655 2060 quod
2680 1994 2944 2062 sequitur,
2969 1995 3402 2051 consideremus.

2051 2086 2142 2142 51.
2170 2085 2352 2156 (Vers.
2378 2086 2491 2156 lii.)
2514 2087 2725 2142 Adrena
2748 2104 2841 2160 ego
2869 2105 2980 2142 sum
3001 2089 3055 2143 in
3080 2100 3253 2156 terra;
3285 2107 3348 2144 ne
3366 2090 3584 2146 abscon-
3650 2108 3654 2111 ‘

1978 2180 2073 2234 dus
2091 2197 2122 2233 α
2145 2197 2223 2234 nte
2246 2179 2493 2234 mandata
2517 2193 2624 2236 tua.
2649 2180 2766 2236 Non
2792 2181 3180 2252 cujuscumque
3202 2199 3302 2238 vos
3335 2185 3433 2238 ista
3460 2197 3540 2241 est
3562 2203 3576 2251 ;

1977 2274 2072 2329 sed
2108 2274 2229 2345 ejus
2254 2275 2343 2344 qui
2387 2276 2621 2330 terrenis
2661 2278 3056 2333 renuntiaverit
3097 2280 3494 2348 voluptatibus,
3527 2292 3581 2336 et

1975 2369 2122 2422 omni
2150 2385 2210 2424 se
2238 2370 2527 2424 mundana:
2551 2370 2859 2441 cupiditatis
2881 2374 3096 2429 exuerit
3123 2374 3339 2431 aii'ectu.
3379 2375 3474 2430 Ille
3496 2385 3581 2431 est

1975 2462 2029 2517 in
2056 2463 2153 2518 hac
2175 2472 2320 2518 terra
2351 2463 2558 2519 advena
2581 2505 2596 2532 ,
2633 2466 2724 2536 qui
2757 2475 2939 2537 potest
2960 2467 3186 2524 dicere:
3239 2468 3437 2524 Nostra
3477 2487 3576 2524 au-

1977 2565 2077 2610 tem
2103 2558 2416 2611 conversatio
2438 2558 2489 2612 in
2512 2558 2654 2612 uelis
2681 2568 2754 2613 est
2777 2559 3002 2631 (Philip.
3032 2577 3109 2628 ut,
3141 2562 3234 2633 90)
3260 2579 3276 2628 ;
3303 2565 3392 2634 qui
3420 2579 3575 2619 suam

1976 2648 2140 2704 habet
2167 2649 2222 2704 in
2252 2650 2483 2705 Dotnino
2513 2652 2852 2720 portionem,
2876 2654 2965 2722 qui
2997 2663 3174 2723 potest
3201 2656 3389 2711 dolere
3431 2658 3574 2727 quod

1973 2741 2177 2796 diutius
2207 2743 2353 2796 vivat
2383 2743 2434 2796 in
2484 2746 2684 2809 terris,
2730 2744 2818 2811 qui
2861 2747 2987 2799 vitae
3028 2747 3188 2816 hujus
3228 2749 3578 2816 lottgmritate

1975 2834 2228 2901 lassatur,
2262 2835 2346 2889 cui
2370 2835 2650 2905 prolixitas
2673 2835 3020 2892 habitationis
3051 2838 3210 2904 hujus
3235 2838 3454 2892 fastidio
3478 2841 3584 2908 sii,‘

1973 2941 2132 2994 quam
2171 2933 2392 2979 sanctus
2419 2935 2722 2989 aversatur,
2765 2936 2820 2982 et
2849 2927 3022 2983 dicit:
3063 2927 3155 2982 Va:
3194 2929 3260 2982 iis
3289 2930 3378 2998 qui
3422 2928 3574 2984 [tabi-

1975 3029 2084 3072 tant
2109 3019 2160 3071 in
2186 3028 2322 3072 terra
2351 3019 2536 3088 (Apoc.
2564 3034 2676 3081 \Itl,
2710 3020 2829 3089 ιδῃ
2864 3020 2964 3088 Qui
2995 3020 3224 3076 tiiSsOIt‘i
3251 3039 3355 3076 non
3385 3024 3572 3088 timet;

1973 3123 2027 3168 et
2066 3112 2114 3167 si
2157 3113 2436 3179 solvatur,
2477 3113 2753 3181 praisumit
2782 3127 2842 3169 se
2882 3130 3004 3168 cum
3036 3113 3258 3169 Christo
3289 3114 3526 3170 futurum
3557 3134 3570 3170 :

1974 3209 2061 3263 hic
2087 3224 2212 3263 vi-re
2237 3208 2552 3278 peregrinus
2582 3209 2634 3262 in
2663 3219 2805 3262 terra
2830 3219 2912 3264 est
2936 3225 2951 3272 ;
2980 3212 3103 3276 quia
3133 3223 3452 3265 sanetorum
3490 3219 3574 3265 est

264 3303 321 3356 in
351 3301 534 3369 Petro,
563 3300 812 3367 Joanne,
842 3299 1080 3366 Iacobo,
1112 3300 1199 3371 qui
1225 3301 1394 3356 creati
1421 3309 1475 3356 et
1507 3300 1738 3358 instituti
1768 3309 1869 3359 sub
1895 3299 1940 3361 C
1973 3302 2138 3367 civis,
2172 3311 2227 3355 et
2264 3302 2600 3355 domesticus
2630 3301 2754 3365 Dei,
2789 3309 2845 3354 et
2889 3300 3202 3357 thesaurum
3249 3303 3353 3356 sibi
3386 3302 3574 3357 condit

259 3394 396 3464 iugo
421 3393 581 3465 Legis
608 3393 890 3450 solverunt
929 3405 1106 3448 tamen
1153 3393 1337 3449 fratris
1369 3393 1451 3450 sui
1473 3395 1757 3452 Iudaicum
1782 3397 1868 3468 ju-

262 3503 430 3557 gum,
465 3487 553 3540 ubi
590 3486 847 3557 legitimae
876 3495 1087 3556 tempus
1116 3485 1314 3558 quietis
1355 3487 1606 3555 advenit,
1652 3490 1868 3561 quando

265 3577 585 3634 refulsithis
610 3578 859 3634 remissio
887 3588 1265 3648 peccatorum:
1290 3589 1342 3636 ct
1371 3580 1473 3636 hoc
1499 3590 1676 3638 tamen
1705 3582 1790 3638 hic
1813 3584 1866 3638 in

265 3677 466 3728 umbra»
485 3672 660 3728 adhuc
687 3681 897 3744 gestum
928 3673 1338 3744 comparatione
1366 3677 1694 3732 cmlestium.

335 3768 430 3824 28.
465 3768 674 3836 Quanta
702 3777 882 3824 autem
914 3771 1069 3841 quies
1092 3769 1204 3835 illa,
1234 3787 1353 3842 qua:
1382 3787 1447 3827 ex
1474 3771 1619 3843 Lege
1645 3773 1872 3844 conjici-

267 3873 378 3928 tur,
411 3863 464 3917 in
494 3862 787 3934 Evangelia
810 3864 1102 3930 revelatur,
1125 3863 1153 3903 δ
1176 3873 1229 3920 et
1255 3865 1431 3921 adhuc
1459 3867 1669 3939 integra
1694 3885 1868 3924 rescr-

271 3955 689 4022 vatur,fdicente
720 3955 954 4010 Domino
976 3956 1106 4012 Jesu
1131 3975 1146 4011 :
1185 3956 1314 4013 Volo
1342 3968 1396 4012 ut
1425 3959 1514 4014 ubi
1539 3976 1630 4032 ego
1657 3978 1794 4030 sum,
1823 3972 1869 4018 et

265 4050 351 4105 isti
378 4051 482 4106 sint
508 4065 703 4104 mecum
732 4048 916 4122 (Joan.
950 4065 1058 4106 xvu
1079 4091 1092 4118 ,
1126 4051 1258 4124 94)!
1300 4052 1470 4120 Quam
1518 4053 1744 4124 beatus,
1778 4057 1868 4125 qui

269 4141 425 4196 istius
456 4139 807 4196 habitationis
834 4141 1103 4209 fructum,
1143 4143 1343 4214 quietis
1382 4147 1718 4202 consortium
1761 4147 1869 4203 illic

269 4236 507 4306 potuerit
532 4239 864 4308 promereri!
891 4237 1042 4293 Tunc
1065 4238 1330 4310 intelliget
1350 4239 1478 4310 quid
1497 4242 1566 4296 sit
1588 4243 1870 4312 aperuisse

268 4331 484 4397 oculos,
522 4339 580 4386 ut
611 4330 816 4386 videret
849 4330 1116 4386 mirabilia
1142 4331 1211 4386 de
1242 4331 1357 4403 lege
1389 4333 1505 4388 Dei.

336 4423 429 4479 S9.
474 4423 620 4479 Bene
650 4423 934 4478 admonuit
964 4423 1124 4478 lectio
1152 4423 1459 4496 Evangelii,
1489 4441 1611 4496 quae
1640 4426 1866 4484 decursa

268 4529 388 4586 est,
420 4520 474 4575 in
509 4535 616 4590 qua
656 4528 879 4575 sanatus
917 4528 1004 4576 est
1035 4521 1282 4590 leprosus
1323 4523 1434 4585 ille,
1464 4523 1554 4594 qui
1586 4522 1717 4578 dixit
1751 4541 1763 4576 :
1807 4523 1871 4579 Si

269 4615 360 4681 eis,
389 4623 532 4683 potes
560 4629 640 4667 me
666 4614 921 4668 mundare
950 4612 1102 4684 (Luc.
1133 4631 1186 4677 γ.
1219 4613 1307 4686 IS)
1333 4632 1347 4681 ;
1380 4616 1430 4669 in
1459 4615 1738 4671 voluntate
1766 4617 1871 4670 Do-

1975 3397 2026 3450 itt
2057 3394 2356 3450 caelo.va
2383 3395 2567 3464 utique
2594 3395 2640 3449 is
2661 3396 2849 3449 exiens
2870 3395 2938 3448 de
2962 3392 3217 3466 IE.ypto,
3249 3393 3302 3448 iu
3327 3397 3463 3448 hanc
3489 3398 3569 3448 itt-

1973 3488 2614 3560 telligibilem[Egyptum
2639 3505 2882 3545 remeare
2905 3491 3201 3552 desiderat,
3226 3506 3322 3544 nec
3352 3488 3566 3564 ισοξ,

1970 3583 2233 3652 deposita:
2266 3582 2562 3638 senectutis
2593 3595 2646 3636 et
2675 3582 2864 3638 nimis
2899 3587 3135 3652 pavescit
3160 3583 3396 3638 εοηῐίιιιιι
3426 3626 3442 3650 ,
3471 3601 3570 3641 nec

1973 3674 2166 3730 horrea
2196 3679 2354 3730 struit
2384 3677 2652 3730 messibus
2681 3675 3074 3741 recondelulis,
3097 3681 3208 3744 jam
3256 3677 3463 3731 alienis-
3489 3678 3570 3732 vi-

1971 3777 2156 3823 cturus
2180 3769 2429 3824 a-tatibus
2457 3787 2470 3822 :
2495 3767 2521 3807 ά
2552 3769 2648 3824 sed
2676 3771 2790 3824 sola
2819 3771 2974 3826 dives
3019 3772 3274 3825 virtutum
3315 3769 3570 3827 luctandi-

1973 3871 2102 3928 tate,
2134 3879 2194 3916 ea
2227 3878 2462 3934 congreg
2480 3876 2538 3923 ιι.
2563 3880 2682 3934 (ιιιςιε
2709 3865 2810 3918 sibi
2836 3879 2934 3919 nec
2959 3880 3108 3920 uinrs
3135 3867 3307 3934 possit
3329 3867 3567 3923 auferre.

2044 3957 2133 4011 52.
2167 3957 2348 4026 (Veis.
2381 3959 2497 4024 ΩΟ.)
2541 3960 2838 4029 Meritoque
2863 3959 3000 4014 dicit
3022 3977 3032 4008 :
3056 3959 3367 4029 Concupisit
3395 3963 3570 4016 animo

1971 4066 2086 4104 mea
2107 4049 2400 4104 desiderare
2412 4053 2618 4122 judicia
2649 4058 2737 4105 Iun
2767 4055 2818 4104 in
2841 4053 2980 4105 omni
3009 4064 3255 4117 tempore.
3283 4053 3436 4121 Quod
3463 4056 3568 4108 uti-

1971 4159 2077 4214 que
2106 4161 2212 4197 non
2239 4145 2360 4197 facit
2385 4146 2486 4196 nisi
2507 4145 2642 4198 liber
2660 4162 2688 4197 a
2705 4146 2956 4208 vinculis,
2985 4148 3271 4200 ncesoluui
3290 4163 3320 4199 a
3341 4147 3569 4201 \IIICIIIIS

1971 4236 2351 4291 Sollicitudatis
2379 4236 2675 4303 amcitluris,
2693 4237 2784 4290 sed
2805 4239 2965 4290 etiam
2990 4253 3017 4288 a
3042 4238 3269 4292 viticulis
3287 4238 3567 4294 charitalis

1972 4329 2242 4385 humanm.
2266 4329 2491 4384 Vincula
2513 4331 2792 4401 complura
2810 4339 2936 4384 sinit
2969 4331 3019 4384 in
3051 4329 3153 4384 hoc
3177 4333 3376 4385 san-qu
3405 4347 3418 4386 :
3453 4332 3568 4386 vin-

1971 4425 2232 4478 culasunt
2253 4423 2516 4478 de-ideria
2533 4424 2768 4489 vivendi,
2787 4425 2998 4478 vincula
3018 4429 3146 4478 sunt
3172 4424 3572 4480 oblectamenta

1973 4519 2332 4584 voluptatum,
2359 4518 2575 4573 vincula
2607 4527 2735 4573 sunt
2757 4518 3045 4583 honorem,
3069 4517 3281 4572 vincula
3313 4519 3571 4589 coniugii.

1976 4613 2217 4682 Denique
2229 4613 2260 4665 d
2272 4615 2360 4666 lCil
2385 4612 2477 4667 tibi
2501 4614 2674 4666 bonus
2696 4611 2974 4682 Magister:
3002 4611 3216 4666 Solutus
3229 4627 3284 4666 es
3297 4611 3358 4665 ab
3372 4621 3535 4666 uasere
3548 4611 3574 4665 ἵ

270 4704 399 4759 mini
432 4705 776 4761 constituens
815 4707 1101 4775 potestatis
1139 4706 1412 4762 effectum.
1459 4705 1556 4762 Cui
1594 4709 1872 4780 respondit
1902 4691 1948 4750 Ῐ)
1980 4705 2061 4762 Ne
2082 4708 2342 4773 qiuesieris
2363 4721 2576 4761 uxorem
2600 4705 3007 4776 (Illor.vu.27).
3029 4706 3136 4761 Nec
3155 4717 3334 4761 tamen
3359 4703 3571 4776 peccat,
3619 4701 3625 4704 ”

267 4797 558 4852 similiter:
600 4795 752 4866 Volo,
782 4798 1034 4852 mundare
1066 4797 1254 4868 (lbid.,
1287 4798 1399 4869 15).
1435 4800 1720 4856 Prmmisss
1759 4803 1870 4871 pic-

272 4899 354 4944 tas
388 4890 706 4957 voluntatis,
739 4900 924 4947 secuta
968 4891 1249 4962 potestatis
1284 4895 1580 4950 auctoritas
1611 4905 1712 4950 est.
1739 4897 1869 4950 0m-

270 4982 430 5038 nibus
453 4983 588 5038 dicit
606 4982 785 5051 Jesus,
815 4987 951 5051 volo,
995 4996 1015 5023 ε
1040 4985 1132 5056 qui
1159 5001 1266 5040 non
1291 4987 1406 5041 vult
1426 5001 1547 5042 esse
1566 4999 1863 5058 peccatum.

271 5074 427 5131 Velle
452 5075 678 5143 Christi,
704 5091 993 5132 commune
1018 5079 1069 5131 in
1095 5087 1288 5134 omnes
1309 5084 1422 5145 est;
1456 5081 1722 5146 mundari,
1749 5081 1876 5138 fidei

271 5177 357 5223 est
383 5169 660 5225 credentis
681 5170 736 5224 in
763 5169 1065 5227 Christum.
1101 5171 1168 5225 Et
1194 5173 1358 5245 tetigit
1376 5190 1513 5228 eum.
1541 5173 1734 5244 Tangit
1756 5191 1876 5242 eos,

273 5277 506 5331 quorum
531 5261 640 5318 ﬁde
661 5265 917 5333 tangitur.
957 5265 1196 5336 Denique
1229 5267 1399 5320 dicit:
1447 5265 1631 5339 Tetigit
1667 5283 1748 5322 me
1779 5269 1878 5322 ali-

273 5358 425 5424 quis;
446 5357 613 5410 sentio
631 5357 769 5412 enim
786 5358 1020 5412 virtutem
1047 5359 1212 5413 exisse
1233 5359 1298 5413 de
1318 5373 1396 5413 me
1415 5357 1592 5430 (Luc.,
1621 5377 1734 5426 vm,
1756 5360 1879 5435 46).

353 5566 378 5593 ⁸
407 5555 534 5611 Mss.
577 5556 808 5627 aliquot,
837 5557 1142 5628 signiﬁcans
1185 5560 1319 5627 forte
1354 5566 1571 5628 tempus.
1592 5595 1603 5610 .
1626 5593 1636 5609 .
1659 5596 1672 5610 .
1696 5558 1782 5628 qui
1808 5573 1874 5612 ea:

273 5630 393 5682 istis
416 5629 616 5694 diebus,
649 5640 760 5684 etc.

353 5699 379 5736 δ
408 5697 477 5753 Et
503 5699 673 5754 adhuc
708 5701 911 5771 integra
946 5707 1252 5755 reservatur.
1286 5698 1413 5755 Hmc
1455 5701 1508 5754 in
1538 5700 1670 5756 edit.
1702 5701 1880 5755 omni-

282 5774 388 5828 bus
408 5781 466 5826 et
492 5787 625 5844 mss.
659 5772 868 5840 aliquot
893 5788 999 5828 n0o
1030 5773 1334 5844 habentur;
1389 5782 1565 5828 tamen
1594 5775 1646 5828 in
1669 5784 1879 5844 septem

283 5857 568 5916 mssunon
598 5841 800 5899 inﬁnite
831 5858 974 5899 notae
1005 5843 1368 5916 reperiuntur.

366 5925 387 5960 ε
431 5912 655 6000 Septem
679 5932 812 5977 mss.
834 5959 849 5988 ,
879 5917 968 5989 qui
994 5912 1096 5975 non
1119 5915 1227 5976 vult
1253 5931 1361 5972 esse
1386 5924 1724 5990 moratorem.

1977 4801 2064 4870 qui
2090 4816 2320 4854 uxorem
2337 4802 2626 4870 acceperit.
2643 4799 2734 4854 sed
2751 4801 2976 4854 innectit
2997 4800 3095 4854 sibi
3114 4801 3323 4852 vincula
3346 4802 3572 4859 nn-ntis:

1975 4893 2099 4965 quia
2123 4894 2390 4950 sollicitus
2417 4908 2496 4949 est
2527 4895 2801 4966 quomodo
2827 4895 3031 4964 piat-eat
3062 4895 3237 4949 uxori.
3261 4895 3579 4950 Beatioresa-

1978 4995 2081 5054 set,
2098 4991 2140 5042 si
2165 4991 2271 5044 Deo
2285 4991 2384 5044 soli
2405 4991 2620 5059 placere
2633 4989 2988 5043 desideraret.
3012 4997 3034 5024 ε
3050 4985 3242 5042 Cernis
3254 4998 3436 5041 autem
3451 4988 3578 5056 quia

1982 5082 2178 5152 ligatus
2208 5091 2326 5148 est,
2373 5083 2463 5151 qui
2496 5082 2580 5136 sui
2620 5097 2724 5135 non
2759 5082 2917 5136 habet
2942 5082 3191 5148 corporis
3223 5089 3579 5150 potestatem,

1983 5178 2129 5248 Ergo
2154 5179 2277 5247 quia
2307 5179 2616 5232 mandatum
2648 5177 2740 5230 Dei
2770 5185 2876 5240 est,
2909 5174 3053 5244 quod
3089 5173 3246 5241 [mgis
3274 5175 3500 5228 orat-uio
3527 5181 3586 5226 et

1983 5270 2300 5338 Apostolico
2323 5268 2970 5338 sermonegdepromptutn
2989 5277 3071 5321 est
3098 5264 3304 5333 (Dent,
3329 5279 3408 5330 Vt,
3439 5264 3508 5330 5;
3535 5274 3584 5319 et

1989 5361 2207 5427 Mattio,
2239 5378 2299 5427 s,
2329 5360 2421 5433 57)
2445 5401 2461 5430 ,
2491 5359 2708 5431 nequis
2737 5373 2985 5422 uxorem,
3017 5357 3257 5421 divitias,
3292 5355 3586 5421 honorem,

2051 5553 2080 5597 ει
2113 5558 2188 5613 Ita
2217 5573 2385 5623 mss.;
2420 5558 2553 5612 edit.
2594 5571 2748 5620 vero.
2783 5555 2912 5623 Quae
2938 5554 3038 5610 sibi
3079 5570 3173 5609 nec
3203 5561 3438 5611 senectus
3473 5569 3590 5624 per-

1981 5631 2146 5685 ditum
2174 5637 2318 5696 dare,
2351 5647 2440 5684 nec
2470 5646 2630 5694 mors,
2661 5640 2768 5684 etc.
2807 5629 2914 5684 Sed
2946 5627 3091 5700 quod
3128 5628 3182 5684 in
3212 5642 3344 5682 mss.
3375 5642 3480 5681 non
3507 5626 3592 5680 le-

1982 5707 2155 5774 gitur,
2184 5714 2426 5758 assutum
2458 5705 2728 5774 glossema
2761 5711 2863 5755 est.

2060 5786 2082 5811 θ
2125 5772 2262 5830 Octo
2304 5765 2486 5839 mss.,'
2503 5773 2688 5828 Carnis
2727 5781 2897 5827 autem
2936 5771 3183 5842 alligatus
3222 5778 3296 5824 est
3333 5765 3588 5834 vinculis,

1987 5847 2076 5918 qui
2104 5847 2207 5914 sui,
2231 5858 2338 5904 etc.
2368 5847 2479 5903 Alii
2508 5861 2632 5905 cum
2662 5844 2795 5901 edit.
2825 5851 2883 5900 ut
2911 5843 2966 5900 in
2997 5852 3172 5901 textu.
