4070 6506
569 395 712 453 1255

1920 387 2167 447 SANCTI
2206 389 2533 448 AMBROSII

3739 390 3911 453 1256

563 507 998 566 necessitudines
1032 474 1144 565 Deo
1173 504 1460 575 praeferat:
1487 503 1581 578 qui
1607 510 1784 560 autem
1820 502 2155 575 prtetulerit,
2188 514 2238 574 Α
2270 501 2473 574 templo
2488 512 2708 560 orantes
2723 502 3067 577 (Luc.,xvm,
3088 501 3907 578 iOetseq.);etdocuitetiam-

567 602 628 657 lit
673 601 941 657 obnoxius
979 599 1203 671 judiciis
1231 599 1357 665 Dei;
1404 598 1528 654 ideo
1580 597 1728 668 prius
1767 594 2050 668 poposcit,
2096 610 2165 652 ne

564 695 869 753 abscondat
898 695 970 751 ab
991 710 1059 751 eo
1085 694 1227 752 Deus
1258 693 1513 750 mandata
1543 707 1660 748 sua.
1707 692 1808 762 Qui
1840 691 1985 748 enim
2015 706 2166 745 man-

567 792 689 846 data
723 789 821 846 Dei
852 790 1187 861 cognoverit,
1220 798 1276 844 et
1300 787 1660 852 custodierit,
1709 802 1818 842 non
1862 783 2053 855 refugit
2078 783 2167 854 ju-

568 884 709 941 dicia
743 884 948 950 divina,
980 882 1074 938 sed
1105 880 1416 945 desiderat;
1446 881 1752 951 meritoque
1781 888 2048 950 tamquam
2075 892 2165 934 re-

565 978 758 1036 velatis
786 977 891 1034 sibi
915 976 1182 1033 mandatis
1205 976 1318 1032 ait:
1342 972 1628 1047 Concupivi
1649 974 1945 1030 desiderare
1961 971 2165 1045 judicia

566 1081 656 1126 tua
684 1072 738 1126 in
765 1070 903 1125 omni
939 1080 1189 1140 tempore.
1544 1126 1545 1129 η
1722 1080 1727 1083 ‘

638 1167 726 1223 55.
772 1164 892 1221 Noti
923 1166 1060 1221 dixit
1086 1183 1101 1218 :
1135 1162 1429 1234 Concupivi
1458 1161 1685 1233 judicia,
1715 1160 1810 1217 scd
1838 1177 1851 1215 :
1886 1159 2166 1232 Concupivi

565 1260 883 1316 desiderare.
937 1260 1091 1315 Sicut
1135 1259 1283 1313 enim
1326 1262 1437 1312 vita
1478 1259 1660 1311 vivere
1706 1255 1828 1325 plus
1871 1264 1955 1310 est
2002 1271 2165 1326 quam

562 1355 751 1410 vivere
782 1352 990 1425 (vivere
1018 1368 1253 1423 namque
1278 1365 1570 1407 commune
1591 1350 1754 1406 etiam
1784 1348 1948 1418 hujus
1975 1358 2063 1406 est
2087 1349 2168 1404 vi-

564 1460 655 1515 tm,
682 1450 790 1502 vita
812 1456 994 1502 autem
1022 1447 1212 1502 vivere
1227 1446 1505 1501 beatorum
1529 1442 1661 1515 est),
1680 1444 1758 1499 sic
1779 1442 2167 1513 concupiscere

564 1554 625 1598 ut
664 1542 1041 1599 desideremus
1085 1542 1288 1610 judicia
1336 1540 1461 1606 Dei,
1497 1540 1616 1610 plus
1642 1549 1723 1594 est
1761 1554 1923 1610 quam
1955 1538 2168 1596 deside-

563 1650 692 1692 rare
716 1634 943 1703 judicia.
976 1633 1425 1706 Concupiscintus
1454 1634 1597 1689 enim
1627 1632 1944 1690 desiderare
1965 1676 1980 1698 ,
2011 1633 2167 1704 quasi

566 1745 676 1785 non
704 1730 773 1785 sit
802 1730 1086 1798 potestatis
1116 1738 1315 1784 nostrte
1335 1727 1690 1791 desiderium,
1719 1727 1814 1783 sed
1835 1727 2022 1798 gratia:
2046 1726 2164 1782 Dei.

567 1821 703 1878 Cum
733 1821 879 1877 enim
909 1821 1174 1877 Dominus
1198 1821 1462 1877 oblectari
1496 1836 1595 1877 nos
1635 1819 1835 1875 viderit
1875 1819 2170 1889 cupiditate

2269 594 2318 651 si
2341 596 2482 652 bona
2499 605 2697 652 ett-tera
2723 596 2939 663 habeat,
2963 598 3108 669 quod
3128 601 3297 669 magis
3322 596 3900 668 superbusoﬂendal,

2270 704 2431 760 quam
2462 690 2700 758 humilis,
2730 691 2819 761 qui
2854 691 2999 746 nulla
3033 691 3287 747 virtutum
3311 692 3442 749 dote
3469 691 3745 748 subnixus
3775 693 3899 760 sit;

2268 784 2453 841 studet
2479 785 2623 842 enim
2650 786 3008 856 supplantare
3035 786 3286 842 diabolus
3312 786 3474 842 bonis
3503 786 3775 859 operibus
3806 788 3903 843 in-

2273 888 2474 936 tentos.
2502 880 2774 950 Quantum
2801 879 3074 936 laboravit
3100 879 3402 952 pltarismus
3426 880 3540 947 ille,
3567 896 3638 937 ne
3660 892 3899 953 raperet

2268 973 2468 1037 aliena.
2502 988 2570 1030 ne
2614 974 2849 1045 iojttstus
2876 983 3055 1042 esset,
3091 991 3158 1031 ne
3188 973 3555 1032 adulteraret!
3598 976 3892 1045 Quantum

2269 1067 2580 1135 laboravit,
2626 1084 2695 1123 ne
2727 1078 3013 1137 peccaret,
3054 1070 3193 1125 sicut
3225 1070 3470 1141 peccavit
3518 1070 3889 1141 publicanus!

2269 1159 2541 1229 Quantum
2601 1160 2894 1229 laboravit,
2945 1170 3005 1216 ut
3053 1161 3135 1217 bis
3182 1162 3236 1217 in
3285 1163 3513 1219 sabbato
3555 1164 3887 1234 jejunaret!

2269 1254 2543 1325 Quantum
2575 1254 2861 1322 laboravit,
2900 1264 2960 1309 ut
2989 1254 3255 1311 decimam
3290 1255 3447 1312 daret
3475 1258 3720 1313 omnium
3755 1273 3890 1329 qua:

2270 1348 2616 1418 acquireret!
2650 1347 2783 1416 Quis
2811 1359 3058 1403 nostrum
3089 1348 3206 1404 haec
3235 1348 3407 1405 facit?
3436 1348 3636 1419 Quanti
3673 1349 3889 1406 habent

2273 1440 2671 1511 possessiones.
2702 1450 2753 1495 et
2781 1440 2881 1495 soli
2912 1440 3174 1496 incubant
3201 1440 3490 1507 fructibus,
3519 1451 3579 1497 et
3610 1440 3743 1499 solis
3773 1443 3884 1498 sibi

2271 1549 2478 1590 messes
2507 1534 2846 1590 recondunt!
2876 1533 3127 1591 Advertit
3153 1534 3257 1591 hoc
3298 1535 3574 1603 diabolus,
3605 1546 3663 1593 et
3694 1537 3887 1609 perlu-

2269 1626 2351 1682 dit
2379 1642 2504 1683 cum
2547 1627 2732 1684 ulcere
2755 1628 2950 1700 gravi;
2984 1638 3041 1685 ut
3071 1644 3178 1684 non
3211 1638 3422 1685 teneret
3451 1640 3639 1701 caput,
3690 1643 3884 1687 mente

2271 1724 2454 1775 carnis
2483 1720 2702 1777 inﬂatus
2727 1738 2743 1787 ;
2771 1730 2829 1777 et
2858 1722 2913 1777 in
2951 1737 3017 1778 eo
3047 1722 3101 1778 in
3133 1737 3244 1794 quo
3278 1722 3576 1779 laudabilis
3608 1723 3727 1779 fore
3752 1740 3885 1780 ere-

2271 1814 2535 1883 dcretttr,
2587 1816 2660 1872 ibi
2709 1815 3201 1888 reprehensibilior
3250 1816 3612 1889 judicaretur.
3666 1818 3884 1887 Agebat

568 1913 826 1970 desiderii
865 1913 1196 1985 judiciorum
1248 1928 1473 1969 suorum
1495 1955 1510 1979 ,
1555 1914 1796 1967 sobrium
1840 1921 2001 1984 auget
2036 1911 2168 1968 alle-
2197 1922 2245 1983 B
2271 1910 2416 1966 enim
2442 1910 2647 1980 gratias
2676 1909 2789 1966 Deo
2818 1910 2960 1981 quod
2994 1925 3099 1965 uon
3118 1920 3263 1965 esset
3292 1909 3759 1980 raptor,adulter,
3796 1911 3879 1964 in—

567 2014 737 2061 ctum.
757 2005 890 2061 Cum
921 2014 1104 2061 autem
1128 2020 1570 2076 peccamus,non
1601 2005 2040 2076 concupiscimus
2071 2006 2168 2063 de-

567 2099 814 2156 siderare
854 2101 1059 2171 judicia
1105 2100 1225 2157 Dei.
1276 2100 1463 2173 Neque
1507 2100 1653 2155 enim
1699 2110 1936 2172 aegrotus
1966 2101 2047 2156 uti
2075 2101 2169 2158 de-

568 2194 811 2259 siderat,
860 2194 949 2250 vel
995 2193 1195 2258 incidi;
1240 2204 1299 2249 ut
1346 2194 1521 2265 possit
1568 2194 1814 2264 recipere
1854 2192 2165 2250 sanitatem.

569 2286 788 2359 Relugit
818 2289 909 2358 qui
938 2288 1159 2359 gravius
1188 2295 1450 2357 mgrotat;
1503 2302 1572 2343 ne
1600 2297 1789 2342 uratur
1809 2330 1824 2354 ,
1858 2302 1927 2344 ne
1967 2286 2171 2343 incida-

569 2389 679 2447 tur,
716 2397 783 2437 oe
809 2381 1084 2452 alligetur,
1119 2397 1186 2437 ne
1218 2380 1542 2437 abstineata
1565 2381 1709 2437 cibo.
1737 2381 1841 2447 Qui
1872 2390 2053 2437 autem
2086 2396 2172 2437 sa-

569 2475 804 2530 lutarem
829 2476 995 2532 habet
1017 2476 1401 2543 valetudinem,
1428 2475 1647 2533 medico
1667 2490 1896 2532 srcurus
1915 2476 2171 2532 occurrit.

569 2569 728 2627 Unde
758 2574 919 2628 etiam
949 2572 1209 2626 Dominus
1239 2587 1345 2626 non
1372 2572 1550 2627 otiose
1576 2573 1687 2627 ait:
1733 2569 2007 2625 Desiderio
2036 2570 2175 2625 desi-

570 2665 752 2720 deraui
790 2664 887 2719 hoc
932 2665 1123 2728 pascha
1163 2665 1477 2720 manducare
1502 2666 1767 2720 uobiscum
1813 2664 1993 2738 (Luc.,
2027 2679 2171 2732 xxtt,

570 2757 695 2825 l5);
729 2773 837 2812 non
867 2758 1047 2813 solum
1076 2756 1428 2823 desiderans,
1459 2757 1557 2813 sed
1586 2758 1747 2813 etiam
1777 2759 2053 2828 geminato
2081 2755 2177 2811 de-

543 2850 773 2907 -siderio
800 2850 1199 2922 concupiscens
1229 2853 1611 2907 remissionem
1647 2852 1956 2907 retribuere
1982 2865 2175 2922 pecea—

567 2952 773 2997 torum.
799 2940 1263 3014 Cauettpiscamus
1291 2959 1419 3015 ergo
1438 2954 1493 3000 et
1515 2958 1615 2999 nos
1631 2945 1948 3000 desiderare
1968 2943 2173 3015 judicia

565 3033 688 3088 Dei.
724 3032 868 3087 Bona
900 3034 1236 3089 conscientia
1267 3052 1388 3101 qua:
1414 3053 1538 3091 cmn
1568 3036 1937 3095 examinator.
1973 3037 2173 3106 proba-

570 3137 683 3183 tur.
718 3128 784 3182 Et
810 3129 1263 3197 concupiscamus
1291 3130 1608 3185 desiderare
1633 3131 1689 3184 in
1736 3132 1879 3185 omni
1916 3140 2175 3204 tempore;

570 3232 634 3280 ut
662 3223 869 3279 nullum
901 3233 1237 3279 momentum
1277 3224 1434 3281 bonae
1467 3232 1759 3296 praetereat
1809 3239 2037 3280 vacuum
2078 3238 2168 3280 cu-

569 3315 838 3387 piditatis.
1948 3334 1955 3339 '

645 3408 736 3465 54.
767 3409 948 3476 (Vers.
981 3409 1103 3479 21.)
1136 3409 1427 3481 lncrcpasti
1457 3410 1706 3484 superbos
1736 3427 1755 3467 :
1796 3411 2059 3466 maledicti
2089 3410 2179 3482 qui

575 3503 839 3561 declinant
875 3524 907 3560 a
947 3505 1205 3561 mandatis
1244 3507 1369 3560 tuis.
1415 3506 1548 3561 Cum
1588 3504 1851 3561 Dominus
1890 3504 2050 3560 Jesus
2084 3520 2179 3576 per

574 3597 945 3655 obedientiam
988 3614 1164 3669 genus
1211 3599 1508 3655 humanum
1542 3598 1871 3662 redemerit,
1910 3599 2178 3670 justitiam

574 3694 990 3752 reformaverit:
1023 3710 1248 3765 serpens
1265 3705 1447 3750 autem
1479 3693 2018 3763 periuobedientiam
2053 3708 2179 3765 pec-

576 3800 757 3843 catum
778 3786 1176 3851 introduxerit;
1206 3785 1334 3855 quid
1362 3785 1479 3840 vitii
1510 3785 1707 3839 habeat
1737 3785 2016 3855 superbia,
2053 3784 2179 3840 hinc

578 3879 852 3933 mstitnare
884 3892 1189 3948 possumus,
1219 3877 1373 3947 cujus
1398 3885 1588 3932 auctor
1610 3876 1860 3932 diabolus
1886 3888 1988 3943 est,
2015 3893 2175 3949 quem

580 3971 784 4027 inducit
817 3970 1087 4041 Pr0pbeta
1128 3971 1399 4026 dicentem
1428 3988 1441 4024 :
1500 3969 1703 4025 Pouam
1735 3972 1982 4027 thronum
2009 3987 2179 4024 meum

572 4081 729 4138 super
772 4064 953 4133 nubes,
982 4075 1029 4120 et
1051 4081 1137 4119 ero
1163 4065 1349 4120 similis
1377 4064 1639 4119 Altissimo
1672 4064 1851 4134 (Esai.
1910 4082 2026 4132 xtv,
2061 4065 2173 4136 M).

576 4157 762 4226 Itaque
790 4175 911 4214 eum
935 4159 1006 4215 sit
1034 4158 1419 4228 nequissimus,
1448 4168 1505 4212 ut
1532 4157 1794 4214 honorem
1825 4173 1932 4214 non
1962 4158 2178 4214 dederit

583 4250 795 4324 1005
826 4252 1055 4307 Domino
1086 4254 1197 4308 lico
1228 4260 1455 4317 n0stro;
1488 4251 1702 4321 pejores
1730 4262 1911 4308 tamen
1939 4252 2178 4322 discipu-

573 4344 659 4397 los-
708 4343 961 4398 erudivit.
1018 4344 1112 4399 Ille
1164 4344 1309 4399 enim
1360 4358 1419 4398 se
1467 4343 1547 4397 sic
1581 4345 1879 4409 exaltavit,
1926 4354 1987 4400 ut
2015 4346 2178 4401 vellet

573 4436 775 4502 aequari
805 4443 860 4488 et
886 4436 1084 4489 similis
1114 4450 1237 4490 esse
1276 4434 1558 4489 Altissimo
1587 4455 1600 4489 :
1641 4434 1945 4506 discipulus
1988 4445 2176 4491 autem

570 4526 692 4595 ejus
720 4524 1057 4595 signiﬁcatur
1083 4529 1153 4582 ab
1177 4528 1441 4598 Apostolo
1478 4528 1865 4600 indignatnrus
1910 4529 2175 4599 aequalem

571 4618 912 4688 similemque
960 4636 1020 4674 se
1067 4621 1325 4675 mstitua-i
1372 4622 1501 4677 Deo.
1549 4622 1829 4692 Scriptum
1860 4632 1946 4679 est
1985 4626 2173 4680 enim:

2266 2005 2464 2076 justus.
2500 2004 2671 2073 Quam
2700 2007 2862 2061 noxie
2889 2005 2941 2061 ei
2983 2005 3219 2061 luctatus
3248 2013 3334 2060 est
3375 2018 3637 2074 serpens,
3666 2014 3720 2060 ct
3750 2019 3879 2076 gra-

2272 2100 2428 2154 vibus
2456 2114 2579 2154 eum
2610 2098 2771 2169 Spiris
2802 2097 3019 2168 ligavit!
3046 2097 3395 2169 Superiorem
3426 2095 3578 2162 fecit,
3614 2105 3671 2151 ut
3698 2095 3770 2152 de
3801 2097 3878 2150 al-

2274 2195 2411 2250 tiore
2437 2193 2736 2264 dejiceret:
2768 2192 3085 2250 inferiorem
3117 2208 3178 2249 se
3206 2191 3471 2263 praebuit,
3506 2201 3564 2246 ut
3594 2188 3878 2246 sublimio-

2275 2304 2389 2345 rem
2421 2303 2551 2343 casu
2581 2288 2831 2359 graviore
2862 2294 3262 2358 prosterneret.
3292 2285 3428 2341 Mala
3471 2284 3630 2340 ruina
3670 2295 3760 2340 est
3784 2299 3875 2339 aro

2276 2383 2555 2455 rogantis,
2583 2397 2706 2454 qua:
2733 2382 3079 2453 superiorem
3108 2381 3402 2453 subripuit.
3427 2378 3563 2435 Mala
3595 2380 3710 2434 lucc
3734 2378 3876 2436 lucta

2274 2478 2566 2549 serpentis,
2598 2492 2702 2546 qua
2733 2491 2791 2533 se
2824 2477 2876 2533 in
2909 2476 3173 2549 plurimos
3203 2485 3421 2546 torquet
3449 2475 3747 2530 anfractus.

2347 2569 2437 2627 56.
2480 2570 2675 2626 lallare
2719 2571 2942 2627 volebat
2983 2580 3039 2627 et
3082 2569 3332 2652 Paulum.
3384 2568 3558 2637 Quem
3596 2566 3825 2622 Paulum
3854 2567 3879 2619 ζ’

2278 2664 2435 2720 Illum
2459 2666 2641 2736 utique
2665 2664 2970 2734 apostolum
2996 2680 3105 2719 non
3129 2664 3197 2717 ab
3220 2662 3554 2728 hominibus,
3584 2675 3760 2732 neque
3782 2673 3877 2729 per

2281 2757 2592 2824 hominem,
2632 2756 2729 2813 sed
2757 2773 2853 2828 per
2880 2756 3068 2814 Jesom
3113 2754 3390 2811 Christum
3419 2759 3437 2825 (
3462 2752 3506 2808 ll
3536 2753 3684 2820 Con,
3715 2766 3811 2814 xu,
3841 2749 3872 2804 7

2277 2862 2325 2908 et
2347 2852 2442 2925 8).
2469 2851 2535 2906 Et
2559 2867 2696 2924 pene
2717 2850 3033 2922 deceperat,
3060 2849 3135 2904 ita
3157 2858 3214 2903 ut
3235 2847 3515 2903 stimulum
3540 2845 3721 2902 carnis
3741 2859 3871 2910 suae,

2277 2945 2369 3013 qui
2401 2959 2461 3000 se
2492 2942 2836 3008 lmtniliabat,
2866 2950 3088 3014 rogaret
3108 2940 3329 2996 aulerri.
3362 2939 3469 2996 Sed
3493 2939 3668 2994 bonus
3699 2934 3875 2991 Domi-

2281 3055 2404 3107 tttts,
2444 3040 2536 3111 qui
2568 3039 2792 3094 Paulum
2828 3036 3237 3093 inﬁrmitatibus
3283 3034 3449 3090 vellet
3478 3032 3658 3089 facere
3686 3029 3875 3086 fortio~

2280 3151 2421 3199 rem,
2452 3134 2698 3188 adhibuit
2726 3134 2777 3188 ei
2804 3132 3057 3203 angelum
3103 3140 3348 3196 satana);
3389 3140 3446 3183 ut
3475 3127 3587 3183 suis
3629 3125 3874 3181 diabolus

2283 3230 2492 3284 artibus
2544 3229 2873 3284 vinceretur.
2933 3226 3053 3282 Non
3112 3224 3478 3281 mentiebatur
3532 3221 3865 3293 pharisaeus,

2205 3326 2251 3389 C
2284 3321 2452 3378 immo
2473 3320 2634 3376 etiam
2664 3334 2795 3375 vera
2824 3319 3038 3375 dicebat
3064 3340 3078 3375 :
3120 3318 3216 3374 sed
3243 3315 3421 3373 onmis
3446 3316 3537 3388 qui
3567 3329 3628 3372 se
3654 3313 3868 3377 exaltat,

2283 3416 2492 3473 etiamsi
2523 3430 2650 3471 vera
2693 3414 2861 3483 dicat,
2894 3413 3124 3470 olleudit
3150 3411 3331 3486 (Luc.,
3366 3425 3492 3467 xvnt
3515 3452 3529 3475 ,
3560 3409 3675 3481 14).
3707 3406 3869 3463 Deni-

2281 3525 2386 3581 quo
2423 3508 2757 3580 probabilior
2802 3508 3099 3579 pharisaeus
3143 3508 3423 3577 ingressus
3463 3514 3548 3559 est
3590 3503 3864 3572 templum,

2281 3618 2440 3674 quam
2493 3603 2846 3674 publicanus;
2896 3610 2954 3656 et
3005 3609 3184 3656 tamen
3241 3597 3633 3654 condemnatus
3682 3594 3863 3650 exivit.

2283 3696 2554 3765 Quantum
2594 3696 2806 3752 crimen
2853 3694 3150 3766 superbiae,
3201 3702 3262 3747 ut
3312 3691 3364 3747 ei
3404 3690 3567 3747 etiam
3610 3685 3866 3744 adulteria

2284 3790 2642 3861 praeferantur
2673 3791 2689 3845 l

2352 3882 2443 3938 57.
2488 3882 2730 3951 Denique
2772 3880 3059 3944 Dominus,
3101 3878 3195 3949 qui
3240 3877 3361 3934 aliis
3398 3876 3587 3944 donat,
3625 3873 3865 3944 superbis

2283 3973 2511 4041 resistit,
2542 3981 2599 4029 et
2627 3983 2899 4043 tamquam
2927 3971 3275 4042 congreditur
3305 3970 3372 4025 iis
3398 3970 3489 4041 qui
3523 3983 3581 4023 se
3610 3966 3861 4031 exaltant,

2281 4066 2496 4138 sibique
2534 4066 2637 4120 hoc
2665 4074 2942 4120 certamen
2970 4063 3207 4119 vindicat
3231 4080 3244 4116 :
3268 4070 3324 4117 et
3351 4062 3439 4131 qui
3465 4059 3590 4114 aliis
3610 4057 3867 4127 compati-

2284 4167 2372 4214 tur
2392 4201 2405 4223 ,
2435 4166 2753 4229 arrogantes
2783 4158 3056 4225 increpat;
3087 4155 3213 4225 quia
3250 4151 3383 4208 nihil
3426 4152 3642 4223 gravius
3662 4191 3678 4215 ,
3711 4163 3860 4220 quam

2281 4264 2341 4311 ut
2371 4253 2570 4309 fratres
2608 4264 2827 4308 nosnros
2867 4264 3136 4320 pauperes
3178 4248 3414 4319 superbo
3464 4245 3676 4320 1006
3715 4244 3864 4299 oculo

2280 4347 2675 4415 despiciamus,
2708 4344 3039 4401 conformes‘
3069 4343 3225 4399 nobis
3266 4339 3593 4398 intolerabili
3644 4338 3863 4409 repella-

2281 4457 2405 4497 mus
2428 4425 2671 4506 l‘astidio,
2701 4449 2885 4494 nostra
2920 4439 3171 4509 indignos
3195 4439 3364 4509 gratia
3388 4435 3717 4507 iudicantes,
3747 4434 3860 4503 quia

2281 4540 2409 4588 sunt
2430 4532 2657 4601 inopes:
2692 4546 2815 4586 cum
2842 4542 3132 4600 paupertas
3157 4528 3185 4568 ι’
3218 4528 3428 4584 [acilius
3449 4528 3522 4583 sit
3549 4528 3681 4596 Deo,
3710 4542 3859 4599 quam

2284 4626 2572 4681 thesaurus
2601 4625 2902 4694 acceptior.

569 4709 701 4766 Cum
734 4710 991 4765 revelatus
1014 4712 1173 4780 fuerit
1200 4713 1351 4768 homo
1380 4714 1703 4785 iniquitatis,
1738 4727 1786 4772 et
1816 4716 1961 4788 ﬁlius
1986 4716 2175 4771 interi-
2205 4727 2255 4786 Ῑ)
2351 4720 2441 4774 58.
2487 4719 2773 4785 Maledicti.
2823 4721 3036 4793 inquit,
3086 4722 3177 4790 qui
3225 4720 3492 4775 declinant
3539 4738 3572 4775 a
3613 4720 3860 4774 mandatis

566 4815 670 4863 tua,
696 4805 785 4869 qui
807 4805 1110 4860 adversatur
1140 4816 1187 4859 et
1213 4807 1476 4861 extollitur
1503 4825 1667 4878 supra
1697 4824 1849 4866 omne
1879 4811 2015 4880 quod
2041 4809 2175 4864 dici-

560 4905 650 4948 tur
676 4891 818 4948 Deus
858 4895 938 4966 (ll
973 4897 1157 4954 Thess.
1191 4916 1251 4965 tt,
1305 4902 1340 4957 3
1368 4909 1417 4954 et
1444 4902 1535 4974 4).
1574 4900 1833 4971 Magister
1860 4905 2024 4975 igitur
2051 4916 2076 4944 δ
2099 4906 2174 4961 si—

557 4983 748 5038 milem
776 5000 835 5038 se
866 4990 1169 5052 prmsmnit.
1203 4992 1289 5047 hic
1311 4995 1688 5059 superiorem.
1719 4993 1955 5063 ideoque
1983 5007 2038 5051 et
2060 4998 2173 5052 Do-

552 5071 739 5128 minus
773 5073 839 5128 ad
869 5076 1167 5148 discipulos
1194 5096 1322 5136 suos
1348 5081 1527 5139 dixit:
1582 5082 1802 5157 Majora
1847 5088 1928 5141 his
1968 5089 2173 5160 facietis

553 5164 766 5237 (leam,
795 5182 920 5237 xw,
955 5174 1081 5242 1‘2);
1124 5182 1183 5227 ut
1208 5175 1407 5245 quibus
1436 5189 1669 5248 serpens
1698 5177 1824 5246 plus
1850 5180 2165 5247 ademerat,

545 5272 714 5329 quam
741 5258 855 5326 ipse
881 5269 1164 5333 amiserat,
1190 5268 1400 5339 majora
1422 5268 1681 5328 Christus
1708 5270 1894 5331 facere
1913 5274 2164 5343 donaret,

546 5364 715 5421 quam
748 5351 866 5422 ipse
895 5355 948 5411 iu
972 5360 1130 5415 terris
1160 5359 1386 5417 iecerat.
1416 5362 1475 5417 in
1501 5381 1562 5422 se
1588 5364 1738 5421 enim
1765 5369 1938 5424 voluit
1966 5368 2169 5439 princi-

547 5456 674 5514 pem
704 5448 889 5500 mundi
924 5450 1139 5518 fallere,
1166 5453 1218 5509 itt
1246 5454 1536 5523 discipulis
1561 5458 1927 5526 triumphare.

619 5535 710 5591 55.
754 5536 940 5611 Itaque
976 5562 1006 5601 a
1049 5553 1199 5601 tanto
1237 5549 1434 5604 volens
1475 5550 1709 5606 crimine
1751 5553 2036 5611 vindicare
2068 5555 2169 5611 htt-

535 5644 761 5686 mauum
780 5649 975 5705 genus,
994 5639 1299 5697 introduxit
1316 5640 1648 5712 pharisaeum
1669 5650 1729 5699 et
1746 5647 2090 5714 publicanum
2115 5650 2168 5706 in

607 5776 636 5856 ἡ
826 5771 1320 5856 simitent_honorcitt
1343 5783 1639 5850 prwsumit.
1661 5779 1793 5856 Mss.
1823 5794 1884 5840 ut
1910 5784 1963 5839 in
1985 5794 2161 5856 textu,

523 5841 1005 5973 :Xglptis
1056 5851 1110 5903 in
1168 5841 1386 5921 quibus,
1439 5866 1516 5920 se,
1572 5855 1908 5922 scriptorum
1952 5841 2160 5918 incuria

673 5930 698 5966 3
778 5931 789 5967 1
911 5954 925 5969 .

673 5930 789 5967 sum
820 5930 925 5969 CSI.

2276 4813 2399 4866 tuis.
2422 4812 2596 4884 Supra
2620 4813 2833 4870 dixerat
2856 4830 2870 4869 :
2904 4811 2989 4867 Ne
3010 4812 3296 4867 abscondas
3324 4831 3356 4867 a
3377 4829 3456 4867 me
3475 4813 3721 4867 mandata
3741 4824 3858 4877 tua;

2276 4915 2330 4960 et
2355 4906 2479 4962 ideo
2500 4908 2651 4977 quasi
2681 4908 2916 4962 revelata
2942 4906 3050 4962 sibi
3080 4908 3329 4962 mandata
3354 4921 3712 4977 cognoscens,
3740 4922 3860 4962 cott-

2273 4997 2499 5054 demnat
2521 5014 2618 5056 eos
2637 4999 2726 5066 qtti
2747 4998 3148 5055 declinavetiot
3177 5014 3205 5053 a
3237 4998 3506 5055 mandatis
3529 4998 3855 5056 ctelestibus.

2278 5090 2346 5147 Et
2374 5092 2511 5150 bene
2526 5094 2665 5149 dixit
2691 5110 2703 5148 :
2731 5090 2834 5158 Qui
2855 5093 3114 5146 declinant
3138 5109 3157 5159 ;
3180 5092 3449 5148 directum
3471 5094 3618 5148 enim
3649 5092 3859 5149 manda-

2280 5192 2391 5238 tum
2414 5197 2518 5251 est,
2548 5185 2669 5240 ideo
2699 5186 2767 5238 ab
2794 5198 2864 5240 eo
2893 5198 3053 5239 nemo
3075 5182 3351 5239 deﬂectat.

2348 5280 2436 5335 ‘59.
2478 5281 2658 5337 Movet
2679 5288 2862 5334 autem
2887 5294 2991 5349 qua
3020 5279 3231 5335 ratione
3260 5279 3346 5334 hic
3373 5279 3605 5334 dixerit:
3636 5277 3722 5333 Ne
3746 5280 3858 5335 ubs-

2277 5373 2468 5427 condas
2494 5390 2526 5427 α
2553 5389 2632 5428 me
2661 5371 2908 5427 mandata
2937 5381 3047 5424 tua.
3095 5370 3249 5438 Quod
3280 5371 3426 5427 enim
3469 5371 3819 5429 absconditur
3842 5418 3856 5442 ,

2276 5466 2565 5522 obscutum
2593 5466 2649 5521 lit
2679 5475 2734 5520 et
2760 5464 3066 5530 occultum;
3103 5480 3225 5521 cum
3253 5482 3414 5538 supra
3448 5465 3685 5521 dixerit:
3715 5465 3860 5523 Mau-

2278 5558 2456 5612 dutum
2476 5557 2689 5613 Dotnim'
2711 5557 2964 5622 lucidum,
2988 5557 3292 5613 illuminans
3312 5564 3490 5616 oculos
3512 5557 3687 5633 (Paul.
3714 5574 3853 5629 xvttt,

2278 5654 2374 5726 9).
2407 5654 2462 5710 Si
2512 5652 2748 5707 lucidum
2780 5656 3125 5718 tnaudatum,
3155 5655 3432 5724 quomodo
3473 5654 3854 5724 absconditur;

2334 5788 2363 5865 ξι
2409 5789 2664 5853 Facilius,
2710 5789 2761 5844 id
2816 5796 2902 5865 est
2937 5787 3126 5855 magis,
3152 5795 3208 5843 et
3235 5789 3301 5865 ad
3338 5804 3550 5856 vocem,
3577 5797 3851 5865 acceptior,

2263 5861 2531 5928 refertur;
2577 5874 2765 5928 estque
2805 5860 3173 5929 pleonasmus,
3204 5862 3295 5929 qtti
3314 5876 3420 5916 non
3453 5877 3576 5918 raro
3603 5864 3654 5918 in
3685 5860 3852 5925 latinis

2263 5925 2572 5990 auctoribus
2597 5925 3042 6004 deprehenditur.
