4070 6472
237 368 377 426 1257

1321 374 1388 432 IN
1428 375 1756 436 PSALMUSI
1794 379 2009 438 CXVIII
2047 378 2434 442 EXPOSI'I‘IO.

3377 394 3533 467 pass

238 503 363 544 cum
411 491 685 546 lucernam
734 505 894 548 nemo
931 501 1097 562 ponat
1143 494 1245 549 sub
1273 494 1498 550 modio?
1535 494 1650 552 Nisi
1700 496 1838 555 forte
1866 503 1918 562 A
1943 501 2020 558 ris
2035 510 2138 567 est,
2167 505 2256 574 qui
2286 505 2580 575 perductus
2597 506 2940 577 adjudicium
2963 520 3532 580 persccutorum,cum

241 581 480 639 lucidum
509 594 591 639 est
615 601 776 639 unum
807 585 1144 653 mandatum,
1177 588 1346 643 multa
1371 600 1550 645 autem
1585 592 1836 648 mandata

240 677 563 733 abscondita
591 690 739 733 sunt.
767 678 900 734 Nam
922 681 1128 753 judicia
1154 693 1263 747 tua,
1291 683 1498 752 inquit.
1529 683 1661 738 sicut
1684 686 1838 756 abys-

239 789 329 828 sus
376 774 538 828 multa
600 773 792 846 (Psal.
847 791 1028 840 xxxv,
1075 777 1174 847 7).
1230 775 1347 832 Non
1386 777 1646 848 judicium
1699 780 1840 835 sicut

239 865 500 937 abyssus.
534 868 628 923 sed
656 867 856 937 judicia
889 870 1163 925 dicuntur.

312 957 404 1015 40.
451 959 588 1016 Vide
627 971 808 1017 autem
837 963 1107 1018 ordinem.
1147 964 1320 1034 Supra
1353 965 1428 1019 ait
1457 982 1470 1020 :
1508 963 1592 1020 Ne
1620 967 1840 1037 repellas

243 1069 324 1107 nte
352 1070 384 1107 a
410 1053 678 1110 mandatis
706 1056 849 1120 tuis;
884 1056 939 1111 itt
971 1059 1327 1127 sequentibus
1374 1057 1476 1113 ait:
1514 1057 1596 1114 Ne
1627 1059 1840 1113 abscon-

246 1149 342 1203 das
370 1166 402 1202 a
429 1165 508 1202 me
536 1150 784 1203 mandata
813 1159 940 1216 tua;
983 1151 1070 1205 hic
1114 1149 1225 1206 ait:
1260 1145 1528 1204 Maledicti
1562 1152 1650 1216 qui
1680 1151 1842 1206 decli-

247 1251 372 1296 nant
401 1259 433 1297 a
467 1243 728 1298 mandatis
759 1245 881 1298 tuis.
916 1242 1054 1298 Vere
1083 1243 1360 1298 maledicti
1389 1245 1478 1312 qui
1509 1243 1782 1300 declinant
1812 1261 1842 1300 a

248 1334 524 1394 mandatis
555 1339 694 1404 tuis,
729 1339 818 1409 qui
849 1337 1053 1394 referre
1084 1338 1310 1410 gratiam
1341 1338 1648 1396 debuerunt
1675 1359 1688 1395 :
1733 1341 1846 1412 pri-

249 1444 364 1495 mo,
406 1432 531 1502 quia
560 1448 665 1487 non
697 1440 823 1487 sunt
854 1433 1093 1502 repulsi;
1125 1433 1388 1502 sei-unda,
1430 1436 1554 1505 quia
1585 1449 1690 1490 non
1721 1436 1846 1491 abs-

248 1524 412 1577 condi
440 1539 469 1577 a
498 1540 558 1580 se
588 1524 766 1580 divina
797 1525 1050 1580 mandata
1076 1537 1415 1582 meruerunt.
1447 1527 1693 1583 Declinat
1714 1545 1846 1599 ergo

247 1615 446 1687 aliquis
473 1617 617 1688 quod
648 1620 876 1687 optavit.

320 1711 410 1767 41.
444 1715 461 1782 (
485 1712 644 1769 Vcrs.
672 1713 760 1768 εἰ.
785 1713 805 1786 )
837 1716 1128 1786 Sequitur:
1159 1719 1325 1788 Aufer
1345 1735 1377 1772 a
1405 1735 1485 1774 me
1511 1720 1848 1791 opprobrium

249 1815 296 1858 et
333 1816 722 1878 contemptum;
758 1810 1004 1880 quoniam
1033 1810 1324 1864 testimonia
1365 1819 1451 1865 tua
1493 1814 1760 1884 exquisivi.
1791 1813 1846 1869 Si

251 1911 598 1972 contemptus
642 1904 920 1974 opprobrii
951 1907 1071 1959 loco
1102 1904 1340 1969 ducitur,
1387 1908 1664 1970 quomodo
1710 1910 1846 1963 scri-

252 2003 404 2064 ptum
452 2006 581 2052 est:
614 1993 1031 2067 Contemmibilia
1073 1999 1228 2072 hujus
1283 2001 1460 2054 mundi
1507 2001 1659 2071 elegit
1710 2002 1850 2058 Deus

249 2093 264 2154 (
289 2087 308 2141 I
337 2085 486 2152 Cor.,
514 2103 563 2152 t,
589 2087 660 2144 28
686 2089 746 2160 )?
788 2089 893 2146 Sed
923 2092 1207 2146 considera
1237 2093 1360 2162 quia
1391 2094 1577 2149 mundi
1609 2105 1852 2150 contem-

253 2179 461 2248 ptibilia
484 2180 644 2245 dixit,
676 2171 791 2237 non'
808 2182 920 2236 Dei.
945 2183 1098 2250 Quod
1122 2185 1266 2240 enim
1295 2184 1349 2240 in
1375 2185 1477 2240 hoc
1505 2188 1704 2242 mundo
1720 2204 1854 2244 con-

248 2272 576 2343 temptibile,
625 2273 728 2327 hoc
760 2275 1058 2344 pretiosum
1087 2283 1173 2330 est
1199 2276 1339 2345 apud
1383 2278 1571 2332 Deum.
1611 2279 1854 2346 Denique

252 2361 532 2417 humilitas
563 2363 615 2418 itt
647 2362 750 2419 hoc
780 2365 983 2420 tnttndo
1015 2368 1410 2435 cetttemnitur,
1441 2370 1535 2425 sed
1584 2370 1680 2427 Dei
1707 2372 1853 2442 judi-

251 2454 340 2510 cio
368 2455 779 2525 comprobatur.
820 2457 959 2512 Etsi
1009 2459 1328 2528 publicanus
1358 2475 1417 2516 se
1461 2463 1849 2533 liumiliaverit,

255 2551 548 2605 esaltatur.
577 2560 602 2588 ⁸
637 2551 770 2606 Audi
797 2567 955 2620 quem
984 2553 1193 2623 diligat,
1220 2565 1273 2610 et
1299 2571 1406 2610 non
1439 2572 1537 2626 pro
1559 2558 1730 2612 nihilo
1755 2559 1854 2612 Ita-

257 2645 382 2698 beat
413 2645 574 2700 Dens.
604 2646 940 2718 Quicumque
970 2658 1194 2704 sanctus
1224 2662 1329 2716 est,
1362 2653 1453 2722 qui
1495 2653 1616 2708 sine
1645 2656 1855 2709 macula

258 2737 414 2803 vivit,
467 2739 752 2793 veritatem
783 2741 1052 2808 custodit,
1105 2758 1211 2796 nou
1253 2745 1512 2813 appetivit
1552 2746 1856 2814 proximum

259 2846 418 2885 suum
442 2873 458 2896 ,
490 2831 557 2885 ad
608 2832 834 2886 nihilum
883 2835 1152 2891 deductus
1187 2846 1273 2891 est
1307 2837 1358 2891 in
1407 2849 1702 2906 conspectu
1741 2842 1859 2904 ejus

263 2923 577 2994 malignus;
627 2923 652 2961 ι’
698 2925 879 2980 omnia
910 2943 1032 2996 qua:
1075 2929 1296 2982 malitia:
1346 2939 1496 2995 sunt,
1547 2931 1863 2999 reprobavit

263 3014 284 3086 (
318 3011 466 3068 Psal.
507 3029 620 3082 stv,
677 3016 771 3070 2-4
805 3018 860 3087 );
894 3019 1014 3072 talis
1054 3018 1215 3073 etiam
1264 3021 1307 3075 si
1351 3021 1422 3075 sit
1465 3023 1716 3092 gentilis,
1761 3023 1860 3078 dc-

262 3105 480 3162 v0tione
507 3105 831 3164 humilitatis
855 3126 883 3163 a
917 3110 1026 3164 Deo
1055 3112 1461 3181 comprobatur.
1507 3114 1737 3182 Superbi
1767 3131 1862 3169 au-

264 3206 407 3264 tem,
438 3199 585 3253 velut
614 3199 914 3268 pharisaeus
935 3243 948 3269 ,
985 3203 1291 3273 arrogantia
1322 3220 1415 3258 sua
1464 3221 1562 3275 pro
1590 3205 1761 3261 nihilo
1788 3209 1857 3265 ab

264 3290 359 3344 illo
386 3293 745 3348 mstimantur.
780 3295 1020 3365 Denique
1048 3298 1328 3367 gentilitas
1355 3315 1460 3352 non
1489 3309 1573 3355 est
1601 3316 1614 3352 :
1644 3301 1860 3356 devotio

267 3394 449 3440 autem
501 3397 682 3442 manet
726 3387 777 3441 itt
823 3397 1108 3444 :nternum.
1161 3391 1304 3446 Cave
1348 3406 1480 3461 ergo
1522 3409 1589 3446 ne
1638 3393 1858 3449 Christo

267 3478 562 3548 opprobrio
588 3481 684 3535 sis.
719 3479 856 3536 Nolo
901 3483 1029 3537 tnihi
1060 3483 1388 3554 quicumque
1429 3485 1718 3541 tnalcdicat
1743 3529 1758 3551 ,
1807 3497 1862 3542 et

265 3570 421 3640 quasi
452 3581 792 3638 peccatoretn
824 3574 1127 3642 deSpiciat:
1195 3590 1355 3644 quam
1392 3592 1584 3646 grave,
1615 3578 1660 3632 si
1702 3577 1864 3633 Chri-

269 3673 384 3717 sms
407 3662 626 3733 dignum
645 3665 940 3734 opprobrio
968 3667 1130 3720 ducat
1158 3669 1171 3722 !
1214 3667 1300 3720 l'te
1330 3667 1441 3734 tibi,
1476 3669 1666 3739 inquit,
1700 3668 1863 3724 Coro.

270 3756 402 3809 zaim
423 3766 468 3809 et
493 3753 772 3811 Bethsaida
796 3754 976 3828 (Luc.,
1009 3775 1038 3812 κ
1057 3801 1071 3823 ,
1101 3761 1211 3828 13).
1237 3759 1713 3827 Condemnautur;
1740 3763 1863 3833 quia

271 3863 378 3902 non
417 3861 648 3920 egerunt
693 3853 1068 3922 ptenitentiam
1115 3853 1440 3909 delictorum
1479 3871 1724 3910 suorum.
1761 3857 1872 3914 Nos

271 3958 402 4014 ergo
453 3959 696 4014 agamus,
755 3955 816 4001 ut
864 3962 892 4000 a
949 3946 1108 4001 nobis
1164 3948 1442 4002 auferatur
1491 3949 1868 4018 opprobrium.

271 4037 404 4104 Quis
435 4047 615 4091 autem
645 4047 749 4102 est,
779 4039 870 4108 qtti
900 4055 1006 4093 non
1044 4048 1129 4094 est
1167 4041 1456 4109 opprobrio
1492 4041 1726 4111 dignus?
1771 4043 1873 4108 Qui

273 4131 570 4201 exqttisivit
597 4131 808 4186 Domini
844 4131 1176 4186 teSIituouia.
1211 4131 1357 4185 Multi
1384 4133 1599 4201 quidem
1633 4143 1758 4187 sunt
1784 4134 1875 4202 qtti

276 4227 469 4280 volunt
497 4223 704 4280 inferre
736 4226 1085 4296 Opprobriutn
1118 4226 1290 4280 servis
1322 4227 1447 4291 tuis,
1481 4226 1576 4279 sed
1611 4227 1711 4294 ipsi
1753 4236 1878 4281 sunt

280 4319 451 4387 magis
493 4317 780 4386 probrosi;
815 4318 937 4385 quia
984 4331 1082 4386 pro
1133 4317 1354 4372 nomine
1387 4326 1477 4371 tuo
1525 4317 1635 4387 pati
1677 4332 1881 4389 oppro-

282 4411 456 4465 brium
490 4409 784 4479 gloriosum
819 4419 924 4464 est.

354 4503 441 4558 42.
487 4505 504 4572 (
533 4501 686 4556 Vers.
711 4502 827 4569 25.)
860 4502 926 4556 Et
948 4500 1070 4558 ideo
1105 4502 1182 4556 ait
1209 4518 1221 4555 :
1244 4500 1443 4556 Etenim
1474 4501 1712 4556 sederunt
1741 4503 1887 4573 prin-

280 4598 441 4668 cipes,
467 4604 514 4650 et
540 4596 806 4649 adversum
834 4611 912 4648 me
931 4594 1140 4666 1007
1170 4593 1661 4650 detrectabant.Vox
1684 4603 1889 4666 marty-

1941 604 2233 659 cogeretur
2264 595 2427 652 idolis
2458 599 2761 662 immolare.
2795 610 2847 653 et
2877 609 3192 657 constanter
3223 604 3536 659 resisteret:

1936 685 2152 756 jndices
2181 698 2357 744 autem
2390 690 2643 747 sedentes
2673 692 2724 747 in
2755 694 3120 749 tribunatibus
3146 695 3330 765 Stipati
3365 706 3386 735 ο
3417 695 3537 750 olli-

1941 776 2062 839 ciis,
2094 778 2439 849 indignantes
2467 783 2611 850 quod
2655 785 2769 839 suis
2800 801 2904 840 non
2936 787 3408 843 obsecundaretur
3439 791 3538 843 im-

1946 870 2135 941 periis,
2167 870 2482 929 conferrent
2513 893 2619 944 quo
2659 877 2882 948 dignum
2911 879 3182 948 supplicio
3209 889 3537 947 et-nserettt;

1943 964 2119 1018 Stabat
2151 965 2456 1035 intrepidus
2496 968 2684 1023 dicens
2711 987 2724 1025 :
2783 970 3040 1028 Sederunt
3068 974 3325 1044 principes
3365 983 3411 1028 et
3438 972 3542 1026 ad.

1943 1073 2143 1110 versum
2170 1075 2246 1111 me
2275 1058 2648 1114 detrectabant.
2695 1061 2792 1116 Est
2823 1063 2986 1117 ctiam
3020 1065 3234 1119 Domini
3269 1081 3368 1120 Vox
3414 1065 3540 1128 ista,

1944 1167 2066 1206 cum
2119 1152 2464 1208 convenisset
2488 1149 2514 1190 ἀ
2549 1154 2945 1224 presbyterium
2978 1157 3151 1222 plebis
3178 1199 3192 1222 ,
3227 1168 3282 1212 et
3333 1157 3538 1227 princi-

1947 1259 2042 1314 pes
2063 1245 2406 1300 sacerdotum
2431 1256 2483 1301 ct
2509 1247 2726 1310 scriba},
2752 1259 2804 1302 et
2825 1248 2890 1302 :td
2913 1251 3199 1305 concilium
3226 1251 3539 1306 .Itttlmorttm

1947 1337 2210 1392 detlucms
2252 1350 2397 1393 esset
2429 1339 2724 1394 dicentium
2750 1359 2763 1395 :
2816 1343 2955 1406 Quid
2983 1342 3152 1396 adhuc
3184 1344 3541 1398 desideramus

1949 1431 2135 1486 testes?
2152 1431 2445 1486 audivimus
2469 1433 2603 1486 enim
2624 1433 2688 1486 de
2705 1449 2794 1488 ore
2816 1435 2976 1504 ipsius
3001 1434 3218 1507 (Matth.
3242 1454 3305 1491 χλ
3319 1453 3395 1500 vt,
3421 1438 3545 1508 65);

1947 1533 2002 1579 et
2030 1535 2197 1579 staret
2227 1536 2354 1579 ante
2394 1526 2704 1595 praesidem,
2753 1537 2803 1581 et
2835 1528 3133 1583 duceretur
3177 1529 3242 1582 ad
3289 1545 3541 1594 ειίιουηι,

1948 1617 2075 1686 quid
2107 1618 2384 1686 pulchrius
2415 1618 2639 1686 diceret,
2672 1634 2864 1690 quam:
2897 1619 3156 1675 Sederunt
3189 1623 3468 1694 principes,
3498 1636 3547 1676 et

1950 1713 2224 1767 adversum
2266 1729 2344 1767 me
2374 1713 2746 1779 detrectabant,
2780 1718 2878 1770 hoc
2908 1724 3011 1781 est,
3045 1733 3130 1770 me
3161 1727 3361 1782 stante,
3395 1717 3552 1772 sede-

1952 1816 2080 1862 ruut
2113 1807 2426 1876 principes?
2455 1807 2520 1862 Et
2543 1808 2667 1878 quia
2701 1807 3054 1862 tribunalium
3090 1809 3261 1864 fulcro
3287 1811 3550 1865 sublimes

1954 1910 2129 1966 erant,
2163 1900 2444 1954 Dominum
2475 1917 2580 1954 non
2614 1901 2890 1955 videbant.
2924 1902 3195 1956 Sedebant
3216 1918 3368 1973 ergo,
3397 1913 3556 1958 erant

1957 1994 2008 2048 in
2038 1993 2248 2062 fastigio
2281 1993 2635 2062 principatus,
2667 2008 2766 2048 nec
2800 1994 3102 2065 Principem
3127 1995 3428 2064 principum
3457 2010 3553 2050 co—

1954 2086 2218 2155 gitabant.
2253 2085 2358 2142 Sed
2393 2101 2580 2154 parum
2634 2087 2756 2140 hoc.
2788 2087 3048 2141 Adversus
3094 2104 3196 2150 me,
3233 2088 3430 2158 inquit,
3465 2089 3557 2140 de-

1955 2178 2265 2235 trectabant.
2297 2179 2412 2251 Ego
2443 2195 2631 2234 eorum
2677 2179 2988 2252 redemptor
3036 2181 3402 2246 adveneram,
3452 2195 3557 2251 ego

1955 2291 2210 2330 veneram
2245 2286 2301 2328 ut
2329 2275 2572 2330 onmium
2605 2285 2824 2345 peccata
2855 2277 3173 2332 mandarem
3194 2319 3208 2342 ,
3242 2287 3299 2329 ut
3329 2291 3559 2346 recupe-

1957 2385 2132 2424 raretn
2181 2368 2434 2432 amissos,
2479 2371 2829 2425 restituerem
2880 2372 3133 2440 patadiso
3179 2371 3352 2426 saneti
3391 2369 3560 2424 Jacob

1960 2462 2373 2527 litereditatem,‘
2422 2472 2477 2518 et
2527 2464 2602 2518 illi
2647 2465 2892 2518 adversus
2941 2481 3019 2518 me
3065 2464 3437 2518 detrectabant.
3487 2462 3558 2520 Et

1957 2557 2079 2612 ideo
2119 2556 2419 2610 imitatores
2451 2556 2578 2621 mei,
2621 2555 2877 2624 discipuli
2920 2556 3049 2620 mt-i,
3091 2557 3257 2610 nolite
3303 2556 3554 2625 iniuriam

1959 2649 2283 2704 erubescere
2328 2649 2371 2703 si
2405 2649 2666 2704 steteritis
2697 2660 2823 2703 ante
2876 2647 3151 2718 principes
3195 2666 3293 2716 pro
3337 2651 3559 2705 nomine

1964 2755 2086 2794 meo
2113 2755 2128 2803 ;
2159 2755 2283 2793 eunt
2316 2754 2415 2808 ego
2443 2741 2688 2795 steterim
2719 2755 2813 2808 pro
2845 2749 3022 2793 vestra
3050 2739 3244 2792 salute.

2033 2831 2126 2885 45.
2169 2831 2415 2901 Denique
2467 2832 2698 2885 traditus
2747 2833 2798 2886 in
2843 2831 3145 2886 custodiam
3196 2833 3388 2887 Petrus
3437 2847 3560 2888 eum

1965 2924 2179 2976 caneris
2208 2923 2492 2991 apostolis,
2525 2930 2580 2975 rt
2616 2933 2828 2991 postera
2853 2922 2940 2977 die
2971 2933 3205 2977 statutus
3228 2935 3354 2978 ante
3376 2925 3564 2979 conci-

1967 3014 2094 3067 liutn
2125 3021 2441 3068 constanter
2469 3013 2683 3069 diccbat
2706 3030 2718 3067 :
2738 3012 3012 3084 Principes
3037 3016 3236 3083 populi,
3268 3026 3318 3070 et
3337 3017 3561 3071 seniores

1969 3102 2158 3164 Israel.
2183 3105 2265 3158 csi
2295 3121 2388 3159 nos
2417 3104 2572 3160 hodie
2597 3106 2972 3171 diiudicantur,
2993 3107 3134 3177 quod
3157 3109 3475 3180 benefactunt
3497 3111 3564 3165 sit

1966 3199 2160 3252 homini
2192 3199 2424 3268 inﬁrmo,
2444 3200 2496 3253 in
2524 3217 2626 3269 quo
2657 3200 2755 3255 iste
2783 3201 2958 3255 salvas
2984 3203 3154 3270 factus
3181 3203 3271 3268 sit;
3293 3213 3471 3258 uotum
3497 3204 3566 3259 sit

1968 3295 2203 3346 omnibus
2235 3293 2398 3357 vobis,
2429 3305 2475 3348 et
2503 3295 2642 3347 omni
2670 3295 2806 3362 plebi
2836 3294 3023 3361 Israel,
3066 3297 3210 3364 quod
3257 3299 3308 3350 in
3363 3299 3568 3352 nomine

1970 3383 2005 3438 J
2008 3401 2095 3439 esu
2115 3383 2310 3440 Christi
2331 3384 2593 3440 Nazareni
2618 3403 2765 3456 quem
2789 3404 2876 3442 vos
2893 3389 3244 3456 craciﬁxistis,
3261 3406 3409 3460 quem
3425 3390 3566 3444 Deus

1971 3480 2234 3531 suscitavit
2253 3478 2544 3540 antortuis,
2574 3480 2628 3532 in
2659 3479 2752 3532 ltoc
2779 3479 2872 3533 iste
2915 3491 3051 3533 astat
3095 3496 3271 3533 coram
3303 3481 3440 3534 vobis
3483 3498 3569 3535 sa-

1971 3585 2070 3623 nus
2098 3568 2651 3641 (Act.tv,8,10),hoc
2679 3579 2798 3624 est:
2827 3570 2934 3624 Vos
2961 3573 3093 3625 estis
3121 3572 3210 3641 qui
3230 3573 3499 3626 Statuistis
3519 3582 3573 3628 et

1971 3663 2284 3728 Christum;
2315 3663 2501 3732 gloria:
2533 3663 2653 3718 loctt
2675 3663 2924 3718 (Illl'IllIUS
2949 3664 3104 3716 istaut
3131 3663 3416 3732 injuriatn;
3443 3665 3569 3733 quia

1975 3755 2250 3825 arguimur
2284 3769 2380 3824 pro
2407 3756 2596 3824 διεμιιὶ
2623 3753 2859 3808 hominis
2895 3743 3168 3808 sanitate:
3213 3755 3352 3809 hanc
3394 3754 3571 3810 lucre-

1973 3849 2198 3904 ditatem
2226 3849 2460 3902 servulis
2496 3848 2745 3903 Salvator
2775 3851 3016 3902 omnium
3047 3848 3358 3918 dereliquit.
3395 3851 3460 3904 At
3495 3849 3573 3904 illi

1976 3941 2329 3997 conferebant
2378 3941 2520 3996 inter
2559 3956 2618 3995 se
2659 3941 2939 3995 dicentes:
2991 3939 3128 4008 Quid
3175 3943 3426 4011 faciemus
3466 3942 3579 3995 istis

1979 4035 2269 4088 hominibus
2297 4035 2313 4098 (
2347 4032 2483 4086 Ibid.
2521 4033 2587 4087 16
2614 4033 2672 4102 )?
2710 4032 2775 4086 Et
2803 4033 3263 4086 tlimiseruotcos.
3297 4032 3580 4086 Gloriaha-

1978 4136 2068 4182 tur
2095 4143 2224 4195 ergo
2255 4126 2472 4186 Petrus.
2505 4134 2560 4178 et.
2609 4125 2981 4194 unusquisque
3011 4125 3408 4192 apostolorum,
3453 4125 3580 4191 quia

1981 4218 2127 4288 digni
2176 4218 2339 4271 habiti
2385 4225 2532 4282 sunt,
2568 4217 2658 4288 qui
2704 4215 2954 4286 iujtttiatn
2990 4231 3089 4286 pro
3125 4214 3332 4270 Christi
3361 4217 3584 4272 nntuine

1984 4311 2338 4368 sustinerent.
2364 4309 2528 4365 Recte
2550 4325 2679 4380 ergo
2701 4318 2828 4363 tunc
2847 4307 3092 4363 dicereut
3118 4309 3311 4378 singuli
3337 4326 3348 4360 :
3374 4305 3582 4363 Etenim

1989 4407 2227 4459 sederant
2260 4404 2542 4474 principes,
2569 4414 2623 4457 et
2656 4404 2926 4457 adversum
2959 4418 3038 4456 me
3065 4400 3458 4466 detrectabant"

2061 4499 2150 4554 4-4.
2199 4498 2473 4555 Sederunt
2515 4497 2789 4569 print-ipes
2817 4495 3080 4551 adversus
3108 4495 3320 4550 Esaiam
3341 4536 3354 4559 ,
3389 4500 3445 4549 et
3475 4493 3589 4549 dis-

1994 4601 2320 4665 putaverunt
2357 4602 2416 4646 ut
2459 4602 2766 4646 secaretur:
2810 4588 2905 4645 sed
2945 4604 3052 4644 non
3101 4588 3326 4644 timebat
3361 4603 3456 4644 eos
3494 4588 3592 4659 qui

358 4793 381 4819 ιι
423 4782 588 4845 Etlit.,
619 4781 756 4835 Audi
773 4797 921 4844 quem
940 4797 1033 4853 pro
1054 4779 1218 4853 nihilo
1238 4779 1536 4853 noni/tabent
1556 4775 1715 4853 Deus.
1749 4775 1878 4832 Mss.
1905 4777 1960 4839 D
1983 4779 2093 4848 jam
2119 4777 2184 4830 ad
2212 4777 2370 4831 tidem
2394 4790 2658 4853 converso
2680 4817 2693 4840 ,
2717 4792 2834 4833 eam
2862 4777 2932 4832 ob
2960 4793 3073 4834 rem
3103 4777 3191 4832 illa
3219 4777 3342 4834 loco
3371 4793 3594 4835 movere

283 4856 487 4915 aliquot
532 4855 812 4919 omittunt,
845 4849 949 4907 non
970 4871 988 4906 :
1019 4851 1234 4906 vitiose.
1269 4852 1371 4906 Alii
1408 4849 1599 4920 majori
1625 4864 1878 4914 numero,

287 4935 345 4980 ttt
370 4927 420 4980 in
453 4934 620 4979 textu.

360 4996 386 5034 ι)
428 4997 555 5051 Mss.
601 4997 689 5050 hic
713 4995 936 5064 praeﬁxo
965 5004 1163 5058 puncto
1191 4993 1268 5048 sic
1296 4991 1498 5046 habent
1519 4989 1753 5064 {Omnia
1772 5006 1888 5059 qua:

289 5069 489 5123 malitia
534 5079 670 5128 sunt.
714 5061 805 5139 pro
852 5067 1012 5120 nihilo
1069 5067 1422 5139 restituantur;
1467 5061 1558 5117 ubi
1587 5078 1689 5139 non
1720 5077 1885 5130 pauca

289 5157 411 5211 qua:
443 5141 493 5211 in
520 5148 668 5192 textu
691 5132 868 5211 legere
885 5150 1021 5211 est,
1050 5136 1564 5211 prauermittuntur.
1617 5132 1683 5187 Et
1740 5143 1889 5211 certe

293 5205 459 5268 nobis
477 5210 617 5264 haud
643 5209 984 5264 mediocriter
1013 5205 1067 5263 id
1093 5219 1262 5262 toutm
1287 5215 1594 5276 suSpectutu
1621 5214 1724 5270 est;
1743 5205 1890 5276 vide-

295 5294 382 5339 tttr
437 5284 581 5336 enim
622 5296 649 5334 τι
699 5282 950 5348 quopiam
985 5275 1391 5350 interpolatum,
1425 5276 1514 5344 qtti
1539 5292 1646 5330 non
1680 5275 1889 5350 videret

293 5373 400 5422 quo
432 5369 535 5408 vox
561 5347 826 5436 gentilitas
864 5347 1146 5436 referenda
1172 5358 1337 5433 esset,
1371 5359 1690 5436 putaretque
1716 5347 1891 5436 get-ti-

294 5419 363 5482 Iis
391 5419 1024 5496 pra-mittendam“fuisse
1057 5419 1408 5496 mentionem.
1439 5419 1661 5496 Ferunt.
1692 5419 1894 5489 gentili-

297 5489 404 5554 tas:
441 5495 544 5550 hoc
591 5496 710 5549 loco
737 5493 888 5551 nihil.
925 5502 982 5546 ttt
1025 5493 1373 5554 arbitramur,
1405 5489 1547 5544 aliud
1575 5500 1681 5553 est,
1729 5504 1892 5557 quam

298 5567 578 5627 nobilizas.
609 5581 671 5620 ac
693 5565 974 5634 prosapia;
1033 5564 1305 5626 quomodo
1341 5561 1608 5632 gi-ntilitia
1639 5561 1892 5630 itt~ignia,

298 5651 351 5697 et
383 5651 667 5694 stemmata
697 5639 998 5690 vocitantur
1034 5654 1047 5691 :
1082 5637 1246 5689 itntno
1289 5635 1551 5702 hodieque
1596 5634 1758 5687 etiam
1809 5647 1898 5686 no-

300 5713 440 5766 liiles
469 5708 612 5780 apud
637 5725 735 5760 nos
757 5705 1373 5780 9pm“:tllllll'rgt‘IIIIIeS.
1398 5705 1579 5770 Itaque
1623 5704 1898 5780 humilitati

303 5785 373 5839 de
402 5777 516 5851 qua
535 5783 693 5849 paulo
715 5779 965 5847 Superius
1013 5779 1232 5851 dicitur,
1282 5777 1370 5851 hic
1415 5787 1563 5851 recte
1608 5778 1900 5851 opptmitur

307 5847 589 5927 gentilitas.
642 5851 747 5907 Sed
777 5866 897 5906 cum
943 5850 1200 5928 praedicta
1226 5849 1386 5928 verba
1419 5849 1469 5900 in
1491 5849 1743 5928 onmiltus
1765 5847 1897 5928 edit,

311 5917 634 5988 habeantur,
692 5931 747 5978 et
788 5938 896 5976 non
947 5917 1085 5977 inale
1125 5919 1384 5990 explicari
1404 5917 1695 5989 possintde
1715 5919 1901 5986 gentili

1997 4865 2104 4905 non
2137 4864 2324 4904 smnus
2346 4851 2484 4905 ausi.

2067 4945 2091 4974 ε
2137 4941 2364 5011 Ofﬁciis,
2396 4941 2496 4995 hoc
2525 4952 2628 5007 est,
2661 4939 3017 5012 ollicialibus;
3051 4952 3110 4996 ut
3139 4956 3332 5012 operas
3355 4956 3454 5009 pro
3471 4957 3596 5008 ope-

1999 5014 2155 5067 rariis
2181 5017 2432 5068 dicimus.
2456 5015 2835 5067 ()lliciaantetn
2869 5016 2918 5066 itt
2941 5011 3069 5066 .Iure
3100 5011 3297 5081 s:t-pius
3317 5015 3595 5070 ministros

1995 5097 2045 5137 et
2071 5085 2406 5154 apparitores
2439 5085 2728 5152 praesidum
2757 5092 2814 5138 et
2837 5097 3247 5146 procuratorum
3278 5085 3390 5138 Iisci
3422 5085 3594 5151 signi-

1995 5167 2140 5210 cant.
2196 5154 2332 5211 Vide
2393 5157 2729 5212 Brissonitun
2792 5155 2860 5210 de
2932 5156 3090 5210 Verb.
3157 5157 3340 5227 signil.
3390 5157 3602 5212 iuvoce

1996 5227 2247 5298 ofﬁcium.

2073 5319 2096 5357 ιι
2137 5320 2212 5376 Ila
2241 5319 2376 5376 edit.
2407 5336 2526 5376 cum
2557 5335 2689 5376 mss.
2725 5319 2923 5375 Navar.
2957 5336 3085 5382 uno.
3114 5329 3166 5376 et
3197 5320 3336 5376 Atttl.
3387 5319 3606 5387 Reliqui

2004 5402 2182 5447 autem
2213 5408 2344 5447 mss.
2368 5392 2779 5463 presbyterorum
2810 5393 2967 5458 plebs.
2991 5392 3144 5460 Quod
3174 5393 3606 5459 tuinilnedispli-

1999 5476 2114 5531 cet;
2149 5478 2256 5517 ttttn
2281 5467 2399 5534 quia
2431 5468 2507 5518 sic
2538 5473 2888 5532 opponuntur
2909 5463 3226 5532 principibus
3249 5467 3604 5528 SUCt’rdOIIHn,

2003 5545 2113 5590 tum
2147 5537 2294 5606 quia.
2328 5538 2470 5604 plebs
2495 5536 2632 5590 idetn
2664 5550 2810 5606 Saepe
2835 5549 2990 5590 sonat
3019 5549 3080 5590 ac
3105 5534 3416 5600 multitudo,
3441 5549 3597 5606 grex,

2001 5618 2056 5663 et
2079 5607 2298 5662 similia.
3423 5623 3426 5626 ’

2080 5711 2102 5736 θ
2146 5697 2205 5753 Si
2256 5714 2348 5750 nos
2398 5699 2571 5762 hodie,
2615 5707 2669 5752 et
2697 5714 2818 5766 qua:
2841 5713 2903 5751 ex
2933 5697 3124 5751 eodem
3157 5697 3456 5764 Scriptura:
3481 5695 3606 5766 loco

1999 5781 2320 5836 sequuntur.
2352 5773 2672 5824 (nnittttntnr
2696 5763 2748 5822 iit
2777 5771 3048 5839 plerisque
3066 5763 3317 5839 omnibus
3346 5781 3475 5839 nise.
3499 5763 3610 5839 Sed

2003 5843 2105 5898 hoc
2160 5841 2588 5909 antiquariorum
2641 5835 2973 5910 compendio
3016 5838 3347 5894 stttdcutiutn
3390 5835 3607 5890 festina-

2005 5913 2136 5967 tioni
2171 5911 2514 5964 tribuendum
2542 5922 2643 5967 est.
