4124 6346
265 317 392 376 1241

1372 326 1441 384 ΙΝ
1478 327 1810 390 ΡΞΛωίυυ
1847 332 2059 394 CXVIII
2096 337 2482 401 EXPOSITIO.

3422 352 3563 425 liti

261 444 370 491 ram
399 429 724 491 materiaiia.
759 428 1039 491 Peccatori
1074 445 1255 494 autem
1283 437 1489 497 dictum
1530 452 1651 498 est:
1701 442 1862 502 Terra
1886 459 1939 521 Α
1968 449 2097 506 lium
2127 452 2546 513 delectstlomtm
2574 457 2713 517 fucis
2738 460 2933 533 illinit;
2959 468 3014 523 ttt
3039 468 3205 527 lateat
3231 471 3281 528 in
3309 473 3392 530 his
3419 470 3564 533 veri-

258 539 329 589 es,
359 531 406 577 et
432 523 486 577 in
511 531 701 580 terram
727 524 823 582 ibis
870 526 1101 598 (ὅρηαι,
1133 544 1217 597 tu,
1252 531 1363 605 19);
1393 549 1459 590 eo
1480 536 1625 605 quod
1660 536 1862 596 divinis

257 617 523 695 mandatis
570 617 946 676 inbrcrendum
992 637 1099 677 non
1132 627 1442 695 putaverit:
1472 627 1567 684 sed
1607 628 1661 685 in
1691 640 1863 688 maleo

256 692 407 764 rialia
454 719 511 763 et
560 711 861 780 corporalia
905 692 1220 781 deﬂexerit,
1252 716 1338 775 cui
1389 719 1651 790 impressa
1700 722 1863 781 fuerit

253 802 375 857 vita:
405 799 570 874 hujus
600 804 876 861 secularis
903 804 1213 864 delectatio.
1245 810 1491 879 Denique
1517 815 1725 884 ejectus
1746 824 1772 854 ⁸
1792 816 1862 874 de

254 896 543 970 paradiso,
574 897 677 955 hoc
721 908 832 967 est,
864 917 934 956 ex
983 902 1078 958 illo
1108 904 1325 961 sublimi
1365 916 1421 963 et
1465 909 1669 967 caelesti
1697 911 1817 968 loco
1842 953 1859 981 ,

254 989 319 1046 ad
341 1004 502 1062 quem
535 1004 725 1064 raptus
751 1004 838 1051 est
864 994 1063 1052 Paulus
1091 998 1210 1055 sive
1238 1000 1291 1055 iu
1318 1015 1550 1073 corpore
1575 1042 1590 1069 ,
1620 1004 1736 1061 sive
1765 1022 1858 1062 ex-

258 1092 332 1140 tra
363 1100 566 1155 corpus
612 1087 863 1145 nesciens
894 1106 908 1142 :
936 1104 1002 1145 ex
1034 1089 1126 1146 illo
1151 1107 1283 1164 ergo
1308 1094 1568 1150 eminenti
1618 1096 1740 1153 loco
1764 1098 1861 1154 dc-

249 1174 425 1246 jectus
472 1175 527 1232 in
582 1188 822 1247 terram,
852 1178 1102 1252 deplorct
1148 1184 1316 1239 Adam
1366 1185 1598 1244 dicens:
1629 1190 1860 1248 Adhaesit

253 1271 542 1343 pavimento
570 1274 743 1328 animo
772 1291 883 1331 mea
898 1292 919 1341 ;
943 1276 1084 1333 sicut
1118 1278 1247 1334 alibi
1264 1279 1367 1335 ait:
1394 1279 1686 1338 Huntitiata
1709 1296 1781 1341 est
1804 1287 1859 1342 in

253 1364 460 1437 putt-ere
483 1369 660 1422 anima
686 1386 814 1435 mea,
843 1380 891 1425 et
921 1370 1142 1429 adhwst't
1186 1374 1241 1428 in
1267 1385 1404 1431 terra
1448 1388 1617 1433 venter
1648 1380 1861 1454 1010

249 1476 389 1515 mens
431 1461 611 1534 (Paul.
660 1480 820 1527 mu,
861 1464 981 1539 25).
1039 1467 1421 1525 Ρωειὶιθιιιὶειιιι
1451 1472 1690 1542 gerentis
1743 1478 1858 1532 haec

248 1570 349 1610 vox
373 1566 479 1622 cst,
506 1559 595 1628 qui
620 1559 956 1615 meminisset
977 1558 1345 1618 adltzercntem
1368 1578 1429 1621 se
1454 1565 1563 1620 Deo
1589 1567 1854 1635 nescisse,

251 1665 349 1706 nec
403 1651 650 1722 potuisse
697 1652 1012 1711 discernere
1077 1656 1256 1730 (quod
1304 1674 1411 1715 non
1484 1660 1748 1718 discrevit
1801 1674 1858 1722 et

246 1744 485 1817 Paulus)
537 1757 713 1803 utrum
768 1751 819 1806 in
868 1766 1098 1823 corpore
1142 1765 1320 1822 esset,
1348 1772 1415 1813 an
1460 1768 1612 1814 extra
1655 1772 1856 1828 corpus

1967 550 2079 610 tas,
2108 554 2163 601 et
2186 544 2214 584 ι)
2239 547 2438 605 forensi
2462 550 2692 623 quadam
2725 558 2909 626 specie
2945 553 3224 633 decipiant
3267 569 3563 641 appropin-

1964 648 2213 710 quantes.
2264 642 2369 700 Sed
2429 660 2551 702 cum
2599 650 2914 710 interiorem
2979 658 3195 716 oculum
3258 665 3453 721 mentis
3493 667 3561 724 ad

1966 741 2180 803 tempus
2225 736 2611 808 abduxerunt,
2658 755 2846 815 postea
2891 760 3068 807 tamen
3120 754 3352 813 decusso
3412 760 3563 816 Velut

1963 827 2194 897 quodam
2223 830 2442 901 pulvere
2471 835 2800 906 voluptatum
2825 838 3133 912 hujusmodl
3158 842 3374 916 decore,
3399 862 3560 925 quam

1962 922 2036 977 sit
2060 921 2234 978 inanis
2273 926 2445 995 gratia
2470 928 2653 984 saeculi
2679 930 2839 1003 hujus
2866 943 2960 992 aut
2996 942 3242 1011 corporis
3281 921 3440 1002 facile
3467 945 3565 1003 de-

1964 1017 2337 1087 prehenditur.

2034 1150 2087 1209 5.
2131 1148 2337 1210 Bonum
2367 1166 2448 1213 est
2475 1157 2639 1229 igitur
2680 1160 2960 1221 adhaerere
3003 1166 3253 1239 Domino,
3285 1187 3385 1230 nec
3410 1173 3566 1232 inlic-

1960 1258 2084 1302 xam
2144 1242 2410 1305 cervicem
2477 1251 2680 1311 habere
2722 1256 2788 1310 ad
2829 1258 3014 1329 jugum
3060 1264 3269 1319 mundi.
3320 1267 3562 1340 Ideoque

1962 1338 2242 1409 Ecclesiae,
2273 1346 2357 1401 vel
2387 1346 2508 1403 forti
2536 1351 2733 1407 animm
2759 1351 2889 1411 dicit
2915 1355 3192 1422 Sapientia
3223 1380 3236 1415 :
3264 1361 3412 1419 Sicut
3451 1338 3563 1421 tur-

1958 1432 2029 1492 ris
2054 1436 2225 1494 David
2269 1443 2439 1497 cervix
2462 1453 2576 1510 tua,
2606 1463 2721 1517 qua:
2763 1449 3023 1521 tediﬁmm
3049 1464 3125 1509 est
3151 1455 3207 1509 in
3232 1454 3510 1528 Thulpiotlt
3542 1475 3564 1518 :

1963 1541 1987 1570 ο
2015 1532 2156 1589 mille
2200 1537 2334 1591 ostia
2380 1536 2603 1609 pendent
2632 1542 2685 1595 in
2730 1560 2821 1611 ea,
2850 1548 3023 1603 omnia
3040 1549 3225 1622 jacula
3270 1555 3560 1622 potentium

1960 1624 2131 1719 (Cant.
2162 1644 2236 1695 tv,
2265 1627 2343 1703 4).
2372 1632 2562 1688 Erecta
2604 1635 2749 1691 enim
2792 1636 2862 1693 ad
2898 1638 3066 1696 Deum
3107 1643 3290 1700 cervix
3310 1685 3326 1711 ,
3354 1656 3405 1702 et
3431 1646 3564 1719 jugo

1956 1716 2157 1780 Christi
2187 1725 2400 1795 habilis,
2431 1745 2551 1801 qum
2578 1732 2720 1789 nulla
2762 1734 2815 1789 in
2840 1745 3016 1792 terras
3057 1737 3439 1798 illecebrarum
3480 1744 3564 1799 in-

251 1832 318 1911 (ll
346 1834 585 1897 Corinth.
605 1858 699 1907 xu.
714 1844 767 1915 2)
792 1860 806 1910 ;
827 1846 898 1901 ita
915 1846 1306 1917 inﬁrmitatem,
1327 1849 1707 1923 pigritiamque
1728 1868 1852 1908 cor-
1880 1881 1930 1943 Β
1959 1815 3234 1943 (ξεθίίθξξι
3256 1834 3419 1941 sums
3434 1872 3450 1901 ο
3472 1836 3562 1891 cui

248 1933 397 2000 poris
420 1926 645 1991 minime
670 1938 937 1995 Seruiebat
958 1980 973 2005 ,
1007 1941 1092 1996 cui
1126 1940 1336 1998 Domini
1365 1944 1683 2000 adhaerebat
1711 1962 1849 2016 pra--

252 2027 449 2082 sculia.
464 2028 698 2098 Spiritus
718 2044 851 2100 ergo
877 2031 1247 2102 prOpheticus,
1267 2037 1354 2104 qui
1374 2036 1849 2109 dolorcmexpres-

247 2118 349 2189 sit,
376 2114 464 2177 vel
492 2123 750 2179 Dominus
775 2126 864 2197 qui
893 2128 1134 2200 suscepit
1159 2130 1278 2199 ejus
1304 2130 1699 2201 infirmitatem,
1730 2149 1851 2205 per-

243 2228 439 2269 sonam
497 2226 852 2285 reprtrsentat
879 2220 1046 2289 Adm,
1081 2234 1135 2278 et
1159 2223 1389 2280 assumit
1414 2225 1532 2296 ejus
1569 2226 1848 2283 allectum.

310 2308 362 2362 ὅ.
411 2307 690 2383 Loquatur
709 2326 839 2382 ergo
866 2312 1037 2369 Adam
1065 2332 1079 2370 :
1106 2312 1339 2373 Adlncsit
1365 2320 1654 2390 pavimento
1675 2321 1851 2377 anima

243 2415 371 2456 mea.
424 2402 527 2471 Qui
574 2408 703 2461 ante
747 2404 1092 2467 beatissimus
1138 2425 1326 2465 auram
1372 2414 1631 2484 carpebat
1682 2414 1851 2469 cethe-

242 2511 389 2551 ream
419 2538 434 2561 ,
463 2512 625 2553 curas
672 2498 795 2555 vita:
845 2500 1003 2571 hujus
1032 2511 1087 2558 et
1119 2502 1276 2559 taedia
1305 2505 1608 2572 nesciebat,
1640 2506 1687 2561 is
1708 2521 1851 2563 nunc

240 2589 608 2645 sollicitudine
636 2590 821 2646 mundi
854 2592 1042 2662 hujus,
1069 2588 1297 2652 luxuriae
1328 2598 1510 2652 Studio
1538 2640 1551 2665 ,
1578 2602 1849 2669 pecunia:-

240 2694 343 2753 que
369 2681 670 2754 cupiditate
691 2694 982 2753 curvatus,
1016 2695 1075 2741 ut
1104 2688 1277 2759 volpis
1320 2690 1488 2746 foveis
1530 2706 1589 2748 se
1630 2693 1847 2764 inserit,

242 2773 587 2845 latibulisque
614 2779 980 2834 terrestribus.
1009 2780 1204 2838 Merito
1243 2784 1557 2841 adhaerebat
1601 2788 1847 2859 pulveri,

239 2871 329 2943 qui
377 2886 440 2927 se
478 2872 662 2930 levare
689 2888 797 2929 non
828 2883 1070 2943 poterat,
1102 2878 1207 2933 nisi
1254 2894 1379 2935 eum
1423 2896 1587 2952 supra
1629 2898 1846 2939 crucem

239 2978 388 3021 suam
414 2964 668 3023 Christus
698 2968 954 3024 levasset.
988 2968 1180 3025 Merito
1206 2970 1518 3027 adhaerebat
1544 2975 1850 3043 pavimento

238 3061 324 3132 qui
374 3076 438 3117 se
486 3060 857 3119 abscondebat
897 3079 930 3121 a
969 3064 1211 3121 Christo.
1258 3067 1374 3123 Non
1419 3069 1664 3126 adhaeret
1704 3072 1850 3140 pavi-

238 3162 441 3221 mento,
464 3153 711 3226 cuitlicit
734 3155 892 3213 Jesus
918 3175 932 3213 :
958 3158 1186 3231 Sequere
1212 3177 1290 3215 me
1312 3160 1494 3233 (Joan.
1523 3178 1561 3230 ι,
1584 3163 1698 3235 45).
1730 3163 1846 3221 Non

1950 1914 2137 1982 jugum
2168 1929 2323 1969 suum
2352 1914 2851 1978 Nabuchodonosor
2892 1938 3000 1980 non
3045 1929 3214 1996 possit
3254 1928 3557 2000 imponere.

1950 2000 2204 2064 Condidit
2244 2012 2387 2068 enim
2416 2015 2608 2071 turrim
2659 2017 2804 2074 illam
2834 2019 3000 2077 David
3020 2062 3037 2087 ,
3068 2023 3161 2080 ille
3184 2036 3344 2082 manu
3368 2026 3560 2095 fortis,

1951 2110 2006 2158 ct
2056 2117 2218 2175 supra
2265 2122 2548 2164 murorum
2595 2109 2880 2169 aediﬁcavit
2922 2117 3169 2187 excelsa;
3218 2128 3275 2176 ttt
3314 2121 3561 2180 subsidio

1953 2197 2154 2268 pariter
2194 2206 2251 2254 et
2288 2199 2468 2256 decori
2509 2204 2579 2259 sit
2604 2222 2617 2259 :
2642 2205 2919 2276 subsidio,
2957 2211 3082 2281 quia
3109 2210 3320 2268 hostem
3364 2215 3562 2284 praevi-

1952 2288 2043 2345 det
2067 2300 2119 2346 et
2150 2291 2786 2370 repellit:decori,quia
2832 2317 2938 2358 non
2987 2302 3165 2360 solum
3208 2306 3353 2364 inter
3393 2308 3562 2365 humi.

1950 2381 2055 2451 lia,
2082 2384 2175 2439 sed
2199 2382 2359 2440 etiam
2383 2387 2524 2443 inter
2562 2392 2780 2447 excelsa
2821 2396 3211 2465 supereminet.
3256 2397 3332 2453 ita
3376 2409 3559 2457 tamen

1950 2477 2195 2533 subsidio
2220 2521 2235 2545 ,
2262 2479 2346 2536 vel
2367 2479 2574 2547 decori,
2601 2483 2646 2539 si
2674 2484 2871 2547 habeat
2915 2487 2966 2541 in
3007 2503 3068 2545 se
3111 2488 3264 2545 verbi
3304 2491 3560 2559 dogmata

1951 2569 2097 2625 velut
2136 2572 2380 2643 quaedam
2428 2574 2772 2644 phalerarttm
2825 2580 3035 2656 1011
3080 2583 3333 2650 monilia,
3364 2585 3562 2643 habent

1952 2663 2111 2718 etiam
2150 2663 2327 2735 jacula
2376 2670 2672 2737 potentium
2700 2673 3106 2743 prophetarum,
3134 2691 3254 2745 quae
3299 2678 3560 2734 adversus

1952 2773 2165 2813 omnem
2194 2759 2547 2817 extollentem
2587 2778 2647 2819 se
2689 2764 3029 2823 altitudinem
3073 2768 3293 2825 lacertis
3336 2770 3559 2841 quibus-

1952 2849 2074 2906 dam
2100 2851 2226 2907 tidei
2248 2851 2577 2924 diriguntur.

2024 2989 2077 3045 6.
2120 2986 2237 3046 Noli
2281 2990 2444 3060 igitur
2496 2992 2549 3047 in
2593 2992 2868 3063 pulverem
2918 2995 3113 3052 mortis
3148 2992 3418 3055 deducere
3440 2997 3559 3056 ani-

1952 3098 2092 3139 mam
2117 3093 2286 3153 tttam,
2305 3085 2392 3141 cui
2416 3086 2679 3143 Dominus
2704 3089 2864 3145 etiam
2890 3091 3191 3148 naturalem
3217 3092 3554 3150 altitudinem

1952 3179 2171 3244 tribuit,
2195 3188 2253 3235 et
2280 3180 2516 3251 rigorem
2548 3192 2656 3252 quo
2703 3196 2762 3238 se
2792 3183 2992 3241 excitet
3021 3194 3076 3241 et
3099 3195 3366 3257 assurgat.
3400 3180 3558 3245 Unde

238 3248 475 3305 εάιιεετθι
508 3253 817 3319 pavimento
854 3254 944 3324 (ἰυί
978 3254 1129 3310 “uim
1167 3264 1222 3311 θι
1262 3256 1509 3327 εοίιιιίιιπ
1534 3257 1733 3329 ίιθῧθηι
1764 3260 1845 3315 (δί’
1872 3273 1919 3339 C
1948 3274 2112 3328 etiam
2137 3274 2206 3329 du
2232 3248 2742 3345 hacvconjnnctione
2771 3280 2964 3335 anima:
2995 3289 3047 3336 et
3068 3282 3314 3352 corporis
3343 3282 3550 3339 dictum

237 3355 449 3399 centeni
477 3362 491 3400 :
519 3343 648 3400 Post
666 3343 947 3403 Dominum
974 3347 1143 3405 Deum
1169 3359 1312 3405 tuum
1337 3353 1643 3422 ambulabis,
1671 3366 1717 3410 et
1743 3356 1845 3427 ipsi

241 3440 532 3495 adha’rebis
562 3438 772 3512 (Deut.,
798 3459 856 3512 x,
878 3444 997 3513 ΞΟ).

306 3532 361 3587 4.
402 3532 691 3603 Quomodo
727 3549 858 3607 ergo
888 3538 1197 3607 pavimento
1241 3538 1520 3596 adha'reat
1561 3541 1864 3613 numquis--

239 3642 364 3698 que,
383 3628 658 3698 quomodo
682 3630 814 3698 Deo,
832 3631 958 3687 audi
981 3632 1249 3689 dicentem
1282 3651 1297 3689 :
1330 3635 1469 3703 Quid
1491 3636 1718 3693 adliceret
1742 3657 1847 3694 om

239 3720 436 3787 retrici,
462 3737 625 3776 unum
645 3739 829 3796 corpus
851 3732 944 3780 est.
989 3766 1004 3780 .
1051 3766 1064 3780 .
1109 3762 1123 3780 .
1163 3727 1253 3798 qui
1273 3738 1445 3783 autem
1463 3730 1843 3800 adltteretDeo,

239 3832 373 3871 unus
418 3818 638 3889 spiritus
690 3828 763 3873 est
811 3818 865 3894 (1
894 3818 1042 3887 Con,
1072 3821 1244 3888 ",16
1288 3831 1333 3877 et
1374 3823 1483 3896 17).
1528 3823 1697 3882 Terra
1744 3825 1846 3882 ista

240 3926 403 3983 quam
426 3914 687 3984 gerimus,
720 3916 1023 3972 meretricis
1070 3916 1393 3987 quibusdam
1427 3933 1528 3975 nos
1570 3919 1846 3978 illecebris

234 4007 410 4089 capit,
438 4015 494 4063 et
516 4006 674 4078 quasi
696 4008 876 4064 vultus
911 4008 1174 4081 quosdam
1209 4011 1565 4084 voluptatum,
1590 4030 1847 4087 corpora.

316 4190 343 4219 ⁸
370 4181 708 4255 Ubicumque
733 4182 846 4255 fere
874 4186 1193 4255 Ambrosius
1211 4185 1281 4243 de
1304 4186 1631 4255 expulsione
1654 4186 1847 4245 Adami

243 4270 273 4310 c
295 4254 574 4324 paradiso,
601 4252 688 4329 vel
719 4252 787 4312 de
815 4271 971 4329 raptu
998 4252 1150 4325 Pauli
1178 4259 1231 4316 in
1257 4252 1564 4329 paradisum
1589 4259 1846 4329 loquitur,

243 4340 410 4381 unum
443 4335 498 4382 et
525 4324 778 4383 eumdem
824 4324 1013 4401 locum
1056 4344 1177 4387 esse
1222 4324 1522 4401 signiﬁcat,
1555 4340 1613 4386 ut
1644 4324 1847 4387 intelli;

241 4413 374 4472 gere
403 4408 489 4472 est
513 4414 554 4472 ej
569 4412 690 4469 cap.
721 4401 743 4453 1
780 4400 885 4472 ιη).Δ
912 4402 986 4458 De
1030 4400 1318 4466 Paradtco,
1344 4416 1493 4456 num.
1541 4401 1592 4465 l,
1625 4402 1851 4472 altisque

244 4470 398 4537 locis.
434 4468 721 4537 Utute,ut
746 4474 822 4537 ait
865 4470 1058 4530 Sixlus
1097 4475 1224 4532 Sen.
1262 4473 1354 4528 lih.
1391 4489 1458 4536 v.
1492 4473 1629 4529 Bibl.
1661 4468 1847 4532 annot.

243 4532 351 4608 35,
382 4530 643 4613 colligere
683 4530 785 4598 sibi
814 4546 1064 4601 vitientur
1108 4530 1351 4602 nonnulli
1384 4530 1532 4600 illum
1564 4548 1615 4599 in
1641 4530 1851 4603 duobus

243 4626 273 4665 τι
304 4624 524 4688 recepta
555 4613 927 4685 theologorum
959 4619 1223 4673 sententia
1266 4616 1545 4672 recedere.
1576 4614 1707 4672 Nam
1741 4620 1850 4688 pri-

244 4699 365 4760 tuo.
391 4685 644 4760 inquiunt
670 4728 685 4751 ,
728 4689 964 4757 paradisi
998 4689 1173 4744 locum
1208 4690 1360 4760 ponit
1385 4689 1438 4743 in
1472 4690 1632 4745 tertio
1662 4685 1803 4746 cm’lo
1833 4708 1849 4747 :

245 4755 444 4832 deinde
472 4772 589 4812 rem
622 4755 785 4832 tota—nt
826 4760 893 4816 ad
917 4775 1095 4817 meras
1130 4755 1421 4832 allegorias
1447 4760 1661 4832 redigit.
1693 4762 1847 4831 Quod

245 4776 444 4811 uernae
472 4776 589 4812 rem
622 4776 785 4812 tatam
826 4776 893 4816 att
917 4776 1095 4817 meras
1130 4776 1236 4817 aue
1275 4776 1421 4815 ortas
1447 4776 1661 4832 reutgtt.
1693 4776 1847 4831 ριιυι]

245 4829 313 4909 ad
344 4831 582 4909 primum
608 4830 836 4909 attinet,
870 4833 1100 4888 fatemur
1129 4776 1347 4909 tluitfetn
1385 4831 1676 4909 tlifticultcr
1705 4836 1851 4909 ejus-

248 4897 370 4973 dem
400 4900 565 4973 verba
608 4903 658 4955 in
706 4900 871 4957 alium
921 4897 1159 4960 sensum'
1193 4903 1398 4959 traduci
1444 4919 1604 4973 posse
1640 4923 1652 4960 :
1701 4897 1756 4960 ai
1798 4908 1848 4961 in

250 4969 523 5046 ejusmodi
554 4987 613 5027 re
638 4984 794 5046 error
824 4990 929 5031 non
960 4977 1033 5031 ita
1064 4976 1396 5045 periculosus
1423 4969 1501 5030 est
1530 4990 1689 5039 ;cnm
1718 4991 1851 5046 prte-

247 5046 437 5119 sertim
484 5043 557 5119 de
603 5045 851 5119 paradiso
882 5043 1441 5119 sickpronuntiaverit
1484 5043 1728 5117 August.
1754 5050 1883 5119 lih._

247 5129 361 5189 vttt.
382 5115 451 5169 de
474 5114 673 5171 Cenes.
692 5132 809 5184 cap.
828 5118 892 5173 21
921 5137 934 5174 :
960 5114 1363 5174 Credendnmest
1377 5120 1512 5189 quod
1537 5114 1679 5174 locus
1701 5137 1855 5188 para-

248 5188 349 5260 disi
366 5204 398 5243 ιι
423 5189 716 5260 cognitione
737 5190 998 5245 hominum
1017 5201 1093 5246 est
1119 5192 1505 5246 remotissimus.
1538 5191 1693 5260 Quod
1724 5207 1854 5246 vero

248 5254 316 5333 ad
346 5254 678 5333 set-niuium,
720 5262 1100 5318 contendimus
1131 5263 1303 5333 ipsum
1339 5254 1583 5331 pluribus
1619 5263 1754 5317 locis
1792 5278 1857 5333 ea

247 5328 431 5402 dicere
462 5346 583 5401 quae
613 5330 856 5387 historia:
889 5328 1349 5402 veritattcrnjnxta
1371 5333 1670 5389 naturalem
1696 5332 1856 5390 intel-

247 5398 530 5477 ligentiam
558 5414 902 5477 supponunt;
933 5412 991 5459 ut
1018 5421 1139 5460 cum
1166 5398 1282 5477 cap.
1320 5405 1344 5460 1
1372 5405 1463 5460 lib.
1491 5406 1554 5460 de
1578 5403 1856 5477 Paradiso,

250 5472 404 5557 nutu.
431 5472 487 5539 5,
521 5474 597 5560 ait
624 5492 637 5529 :
668 5473 909 5560 Intellige
937 5472 1255 5560 etiaman
1284 5493 1388 5560 non
1413 5493 1531 5532 eum
1565 5476 1853 5560 hominem,

249 5545 341 5620 qui
366 5545 651 5599 secundum
674 5544 973 5620 imaginem
1016 5544 1244 5620 Dcifest,
1273 5544 1362 5620 sed
1403 5565 1523 5604 eum
1550 5544 1636 5619 qui
1675 5565 1857 5603 secun-

252 5618 376 5670 dum
402 5632 635 5683 corpus;
662 5618 1010 5689 incorporalis
1051 5618 1184 5675 enim
1216 5622 1269 5675 in
1314 5618 1428 5674 loco
1471 5618 1569 5674 non
1614 5630 1708 5675 est.
1745 5621 1857 5674 Ex-

251 5690 431 5764 pende
462 5689 646 5764 plures
676 5690 813 5745 alios
842 5691 989 5764 locos
1020 5692 1262 5760 ejusdem
1294 5693 1445 5756 libri,
1477 5702 1639 5764 atque
1670 5693 1857 5762 impri-

252 5759 359 5836 mis
388 5774 529 5836 cap:
547 5759 819 5836 io,_nnm.
846 5762 917 5818 47
943 5772 1001 5818 et
1029 5759 1130 5836 48,
1165 5778 1264 5820 nec
1288 5776 1395 5819 non
1422 5759 1640 5836 capfﬁ
1661 5807 1675 5830 ,
1701 5759 1851 5820 nam.

252 5830 325 5903 69
368 5841 425 5889 et
467 5830 565 5911 60,
613 5833 752 5911 llinc
801 5836 988 5911 procul
1036 5834 1203 5911 dubio
1249 5830 1519 5911 intelliges
1566 5836 1852 5911 Doctorem

254 5898 507 5996 sanctum
531 5896 605 5969 de
629 5896 864 5989 veritate
882 5908 1144 5982 historica
1169 5907 1407 6006 paradisi
1425 5896 1713 6005 iorrestrls
1741 5923 1852 6006 non

1948 3375 2251 3438 opportune
2281 3369 2585 3440 accipitur;
2619 3386 2685 3426 eo
2726 3370 2867 3443 quod
2910 3372 2960 3427 itt
3005 3372 3235 3429 naturali
3263 3372 3387 3430 vita:
3433 3391 3561 3431 nos-

1949 3469 2046 3517 tra)
2075 3463 2335 3535 mysterio
2361 3476 2604 3521 connexa
2637 3468 2815 3522 anima
2847 3470 3062 3540 corpori
3086 3471 3230 3525 Velut
3253 3468 3400 3526 humi
3434 3480 3560 3541 rep-

1950 3564 2061 3623 tet,
2112 3566 2168 3612 et
2214 3559 2524 3628 pavimento
2575 3558 2896 3616 adhmreat:
2941 3561 3137 3634 partim
3189 3570 3409 3635 propter
3459 3563 3560 3621 hoc

1950 3659 2226 3707 terrenum
2278 3652 2683 3719 habitaculum,
2717 3653 2910 3724 partim
2961 3652 3086 3726 quia
3118 3668 3315 3726 corpus
3356 3654 3495 3711 istud
3528 3668 3559 3712 e

1953 3752 2095 3799 terra
2124 3752 2228 3801 est.
2261 3746 2329 3802 Et
2355 3747 2595 3817 regionis
2620 3747 2782 3820 igitur
2810 3748 3211 3818 diversorium,
3244 3759 3298 3807 et
3329 3751 3558 3807 materia

1951 3836 2069 3907 ipsa
2111 3841 2356 3908 corporis
2389 3841 2558 3897 nostri
2588 3841 2712 3897 huic
2740 3843 3020 3899 concurrit
3063 3840 3372 3900 sentenlitc.
3407 3841 3560 3899 Ideo—

1950 3944 2059 4000 que
2106 3931 2333 4002 pulchre
2399 3934 2693 4002 Apostolus
2739 3934 2808 3991 de
2857 3937 3051 3991 mortis
3118 3935 3276 4008 hujus
3323 3950 3558 4006 corpore

1951 4025 2171 4083 liberari
2215 4028 2367 4099 cupit
2399 4026 2577 4101 (Rom.
2612 4043 2706 4097 vn,
2734 4026 2866 4101 24);
2903 4031 3027 4103 quia
3059 4043 3279 4088 carcere
3326 4031 3558 4103 quodam

1954 4192 2234 4250 dubitasse
2263 4211 2276 4248 :
2307 4194 2403 4251 sed
2426 4210 2549 4250 cum
2576 4209 2698 4250 cum
2729 4210 2852 4264 cap.
2880 4196 2919 4252 2
2942 4197 3185 4264 prtedictl
3212 4198 3370 4266 lihri,
3401 4210 3554 4255 num.

1957 4266 2017 4337 μ
2047 4307 2061 4330 ,
2094 4266 2361 4337 integrum
2411 4266 2709 4337 relinquit,
2743 4277 2802 4323 ut
2848 4269 3038 4337 quibus
3085 4269 3341 4335 libuerit,
3391 4279 3556 4326 tutam

1956 4335 2105 4391 illam
2137 4332 2419 4412 historiam
2448 4332 2738 4409 allegorice
2774 4332 3203 4412 interpretentur
3223 4384 3237 4402 .
3271 4332 3337 4396 id
3363 4341 3556 4399 fecisse

1959 4420 2058 4485 per
2104 4408 2877 4485 quamdam4c0ucessiouem;
2910 4408 3365 4485 quemadmodum
3412 4413 3560 4469 clare

1958 4481 2348 4554 demonstrant
2377 4481 2468 4536 illa
2495 4484 2656 4537 verba
2691 4501 2704 4538 :
2738 4500 2802 4539 ne
2843 4481 3109 4546 sermone.
3143 4486 3350 4554 inquit,
3384 4496 3558 4540 nostro

1958 4552 2228 4607 videantur
2268 4551 2463 4621 offendi
2482 4570 2501 4619 δ
2528 4565 2583 4609 et
2611 4554 2867 4627 quidquid
2897 4558 2951 4612 in
2997 4556 3188 4611 eodem
3222 4551 3414 4626 capite
3441 4572 3559 4612 me-
3579 4613 3595 4627 ,

1959 4636 2169 4679 morata
2202 4627 2369 4679 verba
2398 4627 2704 4691 antecedit,
2734 4629 2911 4682 valide
2940 4628 3253 4685 conﬁrmat.
3283 4631 3557 4685 (lictorum

1955 4709 2078 4749 cum
2111 4695 2443 4767 Ahgttstinus
2472 4692 2616 4752 ltuttc
2639 4696 2832 4753 librum
2862 4706 3047 4755 contra
3075 4696 3343 4755 lulianum
3376 4698 3440 4754 ad
3472 4716 3531 4754 as

1957 4768 2246 4839 trttetttluttt
2280 4780 2555 4837 peccatum
2598 4770 2860 4839 originale
2906 4771 3226 4839 laudaverit,
3263 4770 3551 4827 manifesto

1956 4838 2272 4914 intelligitur
2302 4840 2449 4914 illum
2487 4838 2713 4896 vacuum
2737 4858 2858 4914 esse
2887 4842 3097 4898 erroris
3144 4844 3263 4912 ejus
3310 4844 3403 4914 qui
3453 4846 3558 4899 mi-

1957 4925 2079 4984 rum
2110 4910 2183 4984 Ain
2233 4912 2449 4967 modum
2499 4914 2711 4969 favebat
2758 4913 3083 4984 Pelagianis.
3128 4910 3245 4970 iam
3304 4910 3554 4984 nonnihil

1959 4980 2063 5055 hac
2090 4982 2158 5038 de
2186 4996 2257 5055 re
2287 4984 2352 5038 ad
2381 4984 2633 5038 eumtletn
2666 4985 2845 5055 locum
2891 4980 3201 5055 attigimus;
3240 4993 3297 5041 et
3330 4981 3473 5042 forte
3502 4987 3555 5042 in

1958 5053 2121 5127 epist.
2150 5054 2214 5110 ad
2241 5054 2500 5111 Sabinum
2529 5056 2730 5127 aliquid
2763 5054 2939 5111 adhuc
2965 5053 3302 5127 adjiclemus.

2030 5123 2057 5162 δ
2086 5126 2288 5201 _0m_nes
2315 5129 2461 5201 pedit.
2488 5142 2572 5201 ac
2616 5123 2746 5201 mss.
2799 5128 3003 5199 aliquot
3020 5123 3047 5192 ,⁷
3085 5129 3277 5196 forensi
3331 5130 3554 5201 quadam

1959 5197 2400 5270 speciefdecipiat.
2437 5199 2544 5253 Alii
2593 5199 2820 5266 melius,
2865 5197 2938 5255 ,ἐ
2985 5240 3000 5254 .
3029 5197 3557 5270 άεοίρὶαηι,ἐεἱιί(σοι

1959 5266 2038 5322 illi
2062 5269 2237 5344 vultus
2265 5270 2623 5344 poluptatum.
2646 5272 2750 5344 Est
2780 5281 2961 5327 autem
2994 5272 3081 5326 hic
3108 5266 3332 5344 forensis
3368 5272 3560 5344 species

1962 5355 2071 5393 non
2119 5340 2440 5415 simpliciter
2485 5343 2726 5398 exterior
2754 5354 2810 5415 et
2839 5359 2961 5415 quae
3006 5340 3138 5400 toris
3178 5340 3419 5409 videtur,
3454 5343 3553 5415 sed

1960 5412 2265 5482 composita
2293 5413 2360 5466 ad
2389 5416 2559 5471 instar
2600 5412 3005 5484 mercium'quae
3028 5417 3079 5470 in
3123 5415 3241 5469 loro
3282 5416 3353 5470 ita
3383 5414 3555 5470 collo-

1960 5483 2072 5537 cari
2105 5486 2304 5549 solent,
2334 5494 2390 5538 ut
2420 5486 2656 5541 alliciant
2686 5487 2875 5544 oculos
2903 5483 3336 5543 adventantium.

2040 5565 2060 5591 ο
2103 5553 2178 5610 ita
2210 5566 2317 5610 vet.
2347 5555 2477 5611 edit.
2509 5572 2631 5628 cum
2663 5560 2940 5628 plerisque
2981 5574 3044 5613 ac
3082 5558 3398 5614 melioribus
3429 5570 3561 5613 mss.

1963 5623 2335 5702 potestatem
2377 5643 2498 5683 cum
2545 5623 2703 5702 aliis",
2737 5623 2875 5683 mille
2905 5630 3075 5701 clypei
3101 5630 3324 5702 pendent
3372 5631 3428 5682 tn
3464 5644 3556 5702 _ea._

2142 5698 2554 5781 inlerp.,_ZD.tot
2582 5701 2754 5781 θυρεοὶ
2795 5695 3075 5781 nomen
3101 5695 3202 5781 ’ἐπ’
3241 5703 3418 5781 adria.
3459 5697 3565 5754 Sed

1963 5767 2089 5825 ittdc
2126 5781 2244 5826 ortu
2268 5767 2512 5855 varietas
2539 5767 2659 5841 est;
2689 5767 2836 5845 quod
2864 5767 3038 5855 Θυριθέ
3067 5776 3206 5832 ostia
3237 5783 3297 5830 et
3341 5773 3563 5848 clypeos

1959 5855 2026 5901 ex
2053 5856 2209 5919 sequo
2236 5844 2522 5921 signiticet,
2712 5844 2719 5845 “
2928 5844 2938 5855 ’
3399 5844 3405 5859 Τ
