4124 6346
474 267 622 327 12ίὸ

1839 261 2086 321 SANCTI
2122 259 2445 320 AHBROSII

3633 258 3771 316 1244

469 381 805 447 claudimur,
834 378 967 436 etin
992 377 1228 452 quodam
1259 377 1490 435 luxuriat
1516 376 1795 450 gurgustio
1824 375 1947 446 siti,
1990 385 2071 433 te-
2094 378 2150 442 Α
2173 374 2498 433 veniendum
2529 383 2715 447 putat;
2745 382 2800 431 ut
2835 375 3070 448 primum
3116 389 3212 432 sua
3258 382 3474 446 peccata
3518 372 3774 431 fateatur.

472 476 660 535 nebris
688 475 1018 534 involvimur
1041 473 1388 531 delictorum.

549 572 603 626 7.
647 569 790 642 Ergo
836 568 1138 626 secundum
1187 567 1525 624 voluntatem
1570 566 1663 623 Dei
1695 566 2075 636 ambulemus,

476 673 537 722 ut
560 662 842 720 adbrerere
867 662 1114 719 dicamur
1165 662 1294 719 Deo.
1323 660 1459 718 Nam
1486 662 1577 734 qui
1606 660 1905 718 secundum
1950 675 2077 717 cor-

480 757 629 831 poris
674 757 1043 830 appetentiam
1090 754 1254 822 vivit,
1303 769 1433 813 caro
1471 764 1598 811 est:
1643 755 1736 826 qui
1779 754 2077 811 secundum

477 857 746 923 praecepta
801 849 940 916 Dei,
989 848 1215 920 spiritus
1261 858 1365 904 est.
1416 847 1532 903 Non
1580 863 1711 920 ergo
1760 847 1856 903 liat
1899 849 2079 904 anima

481 950 668 997 nostra
717 956 880 1005 caro,
912 941 1014 996 hoc
1055 951 1169 1007 est,
1193 950 1251 997 ut
1276 941 1523 996 dicamur
1559 954 1688 997 caro
1734 942 1876 997 sicut
1918 952 1973 999 et
2003 942 2082 997 illi

483 1035 573 1108 qui
607 1036 659 1090 in
686 1034 894 1090 diluvio
922 1035 1229 1106 perierunt,
1262 1034 1331 1091 de
1351 1035 1548 1105 quibus
1573 1033 1781 1090 dictum
1811 1043 1917 1104 est,
1945 1034 2082 1102 Quia

480 1144 603 1184 caro
633 1138 751 1183 sunt
793 1126 973 1200 (Gen.,
1006 1144 1078 1194 vt,
1104 1128 1160 1198 ’5)
1199 1144 1215 1184 :
1251 1128 1345 1184 sed
1373 1127 1547 1200 magis
1586 1144 1715 1184 caro
1740 1141 1922 1185 nostra
1953 1128 2086 1186 obe-

484 1221 644 1279 diens
670 1222 864 1278 anima:
893 1222 1283 1293 gubernaculo,
1319 1222 1413 1277 ﬁat
1438 1222 1642 1290 anima,
1677 1232 1733 1278 et
1762 1212 1864 1278 Itoe
1899 1223 2086 1294 appel-

484 1315 585 1372 lari
615 1328 889 1373 mereatur
917 1317 1158 1382 nomine,
1190 1317 1331 1372 sicut
1357 1317 1625 1388 appellata
1649 1328 1733 1374 est
1761 1316 1963 1374 familia
1995 1333 2087 1388 pa-

482 1408 981 1478 triarchaeJaeob,
1011 1420 1066 1465 et
1094 1411 1467 1481 generationis
1496 1410 1616 1482 ejus
1662 1421 1851 1467 saneta
1899 1422 2086 1483 poste-

487 1501 645 1557 ritas.
680 1500 771 1556 Sic
796 1502 940 1557 enim
971 1503 1234 1573 scriptum
1262 1512 1344 1559 est
1378 1523 1394 1560 :
1425 1501 1501 1557 Hi
1529 1502 1628 1573 ﬁlii
1657 1501 1788 1558 Bata
1813 1520 1964 1575 quam
1999 1503 2087 1558 tte-

488 1594 566 1650 dit
606 1594 782 1651 Laban
828 1595 1026 1652 Rachel
1071 1596 1198 1668 ﬁlia:
1223 1612 1365 1665 suat,
1396 1605 1420 1635 ο
1455 1607 1503 1651 et
1545 1598 1739 1670 peperit
1769 1598 1861 1653 hos
1888 1597 2082 1664 Jac-ob,

489 1690 690 1744 animus
737 1699 948 1760 septem.
980 1689 1044 1747 Et
1094 1691 1263 1747 alibi:
1296 1691 1489 1746 Omnes
1532 1700 1705 1746 autent
1745 1692 1931 1747 animte
1977 1708 2090 1763 qua:

2180 468 2272 527 Sic
2300 469 2443 525 enim
2469 468 2728 525 docemur
2771 477 2828 524 et
2868 468 2997 525 alibi
3031 485 3046 523 :
3078 466 3179 522 Dic
3203 468 3496 539 iniquitates
3537 476 3655 522 tuas
3675 507 3690 532 ,
3720 474 3777 521 ut

2172 564 2478 638 justiﬁceris
2524 561 2692 637 (Esai.
2719 577 2876 627 xun,
2916 560 3038 633 26).
3068 561 3253 633 Itaque
3296 561 3436 618 scire
3482 560 3775 627 debemus,

2181 657 2308 729 quid
2335 657 2411 713 sit
2440 656 2559 712 vias
2599 672 2725 713 suas
2763 648 3047 714 ambulare
3085 656 3391 722 hominem,
3422 664 3479 712 et
3513 655 3629 711 vias
3661 654 3779 712 Dei.

2182 749 2282 818 Qui
2332 749 2459 806 facit
2501 751 2807 807 voluntates
2831 751 3012 807 carnis
3034 793 3048 817 ,
3074 759 3127 805 et
3170 749 3307 805 vivit
3330 748 3625 806 secundum
3651 763 3783 804 con-

2182 844 2568 915 Cupiscetttiatn
2603 845 2786 900 mundi
2825 844 3015 915 hujus,
3047 843 3162 900 vias
3191 858 3320 901 suas
3361 843 3634 911 ambulat,
3665 842 3784 916 qul-

2183 935 2285 993 bus
2310 937 2610 993 delectatur
2636 948 2692 994 et
2734 940 2950 1008 gaudet.
2984 937 3085 1006 Qui
3132 947 3311 994 autem
3352 938 3503 992 venit
3529 937 3785 992 volunta-

2187 1039 2295 1085 tem
2339 1028 2517 1087 facere
2558 1030 2731 1086 Patris
2758 1030 2843 1085 sui
2895 1031 2989 1101 qui
3034 1031 3087 1085 in
3115 1031 3268 1087 caelis
3316 1028 3610 1100 est,cujus
3635 1028 3788 1084 cibus

2186 1135 2270 1182 est
2316 1134 2374 1181 ut
2420 1126 2732 1181 mandatum
2780 1126 2879 1182 Dei
2929 1127 3201 1198 compleat
3241 1145 3254 1181 :
3301 1127 3391 1198 qui
3439 1141 3545 1182 non
3597 1125 3792 1196 quierit

2187 1221 2331 1293 quod
2360 1221 2462 1276 sibi
2494 1220 2754 1292 voluptati
2802 1223 2894 1283 sit.
2925 1221 3021 1278 sed
3066 1221 3209 1292 quod
3258 1223 3468 1293 placeat
3513 1220 3665 1287 Deo;
3699 1220 3790 1279 ille

2189 1315 2330 1373 viam
2365 1316 2575 1371 Domini
2606 1317 2815 1388 pergit,
2845 1317 2992 1371 illam
3021 1317 3163 1372 viam
3204 1332 3326 1388 qum
3370 1317 3446 1371 ait
3475 1333 3488 1370 :
3525 1314 3636 1388 Ego
3679 1330 3793 1370 sum

2189 1409 2272 1464 uia
2290 1450 2305 1476 ,
2331 1410 2517 1464 veritas
2541 1451 2555 1476 ,
2581 1419 2631 1464 et
2678 1410 2781 1465 vita
2822 1407 3030 1483 (Joan.,
3054 1425 3166 1476 xrv,
3188 1408 3269 1481 6).
3306 1408 3468 1465 Vides
3496 1423 3626 1479 ergo
3670 1409 3794 1479 quia

2193 1502 2285 1559 ille
2326 1502 2456 1558 vivit
2497 1504 2792 1560 secundum
2827 1504 3051 1561 verbum
3095 1505 3224 1571 Dei,
3254 1506 3344 1575 qui
3378 1504 3517 1560 viam
3562 1502 3803 1559 ambulat

2192 1597 2418 1656 ChriSti.
2449 1597 2572 1671 Ipse
2611 1601 2774 1655 etiam
2807 1598 3066 1655 Dominus
3113 1599 3257 1655 Deus
3278 1598 3332 1654 in
3377 1598 3800 1654 Deuteronmnio

2195 1689 2382 1758 docet,
2416 1692 2690 1762 quomodo
2740 1692 2791 1748 in
2838 1693 2942 1748 viis
2990 1691 3102 1747 suis
3150 1692 3432 1761 ambules,
3462 1691 3652 1748 dicens
3687 1711 3700 1747 :
3732 1690 3800 1748 Et

487 1782 804 1838 intraverunt
829 1799 946 1837 cum
971 1781 1134 1838 Iacob
1162 1784 1215 1838 in
1238 1782 1535 1856 ﬁgyptum
1556 1826 1570 1850 ,
1603 1800 1720 1856 qua:
1744 1784 1982 1839 exierunt
2024 1782 2090 1839 de
2124 1800 2167 1860 Β
2198 1801 2332 1840 nunc
2354 1826 2371 1852 ,
2399 1783 2602 1851 Israel,
2636 1786 2760 1857 quid
2802 1785 3058 1841 Dominus
3091 1784 3229 1841 Deus
3267 1786 3387 1857 petit
3417 1801 3451 1839 a
3489 1795 3536 1839 te
3561 1826 3576 1851 ,
3605 1784 3705 1839 nisi
3745 1793 3803 1839 ut

495 1875 773 1950 femoribus
820 1874 1011 1932 illiusb
1058 1887 1244 1950 preter
1291 1879 1529 1933 mulieres
1568 1877 2097 1950 sexaginta,inquit,

499 1980 547 2027 et
576 1987 667 2027 sea:
715 1969 896 2044 (Gem,
921 1987 1078 2035 XLVI,
1110 1971 1184 2027 25
1213 1982 1261 2026 et
1296 1972 1412 2045 26).
1448 1973 1510 2028 Et
1534 1972 1587 2027 in
1622 1970 1887 2043 principio
1931 1970 2103 2028 Exodi

498 2063 728 2137 legimus
759 2082 773 2120 :
807 2064 972 2121 Erant
999 2075 1170 2121 autem
1197 2083 1371 2122 omnes
1392 2067 1582 2122 animo:
1606 2067 1669 2121 de
1697 2065 1862 2122 Iacob
1883 2070 2105 2137 quinque

499 2166 548 2214 et
575 2159 901 2232 septuaginta
920 2160 1008 2229 qui
1031 2170 1314 2214 erantcum
1336 2158 1500 2214 Jacob
1530 2157 1755 2231 (Exod.,
1779 2176 1828 2227 ι,
1854 2158 1933 2232 5).
1964 2160 2106 2231 Ergo

501 2251 580 2309 illi
609 2253 700 2325 qui
733 2252 1045 2309 habitabant
1073 2267 1199 2309 cum
1227 2251 1454 2325 JOsepb,
1488 2261 1542 2308 et
1563 2252 1631 2309 de
1653 2250 1888 2324 Egypto
1917 2264 1939 2292 ο
1964 2253 2110 2309 exie-

509 2354 657 2408 runt,
683 2346 880 2401 animae
907 2355 1056 2403 sunt.

579 2438 637 2495 8.
672 2437 775 2507 Qui
798 2450 978 2497 autem
1001 2455 1124 2496 cum
1152 2449 1337 2498 essent
1356 2439 1381 2477 ἀ
1404 2438 1579 2511 angeli
1601 2439 1714 2507 Dei,
1742 2438 1845 2497 hoc
1864 2448 1971 2508 est,
1988 2439 2113 2495 vitae

508 2533 776 2607 probitate
799 2536 1113 2606 angelorum
1136 2536 1407 2592 imitantes
1429 2535 1659 2607 gratiam
1686 2532 1807 2607 (qui
1832 2534 1975 2590 enim
2006 2549 2113 2589 non

510 2630 716 2687 ducttnt
735 2646 954 2699 uxores,
978 2640 1035 2687 et
1060 2648 1179 2701 qua:
1205 2647 1310 2687 non
1343 2631 1572 2699 nubunt,
1600 2641 1753 2686 erunt
1779 2628 1921 2685 sicut
1942 2628 2117 2700 angeli

516 2724 569 2778 in
586 2722 772 2799 cmlo),
787 2725 877 2796 qui
893 2740 1022 2796 ergo
1044 2740 1166 2780 cum
1189 2724 1366 2797 angeli
1389 2724 1721 2791 viderentur,
1736 2724 1879 2790 capti
1896 2722 2119 2779 suntde-

515 2830 643 2873 core
665 2814 901 2873 I'etnineo
916 2859 932 2884 ,
953 2816 1005 2873 hi
1027 2832 1154 2873 caro
1174 2829 1319 2886 sunt,
1341 2819 1482 2873 sicut
1503 2816 1763 2873 Dominus
1784 2816 1927 2872 Deus
1943 2815 2077 2871 dixit
2105 2834 2117 2869 :

523 2910 641 2965 Non
659 2911 974 2981 permanebit
993 2912 1206 2983 spiritus
1224 2928 1363 2966 meus
1383 2911 1434 2965 in
1454 2909 1746 2965 hominibus
1768 2911 1880 2965 istis
1901 2911 1952 2964 in
1970 2919 2124 2964 teter-

519 3021 661 3070 num,
685 3016 891 3076 propter
912 3005 1049 3076 quod
1060 3022 1181 3060 caro
1204 3014 1322 3060 sunt
1351 3001 1530 3079 (Gem,
1547 3000 1714 3076 vt,5).
1737 3004 1800 3058 Et
1824 3005 2018 3058 merito
2032 3017 2126 3058 ex-

524 3108 704 3170 pertes
727 3099 963 3187 lilii‘linis
992 3101 1199 3170 angelis
1226 3110 1779 3170 comparanturmaro
1802 3113 1907 3153 non
1930 3096 2125 3153 suntin

2202 1883 2381 1934 timeas
2408 1877 2687 1934 Dominum
2713 1879 2877 1935 Deum
2907 1890 3078 1946 tuum,
3107 1890 3155 1933 et
3183 1879 3415 1934 ambules
3436 1879 3491 1933 in
3536 1879 3630 1932 uiis
3658 1881 3803 1951 ejus,

2205 1983 2253 2029 et
2299 1976 2487 2048 diligas
2533 1990 2681 2040 eum,
2714 1985 2762 2030 et
2812 1975 3005 2030 seruias
3052 1971 3277 2029 Domino
3325 1973 3435 2028 Deo
3466 1984 3554 2027 tuo
3594 1986 3657 2027 ea:
3704 1981 3809 2026 toto

2206 2068 2362 2125 corde
2408 2079 2598 2133 tuo,et
2642 2085 2705 2124 ea:
2745 2077 2852 2123 tota
2887 2070 3063 2123 anima
3116 2078 3206 2123 tua
3251 2068 3514 2123 custodias
3562 2064 3813 2120 mandata

2209 2167 2344 2238 ejus,
2376 2173 2424 2219 et
2445 2163 2681 2237 justitias
2702 2166 2816 2237 ejus
2842 2160 3050 2234 (Deut.,
3072 2179 3129 2228 χ,
3154 2160 3222 2216 η
3237 2171 3284 2218 et
3308 2160 3418 2233 I5)?
3436 2159 3627 2230 Liquet
3653 2159 3814 2230 igitur

2211 2257 2347 2313 alias
2377 2257 2491 2311 vias
2515 2271 2639 2312 esse
2660 2256 2858 2324 carnis,
2888 2256 3023 2312 alias
3055 2254 3147 2311 Dei
3172 2272 3186 2309 :
3211 2264 3267 2310 et
3294 2255 3340 2310 si
3377 2252 3500 2325 quis
3530 2251 3659 2307 velit
3696 2266 3813 2306 am-

2216 2350 2401 2406 bulare
2444 2350 2560 2404 vias
2589 2349 2722 2414 Dei,
2752 2348 2887 2404 sciat
2928 2350 2977 2403 ei
3025 2346 3175 2419 prius
3203 2362 3326 2403 esse
3370 2346 3486 2400 vias
3515 2344 3694 2400 carnis
3718 2384 3732 2411 ,
3764 2351 3821 2399 et

2216 2443 2462 2512 corporis
2480 2484 2494 2508 ,
2525 2451 2580 2499 ct
2611 2442 2891 2497 smcularis
2917 2441 3197 2511 sapientia:
3225 2437 3576 2495 deserendas.

2290 2540 2379 2595 Η.
2421 2538 2755 2608 Ilelinqttens
2796 2536 2975 2607 itaque
3019 2549 3116 2591 eas
3144 2532 3308 2589 David
3334 2574 3350 2599 ,
3384 2529 3734 2600 pronuntiat,
3766 2537 3824 2583 et

2220 2633 2361 2706 apud
2410 2633 2576 2689 Deum
2628 2647 2733 2687 non
2784 2639 2942 2686 tacet.
2997 2626 3298 2684 Conlitetur
3342 2639 3590 2695 errores,
3643 2632 3666 2660 ο
3711 2636 3823 2677 non

2224 2738 2365 2785 tacet
2395 2728 2598 2798 lapsus.
2627 2723 2815 2783 Simile
2846 2722 2919 2779 illi
2953 2721 3056 2777 hoc
3085 2720 3220 2775 dixit
3249 2736 3264 2774 :
3289 2716 3617 2773 Annuntiabo
3640 2713 3830 2768 aduer-

2224 2837 2340 2876 sum
2365 2835 2443 2875 tne
2473 2819 2799 2891 iniquitatem
2828 2832 2993 2871 meum
3022 2812 3249 2870 Domino
3278 2809 3451 2883 (Psal.
3481 2822 3635 2875 xxxi,
3666 2806 3746 2876 5).
3770 2804 3830 2862 Si

2227 2915 2370 2971 enim
2395 2929 2453 2969 se
2483 2910 3042 2982 aceusaveritjustus,
3074 2920 3260 2962 vocem
3297 2902 3467 2976 parati
3501 2899 3833 2957 accusatoris

2227 3004 2492 3070 exclusit,
2524 3005 2613 3076 qui
2643 3005 2783 3058 solet
2804 3002 3063 3058 acerhare
3096 3008 3315 3070 peccata
3338 3038 3354 3066 ,
3383 3008 3439 3052 et
3483 2991 3832 3064 uniuscujus-

2229 3115 2336 3171 que
2389 3096 2965 3170 exaggerare'ﬂagitia.
3010 3093 3256 3150 Obstruit
3280 3105 3410 3161 ergo
3460 3104 3521 3143 os
3553 3087 3708 3157 ejus,
3740 3085 3833 3155 qui

527 3207 721 3259 carne,
752 3178 849 3249 sed
885 3195 937 3249 iu
969 3193 1195 3264 spiritu;
1225 3194 1413 3266 quales
1442 3204 1598 3250 erant
1620 3193 1697 3249 illi
1727 3193 1816 3265 qui
1847 3193 2126 3249 doctorem
2156 3203 2203 3267 α
2234 3194 2350 3267 ipse
2376 3193 2445 3250 de
2470 3208 2530 3249 se
2561 3192 2720 3247 fuerit
2749 3200 2875 3246 ante
2904 3187 3222 3255 confessus,
3265 3193 3320 3241 et
3369 3180 3643 3256 praestruit
3670 3178 3690 3218 ί
3735 3195 3834 3234 ve-

531 3285 854 3357 Apustolum
897 3286 1282 3357 sequebantur,
1311 3286 1507 3359 quibus
1532 3285 1608 3342 ait
1636 3302 1650 3341 :
1694 3284 1794 3341 Vos
1824 3296 1996 3340 autem
2025 3301 2129 3339 non

529 3380 647 3434 estis
672 3377 725 3434 in
752 3395 924 3445 carne,
955 3379 1047 3434 sed
1070 3380 1123 3435 in
1153 3380 1339 3450 spiritu
1360 3378 1563 3451 (Bona,
1589 3395 1704 3445 vtn,
1732 3377 1807 3451 9).
1833 3377 2128 3448 Quiautem

532 3486 794 3542 corporea
837 3472 1156 3529 feu'tinarum
1202 3475 1492 3546 capiuntur
1514 3472 1736 3529 libidine
1757 3514 1773 3535 .
1806 3489 1933 3527 caro
1960 3482 2085 3527 sunt
2116 3490 2129 3526 :

533 3575 694 3638 atque
720 3566 920 3622 utinam
949 3582 1077 3623 caro
1101 3578 1341 3636 tantum,
1365 3578 1423 3624 et
1447 3584 1552 3624 non
1581 3569 1743 3623 etiam
1774 3567 1900 3638 equi
1938 3565 2137 3622 adhin-

536 3658 777 3725 ttienles;
804 3661 926 3731 quia
954 3662 1009 3716 in
1038 3678 1268 3727 uxorem,
1284 3662 1479 3733 inquit,
1508 3661 1732 3734 proximi
1758 3660 1841 3715 sui
1868 3660 2136 3717 adhinnie—

538 3754 659 3811 bant
691 3753 906 3825 (Ierem.
937 3772 990 3824 v,
1018 3755 1098 3829 8).

610 3848 664 3904 9.
706 3846 880 3918 Rogat
909 3864 1039 3919 ergo
1076 3849 1169 3920 qui
1200 3847 1562 3920 dejectionem
1592 3848 1790 3904 animae.
1836 3863 1947 3904 suae
1976 3848 2143 3905 sentit

539 3941 607 3996 ad
636 3942 1003 4012 pavimentum
1033 3958 1204 4014 usque
1231 3951 1467 3998 curvatas
1487 3984 1502 4009 ,
1528 3952 1584 3997 ttt
1613 3934 1916 3999 viviﬁcctur
1948 3955 2143 3996 secun—

545 4035 673 4092 dum
699 4035 920 4091 verbum
942 4034 1215 4108 Dei,quod
1249 4036 1457 4092 animas
1477 4035 1544 4090 ad
1575 4049 1635 4091 se
1661 4034 1829 4090 trahit
1858 4047 2144 4105 quascum-

543 4147 649 4204 que
675 4173 691 4201 ,
735 4141 789 4188 et
829 4131 1177 4187 miseratione
1224 4131 1306 4186 sni
1356 4131 1537 4186 levare
1579 4130 1804 4200 cupiens
1849 4125 2066 4183 abducit
2114 4142 2142 4179 a

549 4227 731 4284 terris.
760 4225 1077 4282 Viviticatur
1120 4234 1301 4281 autem
1340 4225 1551 4290 anima;
1581 4238 1701 4295 quae
1745 4223 1860 4276 vias
1906 4220 2147 4275 ambulat

548 4320 751 4376 Christi
778 4362 793 4388 ,
836 4302 1318 4392 peccato‘mortua
1350 4319 1464 4375 Deo
1511 4319 1728 4381 vivens,
1776 4318 1849 4371 ita
1899 4325 1957 4370 ut
2000 4330 2147 4370 mors

551 4415 757 4485 peccati
787 4414 1123 4470 dominatum
1148 4413 1201 4468 in
1224 4428 1289 4471 ea
1316 4421 1437 4484 post
1466 4413 1581 4468 Ita-c
1608 4412 1809 4469 [rabere
1828 4426 1933 4465 non
1958 4410 2147 4481 possit,

502 4564 513 4573 ,
554 4519 901 4581 posteaquam
942 4508 1257 4577 consepulta
1285 4521 1406 4562 cum
1448 4504 1980 4577 Christujustilicata
2013 4514 2095 4558 est
2120 4518 2151 4558 a

558 4612 800 4675 peccato.
831 4601 937 4657 Sed
971 4602 1181 4676 1012
1223 4602 1315 4673 qui
1354 4600 1639 4674 justiticari
1663 4602 1853 4671 cupit,
1884 4601 1999 4656 vias
2029 4614 2153 4656 suas

558 4704 684 4751 ante
714 4695 1043 4765 pronuntiet.

633 4786 721 4843 I0.
762 4786 943 4860 (Vers.
976 4786 1095 4860 26.)
1123 4786 1359 4860 Ideoque
1402 4787 1644 4844 secundo
1692 4801 1849 4842 versu
1879 4786 1953 4843 ait
1983 4804 1997 4841 :
2033 4784 2158 4842 Viae

564 4897 700 4937 meas
722 4880 1051 4952 pronuntiavi
1069 4923 1083 4948 ,
1112 4891 1157 4935 et
1187 4881 1443 4936 exaudisti
1471 4896 1553 4935 me
1584 4896 1603 4935 :
1629 4879 1755 4934 doce
1791 4895 1872 4933 me
1890 4880 2157 4950 justi/ica-

562 4977 724 5032 tiones
753 4983 888 5030 tuas.
913 4974 1144 5031 Pulchro
1170 4974 1358 5032 ordine
1380 4973 1447 5030 ad
1473 4972 1891 5045 iustiﬁcationes
1921 4970 2016 5027 Dei
2040 4986 2162 5042 per-

637 5152 663 5177 “
694 5139 947 5206 Plerique
975 5152 1135 5204 mss.,
1163 5148 1208 5192 et
1238 5137 1433 5208 peperit
1463 5136 1555 5190 Itos
1581 5133 1746 5189 Iacob
1770 5148 1943 5208 omnes
1964 5132 2165 5208 animos

564 5222 778 5276 septem.
830 5204 948 5267 Vet.
993 5210 1149 5272 cdit..
1199 5204 1247 5263 et
1297 5204 1494 5281 peperit
1541 5208 1677 5263 Itazc.
1723 5204 1953 5281 etc._Sic
1997 5204 2161 5259 etiam

568 5284 752 5350 Rom.,
785 5282 885 5338 nisi
916 5280 1064 5354 quod
1088 5296 1211 5337 cum
1239 5277 1560 5353 quilmdsam
1594 5292 1726 5333 mss.
1752 5277 1951 5333 omittit
1974 5290 2164 5331 vocem

571 5371 858 5503 υηὶηέέσάἱῑ.
908 5426 1094 5494 Rom.,
1142 5433 1333 5499 prater
1379 5440 1568 5480 uxores
1613 5422 1844 5494 ﬁliorum
1894 5418 2165 5491 sexaginta

574 5514 820 5628 “fusa.
857 5568 1135 5633 nonnulli,
1165 5569 1428 5629 exierunt,
1461 5566 1789 5638 septuaginta
1815 5564 2002 5638 animm
2027 5570 2165 5616 sunt.

641 5644 669 5680 α
699 5644 811 5699 Hoc
833 5643 955 5699 loco
987 5642 1204 5698 videtur
1229 5635 1549 5696 Ambrosius
1575 5635 1838 5692 accedere
1883 5635 1948 5690 ad
1978 5648 2167 5688 eorum

567 5717 897 5778 sententiam
938 5729 976 5773 .a
1023 5712 1220 5785 quibus
1254 5711 1480 5785 initium
1526 5706 1914 5785 vt_rcap.‘Gt-n.
1940 5712 2009 5785 de
2046 5705 2171 5760 ﬁliis

571 5776 702 5844 Seth
759 5787 1021 5857 accipitur
1043 5776 1068 5840 ἐ
1096 5776 1218 5840 cuin
1250 5783 1391 5857 idem
1424 5776 1705 5857 ipseillud'
1742 5781 1816 5845 de
1852 5777 2169 5857 angelorum

572 5864 694 5916 'cuni
726 5852 1042 5916 mulieribus
1072 5855 1361 5913 concubitu
1389 5855 1587 5926 stepius
1618 5852 1958 5925 exposuerit;
1991 5861 2045 5908 ut
2074 5852 2173 5908 do-

2235 3289 2379 3345 niam
2412 3286 2741 3342 conﬁtentis.
2771 3282 3112 3340 Verecuudia
3155 3288 3378 3337 excusat
3431 3292 3619 3340 reum,
3667 3272 3840 3345 pudor

2237 3396 2368 3438 suus
2397 3390 2613 3437 accusat
2641 3389 2664 3426 8
2703 3387 3006 3434 auctorem.
3035 3376 3135 3445 Qui
3183 3374 3328 3431 enim
3358 3386 3458 3427 sua
3506 3369 3698 3426 delicta
3729 3382 3838 3422 non

2241 3475 2436 3539 tacuit,
2470 3474 2683 3528 videtur
2709 3473 2761 3527 in
2789 3486 2850 3527 se
2878 3470 3119 3526 doluisse
3162 3467 3306 3540 quod
3349 3464 3502 3531 fecit,
3538 3462 3590 3517 iit
3624 3459 3843 3515 diabolo

2243 3566 2545 3640 prodidisse
2572 3565 2717 3637 quod
2748 3564 2939 3619 suasit.
2975 3561 3211 3633 Ideoque
3251 3557 3328 3614 ait
3364 3555 3642 3626 Scriptura
3667 3571 3681 3607 :
3710 3550 3842 3606 Jus-

2241 3670 2323 3716 tus
2347 3661 2401 3714 in
2427 3658 2637 3715 exordio
2668 3656 2924 3712 sermonis
2954 3664 3224 3710 accusator
3253 3660 3327 3708 est
3345 3650 3426 3704 sui
3449 3646 3657 3721 (Prom,
3686 3659 3841 3711 xvttt,

2249 3750 2359 3823 l7).
2415 3751 2517 3819 Qui
2546 3766 2607 3807 se
2650 3758 2898 3815 accuSat,
2925 3747 3027 3804 etsi
3068 3756 3320 3817 peccator
3362 3752 3476 3807 est,
3505 3741 3683 3812 justus
3723 3751 3846 3792 esse

2242 3845 2461 3916 incipit;
2487 3845 2611 3915 quia
2640 3859 2741 3899 nec
2770 3842 2872 3897 sibi
2903 3838 3096 3911 parcit,
3127 3848 3182 3894 et
3210 3836 3307 3892 Dei
3334 3834 3577 3906 justitias
3623 3832 3847 3887 contitc-

2244 3945 2369 4003 tur,
2404 3952 2563 4007 quem
2609 3945 2759 4006 putat
2791 3934 2960 3989 latere
3008 3930 3142 3987 nihil
3191 3944 3373 4001 posse.
3407 3925 3623 3983 Utinam
3674 3924 3847 3979 Adam

2247 4047 2307 4088 se
2339 4032 2486 4103 prius
2528 4044 2822 4094 accusare,
2867 4042 3028 4099 quam
3069 4024 3250 4080 celare
3289 4019 3584 4077 voluisset!
3610 4016 3719 4075 Sed
3740 4031 3853 4072 non

2247 4126 2380 4182 satis
2420 4136 2502 4179 est
2550 4134 2609 4179 ut
2651 4125 3009 4179 contitcamur
3056 4133 3300 4176 errorem
3344 4135 3357 4171 :
3400 4130 3591 4172 verum
3635 4113 3853 4169 etiamsi

2253 4218 2449 4290 corrigi
2497 4218 2776 4282 volumus,
2807 4232 2837 4271 a
2869 4214 3100 4272 Domino
3150 4212 3516 4285 postulemus,
3566 4218 3625 4265 ut
3661 4207 3856 4264 doceat

2257 4330 2356 4370 nos
2381 4313 2795 4386 justiticationes
2818 4326 2979 4375 suas;
3014 4325 3081 4364 nc
3106 4316 3292 4380 postea
3330 4320 3517 4363 errare
3560 4302 3856 4376 possimus.

2256 4409 2303 4465 Α
2333 4408 2560 4464 Domino
2587 4408 2750 4478 igitur
2772 4404 2953 4460 doceri
2979 4404 3133 4475 petit,
3163 4403 3289 4474 quia
3309 4415 3451 4456 unus
3479 4405 3564 4455 est
3599 4394 3857 4467 magister

2261 4512 2466 4568 noster,
2499 4511 2559 4560 ut
2586 4503 2660 4559 ait
2683 4501 2932 4558 Christus
2956 4500 3196 4573 (Matt/u,
3228 4514 3382 4563 χχιιι,
3408 4494 3521 4565 18).
3547 4492 3657 4550 Nec
3682 4491 3859 4546 Otiose

2261 4597 2366 4653 hoc
2400 4597 2568 4668 petit;
2593 4612 2702 4652 non
2734 4597 2879 4653 enim
2919 4595 3010 4651 ille
3033 4594 3223 4650 beatus
3250 4606 3410 4660 quem
3449 4588 3610 4644 docet
3652 4584 3857 4640 homo:

2265 4691 2361 4748 sed
2390 4707 2550 4763 quem
2579 4700 2635 4747 tu
2664 4690 2931 4747 erudieris
2951 4730 2967 4755 ,
3003 4689 3250 4744 Domine.

2341 4782 2427 4837 I2.
2471 4782 2648 4856 (Vers.
2675 4782 2795 4853 27.)
2844 4781 3052 4852 Ubique
3117 4777 3364 4835 meminit
3412 4776 3534 4842 sui,
3565 4786 3666 4828 nec
3711 4776 3867 4840 putat

2266 4880 2399 4935 satis
2428 4894 2549 4936 esse
2570 4921 2584 4948 ,
2618 4889 2676 4935 ut
2702 4881 2895 4935 doceat
2925 4893 3044 4932 eum
3063 4874 3481 4945 justitieationes
3510 4883 3638 4925 suas
3682 4863 3865 4921 Domi-

2268 4989 2370 5029 nus
2402 4974 2544 5030 Deus
2585 4982 2802 5040 noster,
2831 4971 2929 5028 sed
2955 4969 3163 5025 addidit
3193 4987 3205 5023 :
3242 4967 3394 5023 Viam
3425 4960 3865 5037 justiﬁcationum

2266 5133 2476 5191 cuimns
2498 5131 2564 5187 ad
2588 5146 2710 5200 cap.
2734 5131 2770 5184 4
2800 5127 2978 5185 Iib.De
3004 5126 3117 5182 Noe
3138 5135 3184 5181 et
3202 5126 3382 5200 ᾼνεαη
3417 5136 3566 5176 num.
3593 5117 3865 5200 9,_immo

2266 5188 2318 5262 et
2366 5206 2500 5260 inira
2545 5188 2711 5259 serm.
2759 5202 2813 5258 8.
2867 5216 3009 5256 vers.
3062 5200 3153 5254 64.
3199 5188 3470 5253 ϐαδιειλιιηι
3524 5191 3750 5262 angelos
3797 5188 3869 5243 ob

2267 5276 2535 5346 superbiae
2582 5282 2861 5346 peccatum
2888 5288 2919 5328 e
2947 5272 3092 5346 caelo
3126 5268 3867 5346 tuisseuleturhatus‘aperte

2267 5335 2426 5404 (locet
2452 5335 2785 5404 infra'serm.
2819 5345 2874 5410 7,
2899 5359 3042 5401 vers.
3076 5343 3142 5400 5i
3176 5351 3231 5399 et
3263 5339 3361 5405 16,
3394 5352 3537 5394 vers.
3564 5335 3671 5391 122
3708 5335 3869 5403 hujus

2271 5421 2454 5492 operis
2475 5462 2490 5487 ,
2519 5429 2682 5489 atque
2708 5418 2857 5473 alibi.

2352 5525 2375 5551 θ
2407 5513 2525 5569 Non
2554 5513 2709 5584 pauci
2740 5510 2891 5580 cod.,
2922 5528 3023 5567 non
3056 5520 3208 5582 negat
3240 5509 3440 5576 lapsus.

2356 5604 2373 5643 ί
2404 5604 2633 5674 Quidam
2666 5618 2823 5667 mss...
2852 5604 3050 5669 ueniam
3076 5600 3368 5659 conﬁtentis
3396 5592 3726 5652 uerecundia.
3761 5589 3875 5645 Ea:-

2278 5690 2426 5734 cusat
2454 5694 2626 5732 rerum
2655 5676 2825 5747 pudor
2848 5692 2996 5738 suus,
3025 5680 3232 5729 accusat
3262 5682 3547 5725 auctorem.

2356 5779 2381 5815 κ
2408 5769 2698 5825 'Auetorcm
2728 5782 2826 5824 seu
2852 5751 3202 5836 impulsorem
3230 5762 3501 5823 diabolum
3526 5748 3617 5818 hic
3647 5753 3876 5827 intelligi

2281 5842 2414 5898 satis
2444 5841 2723 5898 declarant
2741 5840 3043 5912 sequentia.
