4070 6494
257 416 450 475 £255
1393 410 1461 468 IN
1498 404 1831 469 PSALMUM
1871 408 2082 467 CXVIII
2119 407 2510 466 EXPOSITIO.
3464 402 3605 462 me

253 538 511 587 tuarum
536 532 745 587 insinua
771 530 931 597 mihi,
958 527 1378 584 e’texerceborin
1419 522 1736 580 mirabilibus
1781 523 1902 577 tuis.
1931 526 1983 586 Α
2010 536 2292 588 somnum;
2360 536 2462 578 nec
2517 520 2806 576 mundana:
2855 526 3048 590 captus
3102 518 3357 575 vanitatis
3413 517 3604 583 illece-

252 623 442 682 Vide
473 627 742 682 ordinem.
770 623 927 679 Prius
956 631 1041 679 est
1067 631 1126 678 ut
1153 620 1426 676 discamus
1467 617 1677 673 Domini
1710 613 1907 686 justiti-
2010 615 2155 681 bris,
2190 630 2219 669 a
2250 613 2623 685 persequenda
2674 611 2919 670 veritatis
2971 613 3272 669 intentione
3309 612 3605 669 difﬂueret.

255 717 592 785 cationes,
622 716 822 774 deinde
847 726 904 770 ut
933 713 1136 785 gradus
1162 711 1422 785 quosdam
1461 707 1905 781 justiticatiouunt
2082 707 2170 764 15.
2214 708 2409 781 (Vers.
2439 704 2559 779 28.)
2601 708 2715 777 Qua
2769 708 2981 766 ratione
3028 723 3161 779 ergo
3204 706 3390 764 doceri
3449 706 3602 774 velit,

252 821 328 867 et
363 812 635 868 ordinem
669 811 1017 876 noverimus,
1044 809 1170 881 quid
1201 808 1351 878 prius
1373 849 1388 873 ,
1410 804 1536 876 quid
1562 817 1904 875 consequens
2006 805 2285 863 subtexuit
2330 804 2520 861 dicens
2550 821 2568 860 ε
2600 803 2832 861 stillavit
2883 805 3057 859 anima
3102 820 3217 859 mea
3263 819 3370 874 ρηε
3423 801 3600 870 (adio,

248 916 419 960 esse
455 905 674 961 debeat.
705 904 837 960 Nam
865 904 1009 959 scire
1034 902 1162 973 quid
1186 901 1385 968 iacias,
1435 909 1490 955 et
1517 898 1764 955 ordinem
1811 912 1906 953 ue-
2006 901 2260 970 conﬁrma
2299 915 2380 954 me
2416 900 2471 953 in
2507 898 2673 953 verbis
2703 898 2826 973 tuis_.
2886 896 3068 965 Aliqui
3112 897 3332 954 codices
3377 896 3604 961 habent,

248 998 447 1054 scire
480 998 739 1062 faciendi.
774 1013 880 1054 non
922 1005 1005 1053 est
1036 995 1287 1064 perfecta:
1336 992 1660 1065 cognitionis
1688 1009 1700 1044 :
1726 988 1900 1045 oﬂ'en-
2006 996 2332 1061 dormilavit,
2363 992 2489 1066 quia
2527 996 2797 1062 ἐνύσταξεν
2826 1003 2883 1051 et
2917 994 3126 1062 ἴσταξεν
3153 995 3362 1051 duabus
3404 993 3604 1049 litteris

248 1092 431 1149 dunt
469 1095 790 1166 plerumque
816 1101 1170 1165 praepostera.
1205 1089 1638 1158 Deuiquejustus
1664 1096 1746 1142 e5t
1766 1126 1782 1153 ,
1810 1084 1902 1156 qui
2005 1088 2790 1158 dissonant.Potuitinterpres
2803 1089 2887 1144 vel
2904 1091 3243 1158 antiquarios
3260 1088 3495 1160 scriptor
3514 1087 3603 1143 hic

247 1201 329 1244 se
361 1186 433 1241 in
474 1187 701 1244 exordio
732 1188 1002 1243 sermonis
1026 1194 1280 1240 accusat:
1314 1181 1524 1255 1013
1556 1179 1787 1250 injttslus
1806 1194 1889 1233 au-

2003 1186 2113 1243 falli
2149 1204 2163 1241 :
2195 1187 2464 1251 νυστάζειν
2491 1184 2733 1240 dormire
2756 1194 2858 1252 est,
2887 1187 3094 1250 στάζειν
3121 1184 3352 1241 stillare.
3386 1183 3604 1240 Perfec-

251 1288 453 1345 tcm,
510 1281 601 1351 qui
667 1279 811 1351 quod
860 1279 1008 1350 prius
1072 1287 1399 1349 negaverat,
1444 1272 1750 1329 confitetur.
1805 1270 1889 1326 llic

2005 1282 2110 1335 tior
2140 1294 2248 1335 non
2272 1278 2556 1342 dormitat,
2584 1278 2674 1348 qui
2705 1276 2905 1331 divinis
2926 1280 3167 1332 animum
3199 1276 3433 1332 intendit
3459 1290 3606 1348 mys-

245 1375 650 1432 verecundia:
695 1376 900 1431 invenit
953 1374 1177 1445 gratiam
1225 1390 1239 1428 :
1283 1371 1374 1428 hic
1434 1378 1617 1426 notam
1670 1366 1889 1423 incurrit

2004 1373 2177 1431 teriis.
2212 1373 2455 1444 Denique
2495 1372 2613 1441 ipse
2655 1369 2784 1425 alibi
2829 1369 3087 1426 dicit:Si
3118 1368 3310 1424 dedero
3360 1386 3599 1424 somnum

252 1467 679 1541 impudentiae.
728 1468 798 1524 Ita
830 1467 1037 1523 ordinis
1076 1465 1375 1537 ignorantia
1414 1461 1701 1518 conturbat
1735 1474 1900 1532 nego-
2001 1469 2163 1526 οευιῑδ
2194 1468 2320 1522 meis
2346 1511 2360 1531 ,
2403 1476 2491 1521 aut
2521 1464 2782 1536 palpebris
2808 1464 2935 1518 meis
2965 1462 3386 1517 darmitationem
3418 1460 3596 1534 (Psat.

253 1563 499 1619 tiorum
526 1572 803 1629 naturam,
836 1562 1170 1632 formamque
1211 1559 1546 1614 meritorum.
1575 1556 1667 1611 Ille
1712 1565 1895 1609 autem
1999 1578 2185 1628 οχχχι,
2213 1561 2294 1632 4),
2328 1559 2435 1617 sed
2458 1559 2646 1629 vigilat
2669 1571 2909 1628 semper,
2944 1566 3001 1611 et
3031 1556 3075 1611 si
3099 1569 3227 1611 caro
3251 1554 3477 1619 dormit,
3500 1568 3598 1610 cor

257 1657 376 1728 qui
419 1656 677 1712 didicerit
718 1656 895 1728 primo
943 1654 1202 1727 mysteria
1244 1653 1373 1718 Dei,
1408 1649 1604 1707 deinde
1650 1648 1894 1705 ordinem

261 1751 686 1822 mysteriorum
705 1793 720 1817 .
749 1759 1038 1807 exercetur
1063 1750 1115 1805 in
1146 1746 1483 1805 mirabilibus
1505 1746 1622 1801 Dei.

344 1846 449 1901 15.
500 1845 724 1902 Graecus
746 1854 771 1883 ει
800 1845 1146 1920 ἀδολεσχησῷ
1176 1843 1352 1911 posuit
1376 1861 1389 1896 :
1412 1842 1555 1914 quod
1585 1840 1717 1896 dicit
1744 1840 1896 1896 Lati-

2000 1656 2210 1727 vigilat.
2242 1653 2358 1710 Non
2390 1667 2523 1724 ergo
2548 1651 2877 1717 dormiebat,
2926 1649 3020 1720 qui
3070 1648 3328 1719 templum
3360 1646 3599 1703 condere

2001 1753 2235 1809 Domino
2258 1748 2533 1822 cogitabat
2558 1747 2848 1803 verborum
2876 1742 3183 1802 cteleStinm
3213 1740 3600 1798 exaediﬁcatio-

1999 1863 2068 1903 ne
2095 1888 2110 1913 ,
2153 1862 2262 1901 non
2310 1842 2574 1912 lapidum.
2619 1840 2859 1897 Verbum
2898 1840 3046 1895 enim
3093 1836 3190 1893 Dei
3232 1835 3597 1907 repulsorium

257 1954 410 2006 nus,
454 1938 854 1996 hallucinahor.
877 1940 934 1995 ln
963 1956 1070 2009 quo
1098 1939 1311 1995 videtur
1339 1953 1462 1996 esse
1489 1938 1669 2010 aliqua
1693 1952 1895 1993 sermo-
1922 1935 1971 1996 B
1999 1939 2288 1995 ttrdiorum
2330 1946 2416 1993 est
2439 1977 2455 2001 ,
2505 1950 2615 2006 quo
2659 1926 2887 1989 somnus
2916 1930 3111 1986 animus
3135 1972 3151 1995 ,
3191 1943 3355 2001 sopor
3389 1924 3605 2001 1015

255 2034 360 2089 nis
404 2032 647 2088 oll‘cnsio
708 2032 1009 2089 secundum
1059 2033 1336 2103 vulgarem
1404 2031 1889 2094 c0nsnetudinem;

261 2127 414 2199 quia
451 2126 817 2201 ἁδολισχῆσαι
861 2128 1023 2199 vulgo
1052 2129 1373 2193 restituatur,
1421 2126 1509 2182 vel
1548 2125 1892 2191 hallucinari,

260 2221 361 2275 vel
400 2219 531 2289 plus
561 2235 722 2291 quam
750 2231 967 2290 oportet
994 2219 1197 2291 aliquid
1231 2219 1406 2287 loqui,
1440 2216 1532 2273 etb
1557 2218 1891 2288 superfluum

259 2311 511 2376 videri,
567 2312 713 2384 quod
752 2313 994 2368 audienti
1030 2312 1245 2367 fastidio
1275 2320 1400 2367 est:
1435 2321 1489 2366 et
1517 2311 1733 2367 videtur
1771 2326 1895 2367 csse

260 2416 498 2478 praeter
529 2409 778 2464 ordinem
807 2450 823 2475 ,
866 2423 988 2464 cum
1021 2408 1158 2465 ordo
1196 2423 1378 2463 rerum
1423 2406 1669 2462 videatur
1694 2405 1895 2463 afferre

261 2501 609 2567 fastidium;
642 2512 697 2555 ut
744 2504 787 2558 si
818 2518 1038 2558 causam
1086 2503 1223 2559 velis
1268 2518 1526 2559 enarrare
1552 2503 1806 2574 aliquam,
1840 2512 1895 2557 et

260 2591 546 2647 ordinem
581 2608 769 2649 serves
796 2637 811 2659 ,
859 2595 1079 2649 auditor
1133 2605 1315 2649 autem
1347 2594 1413 2649 ad
1458 2610 1637 2650 rerum
1676 2594 1895 2650 festinet

264 2685 524 2750 exitum,
551 2688 836 2756 superiora
867 2685 1097 2744 fastidit.
1124 2686 1232 2743 Sed
1259 2702 1369 2742 non
1395 2696 1571 2758 potest
1602 2687 1763 2756 plene
1811 2687 1894 2741 in-

261 2781 447 2843 strui,
484 2780 595 2835 nisi
623 2782 711 2849 qui
736 2782 927 2837 ordine
950 2783 1031 2837 sui
1056 2793 1251 2838 cuttcta
1270 2783 1607 2851 cognoverit.
1629 2780 1759 2838 Inde
1786 2798 1889 2838 non

264 2872 468 2929 solum
519 2871 719 2926 factum
748 2873 1182 2941 deprehenditur
1203 2916 1215 2937 .
1278 2875 1372 2930 sed
1409 2876 1571 2931 etiam
1600 2876 1722 2930 facti
1754 2891 1891 2944 pon-

264 2965 406 3030 dus,
438 2974 505 3021 et
540 2964 792 3021 facientis
814 2966 1061 3022 affectus.
1089 2967 1327 3038 Ideoque
1348 2967 1516 3022 David
1540 2966 1697 3037 quasi
1722 2968 1895 3021 bonus

264 3062 358 3118 sui
388 3061 576 3131 judcx
607 3073 771 3133 atque
802 3062 1008 3118 arbiter
1033 3067 1067 3129 ,"
1102 3077 1274 3133 prope
1321 3076 1492 3132 usque
1521 3062 1587 3116 ad
1621 3059 1893 3116 fastidium

262 3155 395 3210 vult
455 3153 692 3220 doceri,
739 3164 794 3210 et
848 3156 929 3210 vel
963 3156 1238 3223 superfluo
1293 3154 1569 3209 immorari
1623 3162 1890 3224 tempore,

262 3263 447 3320 quam
513 3249 885 3302 necessarium
940 3247 1189 3302 ordinem
1219 3246 1529 3317 praterire;
1564 3258 1585 3285 ο
1607 3245 1891 3317 ἀδολεσχία

1999 2032 2200 2089 mentis
2243 2029 2574 2087 excluditur.
2608 2027 2687 2082 Ex
2713 2025 2934 2080 tristitia
2963 2024 3107 2080 enim
3149 2031 3205 2077 et
3230 2020 3600 2077 sollicitudine

1996 2127 2343 2183 sa'eutarium
2369 2138 2591 2179 somnus
2609 2120 2824 2191 irrepit.
2849 2118 2955 2189 Qui
2977 2128 3156 2173 autem
3188 2114 3436 2172 adlta'ret
3460 2113 3595 2180 Deo,

1995 2236 2250 2278 curarum
2282 2219 2542 2291 fugitans,
2563 2216 2898 2285 voluptatem
2920 2213 3065 2285 capit
3087 2209 3412 2283 cognitionis
3437 2217 3601 2263 aster-

1996 2333 2103 2385 nae,
2133 2315 2336 2371 nullam
2371 2313 2483 2370 illic
2511 2312 2869 2368 mutationem
2902 2322 3084 2365 rerum
3112 2294 3598 2375 saeculariunt'per-

1996 2410 2311 2464 timescens.

2069 2502 2161 2558 16.
2199 2502 2301 2571 Qui
2332 2500 2670 2557 facilioribus
2718 2500 2885 2571 igitur
2907 2498 3156 2553 laborum
3187 2503 3416 2552 utuntur
3444 2505 3598 2548 com-

1994 2596 2245 2668 pendiis,
2298 2596 2624 2664 darmitavit,
2689 2594 3007 2666 accipiunt:
3041 2591 3137 2647 sed
3185 2590 3449 2662 Origenes
3504 2588 3596 2660 qui

1996 2691 2291 2745 multorum
2342 2690 2826 2761 interpretationes
2872 2685 3116 2755 diligenti
3159 2681 3596 2740 discnssitinda-

1993 2787 2119 2857 gipc
2141 2828 2157 2853 ,
2206 2787 2450 2848 stillavit,
2484 2795 2705 2840 secutus
2729 2794 2837 2851 est,
2870 2800 2937 2839 eo
2981 2781 3124 2852 quod
3157 2778 3386 2851 perfecti
3416 2777 3596 2832 anima

1994 2882 2147 2953 quasi
2175 2881 2316 2936 bene
2360 2880 2661 2950 composita
2701 2889 2751 2933 ct
2776 2878 3093 2934 confirmata
3124 2892 3231 2932 non
3258 2874 3432 2929 stillat
3460 2914 3475 2937 ,
3527 2883 3587 2928 ut

1993 2973 2208 3045 fastigia
2227 2972 2524 3027 culminum
2542 2988 2662 3041 qua:
2680 2972 2818 3026 bene
2842 2980 2982 3025 tecta
3006 2978 3169 3035 atque
3198 2968 3405 3023 munita
3429 2971 3556 3021 sunt
3577 2984 3589 3022 :

1995 3074 2254 3122 cazterum
2302 3065 2658 3134 incomposita
2692 3065 2802 3119 cito
2833 3063 3060 3118 stillant.
3111 3062 3240 3117 lude
3273 3071 3597 3129 usurpatum

1994 3169 2079 3217 est
2110 3177 2124 3214 :
2148 3159 2437 3216 Stillicidia
2461 3159 2679 3224 eiiciam
2699 3158 2954 3213 hominem
2982 3157 3035 3211 iu
3066 3156 3148 3211 die
3169 3154 3380 3211 hiemali
3406 3152 3470 3207 de
3497 3153 3593 3207 do-

1994 3272 2077 3309 mo
2098 3272 2196 3310 sua
2220 3253 2432 3325 (Proin,
2462 3268 2629 3320 xxvtt,
2665 3251 2773 3320 15),
2792 3250 2818 3288 ά
2839 3251 2890 3305 in
2908 3265 3017 3321 quo
3037 3250 3251 3320 frigoris
3271 3246 3586 3318 asperitate,

263 3341 426 3398 enim
480 3339 575 3395 vel
610 3338 968 3395 hallucinatio
1022 3338 1233 3393 videtur
1279 3336 1436 3409 longa
1488 3339 1732 3407 qua'dam
1772 3354 1889 3394 esse

2000 3358 2047 3404 et
2078 3346 2349 3419 frequenti
2380 3346 2525 3402 aeris
2556 3345 2856 3400 mutatione
2886 3352 3180 3398 tentamur.
3217 3339 3465 3410 Denique
3495 3337 3594 3395 do-

266 3435 576 3493 mcditatio
602 3477 617 3500 ,
675 3444 730 3490 et
782 3448 998 3489 morosa
1021 3434 1266 3507 quaedam
1314 3436 1514 3490 mentis
1548 3433 1781 3489 intentio
1815 3452 1827 3487 :
1859 3448 1889 3488 a

267 3545 392 3602 quo
422 3543 538 3584 non
566 3530 728 3597 longe
754 3530 912 3586 abest
937 3532 1284 3596 exercitium,
1320 3529 1403 3585 vel
1433 3530 1622 3592 animi.
1653 3529 1739 3585 vel
1768 3543 1893 3584 cor-

269 3627 461 3696 poris.
491 3622 625 3678 Natn
649 3632 704 3678 ut
727 3623 816 3678 ille
845 3624 935 3694 qui
965 3634 1185 3681 exercet
1213 3624 1456 3680 membra
1491 3638 1586 3679 sua
1612 3623 1885 3694 palmstra,

270 3716 495 3773 diutius
550 3726 803 3782 exercet,
856 3726 911 3771 ut
961 3718 1181 3772 rohoret
1216 3735 1229 3771 :
1264 3718 1334 3770 ita
1363 3717 1454 3786 qui
1485 3726 1706 3772 exercet
1738 3732 1889 3771 men-

271 3821 388 3865 tem
435 3807 494 3863 in
528 3807 821 3876 St'ripttlt‘is
853 3806 1049 3863 divinis
1077 3849 1092 3875 ,
1144 3808 1231 3863 vel
1276 3808 1330 3863 in
1362 3808 1640 3875 consiliis,
1685 3807 1888 3865 diutius

272 3919 550 3961 exercere
574 3903 758 3960 debet.

350 3998 447 4055 14.
494 3994 672 4053 Exivit
699 3998 755 4052 in
780 4013 1020 4067 campum
1050 3996 1205 4052 Isaac
1231 3995 1385 4067 (Gen.
1414 4013 1564 4063 xxtv,
1593 3999 1710 4072 65).
1736 3998 1888 4056 Grae-

270 4107 376 4148 cus
406 4090 552 4146 dixit
581 4089 940 4163 ἀδολεσχῆσαι
968 4108 980 4143 :
1013 4089 1238 4145 Latinus
1265 4090 1649 4157 deambulare,
1677 4091 1766 4146 vel
1791 4108 1888 4145 ex-

270 4186 485 4245 erceri.
520 4185 769 4240 Rebecca
812 4185 1067 4240 veniebat
1100 4203 1112 4239 :
1142 4192 1302 4256 typus
1331 4186 1381 4238 in
1407 4200 1470 4239 ea
1500 4185 1886 4255 praetiguraba-

273 4292 368 4338 tur
393 4280 669 4337 Ecclesiae
701 4297 714 4333 :
742 4279 1069 4348 parabantur
1099 4279 1336 4345 unptim,
1392 4278 1444 4332 in
1476 4278 1672 4347 quibus
1703 4292 1887 4333 sacra-

272 4383 532 4430 mentum
561 4372 702 4426 foret
739 4386 1015 4439 magnum.
1043 4369 1248 4425 Videtis
1278 4369 1588 4439 patriarcha
1630 4369 1716 4424 illa
1745 4385 1890 4440 mys-

275 4466 443 4533 teria,
478 4464 651 4519 exivit
680 4463 733 4516 in
758 4477 1031 4533 campum,
1058 4461 1370 4517 diffundens
1391 4462 1744 4517 acrimoniam
1774 4477 1886 4517 sum

272 4559 488 4616 mentis
510 4599 527 4623 ,
571 4564 625 4611 et
654 4554 1012 4612 deambulans
1045 4556 1097 4610 in
1123 4554 1431 4611 innocentia
1459 4555 1640 4610 cordis
1661 4556 1765 4610 sui.
1795 4555 1887 4610 Di-

273 4653 460 4709 versis
496 4649 685 4721 utiqne
724 4647 1146 4727 cogitationibus
1185 4648 1477 4704 exercebat
1521 4648 1785 4715 animum,
1830 4658 1885 4705 et

1995 3456 2186 3496 cemnr
2217 3438 2525 3509 providere,
2560 3453 2629 3493 ne
2652 3436 2773 3509 fuga
2803 3446 2990 3491 nostra
3033 3435 3125 3490 flat
3152 3434 3329 3490 hieme
3357 3432 3445 3487 vel
3473 3430 3597 3487 sab-

1996 3533 2126 3589 bato
2156 3532 2373 3605 (Matth.
2404 3548 2551 3596 XXIV,
2579 3530 2698 3591 ιο).
2733 3529 3000 3586 Probatos
3035 3527 3312 3598 enimjam
3346 3540 3445 3581 nos
3475 3524 3597 3579 dies

1996 3629 2160 3685 debet
2190 3627 2438 3697 reperire
2470 3626 2556 3681 vel
2592 3624 2782 3697 judicii
2807 3664 2823 3688 ,
2872 3624 2961 3679 vel
2991 3624 3218 3690 mortis;
3251 3637 3319 3678 ne
3342 3619 3594 3677 viduatos

1994 3721 2365 3779 viriditatihus
2393 3733 2782 3793 prosperorum
2812 3760 2826 3784 ,
2855 3727 2910 3773 et
2935 3718 3082 3774 omni
3110 3716 3374 3788 spoliatos
3399 3728 3595 3770 secun-

1995 3816 2191 3873 dorum
2220 3815 2356 3871 flore
2386 3827 2738 3870 succcssuum
2768 3812 2947 3867 exitus
2977 3810 3172 3867 mortis
3203 3809 3460 3865 inveniat.

2062 3912 2149 3967 l7.
2192 3909 2494 3967 Caveamus
2523 3925 2655 3980 ergo
2685 3925 2754 3965 ne
2782 3907 3156 3976 unusquisque
3189 3915 3432 3960 nostrum
3481 3902 3588 3972 eji-

1990 4008 2169 4063 ciatur
2199 4006 2266 4062 de
2297 4015 2441 4061 statu
2464 4005 2664 4061 tuentis
2692 4018 2826 4069 suae,
2849 4014 2897 4059 et
2921 4001 3153 4058 naturali
3185 4000 3415 4071 quadam
3441 4013 3591 4052 man-

1991 4103 2167 4165 sione,
2225 4102 2268 4155 si
2319 4101 2514 4155 habeat
2561 4099 2824 4154 foramina
2884 4095 3266 4160 mansionum,
3324 4107 3356 4147 e
3396 4090 3592 4163 quibus

1992 4193 2214 4248 fluentia
2237 4192 2513 4247 stillicidia
2539 4201 2809 4257 tamquam
2838 4205 2903 4243 ex
2928 4184 3298 4241 fundamentis
3320 4184 3590 4237 suhrnant

1996 4286 2271 4343 hominem
2307 4286 2454 4341 nulla
2480 4284 2762 4355 sapientia:
2793 4281 3069 4337 soliditate
3100 4278 3400 4333 fundatum.
3430 4275 3589 4332 Ideo-

1992 4395 2098 4450 que
2146 4379 2221 4434 ait
2253 4378 2511 4449 propheta
2549 4396 2561 4431 :
2592 4375 2736 4442 Fili,
2767 4391 2830 4430 ne
2869 4374 3069 4444 deﬂuus
3104 4371 3312 4446 (Prov.,
3347 4386 3437 4437 ιιι,
3469 4369 3588 4443 21).

1991 4471 2374 4529 Confirmauda
2398 4480 2481 4528 est
2499 4472 2854 4544 igituranima
2886 4478 3094 4529 nostra.
3122 4482 3190 4523 ne
3211 4464 3413 4530 stillet;
3441 4464 3594 4520 etin-

1990 4564 2210 4622 dividna
2238 4565 2493 4619 virtutum
2518 4578 2783 4633 compage
2812 4559 3091 4617 solidanda
3116 4600 3131 4624 ,
3165 4568 3221 4613 ιιι
3250 4557 3419 4629 possit
3448 4557 3592 4627 regis

1989 4657 2180 4714 aeterni
2221 4671 2441 4713 servare
2487 4656 2829 4728 mysterium.
2870 4653 3139 4708 Caeterum
3170 4652 3216 4705 is
3265 4650 3593 4722 quicumque

275 4749 329 4804 in
360 4746 713 4803 mirabilibus
739 4744 1013 4817 mysteriis
1038 4742 1422 4800 delectabatur
1453 4763 1467 4799 :
1496 4745 1653 4813 cujus
1683 4754 1735 4799 ut
1762 4746 1876 4799 imi-
1909 4766 1966 4828 Β
1989 4761 2072 4808 est
2092 4751 2263 4807 facitis
2290 4752 2342 4806 in
2372 4750 2575 4818 verbis,
2596 4750 2743 4805 velut
2773 4749 2963 4819 plenus
2986 4748 3272 4811 rimarum,
3301 4744 3402 4800 hac
3430 4752 3592 4809 atque

278 4851 424 4898 tator
449 4840 715 4897 evaderet
735 4849 956 4895 sanctus
1004 4838 1262 4909 propheta
1283 4880 1298 4901 .
1332 4838 1517 4893 doceri
1536 4838 1885 4909 justitieatio-

278 4951 380 4991 nes
408 4936 532 5001 Dei,
582 4944 635 4989 et
661 4933 804 4989 viam
839 4932 1176 5004 jnstitiarnm
1216 4932 1521 4988 caelestium
1553 4946 1885 5001 cognoscere

276 5030 590 5101 gestiebat;
648 5037 706 5083 ut
732 5041 839 5083 non
866 5027 1131 5084 dormiret
1160 5027 1340 5083 anima
1367 5025 1487 5098 ejus
1515 5026 1703 5082 saeculi
1730 5026 1887 5083 istius

356 5260 381 5289 ι
425 5248 743 5305 Varietates
782 5246 929 5301 circa
956 5245 1095 5301 hanc
1129 5258 1316 5300 vocem
1338 5285 1352 5306 .
1407 5252 1463 5315 et
1483 5242 1618 5315 alias
1644 5244 1888 5315 ejusdem

283 5320 777 5391 interpretationes
802 5317 1044 5377 reperias
1073 5317 1193 5391 licet
1228 5317 1280 5371 in
1307 5316 1399 5369 lib.
1428 5313 1683 5391 DeAlsaac‘
1709 5329 1754 5370 et
1777 5319 1891 5391 aui-

282 5411 390 5457 ma,
420 5388 796 5463 cap.l,rnntn.
819 5391 982 5463 etiam
1005 5403 1040 5451 ι,
1066 5397 1122 5443 et
1152 5389 1285 5442 inira
1313 5402 1480 5463 serui.
1511 5388 1770 5463 “Lvers.
1796 5388 1887 5463 85.

286 5465 364 5519 De
389 5457 504 5535 qud
526 5462 709 5535 verbo
729 5460 867 5535 Avide
912 5474 1130 5530 quoque
1159 5463 1384 5532 August.
1422 5458 1518 5514 lib.
1550 5474 1565 5513 ι
1592 5457 1801 5525 Qnmst.
1833 5462 1888 5517 itt

282 5532 421 5593 Gen:
450 5543 652 5601 qttmst.
684 5532 775 5589 69.

355 5605 384 5646 δ
429 5605 578 5662 Edit.
609 5614 720 5660 ant.
751 5605 802 5658 in
833 5611 1010 5666 textu,
1036 5604 1353 5674 superﬂuum
1379 5602 1588 5666 videre;
1620 5603 1674 5656 in
1711 5618 1884 5671 marg.

285 5688 502 5742 autem.
562 5676 887 5746 superﬂuum
932 5673 1142 5739 dicere;
1190 5689 1349 5746 quam
1390 5676 1675 5730 lectionem
1723 5674 1884 5729 Ilum.

286 5750 342 5803 in
367 5759 570 5804 textum
588 5745 877 5803 transtulit.
898 5746 1023 5800 Mss.
1046 5760 1179 5802 vero
1199 5745 1475 5800 nobiscum
1502 5747 1722 5801 faciunt.
1749 5747 1887 5801 Rur-

288 5820 382 5874 Sus
401 5830 609 5875 cnnctze
639 5818 807 5879 eun...
843 5829 890 5871 et
912 5816 1144 5872 ordinem
1174 5833 1275 5870 non
1306 5832 1495 5871 serves.
1527 5817 1718 5874 Melius
1750 5832 1881 5874 mss.

291 5903 606 5962 exnttngunt
637 5891 1002 5962 negationem.
1041 5880 1254 5944 Etenim
1289 5881 1702 5962 hieostetulttur
1730 5890 1882 5962 ordia

296 5958 441 6031 item,
466 5956 590 6021 cum
611 5956 922 6034 religidsius
947 5973 1202 6020 servatur
1218 6000 1233 6029 ,
1262 5960 1484 6017 taedium
1510 5958 1708 6018 afferre
1733 5958 1888 6019 andi-

1992 4845 2116 4901 illac
2132 4843 2391 4909 efﬂuens.
2434 4844 2690 4899 interiora
2722 4850 2951 4898 evacuat
2983 4855 3111 4907 sua,
3150 4850 3199 4895 et
3231 4836 3594 4894 exterioribus

1995 4940 2342 5012 passionibus
2361 4939 2675 5007 inundatur,
2703 4947 2885 5008 tegere
2908 4952 2968 4993 se
2988 4935 3258 4994 nesciens.
3287 4946 3386 4987 nec
3405 4939 3593 4986 tenere

1994 5034 2220 5092 verbum
2241 5033 2385 5106 quod
2415 5033 2690 5105 acceperit
2714 5052 2726 5088 :
2752 5031 2894 5088 sicut
2919 5040 3107 5087 sancta
3132 5027 3296 5085 Maria
3325 5042 3445 5099 qua:
3465 5038 3567 5080 con

1996 5248 2131 5323 tori,
2157 5261 2217 5306 ιιι
2245 5252 2405 5309 docet
2432 5254 2545 5323 ipsa
2575 5252 2942 5308 ratiocinatio.
2970 5252 3036 5308 Et
3056 5252 3161 5307 hoc
3189 5251 3443 5320 congruit
3467 5264 3591 5306 cum

1999 5322 2205 5377 lioratii
2239 5322 2511 5392 prmcepto
2544 5324 2595 5378 in
2628 5323 2759 5379 Arte
2789 5333 2935 5392 poet.
2964 5323 3050 5378 ubi
3085 5326 3450 5378 narrationem
3484 5329 3595 5376 tra-

1994 5393 2069 5448 dit
2099 5408 2320 5463 semper
2346 5396 2410 5449 ad
2435 5405 2686 5449 eventum
2722 5393 2983 5451 fcsrinare
3019 5394 3243 5463 debere.

2063 5476 2092 5557 ὀ
2135 5462 2241 5519 Pro
2267 5465 2572 5541 ἀδολεσχία,
2602 5465 2761 5523 codd.
2795 5466 2936 5523 bene
2974 5462 3348 5537 multi'legunt
3378 5463 3596 5521 ἀδολεσ-

2046 5557 2217 5597 ησεια.

2046 5557 2217 5597 ησιια.

1998 5557 2042 5608 χ
2065 5605 2107 5645 δ’
2137 5608 2282 5664 Edit.
2318 5624 2510 5665 omnes
2535 5624 2598 5663 ac.
2620 5608 2830 5680 pauculi
2856 5623 3015 5673 mss.,
3060 5608 3115 5662 in
3143 5622 3245 5677 qua
3276 5605 3489 5680 frigoris
3508 5621 3596 5660 as-

1994 5680 2211 5752 peritate
2233 5695 2253 5734 :
2286 5681 2388 5735 Alii
2425 5676 2654 5752 numero
2687 5682 2899 5752 maiori,
2952 5680 3005 5752 in
3035 5676 3170 5752 quo,
3229 5676 3591 5752 et'c.’b1elius;

1994 5746 2232 5806 refertur
2257 5752 2399 5806 enim
2425 5751 2491 5805 ad
2524 5751 2922 5813 antecedentia,
2952 5751 3004 5803 in
3028 5751 3112 5803 die
3132 5750 3363 5803 hiemali.
3388 5746 3596 5799 Rursus

1994 5831 2113 5892 post
2150 5837 2322 5892 pauca
2368 5823 2458 5879 ubi
2494 5837 2686 5892 omnes
2729 5819 2862 5877 mss.
2906 5836 2971 5892 ac
2999 5829 3107 5892 vet.
3142 5822 3300 5892 edit_.,
3340 5817 3596 5873 Prohatos

1992 5889 2172 5958 enim}
2203 5903 2531 5965 reposuerat
2556 5890 2687 5951 edit.
2725 5894 2907 5960 nom,
2942 5889 3161 5947 Paratas
3181 5889 3337 5959 enim,
3372 5894 3479 5944 etc:
