4124 6346
526 306 551 361 ‘I
564 305 667 361 ΞΠ

1862 306 2106 366 SANCTI
2145 308 2467 368 AMUROSII

3673 317 3809 374 i243

519 419 772 485 servabat
794 421 971 477 omnis
1001 420 1166 477 verba
1209 423 1262 477 in
1295 422 1462 479 corde
1490 438 1592 479 suo
1619 422 1798 497 (Lua,
1819 439 1881 490 ιι,
1905 423 2020 497 iii),
2049 440 2119 483 ne
2144 428 2193 489 Α
2222 427 2300 499 ﬂ);
2328 444 2395 483 ne
2421 440 2748 486 moveantur
2774 431 2943 503 pedes
2962 433 3100 504 ejus.
3125 449 3193 490 ne
3214 433 3569 491 effundantur
3592 450 3811 508 gressus

521 512 651 586 quid
677 524 743 568 ex
774 514 895 585 ejus
917 524 943 553 ι
974 515 1143 572 corde
1173 514 1460 573 deflueret.

596 607 685 663 18.
726 607 844 663 Tali
894 622 956 664 se
985 610 1247 665 munitam
1289 610 1419 667 dote
1468 609 1726 667 virtutem
1758 611 2002 670 Ecclesia
2030 613 2116 670 lo-

521 699 741 772 quitur;
773 710 833 758 nt
864 702 1023 767 digna
1051 702 1302 759 videatur
1327 704 1379 759 in
1409 704 1565 775 cujus
1593 706 1851 761 invitatus
1871 707 2117 777 Sponsus

524 795 781 851 succedat
806 796 1121 867 hospitium.
1171 796 1309 853 Hinc
1340 799 1570 869 primum
1597 814 1659 855 se
1690 802 1963 869 presumit
1998 817 2119 859 esse

525 892 870 963 placituram,
910 891 956 947 si
987 892 1126 948 bene
1147 900 1368 959 tectam,
1399 905 1452 949 et
1482 893 1585 949 lida
1617 902 1926 951 servantem
1954 896 2121 952 silen-

524 986 596 1040 tia
634 984 884 1041 Christus
910 984 1195 1055 adspiciat.
1218 986 1351 1043 Ecce
1379 1004 1454 1051 es,
1485 988 1683 1059 inquit,
1708 989 1970 1058 formosus
1995 1006 2119 1046 con-

523 1080 762 1135 sobrinus
793 1094 969 1147 meus,
1013 1091 1062 1137 et
1088 1082 1296 1151 quidem
1322 1069 1558 1155 'pulclter
1588 1096 1604 1138 :
1636 1084 1913 1140 declinatio
1946 1095 2123 1141 nostra

524 1188 722 1242 opaca,
770 1172 939 1228 trabes
980 1173 1253 1228 domorum
1298 1185 1595 1230 nostrarum
1644 1176 1807 1243 cedri,
1849 1176 2124 1233 lacunaria

529 1277 709 1323 nostra
740 1268 973 1336 cupressi
1003 1267 1179 1340 (Cant.
1197 1285 1236 1335 ι,
1270 1270 1338 1327 15
1363 1278 1411 1325 et
1437 1270 1549 1343 16).
1579 1271 1789 1328 Laudat
1809 1275 1997 1343 sponsi
2028 1274 2124 1330 de-

535 1372 719 1414 corem
750 1358 992 1414 Ecclesia
1013 1398 1029 1425 ,
1080 1377 1241 1430 quem
1272 1362 1394 1430 plus
1422 1366 1793 1436 unusquisque
1820 1365 1984 1420 tacito
2010 1366 2126 1423 lau-

527 1453 623 1509 dat
642 1452 870 1517 aﬂ‘ectu,
910 1462 966 1510 et
988 1454 1126 1511 ﬁdus
1165 1458 1548 1529 mysteriorum
1581 1458 1855 1531 interpres
1896 1461 2126 1517 tacendo

531 1545 650 1614 plus
681 1545 961 1616 praedicat.
995 1548 1130 1603 illam
1159 1551 1250 1621 qui
1297 1564 1495 1607 arcana
1523 1551 1804 1624 divulgat,
1854 1553 2127 1610 imminuit

528 1638 731 1694 Christi
762 1639 1042 1696 decorem.
1072 1641 1199 1699 ideo
1242 1660 1405 1701 nemo
1433 1647 1613 1702 mittat
1652 1650 1976 1720 margaritas
1998 1665 2125 1706 suas

531 1734 751 1803 porris,
800 1750 869 1791 ne
909 1738 1221 1794 conculcari
1275 1740 1437 1797 faciat
1488 1752 1807 1798 ornamenta
1860 1746 2122 1814 pretiosa.

2219 520 2357 590 ejus.
2391 523 2523 590 Qute
2560 523 2603 578 si
2643 524 2766 594 quis
2799 533 2951 581 recto
2995 529 3179 598 vigeat
3222 526 3391 584 corde
3413 569 3429 592 .
3455 542 3561 584 non
3586 530 3808 599 patitur,

2219 616 2314 668 sed
2343 614 2613 670 radiculas
2633 625 2796 685 atque
2822 616 3077 673 fundatus
3094 618 3358 674 adversus
3382 632 3574 676 omnes
3606 620 3814 692 passio-

2221 719 2347 759 num
2376 704 2571 762 lluctus
2593 707 2887 764 immobilis
2911 720 3240 781 perseverat.

2292 798 2383 853 ΞΩ.
2425 799 2608 871 (Vere.
2647 800 3160 873 29.)Coniirmatus
3183 803 3347 874 igitur
3382 803 3438 860 in
3470 803 3656 861 verbis
3692 804 3764 861 ait
3797 822 3812 860 :

2229 891 2379 949 Viam
2407 891 2692 957 iniquitatis
2720 909 2898 948 amore
2915 911 2949 949 α
2974 911 3074 960 me,
3101 905 3149 949 et
3174 896 3285 970 lege
3311 907 3401 951 tua
3420 897 3661 952 miserere
3684 899 3810 952 mei.

2222 983 2339 1040 Non
2368 985 2542 1040 dixit:
2571 986 2780 1042 Amove
2814 1000 2903 1044 me
2925 1003 2953 1042 n
2982 989 3063 1044 via
3111 989 3453 1058 iniquitatis;
3499 990 3593 1046 sed
3613 1030 3629 1054 ,
3661 989 3813 1045 Viam

2222 1077 2510 1149 iniquitatis
2525 1091 2702 1135 amore
2719 1095 2749 1134 ιι
2762 1093 2870 1145 me;
2896 1083 3049 1152 quasi
3075 1081 3129 1136 in
3164 1081 3323 1137 nobis
3339 1082 3407 1136 sit
3428 1123 3443 1149 ,
3474 1091 3531 1138 et
3552 1082 3709 1138 nobis
3725 1082 3811 1138 in-

2224 1182 2346 1224 esse
2373 1170 2639 1227 videatur.
2663 1172 2929 1238 Quamdiu
2957 1173 3103 1229 enim
3133 1189 3455 1233 exercetnus
3485 1174 3689 1245 aliquid
3711 1176 3813 1229 im-

2227 1265 2479 1335 probum,
2514 1267 2598 1321 via
2622 1266 2923 1336 iniquitatis
2958 1268 3186 1324 interius
3212 1278 3412 1336 manet,
3445 1278 3501 1324 et
3526 1284 3635 1325 non
3668 1284 3820 1325 rece-

2224 1358 2305 1414 dit
2335 1375 2362 1412 a
2393 1358 2582 1425 nobis;
2622 1360 2853 1432 ideoque
2885 1362 3129 1419 studiose
3158 1379 3399 1434 agamus,
3447 1372 3505 1420 ut
3532 1377 3654 1421 eam
3674 1378 3703 1419 a
3724 1379 3822 1419 no-

2228 1453 2314 1509 bis
2352 1469 2687 1523 separemus.
2737 1455 2843 1513 Sed
2893 1460 3018 1528 quia
3070 1457 3475 1514 lm~reditarium
3523 1456 3823 1528 iniquitatis

2227 1546 2493 1617 glutinum
2529 1549 2800 1604 mentibus
2828 1549 3045 1605 inhaesit
3075 1550 3327 1606 humanis
3353 1588 3368 1616 ,
3416 1567 3555 1620 opus
3585 1560 3669 1608 est
3692 1550 3825 1608 libe-

2230 1640 2400 1693 rantis
2431 1639 2652 1695 auxilio.
2677 1641 2908 1698 Precare
2933 1652 2989 1697 et
3017 1655 3092 1707 tu,
3111 1655 3167 1698 et
3184 1642 3381 1698 dicito:
3402 1643 3588 1698 Infelix
3605 1658 3707 1713 ego
3728 1643 3827 1698 ho-

2230 1749 2340 1798 mo,
2372 1736 2493 1805 quis
2522 1736 2795 1792 amovebit
2818 1753 2847 1792 a
2873 1753 2961 1792 me
2982 1738 3285 1810 iniquitatis
3310 1739 3496 1795 viam?
3519 1739 3701 1795 Gratia
3727 1737 3824 1795 Dei

530 1825 651 1883 Non
685 1838 817 1899 ergo
867 1828 920 1884 in
967 1830 1323 1888 tabernaculo
1367 1834 1614 1905 loquacis
1648 1845 1702 1892 et
1729 1837 1970 1907 garruli;
2002 1837 2125 1907 quin
2159 1833 2205 1895 Β
2232 1843 2330 1898 In?"
2357 1827 2542 1884 1950'“
2570 1828 2847 1887 C'IPiSium
2881 1832 3163 1888 Dominum
3195 1843 3475 1898 ιιοθινιιιης
3524 1843 3579 1889 οι
3601 1833 3827 1903 Pulchre

530 1920 585 1974 in
617 1920 964 1991 multiloquio
986 1933 1265 1991 peccatum
1293 1925 1599 1982 admittitur
1623 1944 1637 1981 :
1671 1927 1766 1984 sed
1795 1928 1846 1982 in
1866 1928 1966 1983 viri
1999 1929 2128 1985 serii

532 2013 625 2084 qui
648 2015 718 2069 sit
747 2024 940 2084 parcns
967 2016 1188 2087 alloquii
1218 2059 1233 2084 ,
1291 2034 1393 2076 nec
1430 2022 1706 2077 sermonis
1737 2023 2125 2093 intemperans,

533 2113 589 2161 et
614 2105 906 2162 verborum
930 2107 1229 2165 sobrietate
1258 2111 1632 2170 temulentiam
1654 2113 1995 2185 loquacitatis
2011 2115 2131 2172 evi-

534 2209 679 2265 tans,
711 2207 872 2271 caput
901 2216 1059 2256 suum
1091 2201 1342 2260 Christus
1374 2205 1618 2262 inclinat.

608 2292 697 2348 19.
740 2292 809 2347 Ει
840 2294 1036 2349 merito
1072 2310 1301 2366 opacam
1347 2298 1614 2368 signiﬁcat
1665 2298 2126 2368 acciiuationem;

534 2387 662 2455 quis
694 2387 746 2442 in
778 2388 1020 2445 Ecclesia
1047 2390 1379 2448 constitutos
1424 2393 1598 2450 virtus
1646 2394 1937 2451 obumbrat
1960 2397 2130 2452 Altis-

534 2480 678 2536 simi.
725 2480 835 2537 Hac
874 2482 1062 2539 umbra
1117 2485 1282 2541 David
1330 2488 1541 2559 protegi
1587 2502 1647 2544 se
1678 2490 2018 2558 postulabat;
2064 2506 2132 2549 ne

535 2587 660 2629 eum
697 2589 795 2641 per
826 2573 967 2630 dietn
997 2576 1078 2632 sol
1105 2589 1320 2644 ureret,
1379 2580 1463 2635 vel
1491 2581 1615 2636 luna
1642 2597 1737 2651 per
1768 2590 1981 2638 noctem
2009 2581 2129 2657 (Ps.

536 2681 663 2730 cxx.
695 2666 771 2735 6).
821 2667 971 2724 Hanc
1019 2670 1267 2727 umbram
1324 2673 1591 2743 spiritalis
1637 2674 1909 2730 ministrat
1961 2675 2131 2745 gratia

542 2759 750 2833 1015
774 2761 978 2817 torrida
1007 2763 1197 2818 saeculi
1223 2764 1383 2835 hujus
1413 2774 1467 2820 et
1514 2767 1701 2822 mundi
1722 2769 1905 2823 aestiva
1927 2756 2134 2838 fugien-

534 2853 698 2908 tibus.
740 2854 921 2923 Opaca
972 2856 1134 2926 igitur
1160 2859 1450 2914 acclinatio
1504 2860 1705 2916 Christi
1753 2869 1810 2917 et
1845 2860 2130 2930 Ecclesiae,

531 2947 727 3016 quibus
755 2948 849 3004 Dei
884 2950 1062 3007 Patris
1088 2965 1292 3009 aeterna
1326 2955 1420 3010 illa
1449 2957 1667 3026 requies
1696 2958 1922 3027 aspirat.
1954 2959 2009 3013 in
2034 2958 2134 3015 hac

537 3055 670 3111 ergo
701 3043 1112 3112 requiescamus
1150 3046 1341 3103 umbra
1366 3089 1382 3116 ,
1433 3059 1781 3120 peccatorum
1822 3061 2131 3108 nostrorum

534 3132 757 3188 testibus
786 3134 1013 3207 fatigati.
1043 3137 1099 3193 Si
1132 3154 1270 3209 quos
1299 3139 1513 3196 adussit
1536 3141 1704 3198 libido
1727 3181 1742 3208 ,
1783 3143 1883 3199 hos
1916 3144 2132 3202 Domini

2231 1920 2373 1975 viam
2395 1921 2527 1976 dixit
2556 1922 2855 1994 iniquitatis
2875 1965 2890 1991 ,
2921 1939 3026 1980 non
3054 1924 3423 1995 iniquitatem;
3452 1940 3518 1982 eo
3546 1925 3691 1997 quod
3718 1939 3825 1982 non

2231 2013 2384 2083 quasi
2427 2014 2689 2069 naturalis
2719 2015 2975 2087 iniquitas
3000 2017 3072 2071 sit
3108 2017 3158 2072 in
3188 2016 3348 2073 nobis
3372 2057 3388 2084 ,
3437 2017 3533 2072 sed
3559 2018 3825 2088 majorum

2233 2115 2354 2176 post
2381 2114 2599 2175 peccata
2640 2110 2978 2164 currentium
3004 2110 3077 2164 sit
3108 2110 3289 2165 attrita
3316 2110 3581 2181 vestigiis.

2301 2200 2393 2256 25.
2436 2201 2740 2274 Meritoque
2782 2205 2906 2275 quia
2938 2205 3132 2260 vulnus
3175 2204 3411 2276 grande,
3454 2220 3519 2261 ac
3540 2213 3696 2261 vetns
3721 2214 3826 2272 est,

2231 2307 2287 2353 et
2315 2298 2406 2353 diu
2442 2312 2704 2367 serpens,
2762 2297 3103 2369 perfectioris
3146 2299 3431 2355 medicina)
3468 2297 3709 2354 remedia
3734 2298 3831 2355 de-

2235 2388 2430 2460 poscit,
2476 2389 2771 2446 obsecrans
2818 2401 2876 2447 ut
2928 2391 3140 2447 Domini
3191 2391 3429 2462 legitima
3478 2390 3830 2447 miseratione

2232 2493 2473 2539 curetur.
2506 2484 2633 2540 Cito
2663 2486 2807 2540 enim
2832 2485 3122 2541 refricatur
3150 2484 3369 2553 vulnus,
3401 2484 3544 2556 quod
3577 2497 3827 2541 sanatum

2233 2577 2516 2632 medicinae
2539 2577 2656 2647 lege
2687 2594 2794 2633 non
2824 2577 3013 2642 fuerit;
3056 2578 3222 2633 immo
3249 2578 3412 2633 etiam
3435 2579 3699 2634 seriorem
3731 2594 3830 2634 eu-

2236 2670 2373 2724 ratio
2401 2658 2569 2725 sentit
2596 2669 2922 2742 profectum.
2964 2669 3200 2740 ideoque
3228 2671 3275 2726 si
3312 2672 3460 2726 virus
3492 2671 3542 2725 in
3574 2671 3831 2726 interiora

2235 2762 2546 2831 proserpit,
2598 2763 2993 2820 medicamenta
3038 2762 3173 2819 foris
3214 2764 3461 2834 apposita
3495 2778 3604 2819 non
3637 2763 3829 2821 sentit.

2234 2855 2418 2926 Exigit
2438 2871 2569 2927 ergo
2600 2857 2884 2913 medicinte
2910 2857 3084 2925 ratio,
3118 2866 3174 2912 ut
3196 2867 3287 2913 aut
3318 2858 3558 2913 sectione
3578 2898 3593 2922 ,
3621 2865 3715 2911 aut
3735 2856 3833 2912 ad-

2233 2951 2450 3004 ustione
2499 2959 2739 3007 curetur.
2789 2950 2902 3006 Nisi
2947 2952 3094 3008 enim
3141 2951 3442 3022 putrefacta
3490 2950 3824 3016 recidantur,

2234 3054 2325 3098 aut
2352 3043 2549 3099 humor
2571 3044 2779 3101 inutilis
2802 3045 3157 3117 decoquatur,
3185 3045 3379 3101 frustra
3409 3043 3693 3100 medicina:
3716 3060 3833 3099 ma-

2237 3153 2339 3194 nus
2368 3139 2693 3195 adhibentur
2737 3139 2804 3195 ad
2830 3140 3078 3196 vulnera.
3126 3140 3360 3210 ideoque
3388 3138 3561 3194 bonus
3586 3139 3832 3194 medicus

535 3240 666 3281 crux
690 3227 1006 3299 refrigeret,
1057 3229 1114 3285 in
1141 3247 1246 3302 qua
1274 3248 1333 3288 se
1362 3234 1682 3302 reclinavit;
1735 3245 1793 3292 ut
1825 3247 2008 3294 nostra
2038 3239 2134 3295 de—
2158 3220 2203 3282 ε
2239 3231 2550 3301 huiusmodi
2580 3248 2783 3301 198mm
2817 3233 3031 3306 1016
3055 3231 3294 3303 legitime
3315 3231 3448 3288 die“
3482 3245 3604 3287 esse
3631 3247 3831 3287 (ξυνευ-

532 3319 658 3375 licta
691 3323 1019 3392 susciperet.
1061 3324 1117 3380 Si
1142 3339 1281 3395 quos
1332 3327 1489 3398 culpa
1523 3330 1790 3396 lassavit,
1841 3329 1940 3387 hos
1975 3331 2132 3388 Jesus

531 3413 740 3484 gremio
762 3416 1024 3486 suscipiat
1046 3433 1169 3485 suo,
1202 3429 1255 3475 et
1281 3420 1429 3475 molli
1460 3421 1641 3479 foveat
1666 3426 1940 3495 amplexu.
1976 3426 2130 3484 Unde

533 3506 707 3564 audeo
730 3508 912 3564 dicere
933 3510 1076 3580 quod
1091 3527 1220 3568 caro
1232 3510 1434 3570 Christi
1457 3517 1745 3573 acclinatio
1766 3519 1837 3575 sit
1852 3521 2131 3578 Ecclesite.

608 3599 699 3656 20.
742 3599 940 3657 Trabes
988 3604 1263 3659 domorum
1290 3616 1583 3663 nostrarum
1610 3611 1771 3665 cedri.
1822 3610 1982 3668 Cedri
2010 3627 2134 3683 Spe-

535 3693 642 3759 eie,
692 3694 961 3765 majorum
988 3697 1080 3768 qui
1119 3698 1253 3768 justi
1282 3699 1534 3770 fuerunt,
1581 3703 1750 3773 gloria
1782 3705 2130 3772 declaratur;

524 3782 705 3854 justus
751 3787 896 3844 enim
926 3797 984 3843 ttt
1015 3792 1192 3860 palma
1220 3789 1438 3848 florebit
1465 3834 1481 3861 ,
1531 3796 1757 3867 et,sicut
1789 3797 1985 3853 cedrus
2010 3813 2132 3869 qum

534 3876 588 3933 in
621 3876 829 3936 Libano
884 3888 1005 3947 est,
1049 3883 1524 3955 multiplicabitur.
1567 3887 1722 3944 Sicut
1760 3890 1904 3945 enim
1941 3892 2135 3947 cedrus

534 3985 642 4028 non
673 3975 977 4045 putrescit:
1011 3976 1081 4034 ita
1113 3993 1216 4034 nec
1241 3980 1504 4052 majorum
1533 3982 1705 4055 gloria
1733 3984 1842 4040 ulla
1865 3993 2134 4043 vetustate

531 4069 922 4139 corrumpitur.

603 4160 697 4217 Si.
735 4160 1035 4222 Lacunaria
1066 4178 1243 4225 nostra
1265 4171 1515 4238 cupressi.
1560 4170 1747 4228 Genus
1787 4170 1894 4228 hoc
1920 4173 2134 4229 arboris

534 4267 831 4325 numquam
880 4259 1086 4316 amittit
1127 4260 1460 4317 viriditatem
1502 4278 1656 4318 suam
1690 4281 1703 4317 :
1750 4264 2131 4335 hiemejuxta,

534 4359 684 4411 vere,
712 4357 876 4418 atque
904 4361 1093 4407 aestate
1121 4367 1333 4408 comam
1362 4354 1555 4423 pascit,
1575 4369 1675 4410 nec
1708 4354 1928 4410 diverso
1950 4356 2136 4417 colore

535 4446 796 4497 mutatur.
823 4440 1007 4498 Solam
1034 4444 1174 4500 hanc
1200 4445 1450 4502 arborem
1481 4455 1682 4503 ventus
1713 4462 1811 4502 suo
1839 4462 2131 4519 numquam

537 4530 746 4588 honore
813 4534 1272 4606 deSpoliat:sola
1332 4554 1625 4611 numquam
1691 4540 1862 4597 veteri
1912 4542 2135 4599 exuitur

533 4626 759 4692 amictu,
782 4639 874 4684 ant
900 4646 1040 4686 novo
1062 4630 1196 4689 ﬂore
1219 4634 1466 4690 vestitur.
1491 4634 1582 4691 Sic
1598 4634 2130 4709 apustolicanuoque

2233 3325 2391 3388 dum;
2436 3336 2493 3379 ut
2518 3327 2690 3396 possit
2733 3328 2999 3382 medicina
3048 3325 3334 3397 proficere.
3378 3325 3523 3397 Lege
3566 3341 3698 3396 ergo
3724 3325 3829 3379 mi-

2236 3426 2447 3472 seretur
2467 3459 2480 3483 ,
2512 3418 2602 3488 qui
2631 3433 2755 3474 eum
2780 3419 2989 3488 jnstitia
3019 3418 3395 3489 sapientiaque
3434 3417 3743 3482 miseretur;
3774 3426 3835 3472 ut

2235 3527 2293 3566 ea
2328 3510 2566 3567 dimittat
2595 3526 2715 3581 quae
2746 3512 2845 3567 scit
2874 3512 2998 3582 jure
3030 3526 3193 3583 posse
3220 3510 3455 3578 dimitti;
3508 3524 3575 3565 ne
3597 3524 3721 3565 cum
3750 3509 3835 3565 al-

2236 3607 2403 3662 terius
2460 3606 2781 3675 miseretur,
2832 3623 2892 3662 se
2922 3607 3100 3678 ipsum
3152 3606 3256 3677 legi
3311 3604 3470 3661 faciat
3508 3603 3829 3659 obnoxium.

2234 3702 2382 3770 Agag
2400 3708 2685 3770 postquam
2701 3697 3049 3755 miseratione
3069 3696 3303 3753 donatus
3324 3704 3429 3764 est,
3455 3694 3583 3752 fecit
3605 3709 3833 3765 peccaro

2236 3793 2385 3850 Saul.
2420 3793 2671 3849 Peccavit
2720 3793 2865 3849 enim
2900 3793 2953 3847 in
2983 3795 3096 3863 ipsa
3146 3789 3521 3847 misericordia
3549 3831 3564 3856 ,
3620 3801 3675 3846 et
3708 3789 3832 3847 ideo

2237 3887 2477 3956 peccavit
2507 3896 2628 3957 post
2653 3884 3114 3943 misericordiam.

2304 3979 2397 4038 24.
2438 3978 2859 4038 Consideremns
2883 3981 3046 4037 etiam
3069 4021 3084 4047 ,
3115 3994 3183 4036 ne
3210 3987 3263 4035 et
3287 3979 3463 4050 ipsum
3495 3977 3830 4034 deteriorem

2236 4072 2518 4142 faciamus,
2541 4075 2695 4145 cujus
2722 4074 3046 4130 miseremur
3078 4071 3663 4143 injusteﬁPlcrmnqm
3681 4070 3829 4128 enim

2237 4185 2343 4224 non
2372 4182 2626 4223 coercere
2651 4167 3028 4238 delinquentes
3051 4164 3078 4205 ιι
3110 4164 3333 4236 majoris
3371 4164 3715 4220 auctoritatis
3743 4172 3832 4220 est

2236 4276 2395 4332 quam
2427 4260 2475 4314 si
2507 4259 2806 4316 ulciscaris.
2841 4259 3158 4315 Traduntur
3186 4257 3331 4313 enim
3363 4256 3417 4311 in
3449 4258 3734 4328 passiones
3755 4256 3835 4328 ig-

2241 4354 2502 4409 nominize
2527 4392 2539 4416 ,
2592 4353 2923 4423 quicumque
2949 4350 3150 4422 aliquid
3175 4350 3521 4405 inhonestum
3546 4348 3835 4404 commise-

2239 4456 2386 4515 rttnt,
2415 4446 2731 4515 nullumque
2755 4446 2929 4516 culpa:
2966 4445 3198 4516 pretium
3227 4443 3431 4500 ferunt.
3466 4443 3711 4514 Denique
3738 4458 3836 4499 eos

2235 4540 2327 4611 qui
2354 4540 2687 4610 cognitorem
2735 4538 2903 4594 Deum
2943 4552 3167 4593 suorum
3211 4538 3482 4593 scelerum
3527 4551 3635 4591 non
3682 4543 3837 4606 puta-

2238 4631 2387 4697 bant,
2420 4641 2471 4687 et
2490 4631 2644 4703 quasi
2668 4630 2785 4686 sine
2812 4628 2995 4700 judice
3020 4638 3076 4686 et
3106 4628 3227 4686 sine
3258 4629 3379 4700 lege
3398 4628 3675 4696 vivebant,
3704 4627 3835 4684 Tra-

537 4720 709 4790 gratia
723 4722 1181 4780 nescitdefectum
1203 4743 1216 4779 :
1242 4727 1335 4782 sed
1360 4735 1624 4784 vetustate
1638 4727 1915 4784 suiiloret.
1937 4730 2129 4785 Anima
2157 4712 2210 4775 Ῐ)
2238 4728 2371 4783 didit
2400 4727 2542 4794 illos,
2570 4726 2765 4797 inquit,
2801 4725 2940 4780 Deus
2969 4726 3023 4781 in
3049 4724 3324 4798 reprobum
3352 4739 3555 4781 sensum
3581 4722 3760 4796 (iiont.
3792 4740 3831 4790 ι,

533 4827 663 4883 ergo
678 4816 952 4885 corrumpi
981 4819 1173 4885 nescit,
1198 4835 1316 4889 quae
1347 4818 1671 4877 florentibus
1687 4822 1896 4878 meritis
1915 4822 2126 4893 vigens,

535 4919 754 4976 semper
806 4908 1031 4979 justitice
1078 4919 1509 4985 eteterarumque
1573 4914 1833 4970 virtutum
1889 4914 2129 4970 culmina

538 4995 763 5068 patienti
806 5002 1251 5071 magnanimitate
1294 5014 1582 5061 sustentat.
1628 5006 1696 5061 Et
1728 5006 1851 5062 ideo
1878 5023 1985 5062 non
2035 5008 2128 5063 de-

536 5090 688 5155 llnit,
735 5107 909 5165 neque
931 5094 1151 5162 deﬁcit;
1201 5097 1328 5168 quia
1370 5097 1505 5153 nihil
1547 5100 1600 5154 in
1660 5114 1724 5156 ea
1756 5099 2017 5155 rimosum
2046 5106 2131 5154 est

531 5196 596 5238 ac
650 5186 954 5253 remissum,
1009 5187 1136 5244 nihil
1161 5191 1407 5259 mobile,
1458 5191 1593 5247 nihil
1643 5190 1946 5257 lubricum,
1993 5188 2128 5246 nihil

533 5276 676 5344 quod
694 5278 826 5335 vitio
851 5284 1119 5338 sermonis
1139 5300 1203 5338 ex
1223 5299 1284 5340 ea
1310 5285 1478 5355 possit
1503 5285 1723 5343 eil'undi.
1738 5286 1977 5356 Ideoque
1998 5301 2133 5342 con-

534 5367 708 5424 timari
751 5382 811 5427 se
842 5370 981 5444 petit
1017 5375 1070 5430 in
1110 5377 1290 5431 verbis
1320 5379 1433 5433 suis
1480 5378 1750 5449 Propheta
1781 5376 1903 5451 (Ps.
1955 5392 2122 5445 Lxxu,

534 5555 569 5609 ά
599 5491 642 5625 ἢ
674 5485 874 5612 Om‘nes
904 5488 1059 5556 edit.,
1113 5506 1201 5546 ore
1241 5490 1515 5561 deflueret.
1543 5493 1747 5549 Omnes
1773 5508 1927 5562 mss.,
1971 5488 2124 5549 corde

571 5571 598 5609 ε
644 5573 764 5613 uere
791 5598 804 5612 .

571 5571 617 5613 et
624 5571 804 5613 meret.

2238 4818 2363 4893 9.8);
2392 4820 2515 4890 quia
2534 4818 2821 4890 elegerunt
2846 4818 2987 4885 viam
3018 4818 3320 4890 iniquitatis
3344 4834 3357 4871 :
3380 4817 3519 4872 viam
3543 4826 3725 4872 autem
3743 4832 3836 4897 ve-

2240 4914 2413 4968 ritatis
2441 4913 2642 4984 eligere
2669 4911 2980 4967 noluerunt.

2308 5004 2398 5061 9.5.
2435 5005 2614 5079 (Vers.
2645 5002 2761 5077 50.)
2799 5003 2902 5060 Sed
2932 5002 3192 5076 propheta
3217 5003 3308 5074 qni
3338 5004 3555 5060 sincero
3585 5003 3830 5059 converti

2241 5098 2409 5153 voluit
2435 5097 2648 5165 aliectu,
2687 5096 2867 5163 Viam,
2922 5097 3115 5167 inquit,
3148 5096 3376 5150 ueritatis
3424 5097 3552 5170 elegi
3581 5113 3601 5150 :
3626 5098 3836 5167 judicia

2243 5198 2331 5246 tua
2361 5206 2461 5245 non
2495 5205 2608 5245 sum
2635 5189 2843 5244 oblitus.
2894 5182 3008 5244 Non
3036 5195 3214 5258 potest
3247 5188 3348 5244 hoc
3382 5184 3565 5244 dicere
3588 5230 3605 5257 ,
3632 5190 3722 5258 qui
3747 5206 3838 5244 cr—

2240 5293 2323 5337 rat
2348 5284 2397 5338 in
2422 5282 2697 5354 dogmate.
2725 5279 2842 5336 Non
2884 5287 3062 5351 potest
3089 5282 3324 5337 Arianus
3350 5279 3535 5338 dicere
3555 5323 3570 5349 ,
3593 5297 3702 5336 non
3735 5296 3835 5352 po-

2238 5386 2344 5433 test
2369 5375 2735 5439 Sabellianus,
2767 5387 2873 5428 non
2898 5372 3227 5429 Manichmus
3252 5391 3264 5426 :
3300 5387 3410 5429 non
3439 5382 3625 5444 potest
3649 5372 3839 5429 dicere

2230 5492 2461 5557 niiicari,
2486 5490 2745 5560 quosdam
2779 5503 2902 5544 esse
2927 5490 3019 5561 qui
3042 5489 3177 5561 dum
3203 5490 3406 5546 crimen
3446 5489 3756 5561 condonant
3778 5497 3839 5546 ut

2231 5554 2605 5621 auctoritatem
2647 5566 2919 5617 ostentent
2947 5554 3124 5616 'suatn
3162 5560 3292 5632 (non
3325 5561 3471 5616 enim
3515 5554 3833 5632 inferiorum

607 5645 635 5681 υ
675 5640 749 5696 Ita
784 5649 899 5696 vet.
944 5641 1077 5698 edit.
1109 5653 1165 5699 et
1191 5647 1373 5700 cuncti
1402 5661 1537 5703 mss.
1570 5647 1707 5703 Rom
1737 5658 1917 5704 autem
1940 5645 2128 5703 edit.e
2226 5636 2523 5717 iudicium.
2575 5634 2671 5717 sesi
2702 5632 2958 5717 principis
2986 5630 3314 5717 «ξεινριιίωῐι
3341 5630 3694 5717 concedetur).
3723 5631 3836 5689 reis

537 5715 785 5795 margins
820 5713 981 5795 “nius
1025 5715 1150 5770 cod.
1192 5715 1354 5783 Vat...
1398 5721 1614 5795 majoris
1662 5720 2001 5795 ιιιιδιςιςι·ἱιιιιὶεΔ
2030 5727 2128 5795 est.

2235 5701 2356 5778 plus
2385 5716 2612 5789 noceant
2635 5701 2973 5789 impunitatis
2996 5702 3355 5787 indulgentia,
3385 5720 3548 5789 quam
3573 5701 3619 5761 si
3650 5701 3702 5773 in
3730 5720 3831 5776 eos

535 5777 847 5858 Non'tnale,
873 5785 921 5845 si
943 5796 1219 5858 spectetur
1242 5777 1459 5851 sensus.
1477 5777 1685 5853 'Verum
1710 5808 1835 5852 cum
1859 5791 2003 5850 omni
2024 5789 2128 5850 alio

2233 5795 2423 5841 severe
2443 5777 2955 5839 animadverterent.

536 5856 796 5953 suifragio
826 5856 1197 5961 destituatur,
1246 5862 1533 5926 dicendum
1556 5876 1641 5939 est
1668 5866 1724 5929 id
1745 5865 1850 5929 hoc
1875 5866 1998 5927 loco
2022 5863 2132 5945 sig-
