4070 6522
194 336 333 408 ista

1271 348 1338 407 IN
1379 340 1708 412 ΡεΑιιιυιι
1746 353 1955 411 CXVIII
1995 356 2379 418 EXPOSITIO.

3357 365 3496 428 ΡΞἔο

188 497 389 538 avarus
412 525 426 549 ,
470 483 561 553 qui
584 482 861 539 secuturis
887 490 939 537 et
967 483 1268 540 malerialia
1291 485 1667 557 concupiscit:
1693 501 1798 543 non
1828 472 1874 533 Α
1906 476 2079 531 ("vim
2104 494 2268 549 aquas
2288 480 2481 535 multm
2507 478 2755 551 (Ηαῢιιεο,
2788 496 2864 547 III.
2902 483 2995 554 l5)
3020 501 3035 550 ;
3067 497 3134 539 eo
3183 486 3329 554 (ιιιοᾶ
3358 503 3498 559 gen-

189 560 371 645 ptttcst
403 575 592 631 dicere
618 575 709 646 qui
745 576 1084 647 negotiatur;
1114 588 1220 633 non
1252 587 1337 633 est
1363 576 1507 634 enim
1543 579 1623 632 via
1655 579 1796 634 veti-

194 669 322 723 tatis
345 667 575 725 habendi
592 667 859 735 studium,
877 669 1150 740 cupiditas
1170 670 1797 741 possidendi.Qnomodo

194 762 281 816 via
311 759 555 817 veritatis
582 802 598 828 ,
643 774 768 817 cum
803 762 897 818 ille
943 762 1100 819 dives
1123 765 1172 818 in
1204 765 1407 820 smculo
1436 772 1675 835 nequeat
1712 779 1798 845 se-

190 869 314 911 cum
353 871 480 910 suas
505 855 802 912 transferre
831 856 1070 926 divitias,
1094 866 1148 914 et
1180 858 1403 930 incipiat
1432 859 1684 915 mendico
1706 859 1799 915 illo

191 948 402 1004 Lazaro
462 946 713 1020 egentior
758 964 884 1007 esse
936 960 1058 1022 post
1094 952 1366 1007 mortem?
1412 950 1530 1007 Non
1579 958 1667 1007 est
1711 952 1797 1007 via

192 1042 445 1098 veritatis
494 1044 670 1099 honor
711 1043 920 1111 smcttli,
971 1043 1286 1100 sollicitudo
1314 1044 1523 1100 mundi.
1554 1044 1798 1115 Denique

190 1136 286 1206 qui
344 1137 484 1192 viam
513 1138 766 1194 veritatis
806 1137 1012 1210 elegit,
1059 1140 1221 1210 paulo
1252 1148 1377 1210 post
1415 1139 1545 1195 dicit
1577 1156 1591 1193 :
1621 1140 1801 1195 Averte

195 1234 381 1284 oculos
406 1246 547 1286 meos
577 1248 642 1287 ne
682 1230 890 1286 uideant
917 1233 1191 1287 vanitatem
1223 1231 1359 1305 (Ini.
1385 1246 1513 1287 vers.
1548 1230 1661 1301 57).
1695 1231 1801 1287 Va—

202 1323 348 1379 nitas
380 1324 762 1395 temporalium
794 1334 896 1391 est,
926 1324 1127 1380 veritas
1155 1333 1512 1380 aeternorum.
1546 1323 1604 1379 Si
1636 1323 1799 1378 volu-

195 1428 320 1470 mus
350 1416 516 1487 igitur
560 1415 845 1473 ambulare
895 1416 1039 1471 viam
1086 1416 1350 1483 veritatis,
1387 1416 1799 1487 peregrinantur

197 1510 401 1567 sarculo
446 1510 617 1582 magis
647 1526 806 1581 quam
853 1510 990 1579 Deo,
1022 1520 1077 1566 et
1120 1510 1460 1566 ambulemus
1489 1525 1589 1581 per
1614 1509 1795 1565 tidem.

196 1602 302 1672 Qui
330 1602 476 1658 enim
493 1618 591 1673 per
613 1602 777 1659 tidem
793 1603 1059 1671 ambulat,
1092 1603 1203 1657 Deo
1227 1617 1471 1672 praesens
1498 1609 1603 1669 est,
1628 1610 1685 1658 et
1704 1601 1800 1672 qui

198 1695 446 1750 ambulat
470 1710 567 1766 per
595 1696 832 1766 speciem
860 1736 877 1764 ,
909 1695 1063 1753 adest
1084 1695 1292 1753 saeculo
1316 1738 1332 1762 ,
1364 1696 1744 1768 peregrinatur
1768 1710 1799 1752 a

203 1788 435 1844 Domino
461 1805 476 1843 :
501 1788 595 1845 sed
628 1789 719 1845 Itic
744 1791 857 1845 cito
885 1788 1260 1846 contunditur.

1905 569 2033 622 tium
2065 573 2317 639 pupulos,
2360 573 2450 642 qui
2485 585 2770 630 moventur
2801 584 2861 631 ut
2891 592 3047 648 aqua:
3076 579 3280 646 multa),
3317 590 3371 637 et
3400 598 3497 637 ex-

1899 660 2136 717 citantur
2149 671 2205 717 ut
2227 662 2427 721 ﬂuctus
2448 682 2706 736 aquarum
2737 669 3055 737 multarum,
3076 673 3500 743 evangelizando

1900 755 2299 811 cotntnoverint
2339 759 2612 829 apostoli;
2673 770 2731 816 ut
2782 770 3134 834 assurgentes
3179 779 3210 819 a
3267 767 3502 824 terrenis

1905 845 2176 903 idolorum
2207 851 2550 907 caeremoniis
2578 854 2630 907 in
2652 853 2929 911 Christum
2958 857 3266 915 crederent.
3300 860 3365 915 Et
3410 876 3505 916 su-

1903 953 1999 1010 pra
2021 942 2099 995 ait
2127 958 2140 994 ε
2170 940 2395 997 Ascendi
2424 944 2478 997 in
2504 960 2661 1015 equos
2688 956 2804 1003 tuos
2828 965 2848 1004 :
2874 950 3128 1021 equitatus
3154 960 3273 1007 tuus
3302 954 3502 1008 sanitas

1901 1030 2154 1103 (Habita,
2179 1047 2260 1100 ut,
2293 1033 2372 1103 8).
2397 1032 2443 1090 0
2471 1035 2733 1092 bonorum
2774 1055 3035 1111 equorum
3067 1041 3498 1117 duodecajugum

1901 1125 2174 1193 mirabile,
2201 1126 2400 1197 quibus
2431 1126 2582 1183 frena
2617 1132 2787 1200 pacis,
2820 1132 3049 1191 habente
3089 1147 3216 1191 sunt
3268 1137 3505 1194 charita-

1903 1219 2007 1273 lisl
2038 1217 2332 1276 Constricti
2358 1232 2481 1278 sunt
2534 1223 2680 1279 Inter
2710 1240 2768 1281 se
2798 1229 3104 1285 concordiae
3146 1232 3399 1300 vinculis,
3448 1240 3505 1289 et

1897 1312 2028 1383 jugo
2054 1312 2451 1384 lideisubjecti,
2483 1325 2718 1387 quatuor
2768 1319 2904 1374 rotis
2959 1320 3236 1392 Evangelii
3292 1333 3504 1397 myste-

1902 1406 2042 1461 rium
2071 1406 2241 1463 tmlus
2270 1407 2424 1465 orbis
2442 1408 2640 1466 ﬁnibus
2672 1409 3016 1476 invehentes,
3041 1412 3239 1469 bonum
3263 1416 3504 1488 aurigam

1904 1508 2184 1571 portantes
2212 1502 2305 1558 Dei
2339 1502 2597 1570 Verbum,
2630 1504 2785 1574 cujus
2816 1504 3033 1574 ﬂagello
3057 1505 3257 1577 iugatas
3286 1519 3415 1563 sunt
3442 1510 3507 1564 il-

1902 1593 2135 1650 lecebrae
2163 1594 2476 1662 saeculares,
2512 1598 2906 1654 exterminatus
2935 1598 3121 1653 mundi
3161 1600 3318 1655 istius
3348 1602 3503 1673 ptin-

1902 1704 2051 1758 ceps,
2080 1690 2351 1758 justorum
2375 1705 2569 1745 cursus
2598 1690 2856 1762 impletus
2885 1702 2987 1748 est.
3021 1692 3067 1749 0
3096 1694 3505 1750 rationabilium

1903 1796 2168 1851 equorum
2192 1782 2399 1853 grande
2419 1786 2729 1839 certamen!
2753 1800 2785 1839 ο
2814 1786 3119 1842 mirandum
3144 1770 3506 1860 mysterium!

266 1882 362 1939 36.
403 1883 586 1956 (γεγε,
622 1882 738 1957 3L)
767 1884 924 1943 unde
967 1885 1188 1958 refugus
1224 1886 1292 1942 ab
1320 1885 1633 1957 huiusmodi
1674 1888 1793 1942 νίτο
1823 1880 1870 1941 Β
1899 1874 2035 1931 ﬂeta
2066 1875 2206 1930 intra
2258 1888 2432 1931 rotam
2478 1877 2751 1945 currebat,
2806 1886 2861 1933 et
2913 1892 3019 1934 non
3084 1879 3507 1951 impediebatur.

196 1972 327 2031 dicit
355 1977 522 2032 David
552 1996 565 2033 t
591 1977 804 2033 Adhtssi
829 1979 1132 2035 testimoniis
1164 1981 1288 2043 tuis.
1320 1977 1565 2047 Domine,
1592 1994 1655 2034 ne
1675 1996 1801 2034 con-

1917 1969 2115 2025 Novum
2143 1968 2552 2026 Testamentum
2582 1971 2635 2025 in
2667 1968 2836 2026 veteri
2868 1970 3225 2051 Testamento
3249 1982 3391 2040 erat,
3427 1974 3512 2029 in~

197 2069 391 2140 funda.
435 2086 539 2127 me,
589 2071 853 2131 Ααιιωι-ρι
900 2073 1231 2130 testimoniis
1283 2074 1495 2130 Domini
1550 2076 1641 2146 qui
1686 2076 1806 2145 ejus
1907 2076 1990 2122 tra
2023 2064 2153 2121 illud
2183 2064 2460 2133 currebat,
2494 2081 2592 2137 per
2616 2066 2760 2138 quod
2789 2068 3231 2124 annuntiabatur.
3274 2068 3329 2123 in
3379 2083 3513 2139 qua-

197 2164 450 2221 mantlata
485 2181 597 2221 non
626 2168 856 2238 respuit,
899 2167 1102 2238 judicia
1132 2184 1241 2224 non
1283 2169 1648 2239 obliviscitur,
1702 2182 1805 2227 nec

1917 2171 2036 2216 tuor
2083 2169 2268 2231 partes
2320 2161 2471 2216 ibant
2501 2172 2656 2228 rotae,
2708 2172 2764 2219 et
2817 2178 2922 2219 non
2976 2163 3389 2220 revertebantur
3427 2178 3516 2220 re-

196 2256 575 2326 voluptatibus
629 2259 875 2331 indulget
900 2261 1035 2316 suis.
1065 2260 1167 2329 Qui
1191 2261 1437 2318 adhteret
1459 2262 1673 2317 Domini
1699 2274 1807 2320 tes-
1908 2257 2341 2328 trorsumwtuia
2372 2258 2594 2328 spiritus
2625 2260 2753 2313 vitae
2776 2266 2896 2314 erat
2943 2260 2997 2314 in
3045 2258 3132 2327 iis,
3180 2259 3274 2332 qui
3322 2274 3513 2316 curre-

198 2348 445 2405 titnoniis
468 2392 484 2417 ,
515 2355 789 2408 renuntiat
814 2354 1047 2421 mundo,
1098 2354 1404 2425 posteriora
1436 2354 1803 2426 obliviscitur,
1910 2350 2040 2406 bant
2063 2352 2115 2406 in
2146 2361 2378 2423 quatuor
2405 2362 2589 2422 partes
2619 2353 2787 2409 totius
2826 2352 3011 2409 mtmdi
3040 2370 3055 2419 ;
3098 2362 3156 2409 θῑ
3190 2354 3311 2409 Sine
3344 2352 3517 2410 υπειι·

197 2441 266 2499 ad
295 2443 474 2515 priora
507 2447 830 2516 contendit,
863 2460 922 2503 ιιι
954 2450 1237 2519 perveniat
1263 2448 1329 2505 ad
1358 2449 1630 2515 liravium,
1660 2447 1807 2521 quod
1909 2444 2067 2500 sione
2095 2445 2413 2513 currebant,
2445 2444 2570 2515 quia
2600 2445 2741 2502 bona
2766 2447 2873 2501 vita
2896 2459 3158 2517 equorum
3189 2446 3512 2519 quadrabat.

198 2544 289 2592 est
329 2536 545 2609 insigne
580 2539 848 2596 victoriae.
890 2539 1009 2596 Non
1041 2556 1175 2614 ergo
1202 2542 1552 2599 confunditur
1581 2584 1596 2608 ,
1647 2556 1808 2613 quem
1912 2539 2222 2594 Currebant
2248 2540 2414 2611 igitur
2434 2540 2593 2612 equi;
2623 2540 2747 2613 quia
2776 2555 2882 2597 non
2907 2540 3234 2612 dormiebat,
3291 2542 3384 2616 qui
3430 2558 3519 2602 as-

200 2630 391 2685 muntli
415 2629 578 2700 hujus
609 2632 929 2689 illecebrosa
950 2648 1058 2689 non
1088 2635 1369 2704 ceperint:
1394 2651 1501 2690 non
1521 2634 1812 2692 confundi-
1913 2632 2182 2689 cendertt
2208 2646 2399 2701 equos.

202 2730 311 2787 tur,
342 2724 557 2778 etiamsi
589 2725 960 2782 erubescenda
979 2728 1338 2794 commiserit,
1359 2730 1451 2799 qui
1477 2731 1690 2784 veniam
1715 2728 1813 2784 de—
1986 2723 2081 2779 29.
2125 2723 2444 2778 Animarum
2472 2724 2637 2795 igitur
2665 2734 2974 2782 nostrarum
3002 2727 3191 2797 auriga
3214 2726 3395 2794 Iesus,
3428 2727 3523 2796 qui

201 2814 464 2880 lictorum
497 2819 679 2887 poscit
702 2833 734 2873 a
762 2819 1002 2875 Christo.
1053 2819 1288 2891 Ideoque
1333 2822 1697 2891 respondetur
1717 2822 1767 2876 ei
1796 2837 1810 2874 :
1920 2820 2021 2871 no's
2050 2831 2272 2886 quoque
2294 2817 2410 2871 vult
2438 2816 2734 2873 ascendere
2777 2833 2949 2886 equos
2992 2828 3209 2875 nostros
3230 2864 3245 2885 ,
3290 2821 3395 2876 hoc
3413 2830 3518 2888 est,

210 2906 438 2964 Dimisso
464 2920 583 2964 sunt
604 2912 694 2966 tibi
715 2924 930 2982 peccata
950 2923 1113 2968 tua...
1145 2914 1273 2968 vade
1296 2916 1349 2967 in
1372 2931 1497 2985 pace
1510 2913 1689 2988 (Luc.,
1714 2929 1812 2979 vit,
1920 2919 2107 2962 nostra
2132 2923 2401 2976 cttt'pot'at
2436 2907 2531 2963 Sed
2560 2908 2788 2979 vigilare
2816 2924 3054 2981 semper,
3088 2926 3157 2968 ne
3178 2912 3393 2969 dicatur
3421 2928 3522 2969 no—

207 3000 279 3057 i8
300 3010 346 3056 et
369 2999 704 3072 50).Sedita
731 3019 840 3057 non
862 3004 1233 3071 confunditur,
1264 3006 1307 3059 si
1330 3006 1493 3060 fuerit
1524 3006 1575 3059 in
1599 3019 1817 3075 coope-
1920 2999 2036 3056 bis:
2063 3000 2486 3057 Dormitavermtt
2510 3004 2599 3074 qui
2621 3003 3133 3074 ascenderunteqnos
3153 3004 3324 3077 (Psal.
3358 3022 3523 3077 Lxxv,

209 3104 330 3149 rata
355 3104 715 3166 peccatorum
758 3097 1043 3163 remissio;
1097 3108 1157 3153 ut
1206 3114 1313 3154 non
1338 3100 1515 3154 solum
1558 3108 1814 3171 peccata,
1925 3093 2003 3162 7).
2034 3092 2447 3148 Transeundum
2468 3105 2552 3149 est
2574 3095 2675 3151 hoc
2696 3111 2848 3151 mare
2869 3097 3118 3169 impigre.
3144 3097 3244 3154 Vis
3269 3100 3528 3156 transitur

139 3208 170 3240 ς
208 3187 307 3245 sed
323 3190 489 3246 etiam
514 3191 778 3260 peccandi
806 3192 1059 3247 affectum
1085 3191 1553 3249 auteratJustitia
1574 3194 1818 3249 remittat
1922 3199 1953 3239 a
1983 3185 2329 3255 vigilantibus
2359 3202 2373 3240 :
2425 3188 2471 3241 sl
2531 3188 2654 3256 quis
2702 3199 2883 3245 autem
2914 3190 3232 3259 tlormierit,
3293 3195 3529 3251 transire

210 3280 562 3352 iniquitates,
609 3282 875 3339 fortitudo
909 3288 1161 3340 timorem
1184 3328 1199 3351 ,
1249 3290 1610 3357 temperantia
1643 3289 1814 3357 impu-

1926 3294 2033 3334 non
2055 3279 2256 3351 poterit
2281 3295 2296 3346 ;
2328 3281 2422 3336 sed
2444 3280 2805 3355 demergimr.
2838 3292 2900 3341 ut
2928 3283 3241 3358 Egyptius,
3288 3287 3446 3359 Cujus
3476 3296 3533 3345 et

210 3375 447 3441 ritates;
478 3381 540 3429 ut
567 3390 676 3439 non
705 3378 882 3431 solum
908 3379 1225 3447 temporalis
1245 3419 1260 3446 ,
1307 3379 1403 3435 sed
1429 3379 1594 3435 etiam
1619 3394 1816 3451 perpe-
1922 3373 2103 3427 anima
2132 3382 2189 3427 et
2214 3388 2413 3444 corpus
2444 3376 2653 3431 interiit
2678 3395 2691 3431 :
2721 3376 2927 3448 Equtmt
2954 3379 3099 3435 enim
3132 3390 3180 3436 et
3201 3394 3531 3436 ascensorem

212 3476 303 3522 tua
324 3468 421 3522 liat
450 3469 703 3524 remissio
723 3480 1096 3542 peccatorum.
1132 3470 1305 3528 Intret
1337 3473 1392 3529 in
1409 3473 1647 3533 animam
1671 3484 1814 3531 tuum

1925 3467 2142 3538 proiecit
2168 3467 2222 3520 in
2253 3482 2394 3522 mare
2430 3466 2653 3540 (Exod,
2681 3486 2770 3536 xv,
2800 3470 2878 3543 I),
2904 3471 2995 3544 qui
3036 3488 3143 3529 non
3170 3473 3537 3546 sequebantur

215 3557 493 3625 Christus,
525 3560 792 3620 inhabitet
821 3566 874 3619 in
905 3566 1013 3620 tuis
1046 3567 1320 3622 mentibus
1350 3566 1541 3633 Jesus;
1575 3578 1635 3623 ut
1663 3570 1715 3624 in
1742 3578 1822 3624 ta-
1924 3558 2124 3630 legem.
2155 3561 2249 3618 sed
2281 3563 2766 3634 persequebantur-

217 3652 1185 3781 “2§“°‘,'L°11"22i’ﬁf.‘°£’fi’f
1216 3670 1824 3781 iiii:'.‘3'.‘-9ffiii‘:...._
2323 3690 2538 3781 una
2577 3697 2808 3759 δεηλιο
2848 3699 3173 3771 QUINTUS-

293 3746 384 3801 37-
430 3746 615 3820 (verﬁ-
644 3749 762 3822 82.)
803 3749 982 3819 Viam,
1014 3752 1595 3823 inquit,mandatorum
1623 3764 1827 3810 tuorum
2323 3746 2538 3781 ""“'
2577 3746 2801 3759 ‘""""
2852 3746 3075 3771 ’δ”-’ω

293 3840 436 3879 curri.
466 3857 580 3879 mm
611 3843 857 3879 natam...
880 3860 967 3879 η..
994 3860 1162 3879 ...ρων
1228 3844 1415 3879 παραυ,
1435 3848 1582 3879 ρης...
1614 3855 1828 3879 num...
2588 3817 2650 3869 ,η
2694 3810 2790 3879 με,

224 3840 436 3895 cucurri
465 3857 582 3894 cunt
611 3843 857 3897 dilataret
878 3860 967 3898 cor
994 3860 1186 3900 meum.
1227 3844 1415 3917 Neque
1435 3848 1582 3902 enim
1614 3855 1830 3917 poterat

222 3934 370 3990 viam
395 3937 603 4009 1017
637 3952 883 4006 currere,
902 3939 949 3995 si
969 3954 1066 3996 cor
1091 3939 1212 4011 ejus
1235 3951 1608 3997 coarctaretur
1634 3955 1814 4013 angus

2008 3936 2063 3990 t.
2106 3935 2364 4007 Sequitur
2391 3939 2577 4008 quinta
2610 3939 2791 3995 littera
2821 3939 2927 4010 He,
2955 3952 3077 4013 qua!
3102 3942 3296 4001 Latine
3334 3944 3543 4018 signiti-

1935 4036 2045 4096 cat,
2077 4039 2151 4083 est
2186 4047 2198 4083 :
2242 4029 2348 4097 vel,
2386 4040 2445 4085 ut
2473 4030 2599 4087 alibi
2631 4033 2955 4101 invenimus,
2982 4038 3113 4092 sivo.
3138 4034 3408 4093 Convenit
3433 4039 3542 4096 sibi

225 4027 336 4085 tiis.
374 4029 615 4102 Denique
661 4034 1012 4089 currentibus
1062 4034 1203 4090 viam
1237 4034 1451 4090 Domini
1480 4035 1558 4090 ait
1586 4036 1833 4105 Aposto-

1938 4131 2168 4194 utraque
2202 4125 2620 4194 interpretatio;
2654 4130 2744 4197 qui
2772 4130 2919 4185 enim
2971 4138 3080 4197 est,
3127 4131 3297 4196 vivit;
3343 4141 3400 4187 et
3448 4133 3542 4204 qui

1941 4214 2095 4279 vivit,
2129 4224 2231 4270 est.
2266 4214 2510 4287 Denique
2536 4218 2767 4287 gentiles
2797 4234 2904 4275 non
2932 4228 3060 4276 sunt
3088 4237 3104 4287 ;
3157 4234 3213 4277 et
3260 4224 3386 4279 ideo
3433 4239 3542 4280 non

1944 4309 2155 4375 vivunt,
2180 4308 2277 4364 sed
2305 4310 2504 4364 mortui
2532 4319 2659 4365 sunt
2692 4309 2886 4370 :Jesus
2915 4322 3085 4369 autem
3124 4313 3236 4369 lteri
3276 4324 3325 4370 et
3369 4315 3544 4385 hodie,

1941 4401 2139 4474 ipseest
2164 4403 2280 4458 etin
2308 4403 2503 4459 sucula
2553 4402 2739 4474 (Heln,
2768 4421 2885 4471 xm,
2914 4405 2995 4479 8).
3022 4406 3091 4463 Et
3118 4408 3211 4478 qui
3232 4418 3336 4475 est,
3365 4411 3498 4465 vivit
3530 4429 3544 4466 :

228 4124 315 4180 lus
345 4144 358 4179 :
387 4125 697 4185 Dilatamini
712 4138 762 4184 et
787 4146 874 4185 vos
898 4172 914 4197 ,
959 4141 1009 4186 et
1038 4130 1200 4187 nolite
1236 4134 1429 4204 jugum
1480 4132 1669 4186 ducere
1717 4148 1835 4185 cum

228 4219 528 4291 inﬁdelibus
571 4221 667 4295 (ll,
694 4221 844 4291 Cor.,
866 4238 943 4291 vx,
993 4225 1061 4280 13
1088 4234 1137 4277 et
1164 4223 1275 4294 14).
1306 4224 1375 4279 Et
1422 4224 1489 4279 de
1527 4238 1588 4277 se
1614 4224 1691 4278 ait
1718 4240 1733 4279 :
1765 4223 1837 4278 0s

228 4325 467 4368 nostrum
508 4325 648 4384 patet
676 4315 745 4368 ad
774 4331 863 4371 vos
895 4356 911 4384 ,
958 4332 988 4370 ο
1019 4316 1279 4371 Corinthii
1304 4359 1319 4383 ,
1373 4333 1459 4370 cor
1486 4328 1723 4371 nostrum
1750 4318 1838 4371 di-

232 4407 453 4462 latatam
476 4417 551 4463 est
589 4405 782 4477 (Ibid.,
813 4408 930 4481 Η).
957 4409 1084 4465 Ideo
1103 4419 1158 4465 et
1184 4408 1253 4465 de
1279 4408 1576 4465 Salomone
1602 4410 1800 4465 dicitur
1823 4427 1838 4465 :

232 4500 485 4557 Latitudo
524 4502 697 4556 cordis
748 4506 879 4576 ejus,
934 4505 1065 4559 sicut
1108 4519 1266 4560 arena
1325 4503 1481 4559 maris
1525 4502 1645 4577 (Ill
1684 4504 1839 4575 Reg.,
1952 4494 2082 4550 Vivo
2123 4497 2259 4550 enim
2302 4513 2417 4569 ego,
2452 4498 2579 4552 dicit
2620 4497 2876 4554 Dominus
2908 4500 3045 4556 Deus
3075 4500 3319 4574 (Esaia,
3348 4519 3546 4575 χχχιιι,

232 4610 309 4657 iv.
342 4593 464 4665 29).
494 4603 550 4650 et
570 4594 696 4657 vide
717 4596 1032 4655 distantiam
1064 4614 1077 4650 :
1109 4596 1193 4651 via
1215 4597 1286 4651 sit
1308 4597 1611 4668 angustior,
1646 4611 1742 4652 eor
1766 4597 1843 4652 Ia-
1946 4589 2065 4661 Η)-
2095 4588 2382 4656 Quomodo
2407 4590 2553 4647 enim
2575 4600 2758 4661 potest
2786 4608 2893 4648 non
2930 4608 3055 4651 esse
3075 4637 3089 4659 ,
3127 4597 3220 4667 qui
3251 4596 3428 4653 vivit?
3458 4598 3551 4655 Vi-

240 4687 382 4753 lius,
415 4694 472 4741 ut
500 4686 712 4767 Patris,
744 4697 798 4742 et
831 4687 989 4755 Filii,
1021 4697 1076 4745 et
1104 4686 1344 4759 Spiritus
1377 4688 1549 4755 sancti
1574 4690 1842 4749 sustineat
1866 4684 1921 4746 D
1948 4682 2221 4747 vitantem
2251 4682 2432 4751 «Iesus.
2465 4685 2556 4757 qui
2586 4684 2749 4741 eliam
2780 4698 3026 4751 mortuos
3054 4688 3309 4759 \‘iViﬁcal.
3361 4703 3416 4749 ει
3456 4708 3551 4748 νο·

238 4777 616 4847 mansionetn;
667 4796 735 4837 ne
773 4781 959 4836 veniat
994 4781 1227 4843 Narbqu
1258 4780 1392 4847 Dei,
1454 4793 1508 4836 ct
1531 4782 1730 4851 pulset,
1784 4792 1843 4837 et
1943 4782 2034 4831 cal
2059 4791 2121 4831 ea
2150 4791 2270 4847 (tum
2312 4792 2419 4832 twn
2447 4787 2604 4844 sunt.
2654 4788 2926 4851 tamquam
2959 4796 3023 4841 ea
3066 4800 3186 4853 qua:
3222 4794 3371 4853 sunt.
3405 4785 3551 4849 Nihil

242 4874 436 4931 videns
473 4875 660 4932 cordis
695 4875 817 4946 ejus
841 4875 1119 4947 angustias
1145 4918 1158 4942 ,
1209 4874 1539 4944 dedignatur
1568 4876 1839 4933 habitare.
1947 4868 2147 4923 mirum
2196 4869 2241 4924 εἰ
2291 4869 2518 4927 1)οωίηο
2548 4871 2696 4927 cedit
2735 4885 2927 4930 natura
2951 4915 2965 4939 ,
3006 4883 3070 4929 ut
3114 4876 3458 4932 viviiicentnr
3496 4890 3554 4935 et

244 4965 486 5040 Denique
516 4967 787 5037 sapientia
818 4968 869 5022 in
899 4969 1052 5024 exitu
1084 4970 1323 5033 canitur,
1355 4969 1409 5023 in
1441 4966 1638 5041 plateis
1660 4981 1842 5024 autem
1945 4960 2171 5026 morltll.
2196 4971 2249 5018 ει
2276 4962 2540 5035 ίηοίρὶειηῑ
2566 4980 2710 5033 esse.
2730 4968 2819 5043 qui
2850 4982 2959 5033 non
2987 4979 3164 5035 erant.
3190 4969 3256 5029 Et
3278 4969 3400 5026 ideo
3426 4972 3552 5053 quia

244 5077 367 5118 cunt
391 5060 586 5132 ﬁducia
604 5063 741 5133 agit.
768 5061 972 5131 Plateae
990 5063 1278 5129 tataesunt.
1314 5063 1432 5121 Non
1458 5062 1696 5137 igiturin
1721 5061 1843 5131 viis,
1948 5055 2034 5117 Via
2062 5055 2227 5113 etiam
2252 5056 2357 5112 vita
2388 5069 2473 5113 est
2500 5057 2800 5119 secundum
2849 5061 3004 5121 illum
3033 5062 3124 5134 qui
3146 5062 3222 5129 ait
3254 5081 3268 5119 ε
3302 5061 3416 5137 Ego
3437 5082 3553 5135 situt

245 5154 343 5212 sed
374 5155 430 5210 in
459 5154 643 5211 cordis
668 5155 951 5212 latitudine
981 5156 1246 5227 sapientia
1274 5154 1620 5210 decantatur.
1652 5154 1712 5209 tn
1738 5155 1845 5210 hoc
1949 5148 2055 5214 via,
2078 5149 2283 5215 veritas.
2315 5159 2365 5205 et
2389 5152 2489 5207 vita
2517 5150 2721 5225 (Ιοαηο,
2750 5169 2865 5222 xw,
2895 5153 2986 5225 6);
3033 5158 3174 5212 viam
3218 5172 3551 5229 qumranms,

247 5247 413 5321 igitur
426 5260 620 5325 campo
643 5247 919 5304 interioris
933 5250 1194 5319 hominis,
1211 5249 1389 5311 nonin
1407 5248 1672 5321 angustiis
1691 5263 1846 5304 men-
1953 5252 2012 5298 ut
2038 5244 2203 5300 vitam
2228 5245 2427 5303 habere
2445 5263 2774 5305 mereamur.
2806 5248 3104 5311 Audiamus
3125 5266 3256 5325 ergo
3280 5253 3431 5333 illum
3464 5256 3556 5335 qui

252 5339 323 5397 tis
339 5340 672 5415 currentium
690 5340 854 5397 nobis
875 5352 990 5409 est,
1018 5351 1075 5398 ut
1092 5341 1641 5414 comprehendamus.
1665 5338 1849 5412 Scrip-
1955 5336 2089 5395 vivit
2121 5337 2174 5395 iit
2196 5337 2438 5399 Christo.
2468 5338 2613 5405 Vivit
2647 5349 2828 5401 autem
2872 5345 2960 5425 qui
2993 5345 3069 5399 ait
3101 5361 3116 5403 :
3174 5344 3282 5403 Sed
3329 5364 3423 5405 nos
3468 5349 3560 5418 qui

254 5446 368 5493 tum
392 5445 476 5492 est
502 5436 651 5493 enim
682 5453 698 5490 :
730 5434 820 5493 Sir
850 5436 1038 5493 currite
1060 5478 1075 5502 ,
1106 5443 1163 5491 ut
1191 5452 1366 5491 omnes
1397 5434 1852 5507 comprehenduis
1955 5430 2195 5497 vit-imus,
2232 5431 2579 5488 benedicimtts
2620 5443 2701 5501 te,
2739 5433 2964 5495 Domine
2998 5434 3171 5507 (Psai.
3213 5453 3375 5507 cxiii,
3424 5440 3515 5511 18)
3542 5457 3559 5507 ;

253 5528 297 5602 (Ι
316 5526 437 5583 Cor.
462 5544 539 5596 ix,
560 5527 676 5599 Ἡ).
707 5527 952 5598 Denique
975 5526 1418 5606 comprehendit,
1444 5527 1537 5599 qui
1567 5528 1639 5582 ita
1662 5541 1854 5583 cucur-
1959 5525 2014 5580 in
2038 5525 2261 5593 Christo
2284 5526 2430 5581 enim
2453 5525 2583 5583 Jesu
2610 5528 2771 5584 etiam
2799 5532 3128 5601 quicumque
3154 5540 3400 5611 mortuus
3436 5532 3561 5591 fne-

256 5620 350 5687 rit,
373 5632 428 5677 ut
446 5620 652 5677 diceret
669 5634 683 5674 :
699 5620 915 5676 Cursum
936 5623 1282 5675 consummavi
1294 5618 1365 5694 (ll
1382 5616 1542 5689 Tim.,
1558 5635 1631 5688 iv,
1651 5617 1707 5695 7)
1720 5637 1738 5705 ς
1754 5634 1856 5677 cu-
1962 5618 2054 5687 rit,
2087 5617 2238 5674 vivit.

258 5714 600 5785 curritcnitu
630 5712 880 5783 ultimus
906 5726 1102 5784 equus.
2034 5713 2091 5771 ἢ.
2134 5712 2316 5787 (Vers.
2348 5713 2469 5789 55.)
2498 5715 2837 5784 Audiamus.
2857 5717 3108 5789 inquam,
3142 5719 3268 5791 quid
3285 5720 3484 5803 dixerit
3508 5729 3572 5787 ut

1965 5808 2176 5865 viveret
2223 5827 2239 5866 ι
2272 5807 2461 5884 Legem
2488 5811 2618 5868 milii
2637 5812 2910 5879 constitue,
2944 5809 3186 5880 θσκιὶιιος,
3214 5813 3347 5897 viam
3366 5814 3571 5897 ῥυπαρ-

1968 5902 2230 5956 rationum
2263 5914 2466 5957 tuarum
2495 5919 2513 5959 :
2544 5914 2589 5959 et
2619 5919 2845 5975 qrwram
2868 5902 3010 5958 illam
3036 5920 3252 5975 semper.
3297 5894 3450 5961 Miles
3476 5894 3573 5979 qui

331 5808 424 5865 28.
443 5806 723 5879 Siquidem
751 5806 913 5863 babet
935 5821 1107 5878 equos
1133 5822 1263 5863 suos
1280 5807 1550 5877 Christus,
1578 5808 1647 5866 de
1664 5808 1857 5881 quibus

263 5901 396 5959 dicit
451 5900 720 5974 Propheta
755 5918 767 5953 :
798 5898 1069 5956 Itnmisisti
1097 5900 1313 5957 intmari
1354 5919 1511 5974 equos
1556 5912 1690 5969 tuos,
1743 5913 1857 5956 tur.
