4070 6492
605 294 735 349 1251

1961 294 2203 352 SANC'I'I
2244 290 2567 352 AMBROSII

3777 288 3928 347 1252

601 406 902 479 ingreditur
947 407 1071 474 iter,
1113 407 1295 464 viandi
1335 407 1579 465 ordinem
1638 422 1743 464 non
1793 409 1908 480 ipse
1953 411 2195 480 disponit
2223 419 2267 478 Α
2301 411 2630 482 tegritatem.
2674 407 2833 465 Levis
2870 415 3010 470 erat.
3055 421 3180 478 qum
3221 421 3330 464 non
3379 405 3587 464 homini
3627 410 3926 480 qtltl'rebat

601 499 726 562 sibi,
758 515 861 555 nec
893 515 992 571 pro
1021 515 1120 555 suo
1151 501 1377 556 arbitrio
1400 501 1540 556 viam
1570 502 1766 571 carpit,
1794 518 1893 556 nec
1917 503 2200 574 voluptua-

602 590 680 647 ria
707 601 892 662 captat
917 593 1266 664 compendia,
1294 610 1360 648 ne
1388 592 1610 649 recedat
1639 602 1663 630 ο
1687 609 1714 646 a
1741 595 1913 665 signis
1946 613 1960 651 :
1990 597 2083 651 sed
2114 596 2202 651 iti-

603 690 875 743 nerarium
917 688 985 743 ab
1015 687 1347 760 imperatore
1384 689 1613 758 accipit,
1649 700 1704 745 ct
1744 692 1984 746 custodit
2028 693 2199 748 illud:

605 781 921 853 praescripto
955 782 1159 838 incedit
1185 782 1375 838 ordine
1407 801 1420 838 :
1449 799 1571 838 cum
1605 785 1774 840 armis
1804 786 1918 840 suis
1938 787 2200 851 amt-ulat,

606 885 862 948 rectaque
890 878 972 931 via
1005 878 1227 934 conficit
1255 879 1393 945 iter;
1437 888 1496 934 ut
1540 879 2201 935 inveniateommeatuum

604 981 789 1040 parata
812 970 1077 1028 subsidia.
1109 971 1164 1028 Si
1197 973 1306 1026 alio
1343 973 1702 1030 ambulaverit
1743 974 1941 1030 itinere
1977 1017 1990 1040 ,
2034 990 2204 1029 anno-

605 1076 727 1115 nam
763 1077 866 1117 nou
891 1064 1110 1132 accipit,
1139 1065 1481 1119 mansionem
1512 1075 1753 1134 paratam
1797 1083 1902 1119 non
1955 1066 2201 1130 invenit;

604 1155 724 1226 quia
755 1155 1054 1224 imperator
1086 1157 1325 1228 iisjubet
1347 1157 1462 1212 haec
1484 1159 1776 1228 pra-parari
1800 1159 1980 1213 omnia
2009 1159 2097 1229 qni
2122 1173 2205 1213 se-

603 1259 865 1320 quuntur,
891 1266 992 1306 nec
1020 1252 1274 1318 dextera,
1305 1268 1408 1308 nec
1439 1253 1658 1308 sinistra
1711 1268 1740 1307 a
1775 1254 2094 1323 praescripto
2119 1253 2207 1308 iti-

605 1359 738 1400 nere
765 1344 1061 1400 declinant.
1096 1346 1397 1418 Meritoque
1429 1361 1534 1401 non
1556 1346 1760 1412 deﬁcit,
1788 1347 1877 1418 qui
1907 1348 2203 1419 imperato-

608 1455 722 1496 rem
746 1441 993 1509 sequitur
1016 1443 1513 1506 suum;moderate
1566 1441 1710 1497 enim
1762 1442 2024 1508 ambulat,
2081 1442 2206 1513 quia

609 1534 906 1605 imperator
939 1552 1042 1590 non
1091 1535 1234 1608 quod
1278 1535 1380 1591 sibi
1427 1536 1579 1602 utile,
1635 1536 1730 1592 sed
1765 1535 1906 1608 quod
1955 1535 2208 1590 omnibus

611 1628 872 1698 p05sibile
899 1629 1213 1686 considerat
1246 1647 1258 1682 :
1303 1629 1424 1686 ideo
1463 1639 1517 1684 et
1557 1634 1782 1685 stativas
1805 1631 2058 1694 ordinat;
2112 1629 2208 1683 tri-

609 1721 720 1777 duo
747 1723 988 1778 ambttlat
1017 1723 1307 1786 exercitus,
1345 1733 1539 1795 quarto
1577 1724 1873 1794 requiescit
1929 1725 2038 1778 die.
2097 1724 2206 1778 Eli-

2305 507 2540 576 placere,
2573 505 2667 560 sed
2696 503 2943 560 Domino.
2977 503 3135 561 Levis
3163 514 3300 569 erat,
3329 519 3450 573 qua:
3482 519 3591 560 non
3625 504 3680 558 in
3709 504 3923 574 iniqui-

2305 609 2412 653 tate
2439 607 2788 668 conceperat,
2831 596 2927 652 sed
2968 598 3173 666 Spiritu
3211 599 3639 667 superveniente
3674 612 3921 668 genera-

2303 693 2395 748 hat
2425 709 2439 745 :
2473 706 2574 746 nec
2604 692 2655 746 in
2684 691 2910 756 delicta,
2942 692 3036 747 sed
3065 708 3190 748 cum
3233 693 3405 762 gratia
3438 691 3808 762 parturiebat.

2374 783 2428 838 4.
2472 784 2647 838 Aliter
2701 800 2918 855 quoque
2961 784 3100 839 hanc
3133 784 3643 851 interpretationem
3693 800 3920 841 sumere

2309 878 2455 934 licet.
2486 879 2641 934 Venit
2675 880 2726 932 in
2757 879 2898 934 nube
2938 879 3043 934 levi
3077 875 3401 934 Christusin
3433 877 3761 950 Egyptum,
3817 878 3919 933 hoc

2313 981 2417 1034 est,
2450 972 2601 1027 venit
2630 973 2680 1026 in
2706 973 3053 1042 susceptione
3084 974 3330 1043 corporis
3381 972 3433 1026 in
3489 973 3593 1026 hoc
3623 971 3914 1026 Stet-nium.

2312 1067 2368 1120 In
2393 1068 2538 1122 nube
2569 1067 2734 1128 venit.
2765 1082 2927 1137 quem
2974 1065 3460 1136 nebula.corporis
3503 1064 3913 1120 obuntbrabat:

2307 1160 2401 1215 sed
2433 1159 2567 1215 levis
2593 1171 2707 1216 erat
2735 1175 2886 1227 caro,
2915 1176 3076 1231 quam
3126 1160 3273 1215 nulla
3329 1175 3425 1214 sua
3466 1161 3778 1231 gravabant
3817 1161 3914 1215 de.

2310 1253 2458 1308 licta.
2491 1252 2777 1322 Quomodo
2808 1255 2951 1308 enim
2990 1257 3227 1322 peccatis
3252 1269 3568 1324 gravaretur
3624 1251 3767 1318 suis,
3827 1253 3912 1323 qui

2310 1346 2595 1402 auferebat
2617 1348 2856 1401 omnium
2882 1355 3096 1415 peccata
3126 1347 3446 1417 populorum
3470 1347 3492 1400 ?
3523 1344 3685 1409 Ecce,
3713 1348 3908 1417 inquit,

2310 1441 2486 1512 Agnus
2516 1439 2612 1496 Dei
2637 1457 2655 1494 :
2685 1457 2799 1495 ecce
2825 1441 2911 1508 qui
2945 1442 3078 1494 tollit
3105 1453 3368 1511 peccatum
3404 1441 3585 1495 mundi
3619 1439 3842 1512 (luctu.
3874 1455 3907 1505 ι.

2309 1533 2427 1606 29).
2458 1533 2598 1588 Ante
2628 1535 2942 1588 hesternum
2978 1534 3174 1589 lcetntn
3205 1543 3318 1596 est,
3356 1535 3482 1604 quia
3510 1534 3685 1589 stabat
3723 1532 3905 1594 Jesus,

2310 1637 2365 1684 et
2389 1627 2622 1684 habebat
2651 1629 2969 1684 vestimenta
3013 1630 3274 1696 sordida;
3324 1645 3443 1686 mea
3485 1631 3633 1684 enim
3687 1641 3905 1699 peccata

2312 1722 2578 1791 porttbat.
2613 1721 2856 1793 Sumpsit
2886 1724 3204 1779 vestimenta
3230 1735 3412 1779 uestra
3447 1741 3461 1790 ;
3498 1734 3557 1779 ut
3586 1740 3688 1780 nos
3730 1728 3906 1796 splen-

609 1826 808 1888 gttntur
833 1819 1100 1882 civitates.
1129 1819 1183 1875 in
1215 1820 1410 1888 quibus
1438 1819 1708 1885 triduum,
1741 1820 2121 1891 quatriduum,
2152 1830 2208 1875 et
2236 1821 2284 1882 B
2311 1817 2442 1869 dore
2489 1816 2911 1871 immortalitatis
2961 1818 3226 1873 indueret.
3290 1817 3447 1873 Venit
3507 1818 3559 1872 in
3607 1818 3756 1874 nube
3807 1819 3903 1874 levi

611 1911 796 1982 plures
817 1914 1236 1982 interponantur
1266 1913 1383 1970 dies
1407 1955 1420 1979 ,
1465 1915 1510 1968 si
1546 1913 1700 1983 aquis
1727 1913 2026 1980 abundant,
2059 1929 2210 1968 com-

607 2004 828 2059 merciis
859 2003 1312 2076 frequentantur:
1343 2016 1399 2062 et
1428 2006 1500 2062 ita
1535 2007 1653 2063 sine
1696 2007 1881 2061 labore
1921 2005 2209 2062 conﬁcitur

609 2098 734 2163 iter,
759 2097 934 2154 donec
983 2097 1049 2154 ad
1096 2115 1214 2155 eam
1244 2101 1431 2155 urbem
1483 2100 1859 2171 perveniatur,
1891 2116 2014 2170 quae
2053 2099 2208 2170 quasi

609 2192 806 2263 regalis
831 2193 1072 2265 eligitur,
1102 2194 1154 2249 in
1185 2210 1288 2265 qua
1321 2194 1484 2250 fessis
1511 2194 1843 2250 exercitibus
1872 2195 2088 2265 requies
2109 2192 2210 2248 mi-

610 2286 897 2344 nistretur.

678 2380 732 2436 3.
779 2379 928 2437 llanc
959 2381 1136 2453 legem
1165 2381 1349 2437 viandi
1378 2395 1502 2438 esse
1533 2381 1938 2451 praescriptam,
1987 2380 2208 2437 Christo

606 2475 860 2542 ducente,
897 2475 1101 2532 sanctis
1120 2477 1576 2542 commeantibus,
1630 2491 1990 2548 recognoscas
2021 2477 2201 2531 velim.

609 2567 846 2626 Profecti
871 2581 996 2624 sunt
1019 2568 1164 2625 enim
1187 2577 1444 2638 etpatres
1474 2570 1642 2625 nostri
1685 2569 1755 2624 de
1800 2581 1942 2624 terra
1984 2569 2204 2641 Egypti

609 2677 708 2734 per
731 2662 892 2735 longa
916 2663 1091 2735 spatia
1123 2675 1385 2720 terrarum
1412 2705 1426 2727 ,
1476 2679 1704 2734 quorum
1751 2664 1962 2719 stativae
1991 2678 2204 2732 omnes,

607 2755 1032 2828 mansionesque
1059 2755 1353 2826 descripta:
1386 2765 1511 2812 sunt
1540 2771 1554 2821 ;
1601 2755 1776 2812 donec
1798 2754 1996 2823 Cades,
2023 2757 2075 2812 id
2101 2765 2204 2822 est,

604 2848 670 2904 ad
696 2862 940 2905 sanctam
966 2858 1162 2907 terram
1214 2850 1614 2921 perveniretur.
1664 2849 1787 2906 Ista:
1823 2860 1952 2905 sunt
1997 2851 2206 2906 stativa:

607 2943 1056 3008 ﬁliorumlsrael,
1085 2935 1770 3014 quas‘descripsitMoyses
1823 2961 1888 3001 ex
1936 2954 2206 3017 prmcepto

608 3034 846 3090 Domini.
871 3035 1223 3091 Advertimus
1253 3053 1384 3107 ergo
1413 3038 1534 3108 quis
1557 3036 1654 3092 bas
1678 3037 2017 3094 ordinaverit
2055 3055 2207 3094 man-

605 3129 790 3185 siones
813 3172 828 3197 ,
889 3131 1162 3202 quomodo
1217 3133 1496 3187 amlmlare
1535 3143 1815 3203 oporteret
1845 3134 1983 3188 hlios
2016 3133 2201 3190 Israel.

2313 1908 2468 1977 quasi
2493 1909 2704 1979 justitia
2738 1926 2752 1974 ;
2786 1907 3042 1980 iniquitas
3064 1911 3208 1966 enim
3237 1911 3288 1966 in
3321 1911 3524 1967 talento
3548 1912 3806 1979 plumbeo
3826 1927 3905 1968 se-

2312 1999 2404 2055 det
2435 2019 2448 2054 :
2480 2001 2731 2057 Christus
2761 2003 2812 2057 iu
2837 2005 2998 2058 corda
3020 2003 3313 2073 justorum,
3344 2005 3396 2060 in
3419 2003 3446 2043 ιδ
3469 2005 3666 2076 quibus
3692 2017 3901 2075 peccata

2313 2110 2418 2149 non
2450 2105 2628 2151 erant.
2658 2097 2723 2149 Et
2753 2097 2873 2150 ideo
2900 2096 3037 2152 bene
3065 2098 3263 2152 lectum
3296 2108 3380 2154 est
3403 2099 3566 2153 hodie
3596 2117 3608 2153 :
3664 2098 3806 2168 Quid
3835 2117 3904 2153 rc-

2314 2189 2536 2242 tribnam
2569 2187 2795 2243 Domino
2827 2207 2920 2258 pro
2951 2191 3185 2244 omnibus
3203 2207 3318 2260 quw
3336 2191 3567 2245 retribuit
3587 2193 3713 2245 mihi
3737 2192 3900 2263 (Ptol.

2311 2298 2436 2348 cxv,
2469 2284 2597 2354 12)?
2625 2285 2730 2340 Pro
2759 2285 2913 2340 nobis
2943 2285 3178 2341 Verbum
3197 2288 3439 2355 suscepit
3472 2291 3655 2342 carnis
3687 2287 3903 2342 inﬁrmi-

2314 2386 2475 2432 tatem
2510 2395 2522 2432 :
2559 2393 2655 2447 pro
2686 2380 2842 2433 nobis
2861 2379 3106 2445 esurivit,
3139 2379 3433 2447 vapulavit,
3485 2380 3783 2436 cruciﬁxus
3807 2391 3899 2444 est.

2311 2479 2560 2526 mortuus
2585 2479 2707 2536 est;
2743 2483 2793 2524 ut
2821 2472 2978 2526 nobis
3015 2473 3068 2526 in
3113 2473 3308 2543 quibus
3343 2484 3469 2528 ante
3514 2483 3624 2528 Vita
3663 2473 3904 2544 ignobilis

2311 2575 2365 2622 et
2385 2565 2622 2637 degener
2654 2565 2976 2634 habebatur,
3004 2567 3272 2634 inciperet
3301 2584 3449 2624 mors
3473 2583 3598 2625 esse
3644 2573 3900 2639 pretiosa.

2383 2660 2436 2716 5.
2481 2658 2586 2716 Sed
2620 2668 2956 2716 revertamur
2983 2661 3050 2716 ad
3077 2661 3471 2718 coniectionem
3498 2663 3730 2725 itineris,
3747 2675 3800 2720 et
3819 2679 3902 2719 ore

2309 2753 2490 2809 dinem
2521 2757 2886 2812 mansionum.
2938 2756 3009 2812 Et
3051 2767 3103 2810 tu
3153 2773 3382 2828 sequere
3410 2759 3732 2829 spiritaliter
3775 2760 3904 2815 hanc

2313 2850 2490 2921 legem
2520 2849 2697 2906 viandi
2721 2868 2735 2916 ;
2769 2860 2827 2906 ttt
2855 2866 3019 2907 exeas
3043 2868 3109 2906 ex
3135 2850 3372 2925 Egypto
3397 2872 3412 2908 :
3453 2863 3509 2908 et
3547 2854 3673 2908 inde
3696 2870 3904 2926 promo-

2311 2961 2446 3000 vens
2479 2944 2581 3017 ﬁge
2613 2946 3012 3003 tabernaculum
3066 2948 3119 3001 in
3161 2947 3364 3004 Socoth
3396 2991 3410 3016 ,
3441 2949 3556 3005 haec
3599 2952 3771 3020 prima
3817 2951 3900 3006 tibi

2308 3039 2467 3092 statio
2494 3040 2583 3092 sit.
2617 3039 2817 3094 Soc0th
2851 3039 3020 3109 prima
3067 3042 3281 3096 mansio
3311 3051 3414 3106 est,
3459 3042 3776 3111 signiﬁcans
3827 3056 3900 3098 ta.

2312 3129 2683 3185 bernacnlum.
2719 3132 2849 3203 Fige
2878 3147 3008 3204 ergo
3040 3134 3446 3190 tabernaculum
3469 3139 3611 3206 qttod
3647 3139 3700 3192 in
3726 3148 3778 3194 te
3804 3147 3896 3198 est.

608 3222 844 3279 Praiibat
863 3223 1007 3279 enim
1036 3223 1162 3280 illos
1184 3225 1397 3298 1019
1418 3227 1556 3280 licus
1579 3241 1677 3296 per
1696 3225 1840 3281 diem
1868 3226 1922 3280 in
1950 3226 2200 3282 columna
2232 3215 2277 3279 C
2313 3223 2616 3294 mentisque
2649 3235 2752 3279 tua:
2782 3227 3068 3281 stationem
3092 3229 3355 3284 conﬁrma
3389 3246 3402 3295 ;
3439 3239 3497 3284 ut
3521 3231 3795 3286 radicatus
3821 3241 3896 3287 at-

607 3316 786 3382 nubis,
813 3326 872 3373 ut
896 3317 1250 3389 refrigeraret
1279 3318 1555 3374 viantibus
1585 3336 1597 3373 :
1629 3331 1790 3374 noctu
1815 3327 1994 3373 autem
2028 3320 2080 3373 in
2108 3333 2203 3374 co-

605 3409 790 3466 lumna
818 3411 993 3482 ignis;
1038 3420 1096 3466 ut
1127 3411 1270 3467 viam
1330 3411 1644 3467 ostenderet
1684 3411 2114 3478 ambulantibus,
2147 3422 2204 3468 et

605 3505 858 3558 tenebras
889 3502 1212 3559 dimoveret.
1267 3503 1379 3559 Lex
1421 3503 1629 3560 viarum
1674 3506 1930 3560 columna
1981 3515 2099 3561 erat
2147 3515 2203 3562 et

603 3597 767 3669 ignis,
798 3606 854 3653 et
884 3597 1083 3652 nubis:
1116 3597 1351 3668 denique
1379 3597 1430 3652 in
1458 3597 1709 3654 columna
1754 3600 1914 3654 nubis
1943 3599 2203 3671 loqueba-

603 3699 692 3746 tur
715 3689 781 3746 ad
803 3706 922 3748 eos.
955 3690 1056 3748 Ubi
1083 3691 1303 3747 Volebat
1329 3692 1627 3747 exercitum
1671 3693 2018 3763 requiescere
2054 3709 2084 3747 a
2127 3694 2202 3746 la-

504 3829 507 3834 .
603 3785 737 3840 bore
787 3784 1000 3842 itineris
1034 3827 1048 3852 ,
1099 3803 1206 3842 non
1249 3786 1570 3844 movebatur
1594 3788 1843 3844 columna
1907 3789 2066 3857 ignis,
2099 3804 2201 3844 nec

605 3879 871 3937 transibat
896 3879 1092 3937 nebula
1133 3881 1268 3938 lucis
1300 3900 1312 3935 :
1346 3883 1561 3952 quando
1588 3893 1772 3938 autem
1807 3882 2022 3938 volebat
2045 3899 2203 3939 exer-

602 3975 767 4030 citmn
811 3990 1062 4043 movere,
1115 3974 1516 4045 provcbebatur
1568 3984 1621 4030 et
1673 3977 1926 4030 columna
1972 3975 2110 4046 ignis
2146 3977 2200 4032 in

603 4077 782 4135 nocte,
816 4067 1065 4124 columna
1096 4078 1280 4124 autem
1327 4068 1484 4125 nubis
1521 4068 1574 4124 in
1608 4069 1719 4124 die.
1765 4069 1858 4124 Illa
1890 4077 2072 4125 autem
2110 4086 2202 4125 co-

600 4161 782 4218 lumna
812 4162 992 4229 nubis,
1021 4165 1203 4235 specie
1223 4163 1441 4236 quidem
1473 4162 1817 4234 prtecedebat
1844 4163 1988 4220 lilios
2014 4164 2198 4232 Israel,

603 4258 864 4330 mysterio
885 4267 1064 4314 autem
1099 4259 1444 4330 signiﬁcabat
1468 4258 1752 4314 Dominum
1775 4258 1960 4316 Iesum
1988 4261 2039 4315 in
2059 4261 2201 4318 nube

599 4361 884 4408 venturum
917 4351 1046 4416 levi,
1074 4351 1214 4407 sicut
1241 4351 1378 4406 dixit
1401 4351 1587 4406 Esaias
1615 4350 1813 4422 (Esai.,
1841 4367 1954 4418 χιχ,
1981 4353 2063 4423 1);
2098 4353 2203 4408 hoc

599 4455 706 4510 est,
742 4445 796 4499 in
826 4444 1033 4516 virgine
1065 4445 1252 4510 Maria,
1280 4459 1399 4514 quae
1423 4443 1596 4498 nubes
1625 4453 1744 4499 crat
1770 4443 2066 4498 secundum
2091 4444 2202 4498 bte-

600 4537 886 4595 reditatem
921 4538 1048 4594 Eva:
1077 4555 1092 4594 :
1122 4537 1260 4595 levis
1285 4546 1406 4594 erat
1440 4535 1736 4594 secundum
1769 4535 2096 4607 virginitatis
2121 4537 2202 4592 in-

2304 3332 2410 3387 que
2433 3315 2685 3372 fundatus
2709 3334 2927 3375 maneas
2958 3319 3010 3374 in
3036 3321 3140 3376 title
3156 3319 3383 3377 Christi.
3413 3323 3675 3395 Sequitur
3699 3327 3896 3382 mansio

2304 3409 2357 3463 in
2412 3409 2581 3476 Mara,
2607 3409 2709 3466 hoc
2736 3423 2841 3478 εει,
2865 3411 2918 3466 in
2947 3414 3328 3470 amaritudine.
3363 3415 3480 3472 Non
3513 3433 3705 3473 omnes
3757 3435 3897 3474 man-

2303 3501 2486 3557 siones
2509 3504 2746 3573 mqttales
2774 3513 2921 3558 sunt.
2975 3503 3105 3562 lude
3134 3519 3353 3562 ventum
3379 3518 3463 3564 est
3492 3511 3544 3564 in
3579 3511 3775 3579 llelim,
3809 3513 3891 3568 ubi

2303 3591 2483 3649 fontes
2512 3595 2799 3651 duodecim
2825 3607 3000 3663 erant,
3030 3608 3086 3653 et
3125 3601 3467 3671 septuaginta
3507 3603 3738 3660 arbores
3790 3605 3894 3673 pal-

2305 3704 2534 3744 marum.
2571 3690 2699 3745 Post
2743 3691 3186 3757 amaritudinem,
3235 3709 3303 3750 ne
3349 3695 3580 3765 populus
3622 3697 3890 3764 deﬁceret,

2303 3784 2606 3840 debuerunt
2637 3801 2849 3842 alumna
2878 3797 2933 3842 et
2973 3785 3204 3842 fecunda
3245 3791 3563 3846 succedere.
3615 3791 3744 3846 Inde
3796 3791 3894 3845 Ra-

2306 3877 2519 3948 phidin,
2551 3879 2693 3949 quod
2723 3888 2807 3934 Cal
2828 3879 3067 3936 laudatio
3092 3881 3301 3951 judicii.
3333 3882 3464 3940 lnde
3487 3887 3733 3955 sequitur
3749 3886 3888 3949 Sina,

2304 3973 2509 4029 habens
2542 3973 2594 4029 in
2621 3989 2682 4029 se
2711 3983 2766 4030 et
2793 3975 2976 4046 populi
3007 3977 3382 4044 tentationem,
3403 3990 3456 4035 et
3473 3978 3633 4050 Legis
3665 3980 3891 4050 promul-

2303 4069 2600 4138 gationenl.
2634 4065 2922 4122 Variautur
2949 4069 3142 4125 merita
3176 4072 3554 4139 mansionum;
3598 4076 3723 4144 quia
3767 4074 3891 4128 nulli

2296 4159 2442 4230 jugis
2467 4159 2519 4213 iu
2554 4159 2658 4215 hoc
2689 4162 2892 4214 saeculo
2934 4162 3150 4216 vivendi
3187 4173 3365 4232 potest
3417 4180 3541 4221 esse
3593 4181 3887 4222 successus.

2300 4255 2484 4310 Bonus
2513 4255 2672 4327 igitur
2694 4254 2994 4326 imperator
3020 4256 3146 4312 alibi
3179 4274 3374 4313 manna
3405 4261 3666 4316 esurienti
3703 4261 3890 4332 populo

2303 4350 2635 4406 ministravit
2664 4368 2676 4404 :
2704 4350 2831 4406 alibi
2863 4361 3049 4421 potum
3102 4351 3170 4408 de
3210 4362 3361 4422 petra
3386 4354 3582 4423 ﬂuere,
3615 4371 3723 4426 quo
3754 4355 3889 4410 sitim

2304 4442 2488 4512 populi
2527 4443 2919 4514 restingueret,
2971 4451 3198 4514 augusta
3244 4446 3562 4515 provisione
3605 4448 3887 4518 prmcettit:

2302 4537 2429 4592 alibi
2463 4535 2658 4607 Legem
2682 4535 2833 4592 dedit
2862 4555 2874 4592 :
2906 4537 3033 4594 alibi
3067 4539 3280 4612 1020
3307 4541 3611 4613 triumphos
3637 4543 3887 4610 donavit;

673 4695 698 4724 ο
728 4684 862 4740 Cum
894 4681 1176 4734 tradantur
1207 4678 1295 4734 hic
1321 4679 1514 4742 mttlta,
1545 4693 1665 4749 qua:
1687 4676 1752 4731 ad
1774 4684 2012 4749 veterem
2040 4690 2196 4744 spec-
2221 4675 2273 4737 D
2303 4675 2491 4746 paucis
2518 4683 2728 4730 tantum
2759 4674 2950 4731 diebus
2974 4686 3366 4734 commoretur.
3393 4678 3500 4736 Sed
3536 4677 3628 4734 ille
3653 4679 3795 4734 hunc
3815 4680 3891 4733 lc-

601 4768 717 4816 tent
747 4754 1018 4816 militiam,
1050 4767 1112 4806 ea
1142 4767 1240 4806 nos
1269 4752 1510 4806 breviter
1533 4747 1585 4804 ei
1619 4761 1769 4806 reeta
1821 4747 1966 4804 serie
1993 4750 2045 4802 in
2074 4764 2197 4814 gra-

601 4833 732 4888 tiam
769 4830 1029 4883 lectorum
1056 4822 1467 4893 eXplicabimtts.
1497 4823 1539 4876 Α
1565 4823 1726 4892 signis
1756 4839 1774 4888 ;
1825 4821 2048 4890 ptoprie
2080 4821 2195 4893 lth

601 4913 728 4961 suitt
757 4898 943 4956 solidae
973 4891 1254 4968 imagines.
1278 4895 1466 4966 quales
1492 4891 1892 4968 erantaquihe,
1916 4893 2047 4962 lupi,
2069 4891 2195 4968 dra-

600 4974 757 5032 Cnnis
789 4989 804 5025 :
835 4970 930 5026 Sed
961 4971 1064 5024 hoc
1088 4963 1210 5023 loco
1231 4963 1391 5023 etiam
1425 4982 1522 5037 pro
1555 4966 1790 5028 vexillis,
1840 4963 1891 5017 id
1923 4976 2036 5037 est,
2059 4965 2194 5037 Velis

599 5062 663 5104 ex
693 5047 844 5100 hasta
876 5040 1160 5112 suspensis
1192 5035 1484 5108 ponuntur.
1518 5037 1754 5106 Singulis
1797 5044 1978 5112 autem
2027 5035 2195 5112 legio:-

600 5119 758 5174 nibus
789 5131 851 5170 ac
879 5105 1321 5180 tnat'npulis‘sua
1374 5112 1524 5179 signa
1555 5105 1728 5174 erant,
1777 5123 1804 5161 a
1843 5107 2054 5180 quibus
2088 5105 2193 5176 qui

597 5189 939 5246 di~cessisset
970 5179 1185 5254 longius
1216 5199 1376 5252 quam
1403 5182 1543 5236 unde
1573 5188 1698 5234 tuba
1753 5179 1926 5234 audiri
1982 5188 2190 5254 posset,

597 5265 775 5334 capite
805 5262 1007 5316 luebat.
1035 5250 1394 5334 [littera-riunt,
1429 5256 1572 5334 itlettt
1598 5262 1701 5313 e-t,
1725 5267 1815 5334 lac
1850 5263 2100 5334 _les_st-ra_
2123 5250 2190 5302 ad

593 5320 701 5390 ite'r
736 5333 1056 5390 edicendum
1093 5328 1239 5381 data.
1279 5325 1409 5380 Cum
1441 5325 1598 5378 armis
1631 5321 1894 5388 ambulat;
1938 5323 2057 5376 leve
2087 5320 2190 5374 hoc

592 5406 661 5461 iis
689 5407 779 5470 qui
807 5421 954 5458 arma
985 5401 1350 5475 membrorum
1377 5399 1647 5452 ducebant
1693 5396 1816 5475 loeti
1843 5411 1855 5446 :
1905 5393 1997 5449 sed
2054 5410 2190 5475 prata-

592 5467 747 5534 terea.
774 5478 1018 5530 ferebant
1049 5475 1098 5527 in
1133 5471 1279 5526 fasce
1309 5469 1635 5523 frumentum
1664 5482 1725 5522 ac
1751 5467 1902 5520 cibos
1950 5480 2099 5534 saepe
2135 5467 2185 5519 in

589 5548 898 5620 quindecim
929 5547 1068 5620 dies,
1111 5544 1335 5620 ιῖξῌιης,⁸
1357 5541 1601 5620 sarcinas
1643 5550 1696 5592 et
1729 5539 1852 5620 alia.
1887 5535 2188 5620 .Mansiouis

587 5609 693 5677 Vox
732 5619 1066 5682 temporibus
1093 5613 1603 5669 all'ectzelatinitatis
1651 5625 1746 5678 pro
1794 5609 1931 5682 ipsis
1982 5609 2182 5682 castris

582 5680 971 5765 u~urpata'est_.
1002 5687 1228 5765 Statium
1268 5686 1507 5765 ordinat,_
1525 5681 1874 5765 sobiutellige
1899 5680 2184 5765 sedes‘aut

579 5754 912 5826 mansiones,
946 5762 1016 5818 ita
1049 5761 1256 5815 scilicet
1281 5772 1310 5812 a
1348 5755 1547 5812 stando
1569 5754 1761 5810 dietas.
1795 5754 1964 5826 Negat
1996 5762 2180 5807 autem

579 5833 766 5896 Justus
789 5822 1005 5911 Lipsius
1037 5831 1118 5892 sic
1147 5831 1252 5890 dici
1296 5845 1361 5888 ea
1390 5838 1566 5887 castra
1601 5869 1617 5895 ,
1675 5827 1727 5884 in
1780 5822 1979 5899 quibus
2020 5826 2180 5884 miles

2299 4763 2420 4803 eum
2454 4763 2568 4820 non
2602 4749 2830 4814 legerat,
2860 4750 3296 4820 quandoquidem
3351 4752 3693 4805 intercalaris
3744 4752 3890 4806 istius

2299 4819 2496 4891 quietis
2525 4827 2649 4886 post
2675 4819 2896 4873 tertium
2921 4819 3193 4890 quemque
3221 4823 3430 4877 itineris
3457 4823 3600 4878 diem
3631 4839 3886 4888 nusquam

2299 4891 2568 4947 meminit.
2603 4891 2760 4954 Quod
2791 4907 2919 4945 vero
2942 4893 3120 4946 subdit
3151 4893 3475 4949 Ambrosius
3529 4895 3597 4949 de
3650 4895 3810 4960 urbe,
3839 4899 3887 4948 in

2298 4979 2399 5032 qua
2433 4962 2907 5034 {essisemercitibns
2930 4965 3127 5034 requies
3151 4965 3514 5029 ministretur;
3555 4982 3678 5020 eum
3718 4971 3884 5022 locum

2297 5036 2458 5109 abeo
2479 5033 2755 5109 designari
2781 5035 3075 5109 credimus,
3105 5039 3193 5105 qui
3225 5038 3418 5091 castris
3465 5035 3729 5109 hybernis
3757 5040 3883 5095 deli-

2297 5106 2545 5177 gebatur.
2581 5107 2822 5175 Denique
2866 5105 3156 5177 Imperator
3203 5125 3310 5160 non
3359 5105 3576 5176 semper
3618 5109 3758 5163 idem
3808 5123 3886 5165 est

2299 5188 2460 5245 atque
2484 5193 2603 5241 rex,
2629 5177 2743 5232 sive
2774 5177 3027 5247 priuet-ps
3049 5178 3196 5232 urbis
3225 5179 3454 5235 Retnani
3481 5197 3492 5232 :
3531 5181 3625 5234 sed
3656 5183 3701 5234 is
3729 5185 3882 5236 etiam

2296 5249 2514 5304 dicitur.
2549 5249 2634 5303 Vel
2660 5249 2751 5318 qui
2781 5249 2984 5302 bellum
3011 5265 3110 5301 suo
3138 5251 3302 5306 tluetu
3335 5264 3390 5305 et
3421 5251 3684 5316 austliciis
3725 5256 3888 5307 admi-

2298 5321 2636 5375 nistrandum
2667 5321 2917 5390 Suscipit,
2945 5321 3027 5374 Vt‘l
3059 5323 3149 5391 qui
3174 5325 3371 5377 occisis
3407 5324 3461 5377 in
3509 5322 3627 5378 acie
3654 5325 3885 5389 legitimo

2298 5392 2534 5448 hostium
2585 5408 2815 5446 numero
2865 5393 3008 5446 hunc
3054 5393 3278 5448 honoris
3313 5397 3526 5449 titulum
3563 5408 3884 5452 conscentus

2293 5479 2396 5520 est.
2423 5464 2528 5521 Sed
2560 5465 2649 5531 qui
2685 5466 2840 5527 plura
2885 5464 2955 5519 de
3009 5464 3110 5520 hac
3143 5475 3252 5520 tota
3283 5482 3342 5521 re
3368 5467 3639 5521 desiderat
3673 5510 3687 5530 ,
3736 5473 3886 5524 adeat

2294 5538 2544 5592 eumdem
2575 5534 2816 5605 Lipsium
2845 5535 2939 5591 lib.
2967 5537 3078 5590 Vde
3103 5535 3297 5592 Militia
3343 5538 3602 5607 Romana,
3650 5541 3781 5595 dial.
3831 5542 3880 5608 l,

2293 5610 2347 5673 9,
2384 5611 2440 5664 ll
2478 5619 2534 5662 et
2569 5613 2650 5661 l2.

2362 5679 2390 5718 δ
2425 5679 2586 5735 Rom.
2631 5677 2791 5747 edit.,
2827 5696 2956 5751 quos
3000 5690 3208 5753 peccata
3239 5697 3341 5736 non
3382 5691 3614 5738 onerant.
3661 5682 3730 5739 Et
3751 5685 3878 5758 ideo,

2290 5763 2395 5811 CIC.
