4070 6494
552 344 689 413 less

1893 332 2143 405 SANCTI
2180 330 2504 406 Διιιιιιοειι

3718 336 3851 407 ιεδη

545 471 744 528 Umbra
770 479 855 527 est
879 469 997 525 dies
1026 467 1199 526 festus
1232 465 1445 540 septimi
1482 464 1686 525 mensis
1732 464 2056 532 neomenite,
2087 471 2143 520 et
2168 482 2220 545 Α
2245 465 2299 520 in
2341 468 2583 523 columna
2621 468 2777 540 ignis,
2806 476 2853 523 et
2878 482 2978 523 non
3020 467 3288 539 deﬁciebat
3328 466 3572 523 columna
3608 467 3761 522 nubis
3803 470 3853 522 in

544 564 859 620 memoriale
900 564 1150 619 tubarum
1196 561 1415 633 septimi
1446 560 1668 628 mensis,
1710 558 1827 617 dies
1873 557 2139 623 decimus,

536 657 656 712 dies
687 656 1085 729 propitiationis
1108 654 1296 727 (Leuit.
1327 650 1505 723 unt).
1538 650 1705 708 Vides
1730 651 1855 722 quia
1879 664 2069 707 monas
2087 656 2144 705 et

536 750 700 813 decus
722 750 831 821 duo
852 749 975 819 festi
1015 749 1153 817 dies.
1182 749 1314 819 item
1336 748 1561 819 quintus
1586 745 1831 802 decimus
1859 744 1998 810 dies,
2023 743 2142 800 dies

540 844 1014 919 tabernaculorum
1044 858 1140 915 per
1170 852 1295 900 octo
1314 841 1453 897 dies.
1484 841 1541 899 lu
1573 839 1761 901 umbra
1795 838 1910 896 haec
1928 838 2139 895 omnia.

538 941 596 999 lu
624 940 811 997 umbra
844 938 1017 1015 prima
1046 937 1164 1007 dies
1194 942 1484 1005 vocata,et
1511 941 1699 995 octava
1726 931 1845 989 dies
1874 940 2065 987 vocata
2090 931 2143 987 in

541 1034 753 1111 umbra,
808 1048 927 1107 quas
968 1032 1023 1093 in
1075 1030 1417 1103 scenopegiis
1465 1027 1784 1099 praescripta
1842 1025 2143 1083 secundum

540 1126 763 1199 Legem.

616 1220 703 1283 12.
735 1218 1021 1276 Constitue
1047 1215 1183 1277 mihi
1226 1215 1441 1289 aliquos
1478 1232 1547 1273 ex
1589 1213 2005 1272 circumcisione
2025 1226 2147 1267 cre-

538 1312 753 1380 dentes,
787 1312 839 1367 in
869 1310 1017 1382 Lege
1043 1308 1261 1376 doctos,
1292 1309 1654 1373 observantia:
1697 1307 1949 1365 sollicita:
1974 1307 2145 1374 viros,

538 1414 595 1469 et
622 1420 765 1461 nunc
790 1402 1075 1475 Evangelii
1100 1403 1378 1473 agnitione
1406 1402 1759 1467 illuminatos,
1789 1399 2022 1472 spiritali
2063 1415 2152 1455 sa-

542 1498 755 1570 ginatos
785 1497 989 1576 gratia;
1021 1496 1154 1563 dicit
1182 1497 1237 1553 in
1265 1498 1351 1552 his
1379 1497 1646 1563 Ecclesia,
1676 1511 1796 1568 qua:
1826 1496 1972 1552 videt
1996 1495 2153 1551 Chri-

539 1602 707 1657 stum,
748 1607 869 1663 quae
900 1590 1172 1663 Sponsum
1196 1591 1414 1663 recipit,
1441 1607 1563 1662 qua:
1589 1591 1715 1647 cibo
1735 1590 1852 1662 ejus
1872 1589 2150 1662 pascitur:

540 1683 609 1739 lu
639 1683 819 1749 umbra
835 1685 950 1757 ejus
980 1684 1275 1755 concupiui,
1300 1694 1348 1742 et
1377 1684 1491 1743 sedi
1521 1701 1540 1739 :
1566 1694 1616 1740 et
1647 1688 1852 1757 fructus
1882 1685 1995 1749 ejus
2036 1682 2156 1736 dul-

430 1806 439 1815 ~
539 1780 613 1835 cis
652 1780 706 1838 in
730 1780 969 1849 faucibus
1004 1781 1130 1838 meis
1160 1776 1366 1850 (Carm,
1410 1795 1470 1846 ιι,
1501 1779 1579 1851 5).
1612 1778 1748 1847 Quis
1782 1779 1992 1834 fructus
2037 1776 2156 1847 ejus

2246 559 2330 615 die
2361 558 2583 630 (Exod,
2632 576 2750 629 xnt,
2780 563 2847 617 21
2876 570 2922 617 et
2946 561 3062 633 22).

2318 656 2408 712 18.
2441 654 2593 711 Hanc
2639 656 3034 728 praecedentem
3086 655 3246 712 nubis
3273 656 3583 713 columnam
3617 671 3856 726 sequens

2249 747 2492 804 Ecclesia
2526 748 2634 805 non
2673 749 3035 817 deﬁcientem,
3071 765 3143 806 ne
3187 749 3303 820 ipsa
3350 749 3632 813 dellccret,
3665 749 3858 805 umbra

2243 840 2366 914 ejus
2414 841 2838 914 refrigerahatur
2877 859 2893 911 ;
2925 853 2980 901 et
3022 843 3147 900 ideo
3186 843 3316 900 dicit
3364 860 3377 899 :
3413 842 3481 899 In
3516 843 3700 898 umbra
3748 842 3861 914 ejus

2249 937 2545 1008 concupiui,
2578 947 2625 992 et
2667 939 2777 995 sedi
2808 953 2827 993 :
2855 948 2903 993 et
2947 937 3115 993 dulcis
3157 939 3268 1009 ejus
3294 938 3493 1011 {ructus
3539 937 3593 992 in
3624 936 3861 1007 faucibus

2249 1032 2374 1086 meis
2398 1029 2601 1104 (Cant.,
2627 1048 2689 1099 ιι,
2717 1031 2805 1104 ‘5);
2837 1034 2959 1106 quia
2984 1048 3014 1089 a
3039 1033 3268 1090 Domino
3299 1034 3652 1107 pascebatur,
3682 1022 3859 1090 dedu-

2246 1132 2332 1181 cta
2362 1124 2417 1180 in
2457 1125 2633 1182 locum
2665 1142 2955 1198 pascuum,
2987 1136 3043 1183 et
3083 1140 3278 1199 aquam
3311 1126 3651 1184 reiectionis.
3682 1124 3863 1182 Intro-

2247 1219 2422 1275 ducite
2451 1236 2529 1276 me
2569 1221 2625 1275 in
2666 1218 2874 1275 domum
2903 1219 3233 1293 sini_(Cant.,
3285 1238 3343 1285 ιι,
3376 1220 3456 1292 4).
3503 1220 3636 1277 lnde
3688 1219 3861 1293 Copiis

2249 1316 2589 1387 praeparatis,
2618 1316 2813 1388 quaerit
2842 1317 3094 1388 progredi
3126 1318 3193 1373 ad
3237 1316 3399 1373 aliam
3432 1317 3775 1372 mansionem
3808 1315 3859 1369 in

2247 1426 2354 1482 qua
2384 1411 2770 1483 mysteriorum
2797 1416 3051 1482 gratiam,
3083 1419 3139 1469 et
3177 1411 3380 1467 lmtitite
3409 1412 3587 1483 capiat
3627 1410 3864 1466 suavita-

2253 1516 2382 1559 tem.
2417 1505 2555 1562 llinc
2596 1521 2813 1577 quoque
2842 1521 3168 1587 promovens
3205 1521 3393 1562 verum
3426 1507 3549 1573 iter,
3584 1506 3697 1561 ait:
3729 1503 3863 1560 Con-

2253 1600 2445 1655 stituite
2491 1600 2545 1654 in
2570 1599 2663 1669 fme
2692 1601 3013 1657 dilectionem
3043 1598 3262 1674 (Ibid.).
3314 1601 3460 1663 Bona
3512 1599 3736 1665 stativa,
3771 1599 3912 1664 ubi.

2253 1693 2531 1762 plenitudo
2583 1702 2667 1750 est
2705 1693 3009 1752 charitatis.
3057 1694 3377 1768 Con/innate
3421 1712 3525 1762 me,
3571 1694 3771 1769 inquit,
3809 1694 3861 1747 in

2256 1786 2555 1859 unguentis,
2583 1787 2769 1859 stipate
2813 1804 2893 1842 me
2921 1789 2975 1843 in
3003 1788 3157 1844 malis
3189 1786 3381 1859 (Ibid.,

540 1873 736 1945 dulcis,
773 1873 879 1948 nisi
910 1873 1227 1945 praedicatio
1257 1873 1557 1939 ﬂaminica:
1606 1872 1893 1944 passionis,
1927 1880 1985 1925 ut
2028 1870 2143 1940 ipse
2173 1882 2219 1943 ι
2319 1880 2407 1935 16.
2440 1880 2615 1936 Habes
2645 1880 2779 1937 alias
2807 1883 3139 1951 mansiones,
3183 1884 3249 1939 ad
3284 1899 3420 1954 quas
3450 1880 3704 1938 Ecclesia
3734 1897 3857 1938 cum

540 1968 617 2023 ait
646 1984 660 2023 :
697 1965 832 2035 Ecce
861 1967 1139 2027 hereditas
1166 1966 1399 2036 Domini,
1430 1967 1551 2038 ﬁlii,
1585 1982 1779 2022 merces
1806 1969 2010 2038 fructus
2037 1980 2160 2019 ren-

542 2060 637 2115 tris
665 2059 841 2135 (Psal.
873 2076 1059 2129 ειμι,
1086 2059 1180 2133 5)?
1220 2060 1354 2130 Quis
1396 2060 1540 2119 enim
1587 2059 1799 2117 dulcior
1825 2059 2033 2115 fructus
2060 2071 2159 2127 po-

543 2161 652 2225 test
691 2168 812 2221 esse
854 2154 907 2213 in
935 2153 1186 2217 faucibus
1224 2154 1448 2223 nostris,
1479 2171 1639 2225 (ιιιειιιι
1691 2153 1942 2211 remissio
1969 2167 2163 2223 pecca-

546 2249 769 2313 torum?
798 2249 865 2311 Et
903 2249 1041 2311 bene
1070 2247 1171 2311 llos
1218 2256 1304 2305 est
1333 2248 1578 2315 Ecclesia
1624 2264 1744 2318 quae
1782 2246 2020 2303 fructum
2066 2262 2165 2301 an-

542 2341 781 2421 nuntiat,
810 2342 914 2411 hoc
940 2350 1045 2409 est,
1072 2341 1363 2415 Dominum
1392 2342 1578 2403 Jesnm
1610 2340 1915 2407 Ghristum,
1957 2340 2026 2396 de
2054 2356 2164 2411 quo

547 2438 754 2517 dictum
783 2447 865 2497 est
894 2437 1117 2495 Mariae:
1146 2436 1431 2497 Benedicta
1460 2448 1514 2493 tu
1540 2439 1674 2493 inter
1698 2436 1963 2503 mulieres,
2004 2444 2054 2491 et
2080 2434 2166 2489 be-

544 2533 779 2607 nedictus
812 2536 1013 2606 {ructus
1041 2530 1231 2589 uentris
1257 2532 1333 2587 tui
1363 2529 1544 2603 (Luc.,
1575 2547 1614 2595 ι,
1643 2529 1762 2602 ιε).

619 2627 708 2695 15.
733 2625 878 2699 Ergo
904 2625 994 2680 ubi
1025 2625 1266 2697 gustavit
1287 2624 1521 2681 fructum
1539 2624 1846 2690 suavitatis,
1870 2621 2166 2694 impatiens

550 2717 616 2773 ad
649 2718 970 2797 perfectiora
1002 2716 1218 2783 festinat
1243 2716 1433 2789 dicens
1459 2734 1472 2774 :
1507 2715 1834 2777 Introducite
1858 2733 1938 2772 me
1969 2718 2023 2769 in
2064 2714 2163 2769 do-

547 2830 688 2873 mum
734 2812 857 2880 vini,
911 2812 1205 2891 constituite
1251 2813 1305 2867 in
1349 2829 1428 2871 me
1463 2812 1813 2877 dilectionem,
1860 2811 2166 2881 conﬁrmata

556 2907 767 2985 1022
792 2922 871 2969 me
892 2907 943 2967 iu
967 2906 1264 2978 unguentis,
1295 2907 1482 2978 stipata
1504 2922 1583 2961 me
1611 2907 1665 2960 in
1692 2906 1880 2972 titulis;
1901 2906 2021 2974 quia
2052 2903 2167 2958 rul-

553 3009 735 3054 nirntu
760 2999 1051 3063 dilectionis
1079 2990 1173 3071 ego
1202 3016 1337 3057 sum.
1369 2998 1522 3059 Laeva
1559 2999 1669 3069 ejus
1697 3000 1792 3055 sub
1831 3000 2001 3068 capite
2027 3013 2164 3064 nico,

547 3101 594 3145 et
640 3093 852 3147 dextera
901 3094 1016 3165 ejus
1058 3091 1441 3164 amplexabitur
1469 3107 1567 3145 me.
1605 3092 1858 3163 Adjuravi
1890 3106 2002 3155 vos,
2042 3089 2168 3158 ﬁlia:

554 3182 903 3255 Hierusalem,
928 3184 981 3238 in
1012 3184 1278 3247 virtutibus
1315 3193 1362 3239 et
1402 3182 1795 3255 fortitudinibus
1823 3183 1955 3255 agri,
1978 3182 2023 3236 si
2049 3198 2167 3236 sus-

546 3276 857 3339 citaveritis,
897 3285 944 3329 et
988 3275 1415 3333 resuscitaveritis
1468 3273 1794 3333 dilectionem
1823 3314 1840 3337 ,
1898 3289 2161 3344 usquequo
2187 3279 2232 3342 Ε

547 3368 769 3425 voluerit
816 3365 1013 3441 (Cant.,
1045 3382 1105 3433 ιι,
1131 3366 1274 3437 4-7).
1321 3366 1515 3433 Merito
1549 3368 1744 3437 quaerit
1780 3383 1927 3430 eum,
1962 3366 2162 3422 merito

549 3461 858 3526 desiderat;
891 3460 1016 3533 quia
1062 3462 1203 3521 bene
1241 3462 1419 3517 omnia
1454 3463 1507 3519 in
1540 3461 1644 3519 hoc
1671 3477 1836 3521 cursu
1868 3472 2030 3534 atque
2073 3461 2162 3517 iti-

552 3571 685 3615 nere
732 3554 1002 3631 disposuit
1034 3552 1342 3624 imperator.
1389 3564 1590 3613 noster.
1628 3556 1867 3611 Primum
1913 3555 2160 3611 outnium

553 3646 680 3702 ﬁdei
725 3647 1076 3702 fundamento
1117 3648 1526 3707 tabernaculum
1572 3648 1673 3705 hoc
1724 3648 2160 3706 conﬁrmandum

554 3739 787 3813 putavit.
822 3738 1027 3796 Deinde
1053 3740 1098 3796 si
1136 3755 1240 3812 qua
1271 3748 1356 3799 est
1385 3741 1542 3807 nobis
1571 3756 1765 3812 aspera
1810 3752 1972 3811 atque
2012 3741 2163 3800 arida

558 3840 615 3888 et
643 3840 912 3903 praerupta
943 3832 1178 3899 mansio,
1211 3834 1719 3904 imperatoruamen
1752 3843 1777 3871 ει
1820 3834 1922 3891 iste
1949 3834 2162 3891 turbata

552 3925 839 3993 discernit,
894 3924 1045 3980 arida
1092 3927 1300 3996 irrigat,
1338 3926 1554 3987 deserta
1608 3925 1885 3983 fecundat.
1938 3927 1994 3984 Si
2032 3926 2164 3999 quid

559 4017 960 4094 amaritudinis,
1002 4018 1051 4076 si
1079 4016 1207 4090 quid
1235 4002 1568 4084 tentationis,
1600 4019 1646 4075 si
1667 4020 1794 4091 quid
1835 4021 2164 4077 inlirmitatis

559 4122 667 4180 est,
698 4113 891 4169 ductor
916 4123 1105 4170 noster
1129 4124 1184 4171 et
1206 4128 1388 4172 amara
1412 4124 1700 4188 temperat,
1723 4124 1780 4172 et
1807 4116 2040 4173 sollicita
2062 4116 2165 4173 mi-

557 4192 712 4279 ligat,
748 4206 882 4264 dura
912 4206 1182 4276 dissolvit,
1214 4216 1269 4264 et
1292 4207 1525 4267 invalida
1557 4207 1865 4277 conﬁrmat.

568 4290 571 4291 7
630 4302 719 4358 14.
751 4301 843 4357 Sic
871 4301 960 4356 ubi
993 4301 1109 4373 vult
1156 4303 1500 4373 requiescere
1546 4318 1643 4378 rex
1675 4313 1834 4367 terra:
1863 4305 2162 4362 exercitum

555 4410 738 4460 suum,
774 4411 882 4450 non
913 4395 1205 4466 ignobilem
1234 4396 1431 4462 vicum,
1468 4413 1574 4452 non
1605 4400 1999 4457 commeatibus
2028 4399 2167 4454 indi—

553 4496 791 4556 gentem,
815 4503 922 4545 non
959 4501 1186 4542 arenosa
1218 4498 1272 4541 et
1304 4486 1445 4547 nuda
1466 4488 1819 4563 gignentium,
1853 4491 1948 4546 sed
1977 4494 2162 4547 urbem

559 4579 801 4636 tediﬁciis
855 4581 1116 4648 nobilem,
1166 4579 1450 4648 refertam,
1482 4591 1538 4649 et
1587 4582 1813 4645 uberem
1862 4586 2163 4655 cupiarum,

2254 1972 2620 2030 delectatione
2660 1976 2922 2031 succedit.
2974 1976 3095 2032 [stre
3147 1977 3461 2033 mansiones
3508 1985 3635 2032 sunt
3686 1974 3863 2033 crucis

2260 2066 2486 2134 Christi,
2519 2080 2573 2125 et
2600 2069 2913 2141 sepulturae,
2948 2071 3001 2126 in
3034 2072 3231 2141 quibus
3259 2070 3542 2127 vulnerata
3562 2081 3647 2126 est
3676 2064 3866 2126 Eccle—

2261 2163 2364 2227 sia,
2396 2162 2490 2217 sed
2539 2165 2764 2220 vulnere
2813 2164 3119 2221 charitatis.
3154 2163 3366 2221 Vulnus
3410 2165 3553 2220 enim
3610 2163 3866 2235 estquod

2262 2253 2512 2311 Christus
2548 2260 2771 2328 excepit
2804 2275 2817 2310 :
2849 2257 2943 2314 sed
2978 2272 3309 2331 unguentum
3354 2266 3439 2314 est
3481 2258 3622 2329 quod
3658 2256 3866 2317 eli‘udit.

2264 2348 2489 2404 Pontum
2519 2359 2603 2405 est
2633 2350 2776 2422 quod
2804 2341 3083 2422 pependit.
3119 2351 3232 2408 Hoc
3260 2366 3479 2423 pomum
3502 2350 3743 2425 gustavit
3770 2350 3869 2405 Ec-

2263 2441 2450 2506 clesia,
2483 2450 2538 2497 et
2562 2443 2639 2496 ait
2667 2462 2680 2498 :
2718 2442 2788 2498 Et
2821 2447 3020 2517 [ructus
3061 2448 3172 2519 ejus
3207 2446 3372 2500 dulcis
3400 2444 3452 2498 in
3481 2443 3719 2521 [nucibus
3749 2444 3867 2496 meis

2264 2532 2465 2603 (Cant.,
2494 2550 2552 2597 tt,
2583 2535 2660 2607 5).
2693 2536 2761 2591 Ει
2803 2545 2862 2592 ιιι
2893 2537 3185 2609 εείιιεζιιιιίε
3218 2553 3439 2609 pomum
3476 2546 3561 2593 est
3589 2536 3867 2609 Dominus,

2264 2626 2442 2697 legisti
2492 2644 2700 2699 supra:
2740 2627 3027 2702 Tamquam
3070 2632 3260 2686 malum
3302 2632 3357 2686 in
3398 2630 3554 2704 lignis
3598 2630 3868 2702 sqlt~te,ita

2265 2721 2610 2777 consobrinus
2632 2740 2773 2778 mens
2802 2721 2850 2797 (1
2858 2722 3017 2791 bid.).
3034 2724 3144 2780 Nos
3160 2740 3377 2801 quoque
3397 2724 3594 2779 vulnus
3620 2723 3867 2790 fatenmr,

2263 2829 2385 2869 cum
2437 2815 2800 2885 pta-dicamus
2828 2816 3106 2872 Christum
3150 2818 3465 2885 cruciﬁxum
3500 2834 3512 2871 :
3551 2817 3645 2871 sed
3697 2816 3869 2872 bonus

2264 2908 2403 2963 odor
2441 2924 2630 2965 sumus
2664 2910 2804 2976 Deo;
2837 2910 2961 2982 quia
3002 2926 3135 2968 crux
3166 2911 3372 2967 Christi
3415 2910 3619 2966 Judteis
3650 2909 3873 2967 scanda-

2265 3002 2399 3072 lum,
2435 3002 2642 3059 Grzeeie
2675 3005 2902 3059 stultitia
2935 3022 2949 3060 :
2981 3004 3136 3061 nobis
3177 3015 3357 3061 autem
3386 3004 3556 3058 virtus
3589 3003 3685 3059 Dei
3713 3014 3872 3074 atque

2265 3098 2528 3167 sapientia
2561 3108 2661 3154 est.
2713 3099 2828 3155 Hoc
2872 3098 3097 3155 vulnere
3138 3099 3380 3156 Ecclesia
3416 3099 3627 3181 1023
3682 3098 3871 3155 vulne-

2267 3201 2441 3255 ratur,
2489 3207 2611 3248 cum
2669 3192 2966 3249 Saluatoris
3004 3195 3086 3250 sui
3139 3194 3396 3272 prqidicat
3441 3205 3718 3255 mortem:
3775 3191 3869 3249 sed

2268 3282 2369 3338 hoc
2396 3285 2592 3339 vulnus
2623 3295 2707 3341 est
2737 3286 3042 3343 charitatis.
3094 3288 3338 3360 Denique
3381 3289 3469 3369 qui
3517 3305 3628 3343 non
3677 3287 3871 3353 credit,

2267 3389 2483 3449 negat:
2539 3380 2631 3451 qui
2687 3379 2889 3452 diligit,
2947 3380 3256 3437 conﬁtetur.
3306 3381 3635 3439 Manichacus
3691 3388 3869 3450 negat,

2264 3471 2608 3528 Christianus
2636 3472 2865 3539 fatetur;
2897 3481 2954 3529 ct
2974 3475 3098 3529 ideo
3124 3474 3390 3547 scriptum
3414 3485 3499 3531 est
3522 3491 3536 3533 :
3571 3472 3738 3529 Utilia
3763 3471 3876 3527 eul-

2265 3581 2388 3619 nera
2434 3566 2608 3632 amici,
2665 3582 2822 3638 quant
2869 3567 3163 3622 voluntaria
3211 3568 3390 3623 oscula
3436 3566 3633 3623 inimici
3664 3564 3871 3639 (Prom,

2265 3673 2433 3725 xxvn,
2465 3659 2544 3729 6).
2586 3658 2819 3716 Pulchre
2861 3675 2993 3732 ergo
3032 3661 3164 3721 dicit
3196 3661 3439 3723 Ecclesia
3476 3680 3489 3716 :
3538 3659 3671 3729 Quia
3694 3662 3873 3715 aulae-

2264 3763 2381 3808 rata
2409 3753 2678 3810 cliaritatis
2700 3768 2798 3828 ego
2827 3772 2937 3811 sum
2965 3755 3169 3829 (Cant.,
3201 3772 3259 3823 ιι,
3294 3756 3374 3827 5).

2339 3848 2426 3903 17.
2457 3847 2735 3906 Nndemus
2766 3851 3008 3907 membra
3042 3863 3229 3908 nostra
3255 3852 3400 3908 bono
3427 3850 3666 3919 vulneri,
3700 3850 3868 3908 nude-

2269 3955 2387 3994 mus
2434 3941 2646 4011 sagitta:
2685 3943 2897 3999 electae.
2930 3944 3137 4019 Sagitta
3170 3945 3287 4000 haec
3332 3944 3585 4001 Christus
3630 3955 3737 4013 est,
3782 3942 3875 4015 qui

2268 4034 2398 4090 dicit
2428 4053 2441 4089 ε
2476 4034 2663 4093 Posuit
2702 4055 2782 4093 me
2809 4040 2941 4094 sicut
2980 4042 3225 4113 sagittam
3264 4041 3477 4095 electam
3523 4038 3693 4115 (Esai.
3727 4056 3870 4107 nix,

2267 4127 2346 4199 2).
2383 4128 2591 4184 Bonum
2622 4140 2707 4187 cst
2748 4146 2878 4203 ergo
2919 4131 3019 4188 hac
3048 4133 3322 4190 vulnerari
3358 4133 3577 4206 sagitta.
3612 4135 3729 4189 Non
3761 4149 3875 4190 mc-

2265 4220 2466 4278 diocris
2494 4226 2792 4280 mansionis
2829 4226 2930 4283 iste
2961 4243 3249 4299 processus
3296 4246 3308 4282 :
3364 4244 3475 4284 non
3521 4243 3714 4284 omnes
3748 4243 3873 4294 pos-

2268 4325 2395 4371 sunt
2423 4316 2609 4373 dicere
2630 4318 2757 4390 quia
2790 4316 3061 4376 vulnerati
3092 4330 3218 4376 sunt
3245 4320 3581 4377 dilectionis.
3611 4320 3877 4376 Dicebant

2269 4410 2653 4480 apostolicum
2685 4426 2784 4485 pro
2811 4411 3031 4469 Christo
3068 4415 3465 4487 lapidarentur,
3510 4423 3568 4470 et
3598 4415 3873 4470 Christum

2271 4504 2649 4572 pra-dicarem.
2679 4504 2906 4562 Dicebat
2935 4507 3134 4565 Paulus
3156 4526 3280 4567 cum
3322 4519 3405 4566 ter
3433 4508 3600 4582 virgis
3621 4508 3876 4564 caedere—

2271 4602 2376 4662 tur,
2408 4606 2463 4649 et
2492 4594 2583 4651 die
2620 4612 2682 4651 ac
2725 4608 2886 4655 nocte
2927 4600 3204 4657 Christum
3254 4601 3591 4661 adorandum
3621 4600 3875 4675 gentibus

560 4687 649 4731 aut
679 4691 867 4756 agrum
897 4690 1171 4733 alumnum
1201 4682 1266 4768 et
1290 4676 1558 4739 Vireutcm
1592 4677 1826 4744 pascuis.
1860 4686 1955 4737 aut
1976 4694 2165 4734 nemo—
2191 4686 2244 4750 Β
2268 4684 2589 4755 disputaret.
2648 4689 2843 4746 Dicunt
2883 4690 2989 4749 hoc
3031 4709 3323 4768 martyres,
3375 4694 3466 4767 qui
3517 4695 3876 4751 vulnerantur

556 4782 683 4823 rosa
709 4777 762 4821 et
793 4766 1119 4837 campestria
1148 4767 1360 4821 stativis
1388 4775 1691 4841 pppOrtuna
1720 4768 1986 4839 decernit.
2022 4770 2167 4841 Ergo

560 4861 606 4916 si
647 4874 805 4931 reges
836 4868 995 4915 terra:
1024 4868 1223 4915 norunt
1251 4860 1541 4918 commoda
1572 4861 1857 4943 providere
1892 4864 2168 4935 sequenti-

561 4955 663 5009 hus
703 4968 803 5009 se:
837 4960 1041 5024 quanto
1092 4953 1264 5024 magis
1314 4953 1455 5009 Deus
1484 4956 1577 5025 qui
1631 4955 1805 5031 bonus
1857 4968 1961 5024 est,
2016 4959 2168 5016 novit

568 5048 1030 5127 quemadmodum
1086 5047 1364 5120 profutura
1404 5048 1658 5117 disponat
1692 5050 2042 5122 diligentibus
2069 5054 2167 5110 se?

562 5141 641 5200 Ac
671 5141 908 5214 primum
935 5144 983 5198 si
1011 5141 1344 5212 incognitum
1374 5140 1704 5212 carpendum
1730 5155 1814 5200 est
1844 5144 1970 5211 iter,
1999 5146 2164 5207 duces

559 5235 837 5307 eliguntur
867 5234 1100 5301 viarum,
1145 5233 1239 5305 qui
1285 5243 1624 5304 praecurrant
1648 5236 1870 5315 agmini.
1903 5234 2010 5299 Sed
2061 5238 2165 5295 hoc

560 5330 919 5399 imperatores
959 5326 1050 5383 isti
1094 5326 1416 5399 iniuriosum
1448 5328 1555 5389 sibi
1602 5328 1979 5395 arbitrantur:
2020 5332 2163 5393 Deus

562 5431 738 5476 autem
770 5422 1022 5494 praeibat,
1052 5437 1175 5495 cum
1211 5420 1426 5495 Hebrmi
1470 5424 1713 5481 lacerent
1746 5426 1866 5483 iter.
1922 5426 2164 5501 Denique

560 5515 615 5568 in
640 5512 882 5569 columna
909 5514 1057 5577 nubis
1078 5513 1384 5584 loquebatur
1425 5515 1495 5569 ad
1516 5531 1627 5572 eos.
1680 5516 1751 5572 Et
1776 5529 1835 5575 ιιι
1864 5520 2007 5575 scias
2036 5522 2165 5592 quia

561 5604 787 5676 praeibat
819 5622 833 5659 :
867 5604 1027 5675 Deus,
1077 5606 1273 5687 inquit,
1300 5608 1518 5679 praeibat
1546 5610 1653 5679 illis
1673 5612 1789 5687 iter,
1838 5614 1923 5681 die
1958 5617 2165 5687 quidem

560 5696 616 5752 in
664 5696 901 5752 columna
944 5698 1095 5757 nubis
1127 5698 1397 5777 ostendens
1435 5698 1543 5771 illis
1587 5685 2162 5766 victitamus—autem

638 5892 663 5922 ⁸
694 5883 825 5944 Mss.
856 5886 1084 5960 aliquot,
1113 5886 1209 5944 iste
1234 5888 1418 5946 statiua
1446 5887 1714 5947 discernit.

2274 4793 2372 4849 pro
2399 4778 2662 4851 Christo:
2705 4793 2760 4839 et
2787 4786 2915 4855 quia
2954 4787 3225 4844 vulnerari
3269 4778 3368 4865 pro
3409 4788 3527 4865 ejus
3558 4795 3877 4846 meruerunt

2270 4873 2512 4939 nomine,
2555 4875 2675 4946 plus
2694 4876 2943 4951 diligunt.

2344 4967 2431 5022 18.
2472 4968 2555 5024 Att
2594 4969 2735 5029 hanc
2777 4988 2910 5049 ergo
2955 4973 3183 5037 veniens
3228 4976 3566 5045 mansionem
3600 4973 3876 5040 Ecclesia,

2269 5058 2334 5114 ad
2366 5059 2511 5117 hunc
2543 5080 2879 5133 processum,
2933 5075 2990 5123 ut
3018 5084 3129 5141 pro.
3150 5067 3369 5125 Christo
3399 5068 3543 5125 illius
3583 5082 3715 5124 suos
3739 5066 3880 5124 οπε-

2272 5162 2373 5220 rat,
2408 5165 2466 5211 ut
2493 5158 2730 5230 excipiat
2752 5161 2976 5217 vulnera
3021 5163 3325 5229 charitatis,
3358 5163 3513 5237 quasi
3556 5163 3700 5218 bona
3748 5160 3879 5219 ﬁdei

2271 5247 2528 5305 alimenta
2559 5254 2862 5323 reperiens,
2893 5255 3217 5327 pietatisque
3247 5240 3450 5321 fructus
3467 5257 3705 5329 gustavit
3731 5255 3876 5326 ipsa,

2266 5349 2320 5396 et
2360 5342 2565 5400 hortari
2596 5346 2766 5416 ctepit
2797 5356 3029 5407 caeteros
3056 5348 3247 5409 dicens
3279 5367 3293 5404 :
3345 5348 3581 5415 Gustata,
3626 5358 3675 5403 et
3710 5347 3879 5403 videte

2264 5438 2502 5498 quoniam
2522 5442 2694 5497 suavis
2711 5452 2787 5497 est
2814 5441 3090 5513 Dominus,
3110 5446 3244 5500 sicut
3263 5445 3457 5499 malum
3474 5442 3651 5517 (Psal.
3676 5457 3872 5512 Inui,

2263 5530 2341 5601 8).
2378 5533 2443 5587 Et
2488 5533 2543 5589 in
2592 5537 2739 5592 malo
2789 5537 2984 5593 vulnus
3034 5528 3139 5609 est,
3190 5539 3285 5595 sed
3337 5547 3520 5605 tamen
3578 5554 3749 5595 suave
3790 5547 3879 5593 est

2264 5620 2463 5713 (Cana.
2504 5643 2563 5693 ιι,
2597 5629 2675 5703 5).
2710 5629 2869 5687 Venit
2898 5633 3098 5713 iterum
3129 5632 3196 5701 ad
3226 5634 3425 5699 vallem
3450 5634 3761 5707 botryonis,
3792 5614 3879 5689 vii

2264 5710 2345 5773 dit
2373 5716 2608 5791 ingentis
2645 5734 2802 5780 uvam
2848 5710 3262 5798 magnitudinis,
3294 5741 3461 5797 quam
3502 5726 3615 5784 duo
3650 5736 3879 5798 portare

4019 2542 4021 2669 l

4019 2930 4021 3055 l
