4124 6346
220 323 357 380 1257

1307 320 1372 376 ιΝ
1414 317 1744 378 ΡδΑιιιυιι
1781 319 1995 379 CXVIII
2036 321 2425 382 EXPOSITIO.

3389 330 3532 387 1258

215 444 304 496 vix
331 445 586 511 poterant
614 456 628 494 :
658 451 800 493 unus
828 435 921 508 qui
954 435 1308 506 praecederet,
1339 438 1480 492 alius
1513 437 1604 508 qui
1631 453 1822 508 seqne-
1849 448 1900 508 Α
1927 443 2213 514 quiescunt
2243 442 2438 508 Sancti,
2470 442 2538 498 de
2561 441 2759 513 quibus
2787 443 2889 498 iste
2918 451 3002 498 est
3023 442 3113 513 qui
3137 441 3271 498 dicit
3305 461 3317 496 :
3348 442 3534 518 Legem

214 546 388 590 retur.
433 532 682 589 Gustavit
728 530 1068 602 mysterium,
1119 531 1356 600 gustavit
1402 532 1453 584 in
1495 530 1624 586 Jesu
1656 530 1824 593 Nave,

214 627 460 698 gustavit
506 625 559 681 in
591 623 782 691 Calcb,
835 625 928 696 qui
977 623 1235 679 dicebant
1289 625 1487 694 populo
1532 641 1544 678 :
1589 624 1828 678 Vidimus

215 729 408 774 terrain
437 720 779 790 proﬂuentem
826 720 925 772 mel
970 727 1016 772 et
1045 718 1126 772 lac
1163 717 1353 790 (Num.
1415 734 1530 785 χιιι,
1573 718 1690 790 28).
1720 717 1830 775 Gu-

214 823 377 880 state,
412 823 468 871 et
500 815 679 870 videte
700 829 861 885 quam
885 814 1075 870 suavis
1103 821 1189 870 est
1220 814 1497 870 Dominus.

291 928 384 984 l9.
415 929 484 984 Et
507 929 715 986 addidit
739 929 982 986 Ecclesia
1013 929 1198 986 dicere
1230 947 1244 983 :
1277 929 1435 986 Lceva
1475 933 1590 1003 ejus
1624 935 1717 985 sub
1745 947 1832 984 ca-

221 1037 327 1096 pite
350 1041 484 1091 meo,
508 1037 554 1080 et
576 1025 787 1080 dextera
807 1028 919 1093 eius
939 1024 1306 1095 complectetur
1325 1042 1420 1079 me.
1453 1025 1703 1097 Adjuravi
1721 1039 1828 1089 vos,

220 1121 346 1188 filice
373 1118 718 1183 Hierusalem,
751 1120 806 1174 in
820 1118 1088 1174 virtutibus
1115 1129 1163 1174 et
1190 1119 1578 1190 fortitudinibus
1600 1120 1750 1192 agri;
1787 1119 1830 1172 si

220 1211 614 1278 suscitaveritis,
639 1221 685 1266 et
707 1211 1132 1268 resuscitaveritis
1147 1210 1446 1266 charitatem
1466 1228 1727 1282 usquequo
1748 1227 1834 1266 vo-

221 1302 372 1358 luerit
387 1303 562 1374 (Cant.
585 1319 643 1366 ιι,
665 1303 757 1359 6et
773 1305 852 1374 7).
872 1303 936 1358 Et
965 1304 1080 1358 ista:
1095 1306 1404 1359 mansiones
1417 1303 1638 1359 suntvia
1669 1303 1834 1375 regali

220 1396 523 1452 incedentis
550 1396 831 1452 Ecclesize.
858 1396 910 1450 ,11
921 1398 1041 1451 ulta:
1065 1398 1208 1452 enim
1235 1407 1352 1451 sunt
1381 1398 1672 1452 mansiones
1692 1398 1834 1467 apud

223 1487 434 1543 Patrem
451 1505 640 1556 meum,
660 1488 978 1544 testiﬁcatur
993 1490 1251 1546 Dominus
1265 1489 1424 1546 Jesus
1438 1488 1832 1560 (Joan.xtv,2);

220 1592 280 1639 et
310 1601 323 1635 :
357 1581 496 1638 Ecce
524 1583 695 1651 venio,
725 1593 772 1638 et
809 1586 1036 1639 accersio
1065 1601 1150 1639 vos
1191 1582 1356 1657 (Ibid.
1389 1583 1467 1654 3).
1502 1584 1650 1639 Bona
1680 1600 1834 1639 man-

221 1676 308 1734 sio
339 1676 646 1746 sapientiae,
675 1687 730 1734 et
758 1678 875 1734 sive
905 1680 959 1733 in
1000 1681 1135 1734 laeva
1167 1679 1309 1750 ejus,
1342 1679 1457 1735 sive
1489 1680 1543 1734 in
1584 1679 1833 1746 dextera,

222 1769 370 1826 bona
401 1770 648 1836 mansio;
678 1771 804 1842 quia
832 1771 918 1825 via
945 1771 1142 1842 regalis
1171 1783 1275 1828 est.
1303 1772 1536 1843 Ideoque
1565 1773 1840 1843 sapientes

1928 538 2055 591 milii
2118 539 2390 603 constitue,
2457 536 2693 600 Domine,
2760 539 2896 592 viam
2933 539 3258 610 justitiarum
3309 547 3534 592 tuarum.

1931 630 2076 685 Bene
2101 631 2197 695 ait,
2229 640 2430 697 statue;
2462 638 2521 685 ut
2548 631 2600 685 in
2633 641 2854 699 pectore
2882 631 3001 700 ejus
3028 629 3323 684 immobilis
3349 640 3401 684 et
3428 629 3533 683 lixa

1931 733 2268 793 permaneat,
2303 737 2405 778 nec
2431 722 2613 793 aliqtto
2640 722 2822 778 smeuli
2875 723 3111 790 turbine,
3159 722 3226 777 ab
3266 721 3384 791 ejus
3406 737 3538 776 con-

1931 817 2169 873 vellatur
2192 815 2386 872 aﬂ‘ectu
2409 833 2424 884 ;
2451 825 2507 872 ut
2524 817 2639 888 ipse
2660 818 2747 874 lex
2770 818 2841 874 sit
2859 817 2981 883 sibi,
3003 833 3146 888 opus
3169 818 3378 872 habens
3404 816 3540 888 legis

1933 909 2195 980 scriptum
2222 907 2275 965 in
2305 909 2470 965 corde
2496 925 2615 965 suo.

2006 1023 2096 1078 2|.
2129 1022 2197 1078 Et
2225 1040 2476 1094 quierant,
2509 1024 2701 1095 inquit,
2733 1025 2877 1078 illam
2899 1041 3117 1097 semper.
3141 1022 3258 1079 Non
3281 1033 3366 1080 est
3389 1024 3533 1079 enim

1937 1117 2212 1175 mediocre
2257 1118 2402 1188 quod
2453 1118 2748 1188 requiritur
2778 1119 3016 1189 paradisi
3062 1117 3255 1188 gratia,
3311 1117 3403 1170 Dei
3455 1132 3542 1172 re-

1936 1227 2120 1282 gnum,
2154 1211 2466 1282 augelorutu
2496 1209 2850 1278 consortium,
2886 1209 3418 1280 inunortalitatisque
3446 1208 3545 1261 do-

1939 1304 2223 1360 micilium.
2256 1303 2372 1359 Non
2403 1319 2534 1376 ergo
2571 1319 2679 1358 uno
2709 1303 2797 1359 die
2845 1302 3126 1372 quaeritur,
3176 1317 3274 1357 nec
3305 1300 3539 1364 duobus,

1940 1410 2030 1454 aut
2061 1400 2245 1470 paucis
2272 1399 2550 1455 mensibus
2582 1416 2594 1450 :
2625 1397 2722 1452 sed
2749 1396 3014 1468 quaeritur
3046 1411 3283 1465 semper,
3313 1403 3366 1448 et
3385 1410 3536 1464 quae-
3564 1385 3588 1409 ⁸

1941 1493 2079 1547 ritur
2125 1508 2220 1562 per
2271 1491 2486 1558 omnia;
2539 1498 2598 1545 ut
2625 1491 2946 1545 meritorum
2996 1487 3165 1542 multa
3211 1497 3534 1541 concurrant

1942 1585 2198 1656 suffragia
2220 1602 2234 1650 ;
2264 1585 2348 1642 διὰ
2367 1587 2558 1646 παντὸς
2581 1586 2724 1639 enim
2755 1593 2808 1638 et
2831 1597 2993 1637 onme
3021 1592 3235 1650 tempus
3255 1578 3546 1650 signiﬁcat,

1943 1689 1997 1735 et
2025 1696 2123 1752 per
2148 1681 2348 1734 omnia.
2378 1679 2510 1735 Ctnn
2537 1678 2671 1733 dicit
2693 1679 2889 1749 igitur:
2921 1676 3162 1744 Quwram
3183 1690 3402 1746 semper,
3429 1673 3546 1728 sine

1945 1774 2053 1829 line
2080 1775 2213 1828 dicit
2243 1788 2366 1829 esse
2406 1772 2782 1842 quierendnm.
2819 1770 2930 1827 Sed
2962 1786 3069 1824 non
3101 1767 3234 1824 satis
3275 1778 3361 1824 est
3397 1782 3547 1838 qua:-

225 1861 409 1916 nuntii
437 1861 626 1916 dicunt
655 1879 668 1916 :
706 1860 806 1916 Via
834 1863 992 1934 regali
1021 1862 1229 1930 ibimus,
1260 1880 1358 1917 non
1383 1865 1688 1918 divertemus
1711 1863 1830 1918 dex-
1870 1849 1918 1910 Β
1945 1879 2088 1931 rere,
2120 1865 2223 1919 nisi
2253 1863 2526 1936 intelligas
2553 1863 2696 1934 quod
2728 1862 2985 1932 requiris.

225 1963 363 2017 tera,
400 1971 562 2026 neque
607 1955 840 2020 sinistra,
871 1956 1208 2025 quoadusque
1249 1967 1567 2011 transeamus
1598 1957 1841 2012 terminos

227 2057 349 2100 tuos
381 2045 572 2117 (Num.
610 2064 700 2114 xx,
759 2050 868 2121 l7).
915 2048 1030 2104 Hoc
1072 2049 1331 2104 dixerunt
1382 2051 1529 2104 missi
1585 2067 1612 2103 ει
1659 2049 1842 2121 Moyse

228 2139 413 2193 nuntii
444 2138 513 2193 ad
539 2153 721 2210 regem
753 2139 929 2202 Edon,
965 2140 1068 2194 hoc
1099 2150 1204 2206 cst,
1243 2150 1546 2206 terrenum;
1575 2141 1700 2211 quia
1734 2150 1844 2195 ter-

229 2248 368 2289 rena
399 2234 606 2302 omnia,
633 2235 754 2289 sive
794 2235 846 2288 in
873 2233 1120 2300 dextera,
1149 2235 1263 2289 sive
1311 2235 1364 2289 in
1410 2234 1654 2300 sinistra,
1703 2233 1842 2288 mala

230 2337 384 2382 sunt.
420 2325 557 2381 Mala
598 2327 810 2382 mansio
839 2325 1175 2398 insipientia,
1208 2326 1348 2381 mala
1395 2326 1605 2381 mansio
1646 2328 1842 2382 intem-

237 2421 525 2490 perantia;
549 2427 605 2472 et
625 2418 748 2474 ideo
769 2419 1058 2489 pertransit
1078 2419 1175 2473 has
1202 2404 1519 2475 mansiones
1537 2419 1801 2475 Hebraeus
1828 2438 1841 2473 :

234 2527 350 2567 non
378 2511 603 2566 divertit
648 2511 715 2565 ad
743 2526 859 2579 eas,
890 2512 987 2566 sed
1019 2512 1346 2582 pertransit;
1378 2522 1437 2566 ut
1466 2511 1746 2582 perveniat
1777 2511 1844 2566 ad

234 2602 518 2657 sinistram
547 2604 828 2673 sapientiae
855 2612 912 2659 et
937 2603 1247 2672 dexteram,
1281 2615 1336 2661 et
1365 2605 1420 2659 in
1441 2603 1574 2675 ipsis
1601 2614 1842 2672 maneat,

237 2697 337 2752 ubi
387 2697 592 2752 divitia:
639 2698 1028 2766 simplicitatis,
1075 2699 1164 2754 ubi
1211 2698 1404 2769 gloria,
1435 2700 1524 2753 ubi
1567 2697 1846 2770 longitudo

239 2791 370 2846 vita:
397 2799 500 2845 est.
534 2787 831 2861 Longitudo
858 2792 1004 2846 enim
1033 2792 1152 2846 vita:
1185 2792 1240 2845 in
1271 2792 1481 2848 dextera
1506 2794 1640 2861 ejus,
1673 2801 1733 2847 ut
1772 2791 1849 2846 ait

239 2886 504 2942 Salomon
551 2901 566 2940 :
605 2869 666 2938 in
716 2885 928 2939 sinistra
969 2895 1140 2939 autem
1186 2885 1299 2955 ejus
1341 2885 1534 2939 divitia:
1588 2895 1632 2938 et
1681 2884 1849 2957 gloria

242 2975 433 3049 (Prov.
461 2992 543 3040 ιιι,
587 2977 702 3047 16).
747 2977 805 3032 In
851 2977 1073 3032 dextera
1119 2979 1225 3032 vita
1268 2988 1374 3045 est,
1427 2979 1480 3032 in
1515 2977 1734 3033 sinistra
1765 2993 1850 3033 re-

240 3072 424 3143 quies.
456 3070 673 3128 Utinam
715 3087 881 3141 super
905 3072 1181 3126 sinistram
1227 3072 1347 3142 ejus
1386 3071 1752 3140 requiescam,
1780 3085 1851 3127 nc

240 3180 490 3237 quum-am
518 3163 830 3219 cervicalia.
869 3163 963 3218 Va:
990 3163 1136 3220 enim
1163 3165 1227 3218 iis
1253 3165 1341 3235 qui
1378 3165 1600 3218 adsuunt
1626 3163 1852 3218 cervica-

245 3257 345 3324 lia,
380 3255 634 3312 Ezechiel
678 3256 814 3311 dicit
840 3253 1056 3328 (Ezech.
1088 3271 1204 3323 xm,
1259 3254 1372 3328 lo‘).
1404 3256 1508 3310 llas
1546 3256 1853 3310 mansiones
1882 3247 1929 3311 C

244 3359 525 3422 preparat
555 3349 818 3406 Ecclesiae
843 3365 954 3406 sua:
979 3352 1153 3406 bonus
1181 3350 1398 3418 ductor,
1427 3361 1483 3406 et
1513 3367 1607 3420 per
1629 3350 1742 3405 vias
1770 3365 1857 3405 sa-

246 3447 471 3518 pientia:
496 3445 682 3517 dirigit
713 3445 816 3501 iter
839 3447 977 3516 ejus.
1014 3445 1257 3516 Denique
1279 3444 1460 3500 laudat
1483 3443 1714 3515 Sapiens
1745 3445 1859 3500 vias

247 3542 418 3611 ejus:
476 3537 587 3594 γεω
614 3542 727 3612 ejus
765 3539 860 3594 vite
907 3539 1072 3606 bonce,
1115 3547 1161 3592 et
1205 3554 1380 3593 omnes
1423 3538 1618 3594 semita:
1646 3540 1759 3610 ejus
1804 3537 1859 3590 in

248 3651 382 3707 pace
411 3631 596 3705 (Prov.
629 3649 710 3700 ιιι,
745 3634 853 3706 17).

324 3749 420 3804 20.
454 3749 560 3807 Sed
587 3749 711 3820 quia
740 3749 1029 3821 sapientia,
1061 3751 1342 3816 honestas,
1371 3745 1618 3816 claritas,
1640 3747 1710 3800 ita
1739 3761 1865 3818 per-

251 3842 413 3898 lectze
433 3851 584 3909 sunt,
608 3841 654 3897 si
674 3841 910 3897 habeant
930 3841 1277 3907 cbaritatem,
1299 3840 1579 3910 plenitudo
1598 3839 1742 3895 enim
1761 3838 1866 3894 Le-

253 3937 342 4009 gis
369 3935 612 3991 charitas
634 3945 720 3991 est
747 3933 926 4004 (Rom.
961 3949 1079 4000 xm,
1112 3935 1235 4002 10),
1265 3931 1520 3988 suscitari
1551 3942 1604 3987 et
1630 3931 1866 3987 resusci-

259 4033 363 4086 tari
395 4031 511 4085 vult
534 4029 858 4086 eharitatem
888 4046 901 4084 :
931 4027 1185 4085 suscitari
1214 4029 1264 4082 in
1295 4028 1464 4083 veteri
1496 4025 1865 4094 Testamento,

257 4123 580 4181 resuscitari
635 4121 848 4195 102E,
885 4122 938 4177 in
994 4135 1154 4176 novo.
1204 4117 1444 4174 Charitas
1490 4118 1633 4173 Deus
1663 4128 1759 4184 est,
1809 4125 1871 4171 ut

259 4219 501 4291 legimus
529 4218 578 4291 (1
603 4217 765 4274 Joan.
797 4234 874 4285 tv,
904 4218 960 4290 8)
997 4235 1010 4271 :
1042 4217 1283 4273 charitas
1305 4218 1558 4274 Christus
1582 4227 1684 4275 est.
1737 4217 1872 4274 Sus-

263 4314 465 4369 citatur
515 4321 791 4383 tamquam
839 4310 957 4380 leo,
1003 4321 1060 4367 et
1089 4311 1302 4366 catulus
1362 4310 1567 4377 leonis,
1623 4317 1681 4364 ut
1717 4308 1872 4365 Judte

267 4407 528 4464 ascendat
557 4422 624 4463 ex
661 4407 932 4478 germine.
977 4405 1355 4462 Resuscitatur
1383 4414 1443 4461 ut
1485 4405 1784 4473 dormiens,
1817 4413 1876 4459 ut

269 4500 633 4567 recumbens;
681 4499 808 4570 quia
865 4514 974 4554 non
1017 4499 1278 4566 humana,
1332 4497 1428 4555 sed
1471 4514 1568 4554 sua
1613 4507 1670 4554 et
1699 4497 1875 4553 Patris

270 4594 559 4664 majestate
597 4602 682 4648 est
728 4592 1020 4647 suscitatus
1058 4607 1089 4646 a
1119 4591 1372 4647 mortuis.
1423 4590 1578 4648 Unde
1609 4591 1685 4645 ait
1729 4591 1878 4646 Scri-

272 4697 427 4758 plura
474 4706 488 4740 :
525 4687 652 4756 Quis
696 4687 960 4741 suscitabit
999 4685 1150 4740 illum
1200 4684 1353 4758 (Gen.
1420 4700 1568 4750 xux,
1615 4682 1710 4754 9)?
1758 4683 1876 4740 Non

274 4781 417 4836 enim
448 4789 664 4851 poterat
709 4778 863 4834 illum
897 4785 992 4833 aut
1019 4778 1268 4849 angelus,
1297 4786 1392 4832 aut
1422 4787 1659 4848 potestas
1708 4775 1881 4830 susci-

277 4884 393 4931 tare
424 4874 630 4940 aliena;
673 4887 796 4929 cum
829 4874 945 4944 ipse
987 4872 1122 4928 alios
1169 4872 1538 4928 resuscitaret.
1581 4869 1728 4941 Ergo
1755 4884 1878 4925 eum

276 4968 366 5024 hic
393 4967 526 5023 dicit
559 4985 574 5023 :
609 4967 672 5022 Si
709 4966 1098 5029 suscitaveritis,
1131 4976 1222 5020 aut
1252 4962 1674 5020 resuscitaveritis
1703 4961 1878 5016 chari-

279 5072 432 5117 tatem
460 5076 724 5131 usquequo
748 5059 969 5113 voluerit
1015 5057 1192 5130 (Cant.
1225 5073 1285 5124 ιι,
1318 5057 1398 5129 7),
1443 5055 1510 5111 de
1540 5054 1605 5111 iis
1632 5054 1766 5110 dicit
1792 5053 1884 5126 qui

278 5155 742 5212 resurrectionem
774 5152 895 5224 ejus
928 5160 1159 5223 possunt
1188 5166 1430 5222 congrue
1461 5150 1791 5220 praedicare;
1830 5156 1890 5203 ut

279 5248 630 5305 audientibus
667 5248 919 5303 ardorem
951 5245 1080 5301 lidei
1130 5253 1186 5301 et
1222 5244 1532 5301 devotionis
1561 5243 1884 5299 accendant.

285 5343 381 5398 Vel
408 5342 706 5398 suscitatur
730 5338 983 5395 Christus
1006 5339 1060 5394 in
1087 5339 1174 5407 iis,
1203 5337 1298 5410 qui
1326 5337 1559 5409 primum
1585 5335 1886 5392 accedunt:

282 5438 640 5492 resuscitatur
683 5433 738 5488 in
768 5432 836 5487 iis
882 5433 976 5503 qui
1023 5443 1310 5502 postquam
1355 5430 1710 5496 accesserint,
1760 5426 1886 5482 dor-

284 5528 547 5586 mierunt.
581 5525 790 5580 Dormit
819 5539 951 5595 ergo
987 5524 1233 5580 Christus
1265 5523 1318 5578 in
1347 5520 1764 5595 negligentibus,
1797 5533 1889 5575 su-

284 5620 509 5676 scitatur
535 5619 588 5673 iu
620 5617 842 5672 sanctis.

357 5738 449 5793 2|.
487 5735 674 5808 (Vers.
705 5736 822 5808 '53.)
852 5735 1024 5792 Habet
1052 5749 1184 5807 ergo
1212 5734 1456 5792 Ecclesia
1494 5749 1590 5804 per
1625 5747 1746 5804 quae
1769 5746 1892 5804 gra—

290 5831 470 5891 diatur
499 5851 513 5886 :
547 5832 712 5890 habet
741 5831 1048 5888 habitacula
1092 5830 1460 5899 mansionum,
1490 5830 1543 5887 in
1587 5828 1784 5902 quibus
1805 5841 1893 5884 re-

659 5933 936 5996 Ρηιιοι..
985 5932 1128 5997 XV.

2016 1978 2109 2033 22.
2153 1977 2339 2052 (Vers.
2372 1977 2490 2050 34.)
2532 1977 2765 2048 ideoque
2794 1975 2872 2031 ait
2903 1994 2915 2028 :
2948 1974 3031 2029 Da
3054 1975 3182 2028 mihi
3211 1975 3546 2037 intellectum,

1945 2082 1993 2126 et
2018 2073 2382 2144 perscrutabor
2411 2073 2574 2142 legem
2603 2081 2766 2137 tuam,
2795 2079 2844 2125 et
2875 2069 3166 2122 custodiam
3191 2068 3339 2122 illuni
3362 2069 3415 2121 in
3444 2075 3552 2121 toto

1945 2165 2102 2220 corde
2143 2183 2274 2220 meo.
2305 2165 2671 2234 Qumrendum
2715 2165 2972 2234 primum,
3001 2161 3201 2218 deinde
3243 2160 3554 2231 intelligen-

1945 2259 2075 2314 dum
2122 2259 2678 2330 perscrutandumque
2731 2257 2866 2328 legis
2895 2271 3060 2311 omne
3104 2254 3449 2325 mysterium,
3499 2262 3556 2308 et

1947 2353 2001 2407 in
2045 2353 2212 2408 corde
2241 2351 2676 2408 custodiendum.
2729 2350 2862 2419 Quis
2909 2359 3087 2405 autem
3143 2345 3334 2418 potest
3367 2356 3552 2402 custo-

1945 2445 2064 2502 dire
2095 2445 2269 2516 legem
2323 2446 2439 2511 Dei,
2471 2445 2571 2500 nisi
2601 2443 2932 2499 intellectum
2964 2440 3268 2510 acceperit?
3311 2439 3413 2509 Qui
3442 2456 3541 2494 au-

1950 2549 2056 2596 tem
2113 2541 2364 2611 intelligit
2420 2549 2476 2595 et
2522 2549 2810 2604 scrutatur,
2860 2538 3152 2594 scrutando
3201 2537 3254 2590 in
3302 2536 3552 2591 semitam

1949 2633 2328 2694 mandatorum
2381 2633 2686 2689 deducitur.
2734 2633 2792 2688 in
2841 2647 2947 2703 quo
2979 2631 3106 2686 illud
3161 2629 3552 2686 advertendum

1950 2728 2076 2799 quia
2118 2728 2203 2783 lex
2240 2737 2323 2784 est
2361 2728 2594 2798 justitia,
2646 2727 2957 2781 mandatum
2980 2725 3266 2794 judicium,
3316 2725 3456 2777 sicut
3504 2732 3559 2778 et

1953 2821 2006 2876 in
2057 2823 2160 2876 hac
2199 2822 2377 2877 littera
2423 2821 2672 2890 legimus.
2715 2818 2993 2888 EStLegts
3040 2818 3123 2872 via
3165 2828 3309 2872 stare
3362 2815 3415 2869 in
3457 2814 3560 2870 viis

1951 2911 2116 2984 Legis
2144 2928 2158 2968 :
2191 2923 2274 2968 est
2297 2913 2383 2966 via
2418 2911 2753 2982 justitiarum
2794 2907 3091 2964 Secundum
3121 2908 3352 2978 primum
3392 2907 3563 2961 versi-

1952 3009 2158 3063 culum.
2201 3005 2300 3061 Est
2335 3020 2466 3076 ergo
2501 3015 2558 3060 et
2598 3001 3036 3059 testimoniorum
3066 3001 3150 3056 via
3178 3021 3191 3054 :
3221 2999 3291 3054 In
3316 3001 3398 3054 via
3423 3001 3566 3054 tcsti-

1956 3100 2243 3155 moniorum
2263 3108 2472 3152 tuorum
2499 3097 2812 3152 delectabar.
2845 3095 2944 3150 Est
2963 3105 3016 3149 et
3039 3095 3121 3148 via
3146 3094 3559 3148 mandatorum:

1970 3191 2116 3245 Viam
2148 3190 2506 3245 mandatorum
2529 3201 2734 3244 tuorum
2756 3187 2982 3243 cucurri.
3005 3186 3410 3256 lnterrogemus
3435 3199 3566 3255 ergo

1960 3284 2058 3340 has
2091 3287 2224 3351 vias,
2260 3294 2319 3339 ut
2346 3284 2560 3339 dicatur
2589 3283 2746 3338 nobis
2779 3297 2794 3336 :
2827 3281 2976 3337 State
3002 3282 3052 3335 in
3079 3281 3174 3334 viis
3208 3278 3385 3350 Legis,
3412 3290 3458 3333 et
3486 3280 3567 3332 in-

1961 3387 2212 3451 terregate
2240 3379 2449 3432 semitas
2476 3385 2717 3444 aeternas,
2752 3384 2799 3430 et
2844 3373 3010 3429 videte
3045 3388 3160 3442 qum
3184 3374 3264 3426 via
3291 3371 3489 3437 melior,
3521 3381 3568 3426 et

1960 3471 2221 3527 ambulate
2259 3471 2313 3525 in
2338 3488 2400 3526 ea
2454 3469 2671 3543 (Jerem.
2714 3485 2790 3535 vi,
2825 3469 2934 3539 16).
2988 3468 3122 3523 Cum
3167 3481 3361 3523 omnes
3407 3466 3570 3538 igitur

1961 3566 2421 3622 ambulaverimus
2470 3567 2618 3626 vias.
2669 3565 2949 3620 veniemus
3007 3563 3060 3618 in
3115 3563 3356 3617 omnimn
3404 3563 3568 3617 liuent

1964 3657 2195 3724 viarum,
2227 3658 2320 3730 qui
2354 3657 2470 3713 ait:
2503 3657 2619 3730 Ego
2645 3674 2760 3712 sum
2804 3657 2885 3712 via
2937 3654 3117 3728 (Joan.
3145 3672 3259 3722 xiv,
3302 3655 3379 3726 6).
3414 3654 3573 3710 Chri-

1963 3761 2083 3808 stus
2111 3766 2244 3824 ergo
2290 3752 2410 3807 linis
2441 3752 2684 3816 viarum;
2717 3753 2826 3821 ipse
2853 3751 3002 3822 enim
3039 3758 3114 3805 est
3157 3751 3277 3819 ﬁnis
3317 3747 3470 3821 Legis
3495 3749 3564 3802 ad

1959 3847 2217 3918 justitiam
2246 3846 2385 3900 omni
2427 3845 2655 3900 credenti
2676 3845 2856 3916 (Rom.
2905 3860 2964 3910 x,
2995 3842 3077 3914 4).
3112 3843 3248 3898 llinc
3290 3841 3466 3898 audeo
3493 3841 3578 3897 di-

1969 3956 2095 3996 cere
2121 3939 2246 4010 quia
2278 3941 2400 3994 linis
2421 3938 2753 4010 justitiarum
2783 3936 3059 4004 Christus,
3088 3937 3179 4009 qui
3213 3945 3300 3993 est
3319 3936 3532 4006 justitia
3562 3954 3573 3988 :

1971 4033 2097 4091 ﬁnis
2131 4034 2567 4090 testimoniorum
2615 4033 2892 4098 Christus,
2923 4032 2994 4088 de
3037 4047 3143 4102 quo
3192 4031 3395 4086 dictum
3449 4040 3576 4087 est:

1973 4125 2154 4183 Estote
2182 4127 2309 4180 milii
2335 4137 2506 4194 testes,
2535 4137 2585 4180 et
2609 4142 2703 4197 ego
2723 4127 2882 4192 testis,
2910 4126 3032 4181 dicit
3062 4123 3338 4190 Dominus,
3370 4133 3418 4179 et
3450 4139 3574 4196 puer

1975 4236 2116 4275 meus
2137 4236 2288 4290 quem
2315 4220 2444 4292 elegi
2469 4217 2645 4291 (Esai.
2674 4235 2828 4286 mn,
2863 4216 2975 4290 10).

2045 4333 2138 4390 25.
2163 4331 2512 4389 Advertimus
2529 4332 2693 4406 igitur
2715 4340 2977 4404 quantum
3001 4332 3159 4387 nobis
3183 4331 3573 4388 ambulandum

1977 4429 2070 4494 sit,
2126 4439 2183 4485 ut
2240 4429 2524 4486 veniamus
2577 4429 2644 4484 ad
2697 4428 2995 4484 Christum.
3061 4425 3471 4484 Ambulandum
3529 4428 3585 4484 in

1979 4521 2158 4593 Lege;
2190 4523 2315 4594 quia
2348 4522 2470 4577 linis
2512 4521 2672 4593 Legis
2700 4519 2949 4576 Christus
2978 4530 3083 4577 est.
3113 4520 3244 4576 Sine
3275 4521 3415 4592 Lege
3455 4535 3586 4592 ergo

1983 4629 2090 4670 non
2126 4616 2445 4685 pervenitur
2486 4614 2555 4670 ad
2592 4613 2892 4670 Christum.
2934 4612 3091 4670 Unde
3131 4614 3478 4670 manifestum
3506 4623 3593 4671 cst

1985 4706 2130 4779 quod
2159 4707 2423 4772 haeretici,
2458 4707 2550 4778 qui
2575 4707 2773 4779 Legem
2803 4705 3006 4762 veteris
3035 4721 3140 4761 non
3172 4707 3450 4775 accipiunt
3486 4705 3590 4762 Tc-

1987 4802 2264 4867 stamenti,
2295 4801 2398 4858 etsi
2426 4800 2612 4857 dicant
2641 4801 2784 4872 quod
2817 4799 3092 4856 Christum
3127 4809 3376 4866 teneant;
3408 4809 3593 4858 tamen

1987 4909 2096 4952 non
2145 4895 2356 4965 possint
2399 4905 2584 4950 tenere
2627 4892 2808 4961 linem,
2845 4893 2937 4962 qui
2993 4891 3205 4963 1025
3237 4891 3451 4948 initium
3483 4907 3591 4948 non

1990 4986 2284 5044 tenuerint.
2314 4985 2435 5057 ipse
2477 4985 2638 5043 Jesus
2683 4992 2768 5041 est
2795 4983 3008 5039 initium
3063 4991 3120 5039 et
3165 4982 3309 5038 linis.
3366 4983 3597 5053 Oportet

1987 5079 2150 5150 igitur
2179 5087 2237 5134 ut
2264 5079 2607 5135 ambulemus
2635 5077 2935 5133 secundum
2965 5077 3140 5148 legem
3169 5078 3506 5148 spiritalem;
3538 5091 3599 5135 ut

1989 5173 2273 5229 veniamus
2303 5174 2371 5228 ad
2413 5173 2573 5244 Legis
2604 5171 2764 5228 linem
2799 5170 3088 5227 Dominum
3123 5168 3333 5226 Jesum.
3365 5170 3600 5241 Oportet

1990 5276 2054 5322 ut
2097 5282 2390 5338 sequamur
2431 5267 2773 5331 testimonia;
2803 5275 2862 5320 ut
2889 5265 3176 5338 pervenire
3225 5266 3500 5336 possimus
3530 5267 3600 5322 ad

1992 5375 2247 5432 maguum
2308 5361 2679 5416 testimonium
2748 5358 3037 5415 Dominum
3108 5357 3316 5414 Jesum.
3372 5359 3603 5429 Oportet

1994 5452 2158 5507 etiam
2187 5461 2247 5506 ut
2286 5450 2340 5506 in
2370 5451 2656 5522 praeceptis
2679 5449 2894 5506 Domini
2918 5449 3286 5517 ambulemus;
3320 5459 3378 5506 ut
3408 5465 3603 5521 perve-

1996 5545 2211 5600 niamus
2245 5543 2312 5600 ad
2355 5560 2610 5616 magnum
2666 5553 3023 5615 praeceptum,
3074 5544 3142 5599 de
3187 5560 3296 5615 quo
3340 5545 3550 5616 legistis
3586 5563 3598 5599 :

1998 5638 2214 5694 Dictum
2242 5649 2316 5695 est
2342 5641 2570 5712 antiquis
2611 5657 2630 5695 :
2666 5638 2788 5694 Non
2830 5639 3123 5693 occides....
3154 5654 3246 5711 ego
3274 5647 3445 5692 autem
3487 5639 3603 5692 dico

1999 5733 2138 5787 vobis
2169 5731 2387 5804 (Matth.
2419 5749 2472 5798 v,
2505 5733 2568 5787 2i
2597 5741 2641 5787 et
2663 5731 2786 5803 22);
2820 5732 2924 5787 hoc
2944 5740 3052 5799 est,
3085 5746 3249 5801 super
3277 5745 3438 5785 omne
3463 5745 3602 5800 pra:-

2001 5835 2222 5900 ceptum
2263 5825 2406 5884 dico.
2449 5826 2636 5899 itaque
2675 5841 2785 5884 non
2831 5823 3178 5900 usurpatorie
3221 5822 3474 5889 dixerim,
3507 5823 3603 5882 sed

3047 5921 3088 5983 3
