4070 6468
141 323 275 386 ὶὶϐί

127 553 358 594 versum
394 537 552 607 hujus
576 537 758 594 saeculi
780 537 1050 592 luctantur
1070 536 1381 591 illecebras.
1413 536 1532 592 Non
1562 536 1742 607 capiat

126 631 328 686 oculos
367 639 485 686 tuos
533 631 781 698 palaestra
815 628 1207 684 membrorum.
1242 629 1423 699 Equos
1457 641 1741 685 currentes

123 724 354 793 aSpicis,
387 723 598 778 vanitas
645 733 761 785 est;
793 724 916 792 quia
959 739 1095 780 vane
1125 733 1373 789 currunt,
1420 725 1509 793 qui
1552 739 1744 778 ascen-

125 816 357 874 dentem
396 817 611 874 salvere
641 832 747 872 non
777 827 1022 886 posmnt.
1057 817 1299 888 Denique
1331 833 1588 873 recursus
1628 818 1742 887 ipse

127 919 186 966 te
216 909 414 966 doceat
439 910 566 980 quia
595 925 732 965 vane
763 921 1013 975 currunt,
1045 911 1132 977 qui
1179 925 1285 965 non
1317 910 1580 965 directum
1613 925 1744 966 cono

130 1000 328 1057 ficiunt
370 1004 495 1068 iter,
543 1005 928 1062 oblivia-entes
981 1004 1190 1077 ιο²7
1236 1004 1537 1076 superiora,
1585 1015 1642 1061 et
1679 1020 1744 1062 ea

128 1110 263 1164 qua:
290 1095 593 1163 posteriora
619 1107 770 1162 sunt,
793 1106 1134 1166 appetentes.

203 1187 300 1244 28.
339 1191 482 1244 Ante
509 1205 608 1244 nos
637 1201 721 1244 est
753 1189 1022 1253 Christus,
1052 1198 1178 1246 ante
1207 1205 1306 1245 nos
1329 1189 1574 1245 bravium
1602 1189 1741 1259 ejus,

127 1279 202 1336 ad
231 1281 378 1350 quod
414 1282 683 1351 pervenit,
713 1283 803 1350 qui
835 1298 939 1338 non
973 1281 1026 1336 in
1061 1282 1326 1336 incertum
1356 1284 1616 1345 cucurrit,
1647 1297 1747 1338 nec

133 1379 420 1432 remeavit
449 1391 670 1432 cursum
700 1391 878 1442 suum,
911 1376 1005 1430 sed
1057 1375 1316 1430 incitavit.
1364 1375 1446 1432 Ad
1493 1378 1637 1431 hunc
1665 1375 1747 1430 di-

131 1468 255 1538 rige
282 1468 473 1524 oculos
503 1478 641 1534 tuos,
676 1479 860 1525 averte
889 1487 916 1521 a
945 1470 1294 1534 spectaculis,
1323 1481 1508 1525 averte
1538 1474 1608 1523 ab
1630 1485 1748 1524 om-

136 1561 193 1616 ni
255 1563 508 1618 steculari
567 1578 777 1634 potnpa.
837 1563 1023 1622 Sicubi
1085 1564 1374 1632 papulares
1427 1564 1748 1633 Cognoveris

137 1654 388 1725 plausus,
413 1666 596 1710 averte
616 1657 803 1711 oculos
826 1665 948 1711 tuos
972 1655 1040 1710 ab
1064 1655 1172 1720 bis,
1207 1655 1440 1718 inﬂecte,
1475 1655 1746 1725 deprime,

138 1757 198 1804 et
221 1762 381 1804 serva
402 1763 522 1814 eos,
555 1760 614 1808 ut
641 1748 818 1819 erigas
841 1748 1180 1805 melioribus.
1214 1749 1373 1818 Erige
1399 1746 1465 1801 ad
1496 1748 1695 1804 cmlum
1730 1764 1744 1801 :

139 1840 230 1896 vel
277 1853 434 1898 nocte
476 1842 753 1896 stellarum
785 1839 1003 1896 monilia
1024 1882 1038 1906 ,
1072 1842 1258 1896 orbem
1293 1843 1433 1894 lunae
1464 1840 1744 1903 decorum,

139 1933 228 1990 vel
279 1936 367 1989 die
404 1937 576 1990 solem
604 1937 808 2003 aspice.
842 1936 1038 2004 Specta
1066 1953 1218 1992 mare
1241 1978 1254 2003 ,
1287 1946 1487 1991 terram
1509 1935 1752 2012 .circutn-

137 2026 326 2098 spice:
357 2039 412 2081 ut
433 2045 601 2097 opere
630 2032 764 2085 facta
789 2029 971 2084 divino
991 2030 1171 2082 outois
1187 2041 1435 2084 creatura
1467 2042 1520 2084 te
1544 2038 1748 2098 pascat.

140 2118 274 2186 Qua:
300 2117 596 2175 formarunt
624 2123 794 2190 gtatia
823 2121 874 2176 in
905 2120 1038 2190 ipsis
1062 2120 1286 2177 bestiis?
1311 2121 1556 2186 Quantus
1584 2119 1752 2174 decor

141 2211 195 2264 in
245 2211 588 2268 hominibus?
619 2217 830 2280 Quanta
864 2213 917 2268 iu
960 2215 1148 2267 avibus
1194 2213 1580 2282 pulchritudo?
1624 2212 1750 2269 Haec

141 2303 382 2370 intuere,
414 2315 471 2361 et
512 2321 617 2359 non
653 2304 860 2360 videbis
905 2306 1243 2377 iniquitatem
1284 2316 1340 2363 et
1367 2305 1753 2366 contradicuo-

142 2413 270 2455 nem
301 2401 354 2454 itt
379 2401 616 2456 civitate.
645 2402 768 2458 ιιωυ
793 2402 939 2468 vide,
983 2413 1037 2458 et
1066 2419 1174 2458 non
1205 2403 1452 2459 introibit
1478 2417 1626 2460 mors
1655 2418 1752 2472 per

143 2491 415 2554 fenestras
444 2496 721 2552 oculorum
758 2510 995 2551 tuorum.

217 2583 310 2642 29.
340 2584 394 2640 Si
429 2586 628 2640 videris
658 2587 940 2642 mulierem
972 2587 1039 2642 ad
1079 2587 1571 2656 concupiscendum
1605 2603 1748 2656 eam,

143 2677 368 2734 intravit
398 2694 543 2736 mors
568 2695 663 2750 per
689 2679 1008 2736 fenesn'am.
1038 2680 1094 2734 Si
1120 2683 1321 2736 videris
1352 2681 1750 2751 po~sessionem

144 2775 372 2831 minoris
401 2787 496 2832 aut
538 2777 735 2840 vidua).
765 2786 823 2831 et
859 2779 1200 2846 coueupierts
1227 2776 1466 2846 diripere
1497 2792 1639 2839 eam,
1671 2775 1752 2828 in-

145 2865 309 2920 travit
339 2881 489 2921 mors
519 2882 610 2934 per
636 2867 948 2922 fenestram.
984 2869 1039 2924 Si
1073 2868 1272 2922 videris
1300 2869 1476 2922 aliena
1507 2866 1748 2931 monilia,

143 2972 356 3016 aurum.
391 2970 703 3028 argentum,
737 2969 793 3015 et
830 2961 1175 3027 concupieris
1203 2969 1259 3015 ut
1290 2971 1641 3029 extorqueas,
1675 2960 1756 3014 in-

143 3051 487 3105 travit-mors
520 3067 616 3121 per
657 3054 973 3107 fenestram.
1027 3051 1231 3108 Claude
1271 3069 1398 3122 ergo
1432 3053 1569 3106 hanc
1606 3053 1755 3108 fene-

141 3153 333 3209 stram,
362 3161 492 3202 cum
521 3144 720 3200 videris
765 3145 960 3200 aliena:
981 3147 1222 3202 mulieris
1251 3145 1709 3215 pulchrittnlinem
1733 3185 1748 3210 ,

144 3253 214 3292 ne
237 3253 385 3294 mors
412 3239 586 3308 possit
605 3241 829 3296 intrare.
851 3240 1001 3294 Oculi
1027 3241 1100 3294 tui
1121 3257 1226 3296 non
1255 3240 1470 3294 videant
1495 3240 1748 3301 alienam,
1781 3249 1826 3313 (ς
1858 3272 2087 3341 possim.
2114 3239 2342 3326 'vénims
2372 3282 2455 3327 es,

147 3347 214 3386 ne
237 3329 416 3402 lingua
449 3347 765 3401 perversum
792 3331 1064 3401 loquatur.
1098 3332 1267 3386 Tuam
1297 3347 1426 3402 ergo
1459 3332 1750 3388 fenestram

146 3425 367 3492 claude,
397 3441 466 3482 ne
491 3425 651 3480 morti
695 3432 875 3493 pateat
907 3425 1147 3482 intranti.
1185 3423 1291 3482 Sed
1319 3425 1483 3479 etiam
1514 3423 1746 3480 alienam

147 3518 440 3574 fenestram
471 3535 622 3574 cave.
655 3519 699 3575 Α
738 3518 972 3574 fenestra
1008 3519 1152 3574 enim
1201 3517 1397 3574 domus
1433 3533 1546 3573 sum
1587 3518 1751 3572 intrat

148 3610 457 3667 fornicaria.
486 3613 526 3666 Α
556 3612 792 3667 fenestra
824 3627 920 3666 sua
965 3612 1148 3676 intrat,
1181 3628 1303 3667 cum
1331 3612 1564 3682 aliquem
1597 3619 1751 3681 petu-

149 3707 310 3764 lantis
336 3707 477 3764 oculi
525 3717 692 3764 tenlat
737 3707 986 3762 lascivia.
1022 3705 1262 3762 Esclude
1296 3707 1457 3776 igitur
1507 3704 1645 3762 hanc
1675 3707 1749 3761 fe-

145 3808 385 3856 nestram
427 3800 574 3855 verbi
606 3800 782 3864 ostio,
817 3815 917 3855 nec
941 3798 1179 3860 capiaris
1205 3800 1378 3855 oculis
1403 3799 1706 3854 meretricis
1734 3816 1748 3852 :

145 3899 201 3946 et
221 3890 506 3963 abripiaris
530 3892 802 3963 palpebris
823 3892 961 3962 ejus.
986 3892 1092 3946 Sed
1123 3909 1228 3948 non
1253 3900 1338 3947 est
1359 3909 1461 3947 una
1486 3891 1744 3956 fenestra,

144 3998 242 4055 per
272 4002 430 4056 quam
475 4002 624 4042 mors
666 3987 949 4042 consuevit
991 3985 1218 4050 intrare.
1265 3985 1366 4041 Est
1413 3995 1468 4040 et
1514 3987 1748 4042 fenestra

145 4080 460 4141 verborum.
517 4096 611 4155 per
639 4096 800 4149 quam
831 4094 1110 4135 sermones
1139 4087 1451 4134 commeant
1497 4077 1747 4133 meretri-

145 4171 243 4230 cis.
276 4171 340 4228 Et
373 4172 491 4228 ideo
523 4182 576 4227 te
604 4173 672 4226 ab
699 4173 876 4226 aliena
908 4187 1072 4228 uxore
1101 4171 1333 4233 custodi,
1364 4187 1428 4223 ne
1458 4178 1510 4223 te
1540 4184 1751 4224 sermo-

147 4267 304 4324 nibus
347 4267 598 4336 gratiosis
643 4265 958 4329 adoriatur;
1011 4281 1039 4316 a
1089 4263 1324 4316 fenestra
1370 4263 1516 4316 enim
1556 4261 1752 4316 damus

136 4375 259 4426 sum
303 4359 484 4414 intrat.
528 4356 700 4412 I..trat
728 4374 872 4412 tnors
900 4371 997 4425 per
1026 4357 1244 4422 oscula;
1275 4366 1328 4409 et
1359 4355 1478 4410 ideo
1523 4369 1654 4408 cave
1685 4369 1752 4408 uc

149 4462 202 4510 te
231 4453 440 4521 laqueis
485 4453 752 4510 labiorum
799 4466 1022 4512 suorum
1049 4449 1255 4518 alliget.
1307 4449 1470 4502 intrat
1501 4464 1670 4512 tuors,
1701 4449 1745 4500 si

148 4547 404 4601 meretrix
435 4555 486 4600 te
511 4545 808 4604 osculetur.
839 4543 1010 4599 Intrat
1037 4557 1184 4598 mors
1218 4542 1262 4598 si
1300 4543 1410 4596 cito
1435 4541 1748 4610 acquiescas

148 4636 404 4708 loquenti.
440 4647 468 4674 ⁸
495 4638 662 4694 Intrat
686 4652 835 4692 mors
871 4637 914 4691 si
945 4635 1172 4690 multum
1207 4635 1472 4705 loquaris;
1510 4634 1746 4688 multilo-
1771 4650 1824 4710 Ι)

146 4731 270 4800 quin
297 4733 439 4786 enim
471 4746 750 4800 peccatum
784 4729 1100 4784 incurritur.
1130 4727 1295 4786 Intrat
1329 4743 1474 4782 mors
1497 4728 1664 4782 etiam
1695 4727 1742 4782 si

147 4837 251 4880 n0n
285 4825 542 4894 loquaris,
568 4837 618 4878 et
650 4824 922 4880 Christum
957 4821 1152 4878 timeas
1172 4821 1440 4877 confiteri.
1469 4821 1574 4876 Ore
1596 4822 1740 4875 enim

149 4915 415 4970 confessio
455 4917 511 4971 fit
550 4916 620 4974 ad
664 4918 895 4973 salutem
926 4914 1102 4988 (Rom.
1137 4931 1206 4982 Χ,
1243 4917 1354 4986 10).
1384 4914 1548 4969 Intrat
1596 4928 1743 4968 mors

148 5009 306 5066 etiam
337 5027 427 5079 per
452 5026 711 5087 eavernas
737 5011 979 5077 aurium;
1003 5019 1058 5067 et
1088 5011 1209 5066 ideo
1234 5026 1393 5066 aures
1420 5021 1539 5064 sunt
1571 5009 1743 5078 spinis

149 5103 435 5169 seluendae.
486 5114 542 5159 ut
581 5105 865 5162 illecebras
906 5104 1204 5162 meretricii
1250 5103 1521 5160 sermonis
1557 5102 1743 5158 exclu-

153 5194 266 5252 das.
281 5198 284 5202 ’
301 5198 428 5256 Ilaec
448 5198 694 5263 moralia.

153 5383 257 5454 etio
285 5386 618 5454 reliquorum
643 5397 777 5439 mss.
799 5395 863 5444 ac
893 5379 1049 5442 edit.,
1079 5380 1156 5436 Dc
1183 5381 1358 5436 uiridi.
1376 5378 1511 5454 Erat
1533 5377 1732 5454 quippe

157 5450 718 5529 i_u_lutlis'Olympiris
766 5454 1039 5529 proposita
1092 5469 1289 5529 corona
1339 5452 1622 5521 oleagina,
1679 5450 1731 5503 iu

158 5520 381 5582 Isthmiis
408 5520 596 5598 plura.-
615 5545 679 5585 ex
707 5526 829 5594 apio
862 5520 911 5578 in
941 5523 1175 5579 Nettteis.

229 5609 254 5635 οι
282 5600 501 5666 Quidam
529 5617 680 5660 mss.
713 5600 882 5654 Intrat
912 5612 1050 5651 mors
1080 5598 1123 5651 si
1145 5597 1396 5666 loquaris,
1418 5597 1572 5650 intrat
1601 5608 1738 5647 mors

160 5665 201 5718 si
224 5665 431 5745 multum
459 5675 704 5744 loquaris.
949 5742 958 5745 _
1210 5665 1217 5666 ί
1351 5740 1362 5745 _
1683 5734 1695 5745 .

230 5737 257 5778 ι’
289 5743 408 5796 I‘ost
441 5737 599 5799 verba
628 5745 901 5809 Apostolus
926 5742 1158 5800 danmat.
1182 5740 1546 5810 sequebantur
1569 5737 1660 5791 illa
1683 5737 1738 5810 in

165 5807 314 5888 edit“
354 5811 608 5888 Cognosce
649 5806 762 5888 qua:
787 5819 850 5888 sit
873 5815 1094 5888 inanitas
1132 5806 1399 5888 sensuum,
1425 5827 1580 5888 quam
1604 5806 1745 5888 oculi

170 5880 239 5933 tui
261 5878 454 5953 mystici
479 5888 647 5945 videre
664 5878 774 5944 'non
798 5887 1042 5952 debeant;
1066 5883 1160 5940 sed
1188 5899 1362 5954 neque
1388 5878 1447 5939 in
1476 5882 1596 5937 ullis
1620 5878 1743 5935 cod.

1139 293 1149 304 ’
1242 323 1306 380 IN
1337 317 1662 382 PSALMUtf
1691 324 1906 385 cxvut
1939 329 2331 394 EXPOSITIO.

127 450 351 499 clames
373 456 593 498 corona.
621 441 702 498 Illi
725 441 868 498 enim
893 441 1004 497 veri
1028 448 1155 498 sunt
1176 441 1495 508 luctatores,
1525 444 1617 512 qui
1646 443 1742 498 ad-
1771 468 1824 526 Α

3300 349 3441 406 ηεξ

1920 461 2008 516 ΞΟ.
2035 462 2171 518 Sunt
2199 465 2361 519 etiam
2391 465 2604 536 mystici
2630 467 2774 523 oculi
2806 482 2942 538 quos
2969 478 3215 528 avertere
3243 472 3447 530 debeas

1842 568 1872 608 a
1893 556 2149 610 vanitate.
2185 557 2284 613 Est
2311 559 2454 613 enim
2485 570 2537 614 et
2564 575 2818 616 sensuum
2841 565 3069 631 Vanitas,
3103 581 3262 634 quam
3295 567 3442 622 oculi

1843 647 2038 701 animm
2065 660 2168 702 tua:
2199 650 2384 706 videre
2405 669 2509 707 non
2538 653 2802 722 debeant;
2826 656 2948 727 quia
2975 657 3054 712 illi
3087 674 3204 712 eam
3237 659 3444 725 vident,

1843 753 1979 810 quos
2009 742 2303 809 Apostolus
2333 741 2360 781 δ
2389 745 2627 802 damnat.
2664 746 2817 803 Unde
2849 749 2964 820 ipso
3008 752 3178 816 magis
3222 761 3448 808 auctore

1843 831 2115 887 discamus
2136 850 2256 903 quae
2282 837 2508 903 vanitas,
2532 850 2584 894 et
2611 841 2699 910 qui
2727 843 2868 897 oculi
2895 843 3002 898 sint
3030 843 3249 914 (Ephes.
3281 861 3357 903 tv.
3382 846 3449 901 17

1844 934 1894 980 et
1918 925 2028 997 18).
2063 926 2402 983 Manifestum
2430 942 2510 986 est
2537 935 2679 987 enim
2709 950 2832 989 esse
2860 936 3146 1006 plerosque
3174 940 3265 1008 qui
3301 938 3456 992 vani-

1847 1027 1954 1072 tate
1999 1036 2193 1074 sensus
2237 1023 2319 1076 sui
2351 1024 2621 1079 obs-curati
2666 1040 2788 1082 sunt
2814 1029 2999 1096 corde,
3037 1041 3060 1069 ο
3093 1041 3147 1084 et
3171 1033 3387 1087 alienati
3414 1047 3448 1088 ι

1847 1111 1930 1165 via
1963 1112 2052 1165 Dei
2089 1122 2308 1182 propter
2330 1115 2684 1183 ignorantiam
2715 1136 2834 1181 num
2858 1121 2909 1176 In
2937 1123 3066 1192 ipsis
3095 1133 3198 1185 est,
3228 1135 3450 1194 propter

1849 1203 2147 1258 caecitatem
2165 1206 2346 1260 cordis
2367 1223 2554 1262 eorum
2577 1225 2590 1273 ;
2617 1209 2737 1265 illos
2755 1224 2929 1265 tamen
2951 1226 3140 1283 gentes
3157 1217 3454 1284 Apostolus

1848 1295 2000 1350 dicit.
2036 1297 2245 1368 lgnoret
2297 1300 2458 1372 igitur
2500 1304 2716 1372 gentilis
2769 1304 2860 1359 ille
2905 1307 3048 1375 quod
3102 1323 3207 1363 ttOu
3236 1308 3454 1375 didicit,

1851 1389 2063 1458 ignoret
2095 1391 2238 1456 quod
2288 1408 2392 1448 non
2425 1396 2698 1452 credidit:
2736 1397 2830 1452 tibi
2864 1398 3116 1469 ignorare
3166 1416 3272 1457 non
3329 1403 3460 1458 licet

1850 1483 1991 1552 quod
2018 1484 2316 1540 confiteris.
2359 1487 2606 1544 Christus
2649 1506 2755 1543 non
2799 1491 2850 1545 in
2878 1493 3117 1547 vanitate
3153 1497 3320 1558 venit,
3361 1494 3460 1549 sed

1853 1573 1906 1627 in
1940 1576 2138 1630 virtute
2167 1596 2180 1633 :
2214 1575 2242 1614 ἀ
2274 1593 2383 1634 non
2429 1581 2638 1636 inflavit
2664 1596 2884 1637 sensum
2917 1586 3176 1653 hominis,
3203 1587 3296 1641 sed
3326 1585 3463 1642 vivi-

1852 1668 2069 1725 ficavit:
2105 1687 2216 1727 non
2247 1675 2546 1730 caecitatem
2586 1677 2800 1750 1028
2828 1679 3031 1742 cordis,
3065 1680 3158 1735 sed
3190 1679 3463 1735 illumina-

1854 1763 2056 1818 tionem
2102 1768 2299 1820 mentis
2328 1780 2582 1836 operatus
2607 1781 2709 1824 est.
2742 1769 3102 1825 Inflammavit
3139 1788 3234 1827 cor
3279 1781 3458 1842 tuum,

1780 1857 1830 1920 Β
1859 1864 1914 1908 ut
1942 1857 2376 1926 comprehendas
2402 1876 2521 1929 qua:
2543 1861 2920 1916 mandatorum
2949 1863 3264 1918 coalestium
3295 1865 3462 1934 ratio,

1854 1963 1977 2018 qua;
1993 1951 2190 2005 animae
2207 1951 2528 2021 substantia,
2555 1972 2675 2026 qua:
2700 1970 2826 2012 vuae
2842 1958 3037 2015 futurte
3057 1958 3251 2031 gratia,
3276 1961 3328 2015 in
3355 1973 3463 2032 quo

1853 2050 1995 2096 statu
2031 2051 2152 2112 post
2183 2043 2300 2097 haec
2321 2048 2548 2103 erimus.

1927 2158 2016 2213 51.
2055 2159 2217 2232 Erige
2252 2162 2412 2232 igitur
2444 2171 2702 2233 mentem,
2736 2174 2891 2224 utere
2935 2167 3163 2223 naturali
3198 2167 3414 2238 ingenio
3447 2186 3461 2223 ε

1854 2252 1920 2306 ad
1970 2255 2259 2327 imaginem
2294 2259 2386 2314 Dei
2435 2259 2607 2316 factus
2635 2277 2725 2328 es,
2759 2271 2815 2316 ut
2844 2252 3088 2332 superna
3125 2262 3377 2334 aspicias,
3411 2271 3470 2319 et

1855 2351 2071 2401 terrena
2111 2364 2216 2403 non
2271 2365 2504 2419 quaeras.
2552 2350 2672 2406 Noli
2702 2368 2936 2408 curvare
2973 2352 3245 2409 cervicem
3290 2365 3466 2422 tuam,

1855 2437 2044 2491 mundi
2073 2441 2420 2508 premendam
2453 2442 2725 2510 pandere:
2761 2443 2868 2498 noli
2900 2446 3109 2500 inhiare
3136 2462 3269 2499 atno
3298 2454 3462 2517 atque

1853 2541 2080 2600 argento
2101 2573 2114 2596 ,
2144 2541 2166 2568 ε
2199 2549 2267 2587 ne
2296 2541 2347 2589 te
2369 2534 2550 2588 sa~cu|i
2578 2533 2810 2590 vinculis
2839 2537 3168 2605 alligandum
3197 2539 3466 2608 pralbeas.

1852 2622 1981 2678 Ideo
2013 2624 2142 2679 dixit
2169 2625 2433 2683 Dominus
2459 2647 2472 2683 :
2502 2629 2681 2684 Nolite
2697 2631 2958 2704 possidere
2985 2648 3170 2685 aurum
3199 2643 3355 2705 atque
3380 2649 3468 2687 ar-

1854 2731 2064 2789 gentum
2097 2722 2312 2792 (Matth.
2348 2742 2403 2792 χ,
2436 2725 2526 2789 9),
2560 2743 2629 2782 ne
2662 2744 2761 2782 nos
2792 2729 2908 2782 auri
2944 2740 3106 2799 atque
3133 2730 3342 2799 argenti
3377 2746 3472 2784 (ll-

1857 2810 2053 2877 pitlitas
2098 2827 2256 2865 avara
2309 2815 2606 2884 possideat.
2647 2817 2764 2870 Noli
2812 2833 2945 2888 ergo
2987 2820 3226 2874 inserere
3267 2820 3467 2872 collum

1861 2907 2008 2952 tuum
2044 2901 2243 2957 diaboli
2286 2903 2516 2974 laqueis.
2559 2906 2869 2977 Strangulat
2910 2910 3140 2963 avaritia
3175 2925 3466 2979 pauperem

1859 2996 1911 3046 in
1949 2995 2052 3049 hoc
2080 2995 2318 3050 sacculo:
2352 2997 2445 3050 sed
2486 2997 2536 3050 in
2586 3009 2900 3068 perpetuum
2930 2999 3084 3053 dives
3117 3001 3228 3054 suis
3262 2999 3470 3069 laqueis

1857 3085 2170 3151 suffocatur,
2199 3087 2354 3159 cujus
2397 3106 2589 3144 sensus
2633 3093 2684 3145 in
2716 3091 2952 3147 vanitate
2991 3102 3073 3146 est
3096 3134 3110 3157 ,
3144 3093 3195 3147 in
3231 3093 3470 3148 tenebtis

1856 3179 2126 3245 ambulat;
2159 3183 2283 3250 quia
2319 3182 2366 3235 in
2402 3181 2486 3236 his
2515 3182 2744 3247 laborat,
2780 3200 2900 3254 qua:
2928 3183 3031 3240 sibi
3065 3185 3324 3254 prodesse
3357 3201 3465 3240 non

2476 3273 2788 3329 sollicitudo
2821 3276 2944 3331 vita)
2968 3276 3147 3347 hujus.
3173 3275 3327 3333 Unde
3359 3293 3467 3334 non

1856 3365 1908 3420 in
1941 3366 2161 3436 crapula
2194 3376 2250 3422 et
2276 3368 2562 3434 ebrietate,
2594 3385 2701 3424 non
2732 3371 2782 3424 in
2809 3370 3019 3426 deliciis
3061 3372 3331 3443 corporis,
3366 3370 3466 3427 sed

1855 3460 1907 3515 iu
1938 3463 2249 3532 cognitione
2276 3477 2672 3535 praeceptorum
2711 3466 3014 3524 caelestium
3046 3468 3466 3525 delectationem

1855 3558 2026 3610 nostri
2057 3556 2320 3612 debemus
2353 3574 2573 3628 ponere.
2625 3559 2678 3614 In
2731 3561 2969 3616 vanitate
3013 3563 3200 3628 currit,
3226 3563 3317 3634 qui
3359 3563 3465 3620 sibi

1853 3651 2196 3706 successibus
2240 3652 2452 3708 videtur
2497 3652 2723 3709 afﬂuere
2773 3655 3157 3722 saecularibus,
3189 3654 3282 3726 qui
3325 3664 3464 3712 tam-

1853 3758 2016 3813 quam
2046 3744 2232 3800 umbra
2261 3755 2607 3814 praetereunt.
2639 3747 2823 3802 Averte
2847 3746 3007 3820 igitur
3034 3745 3210 3804 oculos
3237 3757 3372 3817 tuos,
3403 3765 3466 3804 ne

1853 3838 2127 3892 vanitatem
2159 3840 2206 3892 vi
2211 3839 2383 3894 deant.

1926 3951 2015 4006 5’2.
2051 3951 2157 4007 Sed
2201 3966 2306 4006 nou
2338 3953 2472 4007 satis
2498 3962 2582 4006 est
2611 3961 2668 4006 ut
2697 3960 2750 4007 tu
2774 3962 3024 4021 avertas;
3056 3967 3124 4008 ne
3154 3954 3295 4009 forte
3324 3953 3460 4008 velis

1855 4063 1908 4107 et
1961 4069 2066 4108 non
2104 4057 2298 4121 possis,
2327 4053 2570 4110 effundat
2597 4054 2691 4108 tibi
2722 4055 2971 4110 diabolus
2995 4053 3298 4108 vanitatutn
3335 4069 3461 4123 spe-

1852 4155 2084 4218 etacula,
2113 4155 2379 4209 incentiva
2411 4156 2616 4208 inserat
2638 4155 3006 4223 voluptatum;
3034 4162 3156 4220 pete
3190 4162 3252 4206 ut
3277 4153 3462 4207 Domi-

1856 4263 1959 4302 nus
1990 4255 2197 4300 avertat
2236 4247 2422 4300 oculos
2455 4256 2596 4302 tuos.
2643 4246 2710 4300 Et
2740 4247 2857 4300 haec
2893 4246 3064 4314 gratia
3117 4245 3235 4311 Dei,
3268 4255 3324 4299 et
3355 4243 3458 4298 hoc

1856 4353 2054 4398 munus
2082 4350 2163 4394 est
2189 4340 2433 4406 Domini;
2461 4348 2518 4395 ut
2551 4339 2740 4396 oculos
2778 4340 2974 4394 anian
3005 4349 3205 4394 nostra:
3233 4355 3261 4393 a
3293 4354 3460 4410 nego-

1855 4435 1944 4492 tiis
2004 4434 2187 4489 mundi
2244 4434 2402 4504 hujus
2441 4444 2670 4490 avertat.
2738 4434 3025 4492 Beatitodo
3078 4434 3220 4488 enim
3280 4434 3458 4488 omnis

1854 4545 1885 4585 a
1939 4529 2172 4586 Domino
2211 4538 2313 4586 est.
2346 4528 2541 4586 Beatus
2586 4538 2764 4583 autem
2817 4529 2928 4590 air,
2974 4528 3059 4583 cui
3110 4543 3294 4582 nomen
3345 4526 3456 4581 Do-

1853 4627 1980 4682 mini
2007 4642 2122 4694 spes
2171 4628 2305 4698 ejus,
2350 4635 2399 4678 et
2434 4639 2535 4677 non
2582 4623 2803 4694 respexit
2855 4622 2910 4676 in
2955 4621 3234 4687 vanitates,
3285 4631 3331 4676 et
3373 4621 3455 4680 in-

1851 4721 2025 4777 sanias
2063 4721 2221 4789 falsas
2269 4717 2455 4787 (Psal.
2511 4732 2714 4781 xxx“,
2758 4715 2857 4786 5).
2912 4715 3013 4783 Qui
3068 4732 3176 4772 non
3233 4715 3456 4779 rest~icit

1857 4814 2007 4875 haec,
2061 4813 2252 4868 beatus
2295 4822 2378 4868 est
2425 4811 2556 4879 :qui
2595 4821 2776 4865 autem
2817 4809 3058 4878 reslticit,
3102 4811 3323 4864 insanus
3367 4817 3453 4863 at-

1853 4923 1960 4977 que
1997 4906 2234 4962 furiosus
2269 4912 2371 4960 est.
2426 4903 2490 4960 Et
2533 4903 2654 4958 ideo
2695 4904 2978 4969 resipiscat
3011 4888 3385 4971 unusquisque
3419 4918 3450 4958 a

1854 5000 2040 5056 furore
2091 4998 2430 5054 smcularium
2484 4996 2869 5066 cupiditatum,
2926 5010 3048 5064 qua:
3092 4994 3164 5049 ita
3209 5005 3446 5051 mentem

1853 5097 2204 5166 animmnque
2250 5093 2603 5165 perturbant,
2649 5106 2710 5148 ut
2763 5105 2988 5160 compos
3034 5090 3118 5146 sui
3169 5105 3292 5148 esse
3338 5107 3450 5148 non

1853 5191 2050 5261 possit.

1843 5372 2067 5430 Gallicis
2112 5368 2455 5439 reperiuntur
2478 5406 2492 5429 ,
2525 5379 2630 5420 nec
2656 5364 2766 5420 ullo
2789 5365 2950 5424 modo
2979 5365 3164 5428 sensui
3191 5366 3445 5425 videntur

1846 5443 2177 5500 neres‘Saria.

1922 5528 1943 5555 ο
1983 5516 2109 5569 Mss.
2140 5513 2326 5567 decem
2345 5553 2360 5573 ,
2394 5519 2442 5564 et
2469 5509 2678 5562 alienati
2709 5525 2740 5562 a
2769 5509 2870 5564 vita
2895 5510 3018 5569 Dei.
3053 5521 3160 5573 etc.

1917 5585 1944 5626 ἀ
1962 5589 2013 5640 In
2039 5587 2172 5640 etlit.
2198 5595 2314 5655 post
2332 5581 2420 5636 sed
2447 5584 2496 5634 in
2516 5582 3003 5655 virtute.adjicitur,
3024 5581 3145 5655 Non
3162 5584 3213 5636 in
3229 5584 3449 5645 antiqui-

1848 5670 1974 5723 tate,
1999 5658 2087 5722 sed
2115 5659 2166 5710 in
2189 5654 2430 5710 novitate.
2466 5655 2595 5721 Qua!
2624 5654 2785 5705 verba
2817 5656 2868 5706 in
2899 5669 3024 5706 mss.
3052 5654 3446 5712 desiderantur.

1852 5732 1923 5787 At
1946 5729 2161 5800 quidam
2195 5745 2289 5797 pro
2320 5728 2373 5779 in
2400 5727 2600 5800 virtute,
2637 5724 2835 5800 habent
2862 5725 3168 5800 inanitate.

1929 5796 1977 5841 ⁶”
1998 5803 2126 5859 Mss.
2175 5796 2408 5863 aliquot,
2459 5796 2544 5852 Ne
2569 5805 2616 5869 te
2641 5797 2829 5869 seculo
2854 5797 3179 5869 alligandum
3200 5796 3448 5869 prtzbeas.

1858 5875 2076 5942 Aliquot
2103 5873 2214 5937 alii,
2245 5869 2298 5924 Ν
2303 5887 2330 5926 e
2347 5879 2396 5924 te
2417 5868 2636 5924 sacculis
2665 5867 2988 5939 alligandum
3010 5867 3255 5937 prwbeas.
