4124 6346
592 302 733 357 12ὺὸ

1957 278 2203 339 SANCTI
2242 280 2340 337 ΑΜ
2350 278 2571 336 13110811

3759 274 3903 333 ηοι

666 415 755 470 55.
788 413 845 470 Si
878 412 932 468 in
959 410 1173 481 navigio
1204 410 1497 463 fluctuante
1524 405 1597 459 sis
1620 402 1967 465 constitutus,
1996 400 2197 454 avertis
2222 401 2277 463 Α
2304 398 2371 452 tis
2420 395 2717 466 prohibens
2742 437 2755 459 ,
2818 403 2873 451 et
2923 394 3186 449 bonorum
3230 409 3453 465 operum
3495 408 3615 451 esse
3660 392 3901 463 jejunus.

593 528 623 566 a
669 510 880 565 sentina
908 508 1123 563 oculos:
1158 520 1224 561 ne
1255 503 1512 558 vomitum
1544 505 1757 553 moveat
1785 496 1899 549 tibi.
1950 494 2005 549 Si
2034 494 2087 548 in
2119 493 2195 547 ci-

591 606 761 659 vitate
791 604 1073 657 ambulans
1104 597 1306 669 aliquid
1353 594 1501 651 fetidi
1528 591 1713 647 odoris
1742 589 2006 653 offendas,
2037 588 2195 656 longe

592 698 799 768 refugis
828 706 991 766 atque
1016 692 1277 749 tleclinas.
1301 690 1357 745 Si
1380 688 1508 760 quid
1531 694 1784 741 occurrat
1809 682 1951 753 quod
1981 683 2195 736 horreat

593 792 785 848 oculus
814 800 956 854 tuus,
988 786 1255 842 clauditur
1296 792 1387 837 aut
1436 782 1716 835 avertitur.
1764 778 1821 833 lu
1869 777 1982 831 salo
2012 772 2197 828 saeculi

595 885 759 955 hujus
791 882 1041 944 fluctuas,
1074 879 1244 934 influit
1271 878 1481 931 sentina
1512 874 1786 928 vitiorum.
1820 871 1877 925 lu
1913 868 2015 923 hoc
2048 866 2198 921 navi-

594 979 687 1049 gio
715 978 788 1030 tui
818 974 1064 1043 corporis
1100 981 1346 1026 movetur
1382 978 1549 1023 arstus
1583 964 1937 1034 cupiditatum
1958 1000 1973 1023 .
2002 968 2056 1014 ct
2090 973 2197 1012 non

594 1072 799 1126 avertis
826 1067 1013 1121 oculos
1053 1065 1249 1119 animm
1278 1073 1408 1127 tuae;
1443 1078 1510 1115 ue
1535 1058 1753 1113 videant
1782 1054 2049 1110 sentinam
2080 1050 2199 1105 libi-

594 1160 814 1222 dlttotlt,
847 1175 915 1215 ne
958 1159 1224 1227 aSpiciant
1256 1153 1441 1209 mundi
1475 1154 1634 1222 hujus
1662 1160 1925 1212 stercora,
1953 1161 2019 1201 ne
2061 1144 2200 1202 fetor

593 1254 909 1312 immundus
940 1267 1099 1306 nares
1136 1249 1342 1320 repleat
1373 1258 1476 1302 tua:
1518 1245 1735 1309 utentis,
1768 1243 1819 1296 in
1852 1241 2048 1312 quibus
2080 1240 2201 1309 Spi-

594 1347 734 1403 ritus
755 1355 977 1400 sanctus
998 1359 1121 1399 esse
1146 1341 1431 1396 consuevit
1455 1382 1469 1401 ,
1499 1346 1559 1394 ut
1584 1337 1759 1407 possis
1785 1336 1995 1390 dicere:
2030 1332 2202 1399 Spiri-

596 1449 681 1493 tus
709 1440 913 1491 divinus
942 1437 1027 1505 qui
1052 1447 1126 1490 est
1152 1436 1206 1488 in
1230 1433 1439 1488 naribus
1470 1432 1595 1486 meis
1623 1428 1767 1503 (Job.
1794 1443 1966 1489 xxvtt,
1990 1423 2065 1497 5).
2097 1424 2203 1479 Na-

590 1548 686 1590 res
730 1533 893 1602 igitur
918 1530 1110 1584 anima:
1144 1538 1249 1582 tuae
1293 1542 1322 1579 a
1352 1525 1527 1580 fetore
1568 1532 1883 1577 avertantur
1912 1519 2202 1574 criminum

594 1627 977 1689 divers‘orum;
1006 1631 1089 1678 est
1115 1622 1258 1678 enim
1302 1620 1354 1675 iu
1392 1620 1477 1673 his
1502 1619 1649 1673 velut
1688 1615 1961 1686 quoddam
1990 1614 2203 1683 insigne

588 1720 801 1792 judicii.
843 1718 997 1775 Unde
1024 1718 1221 1773 dicitur
1251 1717 1479 1787 Sponsa:
1507 1728 1520 1766 :
1556 1711 1722 1767 Nares
1753 1722 1856 1767 tua:
1880 1711 2013 1765 sicut
2045 1708 2203 1764 turris

2370 490 2460 544 56.
2494 488 2675 561 (Vers.
2702 488 2821 558 58.)
2874 488 3029 543 Disce
3080 502 3223 541 nunc
3261 486 3716 559 quemadmodum
3748 500 3905 539 aver-

2300 593 2375 639 tat
2401 584 2588 638 oculos
2614 583 2757 653 ejus,
2784 597 2943 653 quem
2976 582 3268 637 miseratur
3292 582 3618 649 Dominus,a
3636 580 3902 635 vanitate.

2300 676 2379 731 Ex
2407 675 2490 730 his
2520 675 2665 731 enim
2705 691 2826 746 qua:
2872 684 3195 747 sequuntur,
3244 675 3346 731 hoc
3375 676 3686 745 intelligere
3706 687 3907 744 possu-

2299 784 2451 834 mus;
2484 767 2715 837 subjecit
2745 769 2891 822 enim
2923 785 2936 821 :
2971 768 3153 823 Statue
3181 784 3325 822 servo
3354 778 3443 823 tuo
3470 767 3730 838 eloquium
3759 776 3908 819 tuum

2300 862 2354 915 in
2378 862 2559 914 timore
2589 868 2677 914 tuo
2711 858 2830 931 (Ps.
2855 876 2946 927 cx,
2982 858 3095 931 10).
3126 860 3341 915 Initium
3372 875 3497 916 esse
3527 858 3810 930 sapientia:
3841 858 3910 911 ti-

2302 969 2511 1009 morem
2546 954 2757 1009 Domini
2786 954 2919 1011 dicit
2963 954 3257 1024 Propheta.
3297 954 3436 1022 Quid
3483 966 3568 1009 est
3596 963 3775 1008 autem
3805 952 3913 1007 ini-

2301 1047 2437 1103 tium
2469 1048 2769 1117 sapieutite,
2802 1048 2903 1102 nisi
2947 1049 3147 1104 smculo
3175 1048 3486 1104 renuntiare
3508 1047 3681 1115 ?Quia
3715 1061 3916 1116 sapere

2302 1140 2587 1196 saecularia
2617 1181 2631 1205 ,
2683 1140 2910 1195 stultitia
2942 1150 3044 1197 est.
3080 1141 3325 1213 Denique
3376 1142 3699 1212 sapientiam
3748 1140 3917 1209 hujus

2303 1234 2822 1301 mundi,stultitiam
2872 1250 2997 1292 esse
3050 1236 3191 1308 apud
3237 1237 3403 1291 Deum
3450 1235 3745 1306 Apostolus
3776 1232 3919 1289 dicit

2307 1326 2349 1399 (l
2397 1325 2520 1382 Cor.
2550 1342 2588 1391 t,
2617 1326 2735 1395 20).
2768 1326 2874 1383 Sed
2898 1336 2953 1382 et
2983 1329 3097 1398 ipse
3125 1329 3291 1382 timor
3318 1328 3549 1393 Domini,
3582 1327 3685 1383 nisi
3709 1340 3917 1381 secun-

2259 1454 2263 1458 ι
2304 1420 2432 1476 dum
2469 1422 2753 1477 scientiam
2805 1421 2897 1487 sit,
2934 1422 3067 1477 nihil
3116 1422 3366 1492 prodest;
3399 1422 3566 1478 immo
3608 1420 3767 1476 obest
3796 1420 3919 1491 plu-

2305 1514 2525 1569 rimum.
2555 1514 2835 1586 Siquidem
2865 1514 3039 1571 Judaei
3078 1516 3282 1572 habent
3304 1518 3480 1573 zelum
3512 1516 3627 1583 Dei,
3660 1516 3757 1571 sed
3785 1516 3917 1586 quia

2308 1623 2419 1662 non
2452 1607 2657 1664 habent
2686 1608 2987 1665 secundum
3034 1610 3344 1671 scientiam.
3376 1610 3430 1666 in
3462 1610 3584 1680 ipso
3627 1609 3746 1665 zelo
3767 1619 3819 1664 et
3851 1610 3921 1664 ti-

2307 1718 2460 1759 more
2489 1703 2751 1773 majorem
2780 1705 3109 1761 contrabunt
3128 1705 3426 1761 divinitatis
3451 1707 3735 1763 offensam.
3754 1706 3918 1775 Quod

594 1815 785 1872 Libani
815 1814 1135 1885 prospiciens
1163 1812 1352 1883 [aciem
1386 1808 1626 1863 Damasci
1657 1805 1833 1876 (Cant.
1882 1821 1974 1872 vu,
2019 1803 2112 1874 4);
2144 1817 2209 1859 eo
2240 1804 2289 1865 B
2315 1796 2714 1852 circumcidunt
2761 1797 3062 1853 infantulos
3111 1813 3260 1867 suos,
3289 1799 3433 1870 quod
3482 1798 3702 1855 sabbata
3735 1808 3921 1856 custo-

594 1908 743 1979 quod
774 1918 1111 1977 unguentum
1143 1905 1255 1960 veri
1285 1901 1619 1968 Sacerdotis,
1652 1898 1792 1969 quod
1833 1896 2118 1952 descendit
2144 1894 2212 1949 de

594 2002 776 2071 Capite
808 2002 860 2053 in
906 1997 1155 2061 barbam,
1206 1998 1309 2050 hoc
1350 2005 1433 2049 est
1485 1995 1620 2046 odor
1652 1991 1744 2045 ille
1772 1990 2021 2054 divinus,
2074 1985 2211 2040 odor

592 2094 791 2165 gratia;
844 2090 1125 2160 spiritalis.
1183 2086 1275 2159 qui
1329 2086 1400 2141 de
1459 2084 1618 2139 Patre
1676 2083 1728 2136 in
1780 2079 1999 2137 Christo
2057 2086 2206 2145 erat,

596 2191 653 2239 et
708 2193 1049 2238 sacramento
1109 2176 1501 2234 incarnationis
1556 2171 1840 2230 descendit
1892 2173 1945 2225 iu
1991 2180 2206 2233 terras,

595 2287 658 2330 ut
696 2275 873 2328 omnia
916 2273 1034 2327 fuso
1062 2278 1404 2342 replerentur
1439 2280 1738 2340 unguento,
1786 2267 2025 2320 emineat
2071 2280 2209 2335 pra:-

598 2367 731 2423 celsi
778 2373 1041 2435 potestate
1082 2364 1302 2434 judicii,
1350 2373 1406 2419 et
1455 2376 1613 2416 nares
1644 2360 1855 2427 repleat
1888 2358 2103 2421 animae,
2152 2364 2211 2410 ut

596 2457 972 2514 benevolentia
1013 2456 1288 2512 discernat
1315 2465 1370 2509 et
1408 2454 1603 2516 fetida;
1636 2454 1819 2505 suavia
1872 2463 2206 2511 sanctorum,

596 2554 689 2626 qui
738 2553 949 2627 1029
1004 2560 1229 2622 possunt
1292 2550 1473 2605 dicere
1525 2564 1540 2605 :
1598 2546 1790 2601 Christi
1844 2545 1989 2599 enim
2045 2545 2208 2597 bonus

604 2648 734 2702 odor
776 2662 954 2704 sumus
1001 2643 1111 2699 Deo
1142 2640 1219 2714 (ll
1270 2642 1390 2698 Cor.
1432 2639 1642 2712 ",15);
1690 2646 1745 2694 et
1790 2636 1972 2694 l'tetida
2020 2650 2208 2706 pecca-

600 2748 804 2794 ῑοτυη).

673 2832 763 2888 54.
798 2829 893 2885 ﬁte
941 2839 1069 2884 sunt
1100 2843 1261 2883 nares
1315 2827 1458 2882 sicut
1504 2825 1673 2881 turris
1713 2824 1906 2881 Libani
1950 2824 2207 2895 pra-celsa

598 2942 765 2995 supra
815 2924 1115 2986 mundum;
1144 2932 1197 2975 et
1240 2920 1362 2976 ideo
1392 2918 1653 2990 prospicit
1697 2918 1890 2973 faciem
1940 2917 2206 2984 Damasci,

601 3018 859 3091 gentilem
884 3016 1095 3071 scilicet
1119 3015 1400 3085 populum,
1425 3012 1664 3068 odorans
1697 3011 1857 3066 fidem
1882 3011 2021 3079 ejus.
2053 3012 2208 3080 Cujus

606 3114 782 3187 gratia
808 3111 1132 3166 deliotorum
1161 3122 1384 3162 suorum
1408 3107 1720 3176 detergeret
1738 3104 1991 3160 fetorem.
2014 3103 2207 3159 Facies

2316 1895 2491 1956 diunt.
2524 1894 2777 1949 timorem
2822 1894 2914 1949 Dei
2946 1894 3149 1949 habent
3182 1912 3194 1947 :
3242 1893 3335 1950 sed
3382 1894 3509 1965 quia
3543 1895 3791 1950 nesciunt
3816 1893 3924 1950 Le-

2316 2004 2437 2059 gem
2466 1988 2766 2058 spiritalem
2821 2003 2964 2055 esse,
2994 1988 3389 2044 circumcidunt
3432 2004 3651 2059 corpus,
3682 2005 3792 2044 non
3822 2004 3923 2045 cor

2319 2094 2499 2134 suum.
2531 2079 2713 2150 Ignem
2745 2080 2971 2135 sabbato
3019 2081 3241 2136 adolere
3289 2080 3604 2147 formidant,
3657 2097 3779 2137 cum
3809 2081 3925 2137 Lex

2313 2172 2758 2229 sanctificationis
2771 2173 3155 2229 dielibidinum
3175 2175 3354 2245 ignem
3372 2174 3922 2245 prohibeataccendi.

2387 2267 2478 2322 57.
2506 2266 2570 2319 Et
2591 2266 2718 2337 quid
2737 2266 2803 2321 de
2825 2266 3025 2321 Judteis
3056 2267 3232 2322 dicam
3257 2268 3280 2321 ?
3318 2266 3455 2324 Sunt
3493 2268 3655 2322 etiam
3684 2269 3737 2322 in
3765 2266 3927 2322 nobis

2314 2360 2405 2429 qui
2427 2358 2629 2415 habent
2652 2359 2899 2415 timorem
2927 2361 3043 2425 Dei,
3059 2361 3152 2416 sed
3170 2377 3275 2417 non
3292 2361 3588 2417 secundum
3613 2361 3922 2426 scientiam,

2315 2462 2618 2509 statuentes
2647 2453 2867 2508 duriora
2896 2464 3167 2526 praecepta
3194 2471 3317 2526 quae
3346 2471 3452 2511 non
3484 2456 3653 2525 possit
3688 2454 3931 2509 humana

2313 2547 2555 2604 conditio
2585 2547 2875 2603 sustinere.
2924 2546 3113 2603 Timor
3143 2549 3196 2603 in
3228 2564 3293 2605 eo
3349 2559 3468 2615 est,
3500 2549 3625 2620 quia
3656 2546 3921 2603 videntur

2313 2643 2416 2698 sibi
2444 2643 2733 2698 consulere
2761 2641 3086 2713 disciplima,
3122 2658 3259 2716 opus
3290 2644 3509 2699 virtutis
3537 2643 3754 2714 exigere
3785 2659 3797 2696 :
3829 2641 3931 2697 sed

2324 2737 2609 2793 inscientia
2641 2738 2693 2793 in
2720 2752 2785 2793 eo
2815 2748 2930 2805 est,
2960 2739 3086 2808 quia
3119 2753 3227 2793 non
3257 2737 3668 2808 compatiuntur
3692 2743 3929 2811 naturae,

2314 2846 2421 2885 non
2450 2831 2724 2885 :estimant
2774 2830 3215 2900 possibilitatem.
3248 2830 3365 2886 Non
3422 2829 3495 2884 sit
3535 2842 3669 2899 ergo
3708 2825 3933 2882 irratio-

2313 2922 2512 2978 nabilis
2544 2923 2730 2979 timor.
2766 2922 2988 2979 Etenim
3040 2938 3167 2977 vera
3217 2922 3488 2991 sapientia
3523 2938 3554 2975 a
3599 2921 3794 2976 timore
3835 2918 3932 2974 Dei

2311 3017 2526 3089 incipit,
2556 3033 2658 3073 nec
2702 3026 2789 3074 est
2828 3017 3093 3087 sapientia
3149 3016 3362 3089 1030
3389 3014 3647 3086 spiritalis
3691 3012 3811 3069 sine
3864 3012 3935 3068 ti-

2313 3126 2467 3166 more
2498 3110 2592 3165 Dei
2622 3126 2636 3176 ;
2665 3110 2738 3165 ita
2774 3110 2938 3165 timor
2991 3110 3109 3164 sine
3159 3108 3422 3180 sapientia
3453 3122 3577 3164 esse
3608 3122 3715 3162 non
3743 3105 3933 3162 debet.

605 3208 771 3277 38"“?
804 3201 1053 3259 Dalilasci
1086 3199 1221 3255 “des
1268 3212 1351 3255 θδι
1405 3199 1670 3269 Βοηιίηιη»
1705 3197 1856 3252 "UH"
1887 3197 2210 3251 Obumbmla
2240 3199 2285 3263 C
2321 3205 2476 3261 Basis
2500 3204 2747 3275 quaedam
2781 3204 2932 3259 verbi
2983 3213 3068 3259 est
3099 3204 3262 3258 timor
3307 3212 3551 3258 sanctus.
3585 3202 3741 3259 Sicut
3784 3202 3935 3257 enim

604 3298 836 3360 amictu,
872 3295 1022 3350 nullo
1051 3294 1312 3363 adoperta
1332 3294 1555 3357 vestitu,
1591 3290 1733 3345 nuda
1760 3304 1824 3345 ac
1855 3290 2049 3355 libera,
2072 3289 2215 3344 cmlo

611 3390 788 3462 magis
816 3388 1026 3443 intenta
1055 3402 1216 3456 quam
1247 3385 1427 3441 terris.
1457 3384 1611 3439 Hanc
1639 3383 1992 3454 speculantur
2012 3390 2069 3440 et
2093 3397 2219 3454 pro-

609 3485 850 3555 spieiuut
883 3497 1043 3537 nares
1072 3480 1359 3545 Ecclesiae,
1388 3478 1533 3551 quod
1580 3494 1749 3533 suave
1782 3480 1835 3533 in
1880 3495 1943 3533 ea
1986 3488 2041 3533 et
2084 3478 2218 3533 odo-

610 3595 732 3634 rtuu
781 3586 867 3633 est
906 3575 1261 3644 aSpiration.s
1299 3584 1353 3628 et
1381 3574 1572 3643 gratia:
1600 3573 1945 3644 Colligeutes.
1978 3571 2046 3627 Et
2081 3572 2220 3627 bene

614 3686 778 3728 nares
794 3670 916 3740 ejus
937 3668 1078 3724 sicut
1107 3669 1271 3722 turris
1293 3665 1502 3733 Lib-ni;
1536 3666 1661 3736 quia
1692 3666 1743 3719 iu
1771 3665 2060 3719 sacrificiis
2086 3664 2222 3719 odor

619 3765 798 3821 suavis
822 3762 1084 3820 Ecclesia:
1109 3770 1214 3827 est,
1235 3760 1287 3815 in
1318 3758 1514 3831 quibus
1541 3768 1626 3815 est
1651 3758 1779 3814 boui
1808 3757 1994 3814 odoris
2021 3758 2217 3823 hostia,

619 3859 875 3916 remissio
906 3864 1276 3927 peccatorum.

693 3950 784 4007 55.
808 3951 975 4007 Sume
1009 3947 1172 4019 igitur
1200 3946 1297 4001 has
1329 3961 1512 4012 nares,
1545 3960 1577 4000 o
1605 3944 1768 4000 homo
1805 3959 1819 4011 ;
1850 3952 1907 3997 ut
1934 3959 1963 3997 a
1995 3957 2227 4015 gravco-

623 4046 860 4105 leutibus
892 4041 1180 4097 aurulenta
1238 4054 1532 4105 secernas;
1582 4049 1636 4094 et
1668 4047 1797 4093 tunc
1850 4036 2145 4091 viviticabit
2177 4046 2228 4090 te

625 4140 910 4195 Dominus.
939 4136 1073 4191 Cum
1100 4134 1244 4190 enim
1303 4132 1602 4188 adverterit
1630 4129 1774 4202 quod
1801 4128 1870 4185 dc
1918 4129 2036 4200 ipso
2067 4127 2227 4200 petis,

626 4246 685 4290 ut
716 4243 921 4289 avertat
949 4231 1138 4286 oculos
1168 4228 1367 4284 mentis
1392 4236 1497 4281 tuae
1538 4242 1568 4279 a
1614 4231 1874 4291 vanitate,
1907 4236 2232 4293 cooperatur

629 4329 825 4384 animae
860 4335 966 4380 tuae
991 4340 1006 4388 ;
1036 4332 1095 4378 ut
1125 4322 1169 4377 si
1190 4320 1375 4390 specie
1420 4318 1597 4388 aliqua
1624 4318 1860 4387 capitur.
1890 4325 1982 4371 aut
2008 4316 2231 4381 duritia,

630 4430 725 4477 aut
752 4416 1071 4474 infirmitate
1100 4429 1210 4468 non
1243 4410 1508 4477 ﬂectitur,
1536 4407 1719 4463 fleetat
1746 4423 1864 4462 eam
1885 4406 2017 4477 jugo
2056 4407 2230 4472 verbi,

634 4524 691 4570 et
717 4509 944 4566 habenis
967 4508 1079 4564 suis
1125 4513 1319 4575 regat:
1344 4513 1401 4557 ut
1431 4502 1707 4557 voluntate
1753 4500 1846 4556 Dei
1874 4500 2177 4554 abducatur
2203 4514 2235 4553 a

2322 3298 2669 3354 simulacrum
2700 3296 2918 3368 aliquod
2968 3298 3021 3352 iu
3054 3297 3169 3351 basi
3200 3296 3479 3360 statuitur,
3513 3306 3569 3352 et
3599 3305 3730 3351 tunc
3762 3295 3939 3364 majo-

2321 3408 2436 3449 rem
2464 3391 2627 3448 habet
2648 3390 2897 3462 gratiam,
2932 3406 3053 3447 cum
3081 3390 3133 3445 in
3182 3389 3299 3445 basi
3326 3400 3503 3445 statua
3544 3388 3710 3446 fuerit
3758 3388 3933 3444 collo-

2323 3495 2464 3553 cata,
2488 3485 2779 3555 standique
2800 3485 3070 3556 acceperit
3094 3485 3406 3541 firmitatem
3435 3486 3537 3540 :ita
3562 3485 3785 3541 verbum
3812 3483 3936 3549 Dei,

2325 3578 2411 3635 vel
2441 3587 2466 3615 α
2500 3579 2824 3634 rationabile
2851 3578 2946 3634 Dei
2979 3579 3031 3633 in
3060 3578 3256 3633 timore
3302 3588 3492 3633 sancto
3522 3577 3715 3632 melius
3741 3576 3942 3632 Statui-

2326 3682 2436 3736 tur,
2471 3672 2667 3727 fortius
2719 3671 3014 3737 radicatur,
3048 3670 3151 3725 hoc
3194 3679 3299 3736 est,
3346 3670 3396 3725 in
3443 3678 3665 3740 pectore
3695 3668 3940 3724 timentis

2329 3765 2619 3819 Dominum
2644 3782 2658 3831 ;
2683 3780 2752 3819 ne
2779 3766 2992 3819 labatur
3023 3763 3249 3818 verbum
3295 3761 3364 3817 de
3389 3761 3555 3817 corde
3579 3761 3714 3828 viri,
3751 3776 3818 3815 ne
3848 3775 3942 3815 ve-

2330 3856 2485 3911 niant
2515 3857 2785 3921 volucres,
2818 3865 2872 3912 et
2901 3855 3153 3912 auferant
3184 3854 3318 3910 illud
3370 3856 3440 3911 de
3466 3854 3724 3911 incuriosi
3752 3863 3806 3910 et
3827 3853 3944 3910 dis-

2330 3950 2637 4006 simulantis
2657 3950 2877 4006 afl‘ecm.
2902 3950 3009 4007 Sed
3051 3952 3212 4006 etiam
3245 3950 3416 4006 verbo
3462 3950 3561 4007 Dei
3607 3951 3768 4005 timor
3822 3949 3945 4019 ipse

2334 4043 2508 4115 aptari
2534 4043 2600 4099 ad
2629 4042 2921 4100 utilitatem
2952 4053 3008 4099 et
3046 4044 3387 4100 constabiliri
3438 4044 3689 4107 videtur;
3721 4051 3779 4097 ut
3830 4056 3943 4098 non

2331 4136 2403 4191 sit
2430 4135 2642 4192 alienus
2687 4136 2956 4203 scientiae,
2990 4136 3132 4193 sicut
3163 4136 3309 4193 basis
3356 4146 3577 4207 accepta
3609 4144 3783 4191 statua
3829 4150 3943 4191 non

2336 4239 2419 4286 est
2447 4228 2621 4285 aliena
2664 4227 2870 4301 gratiae.
2926 4228 3113 4286 Timor
3157 4244 3287 4300 ergo
3316 4228 3467 4285 verbi
3496 4229 3772 4293 e5tlocus,
3804 4228 3949 4284 sicut

2336 4323 2391 4378 in
2423 4338 2553 4394 pace
2597 4324 2748 4379 locus
2791 4322 2912 4394 ejus
2939 4321 2989 4379 δ.
3022 4323 3210 4378 Timor
3236 4321 3483 4394 quaedam
3528 4321 3691 4377 statio
3742 4319 3897 4375 verbi
3928 4338 3941 4374 :

2339 4416 2564 4469 verbum
2600 4414 2811 4469 timoris
2838 4424 2923 4471 est
2974 4415 3262 4485 disciplina
3317 4431 3331 4481 ;
3364 4414 3556 4485 plenus
3600 4414 3747 4470 enim
3777 4412 3945 4469 disci-

2340 4505 2503 4577 plina:
2535 4507 2694 4562 timor
2715 4522 2821 4561 non
2845 4515 3002 4561 nutat
3037 4506 3105 4562 ad
3134 4506 3366 4577 lapsum.

634 4609 785 4667 vitiis
820 4616 876 4664 et
914 4606 1035 4660 vita:
1061 4603 1287 4661 odorem
1336 4600 1515 4670 capiat
1557 4608 1801 4654 aeternae.
1833 4596 1949 4651 Non
1983 4598 2127 4652 enim
2152 4595 2239 4651 hic
2268 4605 2322 4667 ι)
2416 4597 2507 4654 58.
2566 4598 2636 4653 Ει
2678 4598 2803 4669 quia
2850 4599 3022 4655 basim
3066 4600 3214 4656 verbi
3269 4599 3524 4658 timorem
3576 4600 3850 4664 diximus;
3878 4615 3950 4657 ne

636 4704 744 4759 vita
792 4696 1035 4772 perfecta
1080 4704 1164 4753 est
1194 4711 1208 4750 :
1237 4694 1332 4751 sed
1373 4693 1490 4749 hinc
1519 4693 1631 4748 vita
1663 4691 1717 4747 in
1770 4691 1983 4748 umbra.
2022 4690 2153 4747 Ideo
2183 4698 2243 4745 ut

638 4798 802 4852 homo
822 4791 1072 4847 Christus
1102 4786 1261 4843 Jesus
1291 4802 1358 4841 ex
1408 4785 1631 4855 Virgine
1672 4794 2014 4851 nasceretur,
2048 4783 2241 4838 obum-

638 4888 822 4945 bravit
848 4885 1020 4937 virtus
1049 4878 1309 4935 Altissimi
1337 4884 1565 4931 matrem
1588 4875 1822 4931 futuratn
1849 4894 1863 4941 ;
1898 4878 2025 4947 quia
2054 4877 2107 4933 in
2124 4892 2242 4932 um-

646 4984 740 5037 bra
772 4973 1079 5039 descendit,
1121 4971 1191 5027 ab
1226 4970 1415 5025 umbra
1444 4970 1711 5041 incipiens
1741 4970 1960 5040 operari
2010 4969 2239 5025 salutem

642 5072 901 5137 hominis,
934 5077 992 5125 et
1014 5071 1491 5123 consummaturus
1542 5063 1810 5119 charitate
1841 5063 1972 5119 solis
2026 5066 2238 5120 aeterni.

648 5168 847 5225 Umbra
890 5172 974 5221 cst
1002 5178 1132 5234 ergo
1160 5162 1267 5216 vita
1315 5159 1432 5214 lucc
1462 5176 1474 5211 :
1507 5158 1704 5213 festina
1759 5157 1827 5212 ad
1881 5158 2074 5223 solem,
2101 5168 2159 5213 ut
2191 5167 2243 5214 te

647 5258 903 5318 defendat
941 5258 1010 5311 ab
1051 5255 1259 5310 umbrae
1290 5253 1449 5322 hujus
1506 5252 1728 5322 frigore,
1756 5259 1811 5306 et
1859 5252 2097 5307 calorem
2147 5250 2244 5306 tibi

647 5352 939 5426 profundat
967 5350 1243 5406 aestivum.
1276 5347 1343 5401 Et
1374 5345 1499 5400 ideo
1539 5345 1732 5400 suadet
1765 5345 2029 5399 orandum
2058 5362 2126 5401 ne
2155 5346 2249 5401 flat

651 5450 771 5519 fuga
796 5459 978 5502 nostra
1002 5445 1197 5517 hyeme
1219 5442 1306 5497 vel
1335 5441 1561 5495 sabbato
1587 5438 1799 5512 (Matth.
1828 5456 1972 5503 xxrv,
1991 5440 2108 5511 ΞΟ),
2140 5457 2247 5496 non

654 5552 866 5613 tempus
892 5539 1146 5607 diemque
1182 5533 1529 5606 significans,
1572 5532 1669 5588 sed
1714 5532 1913 5603 frigere
1957 5547 2056 5588 nos
2083 5534 2251 5589 rueri-

733 5691 755 5715 δ·
788 5674 1136 5739 Rationabile,
1160 5672 1211 5727 id
1234 5682 1336 5749 est,
1370 5673 1543 5749 ratio;
1568 5674 1730 5749 λργιον
1753 5672 1911 5749 enim_
1935 5687 2001 5749 a_c_
2018 5675 2164 5749 λόγος
2194 5685 2247 5732 et

659 5753 880 5808 verbum
904 5758 959 5804 et
975 5752 1237 5803 rationem
1253 5745 1581 5817 significant.
1600 5743 1883 5817 Estautem
1898 5743 2249 5806 hellenismus

653 5840 766 5902 quo
794 5834 1046 5881 neutrum
1073 5816 1402 5888 adjectivum
1421 5819 1642 5889 ponitur
1668 5816 1789 5873 loco
1819 5818 2164 5876 substantivi.
2241 5845 2251 5893 ς

2342 4693 2472 4764 quid
2528 4692 2766 4750 alienum
2808 4710 2836 4749 a
2882 4694 3183 4767 Scripturis
3230 4696 3479 4766 posuisse
3533 4712 3635 4753 nos
3663 4696 3949 4767 quisquam

2346 4795 2517 4857 putet,
2544 4788 2775 4859 accipiat
2816 4790 3018 4846 lectum
3050 4790 3117 4846 de
3148 4789 3245 4845 Dei
3271 4790 3440 4847 verbo
3470 4790 3526 4846 in
3551 4788 3793 4846 Canticis
3821 4804 3951 4845 can-

2344 4880 2618 4936 ticorum:
2669 4880 2837 4938 Crura
2889 4884 3003 4950 eius
3054 4884 3305 4939 columna:
3358 4900 3665 4940 marmorea!
3718 4882 3953 4955 fundatae

2341 4991 2497 5045 super
2519 4976 2660 5033 bases
2689 4994 2872 5032 aureas
2914 4976 3091 5050 (Cant.
3117 4994 3171 5043 v,
3202 4977 3326 5049 15),
3377 4978 3692 5049 significans
3743 4977 3955 5033 colum-

2349 5083 2446 5122 nas
2493 5083 2617 5124 esse
2658 5069 2916 5124 Ecclesia:
2956 5071 3253 5139 aposmlos,
3313 5070 3407 5140 qui
3454 5070 3663 5126 fundati
3720 5079 3849 5125 sunt
3897 5070 3953 5126 in

2352 5164 2546 5217 timore
2585 5173 2919 5218 sanctorum.
2976 5161 3111 5218 Nam
3160 5162 3302 5219 sicut
3346 5162 3847 5231 Petrtts,Jacobus,
3898 5172 3959 5218 et

2351 5256 2632 5323 Joannes,
2689 5266 2743 5314 et
2786 5257 3063 5313 Barnabas
3130 5257 3401 5314 columnae
3455 5273 3578 5314 esse
3632 5236 3959 5313 videbantur

2356 5348 2657 5417 Ecclesiae,
2706 5361 2759 5406 et
2808 5351 3135 5422 quicumque
3194 5350 3385 5408 vicerit
3429 5350 3533 5407 hoc
3586 5350 3872 5415 sarculum,
3899 5349 3962 5405 fit

2356 5446 2607 5501 columna
2656 5445 2772 5513 Dei,
2803 5461 2963 5517 quam
2992 5447 3282 5503 confirmat
3308 5450 3399 5518 qui
3424 5446 3553 5503 dicit
3580 5464 3593 5501 :
3624 5445 3736 5519 Ego
3765 5443 3962 5514 conﬁr-

2360 5540 2495 5595 mavi
2516 5540 2779 5595 columnas
2806 5544 2916 5614 ejus
2940 5539 3059 5611 (Ps.
3088 5557 3276 5610 Lutv,
3311 5544 3370 5612 4)
3403 5556 3417 5596 :
3451 5542 3525 5597 ita
3549 5550 3607 5596 et
3624 5541 3771 5597 basis
3791 5552 3964 5594 aurea

2419 5678 2673 5807 ἴϋξοὲῗηί
2703 5681 2827 5737 cod.
2866 5680 3156 5739 nonnulli.
3203 5680 3381 5737 Timor
3424 5680 3687 5753 quoddam
3730 5680 3965 5736 studium

2479 5768 2513 5807 ι.
2615 5768 2663 5807 c.

2358 5768 2513 5818 veros,
2558 5768 2663 5808 etc.
