4070 6476
158 403 308 462 i265

1238 401 1305 458 IN
1344 401 1677 462 PSALMUM
1715 403 1928 463 CXVIII
1968 406 2358 465 EXPOSITIO.

3325 417 3470 474 I266

153 516 329 572 timor
351 515 546 588 plenus
573 514 898 585 disciplinae,
927 515 1053 584 quia
1103 513 1314 570 initium
1341 515 1624 586 sapientiae
1655 526 1762 573 est.
1791 522 1843 584 Α
1870 532 2030 588 quam
2057 519 2430 576 adversarium
2461 523 2694 594 repello,
2725 525 2982 580 saeculum
3013 527 3194 584 vinco.
3237 529 3364 585 Mihi
3388 544 3474 584 sa-

159 609 223 667 tn
278 611 475 666 timore
527 625 656 679 ergo
704 609 1028 679 sapientium
1095 607 1391 680 apostolica
1445 609 1763 680 prmdicatio

159 713 442 774 tamquam
483 717 646 775 super
689 702 860 758 basim
919 716 1138 758 auream
1205 701 1455 757 columna
1494 700 1758 757 firmatur.

156 797 368 854 Christi
390 797 552 868 igitur
593 797 811 868 eloquio
837 808 890 852 et
918 796 1219 866 apostolico
1257 798 1493 853 sermoni
1525 796 1761 852 tribunal

154 899 245 946 est
272 890 610 959 titnorjusti,
645 899 697 945 et
741 890 888 946 basis
924 905 1086 946 aurea
1126 890 1283 961 plena
1317 890 1655 960 prudentirc:
1689 892 1765 946 si-

154 983 468 1039 mulacrum
499 993 681 1038 autem
709 984 910 1038 bonum
947 994 1216 1055 tamquam
1249 983 1454 1054 efﬁgies
1495 987 1758 1054 veritatis,

153 1091 348 1132 sermo
391 1088 729 1132 sanctorum.
762 1077 831 1132 Et
870 1076 992 1132 vide
1022 1085 1294 1148 tamquam
1335 1077 1508 1133 basim
1538 1093 1759 1136 auream

152 1185 282 1226 esse
310 1178 625 1226 sanctorum
655 1170 924 1227 timorem.
959 1169 1101 1241 Lege
1135 1170 1346 1226 Esaiam
1382 1189 1393 1224 :
1421 1170 1545 1226 vide
1590 1187 1762 1240 quan-

154 1265 226 1320 tis
255 1264 555 1336 suhjccerit
585 1266 834 1320 timorem
857 1306 872 1330 ,
905 1274 964 1320 ut
1002 1266 1201 1322 faceret
1223 1266 1758 1338 irreprehensibilem

150 1370 208 1414 et
237 1359 445 1415 bonum
503 1360 751 1416 timorem
784 1379 797 1414 :
830 1360 1080 1431 Spiritus,
1131 1363 1342 1432 inquit,
1398 1365 1668 1434 εαρίεηιὶω
1713 1376 1762 1420 et

149 1451 449 1507 intellectus
482 1494 498 1519 ,
541 1453 754 1524 spiritus
800 1455 1004 1509 consilii
1042 1464 1194 1526 atque
1247 1457 1448 1511 virtutis
1477 1499 1492 1523 ,
1546 1458 1760 1528 spiritus

153 1544 476 1614 cognitionis
503 1554 655 1616 atque
675 1545 902 1615 pietatis,
918 1547 1134 1615 spiritus
1161 1549 1327 1603 sancti
1357 1550 1558 1604 timoris
1581 1547 1756 1620 (Esai.

155 1655 239 1705 XI,
267 1640 348 1710 2).
399 1639 622 1709 Quantis
656 1639 905 1699 timorem
959 1643 1223 1714 subjecit,
1251 1652 1311 1700 ut
1350 1643 1575 1700 haberet
1613 1644 1757 1716 quod

152 1737 310 1806 sequi
342 1736 566 1805 posset?
590 1733 918 1792 lnl‘ormatur
969 1753 1066 1808 per
1101 1739 1444 1809 sapientiam,
1475 1740 1759 1795 instruitur

151 1841 252 1896 per
276 1827 633 1896 intellectum,
666 1830 898 1886 consilio
943 1830 1218 1902 dirigitur,
1260 1833 1462 1888 virtute
1488 1832 1752 1894 ﬁrmatur.

1865 611 2090 681 pientia,
2147 627 2244 682 per
2284 629 2446 684 quam
2488 616 2812 685 insipientia:
2843 618 3066 689 laqueos
3114 621 3310 678 evado.
3354 620 3468 676 Hoc

1863 705 2214 776 Opprobrium
2245 708 2518 766 thesauris
2548 711 2766 785 Egypti
2806 712 3021 784 Moyses
3059 714 3314 785 praetulit.
3350 713 3469 770 Ma-

1861 799 1970 868 ius,
2000 800 2206 868 inquit,
2255 805 2517 859 aestimans
2549 805 2771 878 Egypti
2824 809 3080 864 thesauris
3126 809 3469 880 opprobtium

1865 889 2056 946 Christi
2081 891 2270 964 (Hebr.
2297 911 2371 960 ιι,
2391 894 2511 965 26;.
2535 897 2588 954 St
2614 900 2966 966 approbriutu
2997 908 3146 956 tuum
3171 901 3339 969 gloria
3357 909 3466 969 est,

1865 984 2096 1043 Domine
2121 986 2274 1050 Jesu,
2301 1000 2499 1059 quanta
2527 1001 2611 1044 est
2637 991 2807 1052 gloria
2841 1005 2927 1048 tua
2950 993 2974 1048 ?
3003 994 3132 1050 Tute
3164 995 3326 1065 igitur
3347 995 3468 1067 glo-

1864 1077 1959 1132 rite
2001 1079 2416 1149 participatione
2460 1082 2586 1152 qttid
2641 1084 2880 1149 erimus,
2930 1086 3084 1156 cujus
3132 1101 3323 1143 sumus
3367 1103 3468 1161 op-

1865 1176 2088 1244 probrio
2136 1176 2407 1246 gloriosi?
2437 1176 2668 1232 Dorsum
2714 1195 2892 1234 meum
2945 1181 3099 1250 posui
3123 1181 3175 1236 in
3229 1182 3465 1254 flagella,

1866 1269 2114 1324 maxillas
2146 1284 2297 1326 meas
2325 1271 2377 1326 in
2410 1270 2638 1338 palmas.
2658 1285 2720 1325 os
2741 1283 2921 1327 autem
2951 1289 3128 1328 meum
3157 1291 3264 1329 non
3291 1275 3469 1330 averti

1862 1376 1892 1415 a
1921 1361 2241 1416 confusione
2266 1371 2568 1433 spntorum.
2599 1363 2738 1418 Ecce
2777 1365 3126 1434 Opprohrium
3150 1375 3324 1432 tnum,
3361 1368 3467 1423 Do-

1864 1437 2032 1520 mine,
2063 1455 2115 1510 in
2140 1471 2248 1527 quo
2276 1456 2424 1511 salus
2452 1466 2536 1512 est
2588 1459 2968 1514 universorum
2996 1501 3011 1523 ,
3056 1459 3108 1514 in
3141 1476 3247 1531 quo
3278 1461 3469 1517 mundi

1863 1547 2203 1616 redemptio:
2231 1564 2326 1619 per
2354 1549 2498 1620 quod
2527 1550 2880 1620 opprobrium
2903 1551 3170 1622 coepimus
3200 1569 3306 1608 non
3339 1569 3466 1610 eru-

1863 1639 2085 1695 bescere
2114 1641 2204 1711 qui
2255 1641 2737 1708 erubescebamns,
2767 1658 2872 1698 non
2903 1643 3159 1699 confundi
3213 1645 3303 1715 qui
3334 1661 3468 1700 con-

1861 1731 2244 1790 f'undcbamur.
2272 1734 2514 1805 Denique
2530 1736 2792 1807 scriptum
2821 1747 2905 1791 est
2929 1754 2941 1789 :
2975 1737 3210 1791 Accedite
3231 1739 3298 1790 ad
3323 1754 3466 1800 eum.

1861 1833 1908 1878 et
1955 1824 2348 1892 illuminamini,
2382 1838 2428 1880 et
2485 1827 2651 1882 vultus
2691 1829 2844 1882 vestri
2879 1845 2982 1882 non
3007 1830 3304 1885 erubescent
3337 1826 3461 1902 (Ps.

149 1919 466 1991 cognitione
494 1922 719 1993 regitur,
780 1925 980 1994 pietate
1027 1926 1336 1980 decoratur.
1371 1925 1523 1980 Tolle
1577 1926 1754 1981 timori
1789 1917 1833 1978 Β
1861 1933 2055 1984 xxxut,
2085 1918 2162 1989 6).
2200 1918 2314 1974 lloc
2339 1920 2694 1990 opprobrium
2723 1921 2921 1977 auferri
2950 1938 2978 1976 a
3005 1921 3163 1977 nobis
3187 1923 3464 1989 uolutnus,

149 2011 370 2068 Domini
400 2014 523 2082 ista,
555 2026 608 2070 et
633 2025 717 2072 est
740 2007 1128 2074 irratiOnabilis
1157 2026 1214 2072 et
1263 2017 1520 2090 insipiens
1569 2021 1750 2086 timor,

149 2120 296 2160 unus
323 2122 391 2162 ex
420 2107 526 2162 illis
560 2126 573 2161 :
607 2107 762 2164 Foris
785 2127 990 2182 pugnat.
1008 2112 1150 2166 intus
1180 2112 1387 2166 timores
1418 2111 1483 2185 (Il
1511 2111 1630 2166 Car.
1655 2128 1750 2177 vtt,

147 2195 228 2269 5),
259 2198 457 2267 quibus
508 2197 744 2257 afﬂictus
795 2213 940 2258 esset
988 2211 1043 2258 et
1073 2202 1292 2268 Paulus,
1339 2203 1441 2258 nisi
1475 2203 1752 2260 habuisset

147 2291 416 2347 Dominus
437 2293 837 2350 consolantem.

219 2384 313 2441 59.
348 2384 458 2442 Nec
479 2389 715 2444 otiosum
747 2397 834 2445 est
856 2390 910 2446 in
940 2389 1249 2446 Proverbiis
1280 2407 1294 2445 :
1325 2391 1476 2446 Tunc
1497 2392 1750 2462 intelliges

148 2483 387 2536 timorem
416 2481 623 2538 Domini
655 2483 838 2556 (Prov.
870 2501 930 2548 tt,
960 2483 1038 2553 5).
1057 2483 1197 2552 Quid
1226 2494 1331 2550 est,
1357 2483 1498 2539 Tunc
1518 2485 1544 2538 .9
1568 2484 1620 2540 id
1641 2493 1747 2552 est,

148 2573 278 2629 Cum
306 2576 618 2648 sapientiam
645 2579 980 2646 invocaveris,
1010 2589 1057 2632 et
1107 2579 1400 2650 prudentia:
1428 2579 1631 2633 dederis
1655 2594 1746 2631 vo-

147 2685 258 2723 cem
285 2678 428 2723 :uam
455 2687 476 2737 ;
505 2681 554 2725 et
608 2671 652 2726 si
703 2673 965 2741 quaesieris
993 2670 1138 2725 illam
1198 2682 1251 2724 ut
1302 2671 1591 2740 pecuniam,
1622 2681 1667 2724 et
1693 2681 1750 2724 ut

147 2764 418 2817 thesauros
446 2773 705 2819 scrutatus
731 2764 892 2834 [ueris
921 2781 1055 2830 eam,
1088 2775 1209 2818 tunc
1237 2764 1492 2836 intelliges
1518 2765 1749 2819 timorem

148 2853 572 2927 Domini(lbid.,
596 2857 631 2912 3
656 2867 703 2912 et
725 2858 803 2929 4).
833 2858 902 2913 Et
928 2857 1051 2913 ideo
1084 2868 1358 2927 tamquam
1387 2871 1551 2927 super
1575 2858 1748 2912 basim

148 2950 348 3004 bonam
373 2948 542 3004 dicit:
567 2950 752 3004 Statue
770 2967 916 3005 servo
938 2961 1026 3006 tuo
1047 2951 1309 3020 eloquium
1327 2958 1471 3003 tuum
1495 2951 1548 3002 in
1571 2949 1753 3003 tintore

142 3051 254 3094 tuo.
284 3039 456 3096 Plena
470 3040 773 3110 disciplina:
789 3043 982 3109 oratio,
1003 3057 1270 3113 perquam
1286 3041 1548 3097 docemur
1561 3056 1750 3112 quem-

143 3133 440 3188 admodum
469 3133 768 3190 debeamus
795 3150 952 3191 orare
977 3153 990 3190 :
1025 3134 1397 3205 unusquisque
1444 3148 1625 3189 sermo
1654 3134 1750 3188 do-

149 3226 324 3280 ctrina
357 3233 444 3278 est
472 3223 818 3294 deprecandi.
854 3226 919 3280 Et
937 3227 1062 3296 quia
1088 3225 1276 3281 docuit
1302 3241 1400 3280 nos
1420 3240 1600 3291 orare,
1622 3225 1744 3296 quis

146 3320 218 3374 sit
239 3318 400 3375 istius
427 3319 691 3374 orationis
713 3318 942 3375 ell‘ectus
970 3319 1209 3374 ostendit
1238 3321 1506 3389 septimus
1526 3336 1738 3378 versus.
1771 3296 1815 3359 (ἶ

217 3411 308 3467 40.
337 3409 520 3484 (Vers.
551 3411 670 3481 39.)
697 3413 860 3482 Aufer
881 3429 1008 3465 ante
1033 3412 1366 3484 opprobrium
1391 3429 1580 3481 meum,
1606 3413 1746 3482 quod

143 3506 439 3576 suspicatus
458 3521 594 3559 sunt.
624 3504 972 3561 Subobscure
1011 3505 1216 3560 dictum
1239 3506 1449 3562 videtur
1483 3524 1494 3558 :
1523 3506 1618 3562 sed
1650 3521 1745 3562 ex-

144 3597 386 3664 planavit
411 3597 704 3667 Apostolus
729 3597 873 3668 quod
903 3597 988 3652 hic
1016 3597 1300 3653 videbatur
1320 3598 1743 3664 obscurum,uhi

146 3691 219 3745 ait
245 3707 257 3743 :
289 3689 442 3744 Nihil
467 3690 594 3744 mihi
619 3691 824 3760 quidem
865 3693 1100 3746 conscius
1127 3708 1239 3745 sum
1260 3708 1280 3747 :
1305 3694 1396 3747 sed
1431 3709 1533 3747 non
1571 3693 1627 3746 in
1647 3697 1745 3746 hoc

135 3785 452 3858 justi/iectus
478 3801 590 3839 sunt
608 3784 654 3857 (Ι
673 3785 792 3841 Cor.
817 3801 893 3852 tv,
925 3785 1001 3855 4).
1039 3786 1246 3858 1031
1266 3784 1483 3840 Sciebat
1508 3785 1652 3841 enim
1683 3800 1743 3841 se

143 3891 266 3932 esse
295 3876 592 3944 hominem,
622 3887 676 3934 et
697 3877 776 3932 sic
809 3878 1036 3934 cavebat
1054 3889 1110 3933 ut
1135 3887 1362 3949 poterat,
1390 3893 1458 3933 ne
1481 3887 1602 3948 post
1622 3892 1742 3933 sus-

141 3978 298 4040 cepta
323 3969 576 4040 baptismi
606 3980 945 4026 sacramenta
977 3979 1266 4041 peccaret;
1300 3969 1528 4040 ideoque
1558 3969 1740 4025 delicti

141 4063 394 4118 conscius
414 4062 519 4118 sibi
544 4064 678 4118 'non
711 4071 829 4118 erat
869 4081 881 4116 :
911 4063 1006 4118 sed
1049 4063 1172 4133 quia
1203 4062 1368 4117 homo
1387 4071 1525 4126 erat,
1548 4076 1743 4132 pecca-

143 4163 316 4210 torem
343 4169 404 4210 se
433 4154 728 4221 fatebatur,
759 4155 943 4209 sciens
979 4170 1144 4208 unum
1175 4168 1297 4209 esse
1343 4152 1528 4208 Jesum
1560 4153 1741 4206 lumen

141 4262 351 4311 verum,
385 4249 475 4317 qui
506 4257 787 4317 peccatum
817 4263 922 4301 non
965 4246 1114 4310 fecit,
1164 4260 1264 4299 nec
1287 4254 1369 4298 est
1406 4244 1658 4299 inventus
1685 4244 1740 4298 iu

141 4354 237 4394 ore
266 4339 384 4409 ejus
435 4340 635 4402 dolus;
669 4339 845 4408 ipsum
899 4338 1073 4391 solum
1127 4337 1409 4406 justilicari
1434 4378 1450 4403 ,
1483 4336 1574 4406 qui
1615 4350 1742 4390 vere

141 4433 350 4487 alienus
379 4439 530 4488 esset
555 4448 582 4485 a
619 4431 795 4501 lapsu.
823 4429 1085 4486 Similiter
1114 4445 1246 4500 ergo
1265 4437 1323 4484 et
1347 4430 1619 4500 Propheta
1638 4430 1740 4484 etsi

143 4535 422 4595 peccatum
471 4524 752 4580 declinare
799 4522 1087 4593 cupiebat;
1146 4531 1323 4576 tamen
1361 4523 1514 4592 quasi
1569 4522 1738 4578 Deum

144 4618 476 4689 repulsorcm
505 4616 717 4688 peccati
745 4631 868 4671 esse
889 4616 972 4669 sui
1002 4613 1512 4685 cupiebat.Volebat
1535 4614 1738 4669 attferri

1857 2014 2212 2083 opprobrium
2243 2016 2424 2068 crucis
2452 2014 2665 2069 Domini
2718 2013 2844 2070 Jesu
2866 2057 2882 2082 ,
2914 2032 3021 2084 quo
3069 2025 3254 2071 nostra
3305 2014 3462 2070 aufe-

1855 2119 2051 2162 runtur
2078 2107 2394 2178 opprobria.
2426 2107 2580 2163 Sicut
2608 2109 2750 2163 enim
2781 2108 3129 2164 maledictum
3159 2109 3332 2166 lactus
3355 2118 3464 2175 est.

1853 2212 1911 2256 ut
1932 2211 2116 2256 nostra
2150 2201 2434 2256 maledicta
2493 2201 2723 2266 deleret,
2757 2203 2920 2257 homo
2951 2201 3124 2257 lactus
3163 2209 3268 2262 est.
3295 2211 3350 2257 ut
3378 2201 3462 2258 le-

1852 2303 2006 2348 varet
2052 2291 2289 2347 hominis
2340 2291 2684 2348 inﬁrmitates
2719 2311 2732 2347 ε
2766 2294 2836 2349 ita
2886 2293 3240 2365 opprobrium
3284 2293 3463 2349 factus

1852 2397 1960 2451 est,
1991 2397 2050 2442 ut
2075 2386 2318 2440 omnium
2349 2385 2593 2442 auferret
2610 2387 2923 2457 opprobria.

1923 2477 2014 2533 d2.
2042 2477 2156 2532 Non
2179 2492 2287 2532 uno
2303 2493 2407 2532 tem
2417 2494 2569 2547 pore,
2587 2494 2692 2534 non
2709 2481 2875 2534 semel
2892 2479 3118 2535 abstulit
3132 2479 3460 2551 opprobria:

1852 2571 2032 2626 aufert
2062 2570 2327 2640 quotidie.
2354 2571 2645 2627 Peccatum
2677 2571 2989 2642 incidimus,
3013 2589 3122 2629 non
3147 2591 3333 2630 unum.
3356 2575 3459 2631 sed

1852 2663 2021 2717 multa
2047 2680 2061 2714 :
2094 2664 2338 2731 cooperti
2367 2677 2556 2717 sumus
2599 2665 2894 2734 opprobrio
2917 2675 2972 2720 ct
3000 2666 3459 2722 confosioneNe-

1855 2755 2034 2808 nimus
2062 2754 2129 2808 ad
2161 2754 2510 2820 baptismum,
2539 2755 2778 2810 deletum
2829 2767 2911 2811 est
2943 2773 3106 2812 omne
3152 2767 3458 2828 peceatum,

1855 2853 1911 2900 et
1954 2861 2075 2898 cum
2124 2857 2350 2913 peccato
2403 2847 2778 2915 opprobrium.
2811 2847 3050 2904 Abstulit
3097 2850 3454 2920 opprobrium

1855 2952 2034 2992 meum
2071 2937 2330 2992 Dominus
2350 2937 2507 2994 Jesus
2537 2940 2830 3009 opprobrio
2868 2957 2986 3006 suo,
3015 2943 3139 3012 quia
3163 2942 3456 2998 crucifixus

1853 3040 1936 3086 est
1966 3029 2096 3085 mihi
2125 3047 2139 3095 ;
2165 3032 2287 3099 quia
2321 3031 2639 3104 Quicumque
2659 3033 2906 3103 baptizati
2934 3051 3112 3090 sumus
3148 3036 3204 3089 in
3225 3034 3455 3102 Christo,

1850 3124 1905 3177 in
1925 3135 2086 3176 morte
2105 3124 2271 3194 ipsius
2301 3125 2547 3193 baptiznti
2567 3142 2745 3178 sumus
2789 3125 2965 3194 (Rom.
2994 3142 3067 3188 vt,
3097 3127 3176 3196 '5).
3202 3127 3316 3182 Non
3352 3127 3448 3181 hac

1851 3218 1954 3274 δυο
1981 3218 2122 3286 quod
2173 3217 2376 3274 auferri
2419 3228 2617 3289 petam.
2651 3219 2756 3276 Sed
2786 3230 2908 3288 post
2940 3221 3263 3292 baptismum
3288 3221 3453 3276 incidi

1848 3312 2202 3382 opprobrium
2227 3354 2241 3376 ,
2291 3313 2465 3369 debeo
2489 3329 2650 3384 agere
2699 3315 3094 3384 paenitentiam,
3144 3325 3201 3371 ttt
3230 3315 3407 3370 dicam
3435 3334 3451 3370 :

1850 3406 2013 3471 Aufer
2041 3420 2172 3458 ame
2201 3406 2534 3476 opprobrium
2582 3423 2771 3461 nteum.
2819 3406 2875 3463 Si
2925 3424 3030 3462 non
3076 3423 3230 3479 agam
3279 3409 3455 3474 paeni-

1851 3495 2072 3551 tentiam
2106 3537 2122 3562 ,
2173 3496 2450 3566 quomodo
2509 3497 2685 3553 dicam
2721 3514 2734 3550 :
2767 3499 2929 3569 Aufer
2957 3515 2989 3551 α
3011 3514 3094 3553 me
3115 3500 3454 3568 approbrium

1847 3607 2014 3645 meum
2039 3607 2060 3655 ;
2085 3605 2207 3646 cum
2239 3591 2341 3646 hoc
2370 3589 2547 3658 ipsum
2583 3591 2789 3659 peccati
2820 3591 3174 3662 opprobrium
3200 3593 3294 3657 sit,
3323 3592 3451 3663 quia

1846 3701 1954 3740 non
2005 3701 2109 3755 ago
2153 3684 2573 3755 paenitentiam?
2603 3684 2661 3740 Si
2710 3698 2891 3740 autem
2932 3687 3304 3755 pmttitentiam
3331 3728 3348 3754 ,
3391 3695 3453 3741 ut

1845 3787 2084 3847 Oportet,
2137 3793 2238 3847 ago
2273 3821 2287 3840 ,
2329 3787 2480 3833 recte
2527 3777 2648 3832 dico
2691 3779 2896 3850 :Attfer
2921 3797 2952 3833 a
2990 3796 3073 3834 me
3116 3779 3453 3851 opprobrium

1846 3888 2036 3934 meum,
2061 3873 2200 3940 quod
2221 3873 2513 3942 suspicatus
2539 3889 2650 3926 sunt
2671 3889 2691 3938 ;
2706 3875 2915 3946 judicia
2934 3877 3071 3928 enim
3097 3887 3186 3929 tua
3204 3884 3228 3912 ⁸
3255 3875 3453 3930 dulcia.

1916 3966 2005 4019 4⁸5.
2036 3964 2176 4032 Quid
2220 3964 2389 4020 timeo
2435 3965 2708 4030 confiteri,
2741 3964 2870 4033 quid
2921 3965 3086 4021 timeo
3107 3967 3290 4022 dicere
3324 3969 3453 4034 pec-

1843 4067 1962 4110 cata
2008 4055 2336 4124 tnea?Quid
2396 4071 2592 4110 vereor
2621 4059 2902 4124 opprobrii
2957 4059 3064 4113 mei
3113 4061 3452 4115 mentionem

2089 4151 2267 4206 lacere
2293 4152 2434 4220 apud
2468 4165 2614 4214 eum,
2647 4151 2801 4220 cujus
2835 4151 3037 4220 judicia
3069 4153 3246 4207 dulcia
3275 4165 3401 4208 sunt
3421 4156 3446 4208 ?

1844 4245 1998 4314 Quod
2028 4261 2276 4301 severum
2310 4245 2364 4300 in
2389 4245 2532 4310 aliis,
2554 4245 2606 4299 in
2629 4245 3016 4302 Christodnlce
3029 4247 3201 4312 est,iu
3227 4244 3449 4302 Christo

1844 4353 2011 4394 suave
2041 4349 2125 4394 est
2153 4356 2166 4405 ;
2197 4338 2323 4409 quia
2376 4339 2490 4410 ipse
2539 4338 2724 4394 suavis
2765 4347 2870 4394 est.
2912 4338 3176 4408 Denique,
3211 4339 3446 4409 Gustare,

1842 4443 1890 4487 et
1933 4434 2098 4488 videte
2121 4433 2366 4501 quoniam
2393 4433 2564 4486 suavis
2591 4426 2664 4486 e'st
2709 4429 2962 4485 Dominus
2989 4431 3108 4499 (Ps.
3143 4448 3336 4496 χχχιιι.
3363 4430 3442 4504 9).

1844 4521 2028 4581 Dulcia
2055 4524 2257 4595 judicia
2297 4526 2579 4580 confitenti
2606 4541 2620 4590 ;
2668 4525 2794 4595 quia
2828 4524 2943 4595 ipse
2971 4525 3106 4580 dixit
3132 4545 3144 4579 :
3172 4524 3284 4596 Ego
3304 4541 3442 4591 sum,

1843 4636 1939 4690 ego
1963 4635 2077 4673 sum
2094 4619 2180 4688 qui
2203 4619 2352 4673 deleo
2377 4619 2673 4688 iniquitates
2698 4628 2884 4672 tuas...
2906 4628 2956 4671 et
2983 4634 3178 4673 utentur
3193 4636 3297 4672 non
3318 4633 3405 4673 ero
3429 4634 3451 4674 :

142 4711 490 4780 opprobrium
522 4709 667 4780 quod
695 4709 1001 4779 suspicatus
1026 4717 1130 4771 est,
1158 4707 1242 4762 vel
1262 4708 1384 4778 quia
1407 4709 1741 4779 cogitaverat
1765 4681 1820 4741 Β
1845 4724 1898 4768 ttt
1925 4722 2094 4766 autent
2149 4727 2342 4766 memor
2395 4725 2501 4766 esto
2527 4752 2540 4772 ,
2590 4723 2636 4764 et
2665 4712 2961 4783 judicentur
2984 4729 3002 4766 :
3025 4713 3110 4766 d'c
3149 4713 3448 4782 iniquitates

145 4804 194 4858 iu
213 4803 398 4870 c0rde,
415 4813 590 4859 etnon
615 4805 848 4860 fecerat:
881 4814 937 4858 et
966 4802 1284 4870 paenitentia
1302 4801 1428 4857 licet
1453 4801 1735 4867 abolitum,

145 4907 423 4966 suspectus
449 4907 629 4951 tamen
680 4904 819 4960 erat,
853 4911 920 4951 ne
949 4893 1088 4950 forte
1133 4893 1312 4949 adhuc
1349 4902 1595 4948 maneret
1621 4893 1738 4962 ejus

147 4990 536 5059 opprobrium;
579 5000 633 5045 et
675 4988 797 5043 ideo
826 4988 997 5043 Deum
1029 4994 1283 5056 precatur
1303 4994 1363 5041 ut
1400 4985 1534 5040 illud
1585 4985 1738 5041 aufe-

147 5091 244 5146 rat,
276 5083 364 5150 qui
408 5082 559 5137 soltts
611 5081 765 5136 novit
791 5081 932 5152 quod
963 5080 1172 5136 nescire
1220 5087 1400 5149 potest
1426 5079 1589 5135 etiam
1619 5080 1740 5150 ipse

147 5173 233 5240 qui
263 5174 410 5230 fecit.
447 5173 688 5243 Denique
707 5172 836 5226 alibi
863 5174 979 5243 ipse
995 5171 1131 5226 dixit
1160 5170 1433 5240 Propheta
1462 5187 1474 5223 :
1501 5171 1618 5226 Scis
1643 5188 1737 5243 0p-

150 5265 404 5334 probriunt
449 5282 615 5320 meum
659 5264 778 5336 (Ps.
827 5279 1012 5329 vaut,
1041 5263 1156 5334 20).
1203 5263 1541 5336 Quamquam
1591 5264 1738 5319 istud

149 5359 493 5427 opprobrium
529 5357 731 5414 Christi
777 5357 868 5423 sit,
901 5356 1044 5426 quod
1075 5372 1182 5412 non
1209 5367 1294 5412 est
1325 5373 1511 5413 verum
1541 5373 1740 5428 oppro-

153 5447 358 5518 brium,
407 5452 502 5506 sed
554 5451 727 5521 gloria
757 5449 1048 5514 Dei;crux
1097 5452 1240 5505 enim
1281 5451 1483 5506 Christi
1537 5451 1739 5508 Judaeis

149 5543 482 5610 scandalum,
508 5545 716 5602 Grmcis
757 5542 1006 5598 stultitia.

219 5634 305 5689 41.
338 5635 446 5692 Illis
493 5651 626 5708 ergo
675 5636 1051 5707 opprobrium,
1101 5635 1232 5690 mihi
1281 5638 1452 5692 virtus
1504 5649 1608 5707 cst,
1640 5654 1736 5708 per

225 5779 250 5848 ᾗ
284 5771 632 5848 Voci_dulcia.
662 5777 798 5833 edit.
833 5788 940 5833 vet.
969 5788 1022 5833 et
1067 5775 1324 5848 quaedam
1347 5776 1519 5832 Paris.
1549 5776 1742 5848 adjun-

159 5842 360 5922 ﬁebat“:
397 5844 663 5922 Quomodo
689 5842 1192 5922 Oportetqcon/i‘t'eri.
1223 5847 1329 5903 Sed
1379 5848 1496 5904 htec
1538 5842 1636 5903 nec
1687 5851 1740 5904 in

163 5923 288 5966 mss.
314 5911 429 5969 Vtut
464 5924 560 5970 nec
593 5918 643 5972 in
675 5911 878 5977 nostris
906 5911 1269 5975 ihveitiuntur.

1845 4818 1980 4870 tuas,
2013 4816 2066 4860 ttt
2082 4806 2386 4879 justiﬁceris
2414 4805 2586 4875 (Esai.
2624 4822 2772 4861 XLIII.
2803 4803 2874 4860 25
2904 4814 2953 4860 et
2997 4805 3116 4875 26).
3154 4807 3333 4861 Dulcia
3358 4807 3447 4877 ju-

1842 4899 1982 4955 dicia
2011 4899 2190 4969 agenti
2224 4900 2595 4968 paenitentiam
2623 4913 2639 4962 ;
2669 4903 2793 4968 quia
2822 4900 2940 4962 ipso
2969 4897 3105 4952 dixit
3135 4916 3149 4951 :
3181 4897 3446 4954 Gaudium

1842 4994 1936 5048 erit
1966 4993 2020 5046 in
2048 4993 2186 5047 caelis
2216 5009 2370 5062 super
2413 5008 2514 5045 uno
2543 5001 2810 5062 peccatore
2860 4990 3208 5061 panitentiam
3242 5000 3446 5064 agente,

1843 5103 1996 5156 quam
2041 5086 2094 5139 in
2138 5087 2424 5159 nonaginta
2453 5095 2499 5138 et
2527 5100 2702 5138 novem
2746 5083 2923 5153 justis,
2951 5084 3040 5154 qui
3083 5099 3181 5137 non
3215 5084 3447 5153 indigent

1845 5179 2142 5249 paenitentia
2195 5178 2213 5243 (
2243 5177 2370 5232 Luc.
2416 5193 2504 5238 xv,
2539 5176 2570 5230 7
2593 5175 2641 5243 ).
2677 5174 2733 5229 Si
2765 5173 2943 5228 dulcia
2972 5184 3100 5230 sunt
3151 5175 3315 5243 igitur
3358 5175 3446 5246 ju-

1845 5270 1984 5326 dicia
2041 5269 2285 5336 Domini,
2339 5268 2624 5323 suavitatis
2667 5266 2871 5321 fructus
2925 5267 3204 5337 percipere
3253 5267 3445 5324 elabo-

1843 5378 2047 5419 remus.

1915 5453 2005 5509 M.
2027 5453 2120 5508 Vis
2143 5455 2284 5509 scire
2315 5468 2474 5523 quam
2504 5452 2684 5508 dulcia
2708 5451 2914 5522 judicia
2942 5450 3192 5507 Domini?
3215 5449 3336 5506 Non
3358 5469 3446 5506 re-

1841 5557 2062 5621 surgunt
2088 5550 2234 5618 impii
2259 5548 2314 5602 in
2337 5548 2537 5618 judicio
2561 5545 2678 5616 (Ps.
2705 5562 2742 5609 t,
2773 5545 2847 5615 5).
2876 5545 2975 5613 Qui
3017 5556 3193 5601 autem
3225 5546 3278 5600 in
3302 5545 3448 5616 judi-

1841 5643 1928 5696 cio
1951 5651 2244 5711 resurgunt
2261 5637 2312 5705 δ,
2345 5639 2545 5694 habent
2583 5653 2736 5706 spem
2761 5635 2932 5691 venia:
2957 5652 2973 5702 ;
2996 5637 3246 5708 quoniam
3271 5637 3448 5692 credi-

1913 5779 1938 5816 ¹³
1972 5779 2294 5835 Ambrosius
2317 5779 2518 5849 passim
2575 5780 2647 5832 ita
2677 5778 2963 5848 distinguit
2997 5780 3139 5834 inter
3167 5775 3361 5843 impios
3380 5791 3447 5849 ac

1843 5863 2162 5970 peccatores
2192 5847 2464 5932 ;.ttt;illos
2513 5864 2634 5905 esse
2679 5849 2904 5922 definiat
2951 5851 3039 5932 qui
3072 5860 3361 5926 numquam
3389 5847 3443 5920 iq

1877 5920 2125 5970 .hl’istl‘ln
2177 5919 2629 5970 crmhderMhos
2676 5933 2829 5970 vero.
2863 5919 2952 5970 nui
3007 5914 3173 5970 tnslus
3224 5911 3443 5970 atttdent

1877 5911 2125 5978 ihristttm
2177 5911 2500 5975 credidere:
2531 5919 2629 5972 hos
2676 5919 2829 5984 vero,
2863 5911 3173 5985 qtti'ipslus
3221 5911 3445 5982 qttideni
