4124 6346
607 381 748 440 1267

1949 374 2195 434 SANCTI
2238 375 2562 439 MIBROSII

3772 398 3909 453 i263

603 498 822 554 derunt.
857 495 1013 566 lmpil
1070 509 1175 551 non
1234 504 1382 557 sunt,
1414 501 1730 564 peccatores
1754 503 1879 549 esse
1929 501 2156 562 poSSuot
2185 507 2200 550 :
2229 497 2276 556 Α
2308 495 2528 554 Domine
2557 544 2570 566 ,
2627 503 2855 557 salutare
2910 513 3051 558 tuum
3100 508 3379 561 secundum
3433 510 3687 578 eloquium
3742 523 3904 570 tuum.

603 590 766 647 iidem
818 589 1042 656 habent,
1075 597 1130 643 et
1172 589 1216 641 si
1249 587 1463 655 culpam
1495 602 1599 641 non
1624 586 1984 649 declinarunt,
2013 601 2111 658 per
2143 589 2206 640 ll-

602 683 728 737 dem
754 682 984 737 credunt
1016 699 1028 736 :
1061 681 1150 751 qui
1205 689 1385 734 autem
1427 680 1604 734 credit
1633 680 1687 732 in
1738 679 1878 744 ipso,
1914 693 2020 733 non
2063 680 2210 748 judi-

605 787 761 830 catur
787 774 965 846 (lauit.
991 791 1070 840 nt,
1102 773 1214 844 18).
1248 773 1432 826 Dulcia
1455 787 1584 842 ergo
1608 772 1808 842 judicia
1832 773 2203 827 credentibus.

601 870 703 935 Qui
734 880 914 923 autem
941 882 1048 921 non
1081 867 1332 929 credunt,
1365 880 1472 920 non
1513 866 1713 920 Christi
1735 865 1944 936 judicio
1961 865 2205 921 damnati

598 972 747 1026 sunt,
773 964 862 1033 qtti
895 964 1036 1016 venit
1070 976 1178 1014 non
1205 972 1259 1013 ιιι
1286 960 1490 1030 judicet
1514 961 1799 1024 tnundnm,
1829 960 1924 1016 sed
1956 969 2015 1015 ιη
2034 962 2208 1015 solvet

599 1069 657 1112 ct
701 1058 931 1111 redimat
974 1054 1114 1110 :sed
1155 1056 1447 1124 impietatis-
1503 1068 1618 1109 stne
1651 1055 1864 1110 subiere
1915 1055 2202 1125 judicium,

593 1149 692 1223 qui
722 1151 776 1205 in
827 1149 1206 1204 remissionem
1253 1157 1596 1216 peccatorum
1629 1149 1856 1204 credere
1887 1151 2201 1205 noluerunt.

595 1247 714 1301 Non
761 1245 909 1300 enim
965 1253 1190 1313 possunt
1239 1243 1306 1298 ad
1361 1245 1482 1313 ejus
1531 1246 1805 1311 pertinere
1855 1243 2202 1311 beneﬁcium,

594 1357 755 1412 quem
785 1354 1122 1411 cognoscere
1153 1339 1479 1394 rel'tttarttnt.
1511 1340 1659 1410 Ergo
1699 1340 1790 1410 qui
1821 1353 1927 1394 non
1956 1338 2207 1394 credide-

593 1445 721 1490 runt
745 1435 796 1488 in
823 1450 908 1498 eo,
957 1434 1163 1503 judicio
1194 1433 1312 1504 ejus
1358 1433 1617 1489 videntur
1648 1435 1872 1504 indigni.
1929 1434 2202 1489 Judicium

509 1599 512 1601 Α
595 1531 743 1583 enim
768 1529 886 1594 ejus
919 1528 1047 1596 quid
1101 1531 1189 1591 sit,
1220 1544 1473 1598 agnosce,
1528 1529 1746 1583 dicente
1779 1530 1932 1600 ipso:
1969 1528 2082 1582 Hoc
2110 1545 2207 1581 au-

590 1628 688 1672 tem
705 1618 966 1692 judicium
990 1619 1220 1688 est,quia
1245 1618 1338 1673 tua:
1358 1620 1492 1672 venit
1519 1620 1570 1673 in
1588 1619 1726 1672 hunc
1749 1621 1995 1672 mundum
2011 1619 2202 1688 (lbid.,

593 1710 713 1780 19).
740 1713 901 1766 Dulce
930 1726 1080 1780 ergo,
1115 1712 1258 1780 quod
1288 1713 1376 1766 lux
1406 1722 1525 1766 est:
1553 1713 1713 1766 dulce
1739 1712 2026 1780 judicium,
2058 1712 2204 1782 quod

592 1803 854 1874 prteccdit
883 1804 1276 1858 misericordia.
1311 1805 1401 1859 Sic
1431 1803 1576 1859 enim
1598 1807 1861 1873 scriptum
1887 1815 1971 1860 est
1999 1823 2010 1858 :
2046 1805 2206 1860 Mise-

2308 587 2448 654 Quid
2481 591 2749 660 signiticet
2787 593 3168 662 interpretatio
3210 596 3440 663 litterae,
3484 602 3737 668 quoniam
3781 605 3910 659 sub-

2308 679 2540 736 obscura
2583 694 2697 751 est,
2745 700 2813 740 ex
2856 687 3049 756 psalmi
3094 691 3237 744 serie
3281 691 3647 763 colligendum
3697 699 3906 766 putavi.

2307 770 2438 826 Nam
2470 789 2592 827 cum
2627 776 2892 846 Propheta
2929 781 3196 848 postulet:
3246 781 3426 836 Veniat
3454 801 3611 854 super
3634 803 3714 840 me
3754 789 3913 844 mise-

2305 864 2531 918 ricordia
2559 876 2648 920 tua
2669 910 2682 932 ,
2715 869 2933 923 Domine
2954 887 2972 924 :
3001 872 3169 926 veniat
3199 873 3430 930 salutare
3457 888 3596 930 tuum
3620 895 3640 943 ,°
3674 896 3782 935 non
3823 892 3914 938 est

2306 956 2530 1012 dubium
2562 971 2583 999 ε
2617 977 2776 1029 quem
2823 964 3010 1020 sidere
3050 965 3345 1037 deposcat,
3393 971 3493 1026 hoc
3536 985 3656 1038 est,
3700 973 3753 1029 in
3799 991 3913 1047 quo

2308 1050 2513 1107 fructus
2544 1063 2596 1108 et
2626 1055 3014 1114 misericordiae
3046 1063 3226 1116 veniat
3256 1073 3310 1117 et
3341 1064 3550 1119 salutis.
3585 1068 3824 1140 Denique
3856 1073 3911 1126 in

2307 1147 2682 1214 superioribus
2723 1149 2862 1203 idem
2910 1155 3158 1221 poposcit
3200 1153 3253 1207 itt
3315 1157 3523 1223 psalmo
3571 1164 3914 1228 cctngesimo

2307 1251 2534 1306 quarto,
2567 1240 2620 1294 in
2652 1256 2760 1310 quo
2789 1243 3095 1300 evidentius
3141 1247 3354 1302 Domini
3395 1249 3520 1304 .lesu
3567 1253 3915 1322 prophetarit

2308 1330 2620 1386 adventum.
2680 1334 2813 1390 Nam
2866 1347 3066 1392 terram
3116 1357 3274 1405 qttam
3332 1342 3576 1399 benedici
3627 1350 3914 1417 postulet,

2309 1422 2442 1476 satis
2480 1435 2667 1479 notum
2708 1437 2828 1494 est,
2875 1430 3020 1484 illam
3063 1433 3310 1489 videlicet
3356 1449 3476 1505 quae
3523 1452 3802 1507 peceatum
3856 1443 3915 1498 in

2307 1515 2478 1569 Adam
2509 1526 2858 1575 contraxi-rat
2878 1562 2893 1588 ,
2925 1523 3012 1577 cui
3043 1524 3242 1580 dicitur
3265 1539 3278 1578 ε
3303 1527 3468 1583 Terra
3490 1543 3541 1583 es
3563 1539 3610 1584 et
3636 1533 3687 1585 in
3717 1542 3914 1589 terram

2309 1606 2406 1662 ibis
2438 1612 2454 1674 (
2484 1609 2614 1664 Gen.
2646 1626 2705 1665 ιιι
2728 1655 2740 1674 ,
2777 1613 2906 1681 19).
2963 1615 3312 1673 Malcdixerat
3352 1634 3532 1676 autem
3567 1625 3705 1679 Deus
3736 1623 3764 1664 ιι
3799 1643 3911 1682 ιιοιι

2308 1701 2634 1756 elementum
2668 1713 2875 1760 natum
2905 1708 3116 1775 carnis,
3153 1711 3247 1764 sed
3280 1726 3499 1767 carnem
3546 1717 3915 1786 pr:evarlcan-

2310 1795 2464 1849 titttn.
2501 1796 2849 1854 Benedicitur
2876 1817 3004 1856 caro
3036 1803 3198 1874 igitur
3236 1805 3290 1860 in
3328 1807 3585 1876 Christo,
3630 1821 3688 1866 ttt
3731 1815 3910 1871 ntale-

591 1897 872 1950 ricordiam
900 1905 951 1952 et
963 1897 1226 1969 judicium
1257 1895 1479 1950 cantabo
1503 1895 1616 1961 tibi,
1645 1894 1868 1950 Domine
1893 1895 2010 1968 (Ps.
2033 1913 2086 1963 c,
2117 1897 2188 1969 l).
2223 1907 2269 1966 ῃ
2297 1887 2446 1942 dicto
2497 1891 2782 1960 superiore
2833 1907 2963 1947 caro
3015 1896 3279 1950 solvatur.
3342 1898 3687 1956 Benedicitur
3737 1919 3871 1961 caro
3893 1950 3908 1974 ,

661 1991 750 2046 43.
789 1990 970 2062 (Vers.
1000 1990 1118 2061 40.)
1145 1992 1208 2046 Et
1231 1991 1354 2061 quia
1380 1994 1632 2061 cognovit
1654 1991 1829 2045 dulcia
1853 1991 2076 2061 judicia,
2107 1991 2193 2046 di-

589 2085 664 2142 cit
692 2104 706 2140 :
737 2085 870 2140 Ecce
894 2087 1161 2156 concupiui
1188 2085 1434 2140 mandata
1473 2096 1561 2139 tua
1591 2101 1608 2140 :
1633 2087 1687 2140 in
1727 2093 1813 2138 tua
1833 2087 2042 2158 justitia
2069 2087 2196 2140 vitti-

590 2181 692 2252 fica
717 2198 814 2234 tne.
844 2181 987 2236 Bona
1029 2181 1232 2251 judicia
1281 2181 1608 2234 auctoritate
1638 2181 1734 2234 ait.
1765 2181 1905 2235 Ecce
1936 2191 2081 2234 amat
2137 2181 2200 2234 li-

589 2277 861 2332 bertatem
898 2275 1057 2342 ﬁdei,
1091 2278 1181 2346 qui
1214 2275 1522 2331 libertatem
1555 2274 1724 2331 dedit.
1781 2276 1935 2345 ltiligi
1985 2291 2044 2330 se
2068 2290 2200 2345 gau-

589 2369 704 2436 det,
745 2369 836 2439 qui
886 2369 1006 2423 ideo
1035 2369 1184 2423 venit
1214 2369 1264 2422 itt
1325 2368 1467 2421 hunc
1517 2367 1778 2422 mundum
1812 2410 1827 2436 ,
1878 2368 2005 2436 quia
2057 2369 2199 2423 hunc

590 2462 856 2515 mundum
889 2461 1103 2516 dilexit.
1157 2462 1342 2515 Amari
1372 2476 1431 2513 se
1459 2459 1645 2526 exigit,
1675 2460 1767 2529 qui
1805 2474 1996 2514 omnes
2017 2467 2196 2524 amat;

594 2556 720 2624 quia
749 2554 989 2609 charitas
1018 2563 1119 2608 est.
1153 2551 1474 2622 Concupivit
1504 2551 1758 2606 mandata
1784 2553 1902 2616 Dei,
1933 2563 1991 2605 ut
2023 2553 2200 2607 bonus

594 2659 810 2713 servus,
840 2657 896 2700 ttt
920 2647 1098 2700 cultor
1125 2645 1369 2700 sedulus.
1409 2645 1736 2711 Concupivit
1771 2654 1958 2698 nonut
1989 2657 2203 2700 amator

590 2727 959 2794 meretriciam
986 2740 1262 2809 eopttlam,
1294 2753 1402 2792 non
1432 2748 1483 2792 ιιι
1518 2751 1713 2792 avarus
1759 2739 2064 2806 pecuniam,
2091 2753 2200 2792 non

595 2841 657 2887 ut
703 2832 1014 2888 luxuriosus
1055 2831 1351 2888 lasciviam.
1387 2832 1461 2886 De
1511 2832 1622 2886 illis
1668 2831 1810 2885 cnim
1859 2832 1968 2886 Lex
2021 2831 2199 2885 dicit:

596 2923 722 2978 Non
768 2927 1120 2994 concupisces.
1174 2925 1460 2979 Dominum
1503 2933 1684 2977 autem
1731 2923 1899 2977 Deum
1949 2925 2204 2993 pra-cepit

592 3017 928 3085 diligendum
956 3028 1006 3083 ει,
1026 3027 1079 3073 et
1105 3026 1298 3072 tenero
1324 3017 1558 3086 quodam
1591 3030 1752 3086 atque
1778 3018 1994 3072 interno
2019 3032 2206 3070 antan-

593 3109 720 3162 dttttt
750 3107 1061 3179 cupiditatis
1099 3109 1316 3162 allecto.
1355 3109 1422 3162 Et
1453 3109 1576 3178 quia
1609 3111 1817 3163 amicus
1849 3119 1932 3163 est
1961 3112 2050 3180 qui
2082 3110 2206 3164 dili-

598 3201 696 3269 git,
729 3215 921 3254 servus
973 3210 1057 3254 est
1112 3201 1202 3270 qui
1237 3201 1430 3266 timet;
1461 3203 1616 3271 quasi
1663 3203 1868 3256 amicus
1897 3203 1987 3271 qui
2019 3205 2202 3257 omnia

2299 1999 2459 2052 qualn
2493 1982 2810 2042 benedictus
2841 1986 3011 2042 Filius
3039 1987 3170 2058 Dei,
3205 2000 3482 2064 assumpta
3513 1993 3747 2053 hominis
3770 2012 3914 2055 con-

2299 2075 2510 2131 ditione
2528 2119 2543 2142 ,
2576 2081 2837 2148 suscepit.

2371 2169 2425 2224 5.
2461 2169 2527 2224 Et
2557 2170 2681 2225 ideo
2706 2172 2945 2228 subdidit
2970 2194 2982 2229 :
3015 2173 3180 2242 Deus,
3208 2184 3263 2230 tu
3288 2188 3586 2235 convertens
3624 2181 3913 2253 oioiﬁeabis

2301 2277 2426 2323 nos,
2457 2273 2502 2314 et
2531 2261 2672 2332 plebs
2698 2273 2784 2316 tua
2811 2264 3068 2319 [celabitur
3107 2268 3158 2320 in
3201 2278 3268 2323 te.
3318 2267 3544 2324 Ostende
3583 2272 3766 2340 nobis,
3804 2275 3914 2330 Do-

2301 2354 2436 2408 mine
2455 2392 2470 2418 ,
2500 2355 2903 2410 misericordiam
2930 2368 3069 2411 tuam
3093 2400 3108 2425 ,
3139 2367 3188 2412 et
3210 2360 3442 2415 salutare
3471 2372 3614 2416 tuum
3640 2367 3708 2418 da
3735 2367 3907 2422 nobis.

2303 2448 2525 2502 Audiam
2551 2449 2677 2519 quid
2703 2452 2944 2519 loquatur
2969 2453 3021 2505 in
3049 2469 3126 2506 me
3153 2451 3406 2510 Dominus
3447 2455 3584 2511 Deus
3607 2473 3626 2522 ξ
3664 2462 3912 2528 quoniam

2302 2540 2544 2605 loquetur
2566 2559 2743 2613 pacem
2772 2543 2825 2596 in
2857 2543 3056 2608 plebem
3079 2563 3227 2600 suam
3247 2585 3263 2614 ,
3289 2558 3336 2602 et
3362 2565 3517 2620 super
3535 2561 3735 2606 sanctos
3759 2568 3909 2620 suos,

2303 2646 2350 2690 et
2376 2637 2429 2690 in
2455 2653 2539 2690 eos
2562 2639 2649 2706 qui
2679 2649 2977 2692 convertunt
3002 2641 3070 2693 ad
3097 2643 3267 2706 ipsum
3309 2659 3396 2697 cor
3436 2660 3607 2699 suum.
3653 2645 3911 2702 Verumq-

2303 2745 2419 2784 men
2445 2747 2604 2802 prope
2633 2731 2867 2785 timentes
2893 2749 3007 2786 eum
3036 2735 3265 2790 salutare
3303 2737 3468 2804 ipsius
3494 2755 3512 2804 ;
3553 2749 3610 2792 ut
3654 2741 3914 2795 inhabitet

2304 2826 2471 2893 gloria
2496 2826 2549 2878 in
2579 2836 2714 2878 terra
2744 2839 2919 2879 nostra
2949 2828 2968 2898 (
2993 2826 3134 2882 Psal.
3165 2845 3382 2893 Lxutv,
3414 2831 3443 2883 7
3470 2839 3516 2884 et
3543 2831 3697 2901 seq.).
3727 2832 3906 2888 Totus

2306 2915 2396 2970 hic
2446 2917 2600 2972 locus
2649 2918 2837 2974 Jesum
2894 2921 3179 2976 Dominum
3226 2931 3420 2989 sanat,
3475 2927 3566 2994 qui
3616 2925 3916 2982 viviliravit

2305 3020 2587 3065 mortuos:
2621 3012 2881 3067 Lazarum
2907 3023 3033 3069 ante
3073 3016 3383 3084 passionem
3405 3059 3419 3080 ,
3467 3018 3730 3086 plurimos
3771 3028 3914 3074 tent-

2306 3117 2436 3171 pore
2478 3106 2710 3172 propria:
2759 3107 3044 3174 passionis.
3098 3108 3216 3175 Ιρςο
3261 3118 3345 3162 est
3382 3110 3911 3176 misericordia,ut-

2309 3202 2433 3264 pote
2490 3197 2741 3250 renti~sio
2796 3207 3159 3263 peccatorum.
3225 3198 3353 3252 Iden
3400 3200 3576 3254 dicit:
3635 3200 3863 3256 Ostende
3893 3246 3910 3268 ,

591 3294 827 3357 fecerit,
884 3309 1004 3364 quae
1052 3293 1308 3363 przeccpit
1340 3295 1388 3346 ei
1434 3293 1744 3348 Dominus:
1786 3293 1892 3347 Vos
1923 3336 1938 3359 ,
2001 3294 2194 3363 iuqttit,
2227 3293 2272 3355 C
2303 3307 2464 3359 quem
2508 3292 2688 3346 videre
2719 3293 2890 3360 possit
2919 3294 2970 3345 iu
2999 3307 3252 3361 corpore.
3297 3293 3432 3348 Nam
3478 3296 3644 3348 Deum
3692 3296 3747 3350 in
3795 3312 3915 3351 ma-

593 3387 752 3440 amici
782 3388 882 3440 tnei
930 3388 1072 3451 estis,
1101 3388 1145 3440 si
1195 3387 1420 3456 feceritis
1459 3401 1573 3456 qua.-
1625 3403 1718 3457 ego
1771 3389 2019 3457 principio
2061 3389 2203 3443 vobis

594 3479 780 3552 (Jonn.
815 3498 904 3546 xv,
937 3479 1049 3551 M).

662 3571 752 3628 46.
787 3571 850 3626 1η
884 3581 972 3626 tua
988 3572 1198 3642 justitia
1244 3572 1446 3640 vivi/ica
1475 3589 1553 3626 me
1582 3590 1600 3627 :
1650 3572 1815 3627 audet
1846 3581 1898 3626 et
1928 3573 2098 3639 dicit;
2139 3588 2205 3628 eo

594 3667 737 3736 quod
765 3665 852 3718 illa
894 3666 965 3719 sit
989 3681 1112 3720 vera
1141 3666 1271 3730 vita,
1305 3680 1426 3734 qua:
1458 3665 1590 3719 \'i\'il
1619 3665 1914 3720 secundum
1947 3665 2042 3720 Dei
2089 3668 2206 3734 jus.

599 3759 796 3823 titiam,
832 3773 991 3829 quam
1024 3758 1280 3813 vivebant
1313 3760 1574 3828 apostoli;
1609 3761 1780 3812 immo
1806 3775 1966 3829 quam
1997 3762 2202 3815 vivunt.

596 3849 739 3906 Sunt
766 3852 908 3904 enim
933 3851 1025 3920 qui
1054 3852 1302 3905 viventes
1347 3853 1542 3906 mortui
1577 3862 1700 3905 sunt
1733 3869 1744 3904 :
1776 3862 1831 3906 et
1887 3853 1977 3922 qui
2007 3855 2204 3908 morttti

597 3945 812 3998 vivunt.
846 3943 1086 4014 Denique
1129 3944 1217 3998 alii
1269 3944 1608 3998 descendunt
1634 3946 1684 3998 itt
1715 3944 1982 3998 infernum
2021 3947 2208 4002 viven-

600 4035 841 4091 tes:slii
882 4053 1003 4090 cum
1035 4038 1146 4092 sint
1189 4052 1422 4104 corpore
1476 4039 1697 4104 mortui,
1731 4039 1940 4093 meritis
1971 4040 2078 4092 suis
2121 4041 2205 4094 vi-

602 4139 758 4184 vunt.
801 4130 937 4186 Sunt
963 4131 1107 4185 enim
1142 4131 1232 4200 qui
1265 4147 1374 4187 non
1406 4131 1702 4202 gustabunt
1749 4142 2004 4195 mortetn,
2031 4129 2210 4190 dunec

601 4221 824 4276 videant
893 4221 1088 4277 Filium
1135 4223 1370 4277 hominis
1417 4223 1505 4278 die
1562 4221 1757 4292 judicii
1816 4234 2204 4293 revertentem,

600 4313 821 4383 quando
850 4329 971 4370 cum
999 4316 1169 4385 gloria
1193 4315 1366 4369 sancti
1399 4326 1702 4382 resurgent.

1002 4407 1213 4480 1033
1251 4390 1484 4462 senui)
1516 4405 1811 4466 SEXTUS.

1295 4502 1336 4553 ,Ἰ
1377 4496 1514 4552 Van.

674 4593 724 4646 1.
761 4591 924 4648 Sexta
964 4593 1145 4648 littera
1200 4592 1350 4657 Vau,
1381 4590 1411 4630 ι)
1446 4590 1599 4660 cujus
1642 4592 2058 4663 interpretatio,
2105 4592 2210 4648 Ille

602 4696 676 4741 est
697 4729 712 4752 ,
743 4696 792 4741 et
819 4703 921 4740 non
950 4687 1104 4741 alius.
1139 4687 1238 4740 Vel
1269 4687 1423 4753 cuius
1455 4688 1868 4758 interpretatio:
1903 4685 1971 4741 Et
1995 4687 2105 4743 ille.

2301 3383 2502 3453 jestate
2530 3400 2623 3437 sua
2658 3384 2844 3438 videre
2873 3401 2978 3440 non
3009 3396 3259 3454 poterat;
3293 3390 3418 3454 quia
3453 3387 3618 3442 Deum
3644 3389 3768 3446 vidit
3796 3407 3913 3445 um-

2305 3493 2461 3545 quam
2493 3474 2680 3544 (Joan.
2715 3492 2764 3540 ι,
2798 3475 2919 3545 18).
2960 3477 3165 3531 Avidus
3211 3478 3478 3545 Pmpheta
3515 3479 3792 3536 desiderat
3831 3484 3915 3536 vi-

2305 3567 2472 3627 dere.
2506 3585 2665 3638 quem
2695 3579 2875 3636 sperat
2923 3581 3146 3624 tenere:
3189 3586 3350 3642 quem
3392 3573 3438 3626 si
3481 3572 3714 3633 viderit,
3760 3573 3912 3628 desio

2307 3662 2466 3717 derat
2493 3665 2726 3732 propriis
2753 3665 3004 3718 manibus
3025 3666 3514 3734 comprehendere.
3540 3666 3774 3736 Ideoque
3795 3670 3874 3722 ait
3897 3687 3910 3723 :

2309 3754 2376 3808 Et
2405 3757 2632 3808 salutare
2658 3765 2800 3807 tuum
2839 3755 2906 3810 da
2937 3757 3102 3810 nobis.
3144 3757 3394 3812 Salutare
3438 3758 3532 3814 Dei
3572 3757 3747 3813 virtus
3786 3772 3910 3827 est,

2310 3850 2546 3903 salutare
2595 3849 2684 3902 Dei
2726 3849 2974 3904 Christus
3015 3861 3139 3912 est;
3187 3861 3241 3904 et
3284 3851 3404 3906 ideo
3442 3865 3612 3920 prope
3652 3852 3912 3908 timentes

2313 3941 2415 3996 hoc
2461 3942 2719 3995 salutare.
2771 3942 2954 4010 Longe
2995 3953 3115 3997 erat
3154 3943 3404 3998 Clitistus
3441 3960 3470 3998 tt
3514 3944 3707 4008 nobis,
3749 3945 3916 4016 longe

2313 4044 2430 4089 erat
2473 4049 2503 4088 a
2550 4035 2902 4090 nationibus:
2945 4035 3223 4090 descendit
3265 4037 3318 4092 in
3361 4044 3567 4102 terras,
3615 4039 3786 4094 lactus
3823 4050 3919 4095 est

2314 4140 2514 4195 pmpe,
2544 4126 2811 4195 ccepiutus
2839 4141 2944 4180 non
2977 4127 3187 4183 timere.
3229 4127 3364 4183 Nam
3403 4131 3494 4199 qui
3538 4129 3812 4184 Christum
3848 4132 3918 4185 ti-

2314 4231 2458 4286 met,
2491 4238 2595 4275 non
2625 4223 2804 4275 timori
2836 4231 2920 4275 est
2947 4222 3192 4276 subditus
3215 4261 3229 4287 ,
3257 4221 3350 4276 sed
3383 4221 3679 4276 devotioni.
3725 4221 3912 4276 Pieta-

2315 4311 2384 4366 tis
2425 4313 2510 4367 hic
2557 4315 2754 4379 timor,
2803 4329 2909 4368 non
2971 4314 3300 4369 infirmitatis
3342 4324 3446 4369 est.
3498 4315 3737 4382 Denique
3778 4317 3915 4371 nihil

2313 4404 2466 4460 deest
2515 4407 2831 4461 timentibus
2875 4423 3019 4461 eum.
3069 4407 3353 4473 Quomodo
3397 4415 3579 4461 autem
3624 4408 3798 4463 lactus
3845 4410 3919 4464 sit

2314 4512 2520 4566 prope,
2567 4500 2728 4553 audi:
2777 4497 2844 4554 Ut
2879 4500 3159 4564 inhabitet,
3208 4500 3418 4568 inquit,
3469 4501 3636 4571 gloria
3680 4502 3734 4554 in
3773 4511 3916 4558 terra

2314 4601 2506 4646 nostra.
2549 4592 2682 4659 Quis
2717 4601 2801 4646 est
2833 4593 3006 4662 gloria
3029 4635 3043 4658 ,
3082 4593 3182 4646 nisi
3222 4593 3481 4647 Dominus
3517 4593 3718 4648 Jcsus?
3757 4592 3917 4650 Unde

2313 4692 2368 4740 et
2415 4687 2694 4751 apostolus
2744 4686 2945 4741 Paulus
2993 4688 3106 4741 ait:
3138 4687 3276 4741 Deus
3324 4686 3536 4740 Domini
3580 4687 3744 4741 nostri
3785 4687 3917 4742 Jesu

672 4775 728 4832 2.
776 4775 958 4849 (Vcrs.
988 4773 1105 4847 41.)
1137 4776 1204 4831 Et
1230 4778 1397 4830 veniat
1427 4794 1580 4848 super
1607 4794 1687 4832 me
1710 4778 2060 4832 misericordia
2093 4787 2201 4845 tua,
2234 4769 2282 4830 D
2311 4775 2539 4845 Christi,
2570 4776 2730 4833 Pater
2753 4780 2935 4850 gloria
2972 4780 3050 4850 (ll
3079 4779 3199 4834 Cor.
3230 4796 3280 4846 ι,
3309 4781 3399 4850 5).
3437 4778 3628 4834 Merito
3667 4781 3918 4849 compla-

600 4916 762 4972 ﬁdent
795 4916 1029 4984 amplexi
1062 4923 1207 4980 sunt,
1237 4914 1331 4970 sed
1375 4915 1502 4969 victi
1535 4913 1991 4982 concupiscentia
2020 4914 2202 4969 illece-

600 4989 715 5042 bris
745 4998 959 5058 pcccata
991 5003 1169 5057 gravia
1220 4989 1918 5058 {impetrarunt}fctnpara
1950 4984 2093 5038 hunc
2124 4987 2199 5058 Ιοτ

600 5055 905 5114 ευιιϊοιιηι
953 5055 1017 5112 iis
1064 5072 1186 5128 qute
1215 5056 1273 5112 S.
1313 5059 1508 5112 Doctor
1546 5058 1596 5109 itt
1626 5056 1816 5110 Euarr.
1869 5056 2069 5110 Psalm.
2094 5055 2199 5128 17an

597 5145 743 5186 vers.
771 5130 825 5189 5.
857 5147 1007 5188 unm.
1033 5127 1122 5196 .56,
1151 5130 1312 5184 docet
1341 5148 1355 5194 ί
1389 5137 1446 5184 ct
1466 5128 1608 5184 vide
1637 5127 1805 5182 etiam
1835 5143 1956 5198 quan
1977 5142 2077 5181 nos
2101 5127 2201 5182 tbi-

599 5201 726 5257 detn
753 5205 1156 5258 annotavitttus.

673 5281 699 5308 °
730 5271 1024 5333 Vet.edit.,
1072 5281 1117 5325 et
1166 5281 1358 5327 tenero.
1391 5267 1446 5323 id
1473 5281 1567 5334 est,
1611 5270 1775 5324 tenaci
1802 5267 2028 5339 quodam
2052 5278 2201 5331 atque

594 5344 798 5397 interno
837 5345 1137 5406 amandum,
1170 5358 1275 5396 etc.
1331 5342 1537 5396 Rom...
1567 5351 1717 5411 atque
1765 5351 1992 5394 materno
2023 5356 2204 5394 aman—

599 5415 744 5470 dum.
773 5416 895 5470 Mss.
927 5416 1165 5484 denique
1194 5424 1246 5468 ιιι
1272 5428 1369 5467 nos
1403 5415 1453 5475 in
1486 5421 1656 5468 textu.

673 5485 700 5523 λ’
730 5487 825 5540 Hic
853 5489 1048 5541 ntirttnt
1080 5481 1340 5556 quantum
1368 5484 1576 5536 varient
1605 5498 1736 5556 mss.
1782 5498 1846 5556 ac
1883 5481 2016 5556 edit.
2061 5481 2207 5556 Alibi

597 5556 745 5610 enim
763 5599 776 5620 ,
803 5560 961 5628 cujus
978 5552 1334 5628 interpretatio
1361 5565 1507 5628 sonat
1535 5553 1615 5628 rel
1641 5555 1750 5608 sic:
1779 5553 1897 5608 Non
1927 5552 2050 5606 ille:
2073 5553 2206 5608 alius

595 5623 889 5699 interpres}
923 5627 987 5682 Et
1020 5645 1120 5680 non
1149 5637 1256 5690 est,
1285 5627 1378 5678 ait.
1407 5623 1752 5699 A‘libi‘auleu‘t
1774 5665 1787 5685 ,
1835 5665 1864 5699 ,Α
1896 5661 1908 5674 .
1954 5663 1968 5676 .
2015 5639 2116 5675 non
2150 5633 2206 5699 ut

596 5699 688 5751 ille
709 5694 892 5752 {alius
920 5701 1173 5763 interpres
1193 5737 1208 5763 ,
1241 5710 1348 5749 etc.
1388 5694 1599 5747 Alit-ubi
1621 5736 1634 5752 ,
1662 5695 1812 5762 cujus
1847 5694 2205 5761 interpretatio

600 5781 674 5820 est
699 5785 716 5822 .‘
749 5767 816 5820 Et
847 5770 933 5822 ille
960 5771 978 5838 (
1001 5768 1057 5838 itt
1082 5778 1203 5838 aut.
1223 5766 1384 5838 etim,
1418 5773 1472 5816 ιιι
1500 5764 1619 5834 ille.)
1650 5766 1781 5838 ult’ns
1810 5764 2063 5838 interpres
2088 5781 2105 5818 .'
2142 5765 2204 5818 Ει

598 5855 702 5891 non
744 5848 850 5896 est,
895 5835 984 5890 ait.
1034 5835 1249 5891 Alictthi
1289 5836 1450 5888 etiam
1476 5875 1490 5897 ,
1523 5838 1673 5906 cujus
1701 5835 2058 5906 interpretatio
2087 5846 2204 5892 est:

603 5907 694 5968 Est
725 5917 774 5960 et
799 5909 888 5962 ille
911 5924 929 5962 :
959 5907 1095 5961 alius
1125 5907 1374 5980 interpres
1402 5905 1478 5960 ait
1501 5920 1518 5959 ,ο
1547 5905 1646 5960 non
1681 5915 1753 5960 est
1792 5905 1945 5962 alius.
1985 5905 2204 5970 Postre-

2307 4930 2396 4968 mo
2426 4915 2477 4967 in
2514 4931 2644 4970 mss.
2677 4917 2886 4986 aliquot
2916 4918 3169 4981 habetur,
3226 4927 3279 4968 ιιι
3313 4916 3364 4968 in
3401 4924 3572 4986 textu.
3622 4913 3795 4982 Quam
3841 4919 3919 4972 le-

2306 4987 2546 5058 ctionem
2578 5004 2643 5041 eo
2674 4985 2845 5042 sectili
2879 5004 3064 5040 sumus
3086 5028 3100 5052 ,
3128 4986 3268 5056 quod
3300 5000 3420 5040 eant
3457 4985 3591 5040 infra
3612 5027 3624 5050 ,
3658 5003 3806 5040 num.
3844 4989 3880 5042 4
3901 5032 3916 5058 ,

2305 5055 2627 5111 Ambrosius
2657 5061 2770 5125 ipse
2794 5060 3078 5111 confirmat

2379 5139 2400 5167 ο
2435 5129 2562 5184 Mss.
2618 5131 2855 5198 aliquot.
2885 5145 3035 5198 quem
3068 5127 3239 5184 videre
3267 5129 3544 5200 deposcat,
3577 5129 3628 5200 in
3657 5145 3759 5196 quo
3789 5133 3917 5199 fru-

2303 5209 2413 5254 ctus
2445 5211 2516 5254 est
2544 5202 2942 5266 misericordiw,
2983 5217 3174 5274 venue,
3207 5211 3254 5254 et
3279 5199 3483 5274 salutis.
3518 5199 3737 5274 aliquid
3777 5201 3872 5274 alii
3901 5246 3916 5274 ,

2307 5310 2321 5324 .
2361 5313 2372 5324 .
2406 5313 2418 5324 .
2453 5273 2652 5342 fructus
2682 5281 2750 5326 est
2781 5270 3178 5336 misericordiae,
3213 5283 3258 5325 et
3288 5271 3432 5324 venia
3460 5269 3663 5325 salutis.
3695 5269 3918 5344 Reltqui

2310 5357 2373 5396 ac
2399 5348 2532 5395 edit.
2565 5355 2616 5396 ut
2650 5346 2699 5396 in
2734 5359 2906 5397 leXlll.

2382 5411 2409 5451 ά
2443 5414 2534 5469 Sic
2560 5414 2687 5466 edit.
2719 5424 2826 5468 vet.
2857 5429 2922 5468 ac
2956 5428 3085 5468 mss.
3129 5413 3233 5468 nisi
3272 5411 3414 5483 quod
3455 5414 3505 5466 itt
3544 5413 3733 5467 hnrnm
3774 5429 3922 5472 non-

2311 5485 2474 5538 nullis
2503 5499 2600 5536 vox
2623 5525 2637 5544 ,
2669 5489 2838 5537 carnis
2859 5526 2872 5549 ,
2905 5489 3208 5552 omittitur;
3241 5496 3294 5537 ct
3324 5501 3373 5537 Ill
3404 5483 3609 5538 eisdem
3649 5498 3779 5540 mss.
3816 5489 3919 5542 ha—

2312 5556 2490 5619 betur,
2540 5558 2848 5620 superiore,
2903 5559 2990 5610 ttbi
3039 5557 3315 5622 legebatur
3365 5557 3414 5607 in
3465 5555 3595 5607 edit.
3647 5569 3917 5626 superato.

2313 5627 2457 5680 Edit.
2502 5634 2678 5678 autem
2716 5627 2870 5679 itom.
2907 5629 2978 5679 ita
3012 5627 3205 5686 habet,
3242 5643 3340 5678 non
3383 5626 3685 5678 elementum
3715 5639 3874 5681 terra:
3900 5673 3915 5695 ,

2314 5713 2472 5767 ttt’the
2501 5696 2872 5756 substantiam.
2904 5709 2994 5750 aut
3034 5705 3274 5749 naturam
3315 5697 3524 5767 geritis,
3573 5698 3662 5748 sed
3705 5697 3758 5748 in
3805 5699 3918 5752 ele-

2314 5763 2481 5840 mento
2529 5783 2731 5820 carnem
2760 5768 3262 5840 ipra’varicatriccm.
3313 5763 3640 5821 Benedicitur
3683 5779 3803 5840 ergo
3855 5771 3916 5828 in

2310 5839 2518 5892 Christo
2546 5849 2680 5892 terra
2703 5879 2717 5905 ,
2747 5839 2841 5892 hoc
2868 5849 2940 5892 est
2969 5851 3124 5916 caro,
3159 5847 3244 5891 etc
