4070 6462
221 397 364 455 1269

1316 391 1381 450 IN
1420 387 1749 451 ΡδΑιιιιυΜ
1786 383 1996 452 CXVIII
2037 391 2418 452 EXPDSII‘IO.

3378 400 3518 456 1270

219 521 310 567 cet
336 512 388 567 in
423 523 494 566 eo
526 508 720 576 Pater;
758 509 882 579 quia
903 507 1097 563 Patris
1131 506 1306 579 gloria
1338 514 1445 562 est.
1488 505 1642 561 Hunc
1668 507 1762 576 qui
1787 519 1821 561 ε
1844 509 1899 569 Α
1922 506 2160 566 Jordane
2205 507 2258 564 in
2301 523 2516 566 crucem
2539 553 2554 577 ,
2602 510 2668 567 de
2710 525 2872 569 cruce
2904 513 2956 568 ιιι
2990 503 3286 581 tumulum,
3320 511 3371 568 in
3403 528 3518 569 coe-

221 605 382 659 Patre
417 612 664 672 separat,
697 605 956 671 majorem
990 600 1140 656 Patri
1167 600 1423 670 injuriam
1456 599 1583 653 facit
1604 640 1618 664 ,
1650 613 1812 668 quem

219 698 338 751 vult
363 709 484 752 esse
507 695 624 751 sine
646 695 837 764 gloria.
867 694 1022 748 Hunc
1045 693 1294 764 quisquis
1319 691 1534 766 103‘.
1557 693 1816 762 aequalem

218 790 365 847 Patri
393 807 497 846 non
528 799 714 860 putat,
743 788 1060 844 inferiorem
1090 796 1146 843 et
1171 788 1390 842 Patrem
1420 789 1664 856 judicat;
1691 801 1816 840 eum

218 888 328 941 alio
361 886 529 942 verbo
567 886 783 940 Patrem
823 885 943 950 plus
979 883 1201 936 laudare
1253 898 1361 936 non
1415 881 1618 950 possit,
1667 880 1820 949 cujus

219 993 431 1034 summa
463 977 585 1033 laus
611 986 664 1032 et
701 976 874 1046 gloria
903 974 1155 1030 Chl'islus
1179 983 1280 1030 est.

290 1071 347 1126 4.
377 1071 621 1141 Rogatnr
647 1085 781 1140 ergo
805 1077 866 1124 ut
888 1068 1068 1123 veniat
1092 1069 1328 1122 salutare
1350 1066 1466 1122 Dei.
1498 1065 1593 1121 Ille
1619 1075 1704 1121 est
1730 1067 1821 1136 qui

219 1176 464 1236 rogatur,
505 1164 610 1218 hoc
645 1171 759 1226 est,
800 1163 1062 1216 Dominus
1095 1159 1287 1224 Jesus,
1314 1169 1369 1214 et
1394 1177 1498 1212 non
1525 1167 1608 1214 est
1639 1159 1821 1224 alius;

221 1261 362 1314 sicut
389 1258 558 1312 habet
582 1257 775 1311 litterae
804 1257 1200 1324 interpretatio.
1229 1254 1298 1308 Et
1323 1253 1406 1307 vel
1435 1251 1512 1308 sic
1539 1269 1645 1308 non
1673 1252 1825 1306 solus

225 1352 389 1408 Pater
417 1361 668 1417 rogatur:
703 1349 793 1403 Est
821 1359 876 1403 et
901 1349 1022 1413 ille,
1054 1348 1156 1402 hoc
1183 1359 1265 1402 est
1292 1388 1307 1409 ,
1339 1357 1392 1402 et
1423 1345 1594 1401 Filius
1619 1347 1708 1416 qui
1739 1359 1826 1400 ro-

225 1457 406 1516 gatur,
440 1455 496 1499 et
522 1453 740 1514 rogatus
760 1443 1012 1506 advenit,
1050 1452 1105 1496 et
1139 1441 1378 1495 salutare
1412 1439 1616 1494 mundo
1653 1438 1824 1494 dedit.

230 1538 359 1595 Ideo
401 1542 598 1613 σωτήρ,
630 1539 730 1590 hoc
756 1547 833 1590 est
870 1536 1110 1589 salvator
1138 1549 1154 1596 ;
1191 1535 1315 1588 ideo
1343 1533 1500 1588 Jesus
1521 1574 1536 1597 ,
1567 1533 1704 1588 sicut
1735 1548 1829 1586 an-

229 1631 384 1703 gelus
411 1631 578 1684 dixit:
615 1629 717 1694 Qui
745 1629 942 1682 salsum
969 1628 1124 1698 faciet
1153 1627 1400 1696 populum
1428 1641 1578 1679 suum
1609 1623 1827 1696 (Matth.

233 1740 288 1786 ι,
309 1725 372 1778 21
400 1733 439 1792 ).
481 1726 611 1778 Cum
651 1723 926 1776 invocaret
959 1723 1120 1791 igitur
1152 1721 1414 1791 propheta
1437 1762 1451 1785 ,
1500 1721 1729 1784 aderat;
1773 1727 1833 1774 ut

232 1819 492 1889 probaret
522 1817 654 1871 illud
675 1857 690 1880 ,
723 1816 846 1886 quia
879 1815 1057 1870 adhuc
1090 1813 1438 1884 loquentibus
1470 1813 1628 1868 nobis
1657 1812 1828 1868 dicit:

231 1915 427 1969 Adsum
462 1913 640 1985 (Esai.
672 1927 807 1966 Lvnt
828 1953 842 1975 ,
876 1913 957 1981 9).

306 2011 362 2064 li.
397 2009 601 2070 Adest,
634 2005 758 2076 quia
790 2005 1086 2060 suscitatus
1114 2018 1142 2056 a
1176 2001 1390 2056 ﬁliabus
1417 1999 1617 2056 Judzete
1640 2041 1654 2064 ,
1683 2001 1838 2069 quasi

234 2105 593 2162 resuscitatus
628 2115 658 2153 ιι
699 2098 918 2154 ﬁliabus
972 2097 1336 2153 Hierusalem.
1377 2095 1545 2150 Audit
1599 2095 1840 2150 Ecclesia

234 2212 429 2254 sonum
459 2195 611 2249 vocis
636 2194 755 2264 ejus
776 2235 790 2254 ,
817 2203 870 2247 et
895 2193 1026 2247 dicit
1051 2211 1064 2247 :
1102 2190 1214 2246 Vox
1235 2191 1530 2244 consobrini
1555 2190 1674 2243 mei.
1706 2188 1843 2244 Ecce

236 2290 320 2343 hic
347 2288 552 2344 advenit
579 2287 774 2340 saliens
799 2302 954 2350 super
983 2292 1196 2346 montes,
1234 2283 1527 2337 transiliens
1553 2297 1705 2350 super
1731 2282 1841 2335 col-

239 2383 313 2436 les
355 2379 528 2454 (Cant.
560 2395 635 2443 tt,
669 2378 748 2450 8).
788 2378 1142 2448 Manipularis
1178 2385 1263 2431 est
1302 2376 1462 2439 liber,
1504 2376 1705 2431 multas
1747 2376 1844 2428 ha-

238 2475 376 2529 bens
427 2486 695 2544 personas
744 2469 989 2535 nobiles,
1032 2478 1058 2506 α
1098 2471 1250 2524 velut
1297 2470 1602 2536 manipulus
1652 2471 1846 2524 trium.

241 2569 450 2638 phztlis,
483 2568 792 2635 multusque
817 2575 974 2620 artus
1002 2563 1339 2635 signiﬁcans,
1371 2580 1507 2634 quos
1536 2565 1845 2636 intelligere

243 2660 415 2730 magis
437 2697 453 2724 ,
480 2674 642 2728 quam
672 2671 965 2723 expressos
993 2667 1180 2711 tenere
1210 2658 1499 2726 possimus.
1530 2656 1662 2710 Nam
1692 2656 1844 2726 quasi

245 2738 632 2805 advenientem
672 2749 942 2814 Sponsum
987 2749 1221 2803 audierit
1264 2763 1386 2801 cum
1436 2747 1706 2815 aliquibus
1757 2761 1850 2814 pa-

249 2843 382 2896 riter
427 2840 697 2892 viantibus
761 2839 1164 2908 colloquentem
1194 2880 1208 2902 ,
1260 2838 1391 2892 dit-it
1439 2837 1699 2905 Sponsa:
1744 2835 1852 2890 Vox

250 2931 544 2986 consobrini
575 2931 693 2984 mei.
735 2929 870 2982 Dum
906 2931 1145 2996 loquitur
1183 2945 1306 2983 cum
1350 2929 1566 2984 liliabtts
1598 2928 1853 2981 ilierttsas

251 3025 392 3088 lem,
437 3034 490 3078 et
532 3031 681 3089 rugat
721 3031 780 3074 ttt
819 3021 1060 3076 excitent
1088 3030 1142 3075 et
1173 3019 1496 3075 resuscitent
1535 3021 1806 3088 Sponsum
1832 3059 1848 3085 ,

247 3118 437 3170 subito
476 3125 751 3183 tamquam
791 3113 859 3166 de
899 3114 1192 3182 longinquo
1233 3112 1413 3165 missa:
1452 3111 1606 3165 vocis
1656 3124 1849 3164 sanum

248 3209 534 3270 sentiens,
587 3207 758 3260 dicit:
817 3205 933 3259 Vox
983 3205 1274 3258 consobrini
1328 3205 1467 3269 mei,
1524 3203 1850 3257 annuntians

1920 601 2034 654 iutn
2081 602 2150 655 de
2196 600 2465 670 sepulcro.
2518 601 2691 659 Proba
2735 599 2905 670 milii,
2953 603 3153 673 David,
3197 605 3522 672 salientem,

1923 691 2088 760 proba
2130 704 2484 761 currentem;
2531 707 2584 750 tu
2625 697 2772 751 enim
2813 696 3000 752 dixiin
3032 715 3043 751 :
3070 693 3522 753 Exsultavittam-

1922 801 2073 854 quam
2101 787 2245 857 gigas
2274 785 2342 839 ad
2373 790 2677 842 currendum
2704 791 2880 846 viam:
2911 809 2942 846 α
2972 807 3170 846 summo
3201 793 3326 848 caelo
3356 810 3526 865 egres-

1922 877 1999 931 sio
2027 878 2162 948 ejus,
2183 889 2229 931 et
2261 894 2506 932 occursus
2537 884 2649 953 ejus
2679 898 2838 952 usque
2867 885 2934 938 ad
2962 899 3219 938 summum
3249 887 3406 954 ejus;
3437 902 3526 939 nec

1925 979 1998 1023 est
2025 971 2115 1040 qui
2145 985 2199 1024 se
2228 969 2506 1025 abscondat
2535 989 2567 1026 a
2595 973 2766 1028 calore
2794 979 2909 1045 ejus
2940 974 3278 1043 (Psal.xv1u,
3311 975 3344 1032 6
3374 988 3419 1031 οἰ
3447 979 3524 1048 7).

1928 1063 2072 1132 Ergo
2110 1072 2164 1119 et
2195 1080 2337 1119 nunc
2367 1066 2527 1128 salit,
2561 1078 2609 1119 et
2642 1083 2786 1122 nunc
2816 1071 2987 1124 currit
3017 1070 3084 1124 de
3114 1073 3278 1126 corde
3314 1072 3526 1145 1035

1928 1158 2106 1213 Patris
2137 1175 2302 1228 super
2331 1168 2552 1213 sanctos
2583 1175 2713 1214 suos
2735 1203 2749 1225 ,
2782 1161 2851 1215 de
2894 1161 3123 1220 Oriente
3168 1179 3333 1234 super
3374 1164 3533 1219 Ueei-

1929 1250 2149 1307 dentem
2176 1253 2244 1307 de
2271 1251 2655 1322 Septentt-ione
2677 1269 2843 1322 super
2861 1256 3159 1310 Meridiem.
3187 1257 3307 1330 Ipse
3329 1268 3412 1313 est
3443 1259 3532 1327 qtti

1932 1345 2180 1400 ascendit
2209 1360 2374 1414 super
2398 1348 2666 1400 Occasttm
2688 1388 2703 1412 ,
2731 1348 2844 1414 ipse
2877 1361 3042 1416 super
3073 1351 3242 1403 C(Blus
3268 1351 3530 1405 caelorum

1930 1437 1998 1490 ad
2055 1437 2354 1493 Orientem.
2419 1439 2539 1509 Ipse
2603 1437 2848 1496 ascendit
2896 1455 3058 1511 seper
3112 1453 3364 1507 montes,
3418 1443 3535 1512 ipse

1931 1547 2099 1597 super
2127 1533 2314 1587 colles.

2010 1623 2062 1677 7.
2110 1623 2327 1679 Utinam
2379 1638 2481 1694 ego
2521 1625 2689 1681 miser
2735 1624 2909 1680 dicam
2936 1668 2951 1693 ,
2983 1625 3130 1681 dicat
3160 1628 3336 1682 anima
3378 1641 3539 1682 mea:

1936 1715 2073 1770 Ecce
2093 1718 2188 1772 iste
2209 1718 2444 1783 advenit,
2479 1724 2536 1771 et
2562 1719 2784 1774 advenit
2815 1734 2920 1772 non
2955 1734 3121 1788 super
3151 1729 3394 1783 terrena,
3429 1735 3536 1773 non

1937 1825 2104 1879 super
2133 1810 2302 1864 valles
2327 1825 2342 1876 ;
2377 1811 2471 1864 sed
2501 1811 2718 1867 advenit
2748 1813 2937 1867 saliens
2963 1829 3118 1883 super
3139 1825 3369 1877 montes;
3402 1813 3545 1867 Dctts

1864 1913 1914 1975 Β
1940 1906 2086 1959 enim
2113 1946 2143 1972 ,.
2185 1906 2325 1959 Deus
2365 1908 2632 1962 montium
2684 1916 2803 1974 est,
2840 1917 2862 1946 ε
2896 1916 2952 1961 et
2997 1923 3108 1962 non
3154 1907 3395 1962 vallium.
3441 1905 3544 1962 Ubi

1941 2013 2070 2066 ergo
2113 1999 2275 2052 salit?
2315 1999 2491 2069 Super
2531 2006 2743 2055 montes
2784 1999 2927 2054 salit.
2975 1998 3030 2055 Si
3074 2000 3150 2055 sis
3192 2015 3386 2064 mons,
3419 1998 3550 2053 salit

1942 2105 2110 2160 super
2155 2101 2226 2146 te.
2273 2092 2410 2146 Sallt
2459 2107 2624 2162 super
2672 2092 2928 2157 Esaiam,
2975 2091 3102 2147 salit
3147 2107 3313 2162 super
3358 2092 3548 2146 Hiere-

1942 2182 2142 2247 miam,
2191 2183 2316 2236 salit
2360 2199 2526 2254 super
2556 2185 2812 2249 Petrum,
2863 2183 3166 2238 Joh‘annem
3194 2225 3208 2250 ,
3259 2183 3544 2239 Jacobum.

1945 2277 2151 2330 Montes
2189 2278 2245 2330 in
2284 2277 2502 2332 circuitu
2530 2279 2641 2348 ejus
2670 2277 2839 2349 (Psal.
2873 2291 3062 2334 cxuv.
3091 2275 3157 2348 2)
3190 2291 3202 2330 :
3235 2277 3279 2332 si
3315 2293 3419 2331 non
3454 2292 3552 2346 po—

1947 2381 2026 2426 tes
2076 2387 2234 2426 mons
2283 2388 2440 2439 esse,
2495 2390 2594 2427 nec
2638 2375 2936 2442 prtevales,
2983 2382 3101 2428 esto
3133 2369 3216 2428 vel
3262 2371 3453 2436 collis,
3490 2383 3546 2428 ttt

1945 2479 2112 2534 super
2132 2475 2182 2518 te
2200 2465 2446 2520 Christus
2475 2466 2754 2532 aSeendat;
2781 2475 2834 2520 et
2859 2463 2902 2522 si
2934 2469 3195 2532 transilit,
3222 2464 3247 2504 ἀ
3274 2467 3346 2523 ita
3373 2477 3552 2524 trans—

1947 2557 2065 2612 iliat
2089 2601 2102 2622 ,
2136 2570 2192 2611 ut
2226 2567 2276 2611 te
2310 2559 2569 2636 transitus
2598 2559 2719 2628 ejus
2753 2559 2941 2613 un.bra
2974 2559 3268 2613 custodiat.

2021 2651 2072 2706 8.
2118 2650 2364 2704 Diximus
2415 2651 2484 2704 de
2522 2652 2740 2705 Cbrism
2777 2659 2829 2705 et
2873 2649 3155 2704 Ecclesia:
3197 2651 3442 2705 dieamtts
3481 2650 3551 2704 tle

1951 2744 2127 2797 anima
2159 2751 2215 2796 et
2246 2742 2442 2796 Verbo.
2477 2743 2668 2796 Anima
2692 2741 2823 2812 justi
2853 2743 3060 2811 Sponsa
3092 2755 3174 2796 est
3205 2741 3390 2796 Verbi.
3424 2740 3550 2794 Ila-c

1953 2837 1998 2889 si
2030 2836 2342 2900 desideret,
2375 2839 2417 2886 si
2450 2835 2634 2901 cupiat
2662 2875 2677 2898 ,
2710 2833 2754 2888 si
2783 2843 2901 2887 uret
2922 2873 2936 2898 ,
2972 2843 3022 2888 et
3053 2839 3172 2888 oret
3200 2834 3452 2898 assidue,
3497 2841 3582 2887 et'

1955 2935 2071 2980 oret
2103 2926 2222 2978 sine
2252 2927 2355 2977 ulla
2383 2925 2796 2994 disceptatione.
2832 2934 2884 2977 et
2917 2933 3026 2978 tota
3061 2924 3303 2978 intendat
3335 2925 3386 2978 in
3421 2923 3548 2978 Ver-

1955 3017 2079 3072 bum
2101 3058 2117 3083 ,
2141 3017 2320 3070 subito
2343 3031 2526 3070 vocem
2551 3017 2650 3070 sibi
2674 3016 2886 3069 videtur
2905 3014 3022 3083 ejus
3047 3014 3232 3070 atnlire
3255 3031 3412 3086 quem
3445 3025 3553 3069 non

1956 3112 2140 3177 videt,
2164 3118 2218 3165 et
2241 3111 2432 3164 intimo
2452 3125 2614 3164 sensu
2642 3111 2862 3164 odorem
2890 3107 3194 3164 divinitatis
3218 3109 3335 3178 eius
3383 3121 3552 3178 agno-

1959 3205 2092 3258 scit:
2122 3203 2266 3271 quod
2289 3203 2566 3270 patiuntur
2584 3201 2896 3271 plerumque
2916 3203 3006 3272 qui
3023 3203 3160 3258 bene
3180 3202 3428 3256 credunt.
3453 3201 3559 3256 [lc-

246 3315 408 3370 quem
451 3299 685 3353 nuntiari
725 3298 828 3352 sibi
867 3306 992 3351 ante
1031 3298 1308 3367 quam-bat
1332 3337 1347 3361 ,
1388 3311 1550 3366 quem
1597 3295 1851 3366 cupiebat
1879 3293 1924 3356 C
1956 3296 2174 3367 plentur
2195 3295 2373 3349 subito
2398 3309 2559 3348 nares
2587 3295 2787 3347 anima:
2813 3295 3042 3362 Spiritali
3073 3294 3240 3366 gratia
3265 3336 3278 3358 ,
3309 3301 3364 3348 et
3391 3289 3560 3347 sentit

247 3392 319 3446 ab
357 3392 478 3445 aliis
514 3389 808 3444 suaritari:
851 3404 946 3442 sua
989 3403 1148 3457 prece
1189 3388 1574 3442 resuscitatum
1617 3405 1644 3441 a
1687 3390 1850 3443 i’atre

250 3483 438 3538 venire
463 3483 574 3550 jam
608 3481 837 3536 credens
857 3519 874 3547 ,
908 3481 1030 3534 Ia-ts
1061 3480 1230 3536 dicit:
1271 3479 1376 3535 Vos
1404 3479 1696 3534 consobrini
1726 3481 1844 3534 mei.

253 3578 397 3632 Bene
442 3575 690 3641 addidit,
740 3575 1031 3629 consobrini
1083 3573 1225 3638 mei;
1279 3583 1338 3628 ut
1385 3590 1491 3628 non
1541 3573 1699 3639 alim,
1748 3574 1848 3629 sed

249 3668 570 3724 consobrina
599 3668 714 3721 sola
745 3667 849 3720 sibi
879 3667 999 3736 ejus
1031 3665 1328 3722 vindicaret
1357 3667 1672 3720 adventum.

321 3765 375 3815 6.
435 3760 603 3827 Ecce,
657 3760 868 3830 inquit,
919 3762 1014 3814 iste
1059 3762 1284 3816 advenit.
1337 3760 1530 3816 Adhuc
1573 3776 1675 3831 ego
1722 3775 1850 3816 eum

250 3869 462 3925 quaero,
493 3862 550 3908 et
580 3853 674 3908 tIle
699 3854 810 3922 jam
841 3854 1029 3908 venit:
1064 3854 1242 3908 adhuc
1273 3869 1376 3923 ego
1405 3853 1659 3924 suiI‘ragia
1691 3865 1851 3920 capto

251 3957 308 4004 ut
349 3949 564 4013 veniat,
606 3958 659 4000 et
699 3947 791 4001 ille
827 3946 940 4016 jam
980 3949 1261 4017 prosimus
1300 3953 1403 4001 est.
1449 3947 1561 4016 Ego
1597 3949 1849 4002 suscitari

250 4042 381 4097 mibi
421 4043 739 4098 cbaritatem
781 4041 972 4110 cupio,
1018 4055 1120 4111 ego
1161 4057 1246 4095 me
1285 4041 1627 4095 vulneratam
1672 4040 1853 4095 chari-

251 4139 378 4189 tatis
406 4145 572 4203 puto;
606 4143 660 4187 et
689 4133 754 4186 ad
787 4149 872 4186 me
904 4133 1022 4201 plus
1051 4135 1291 4188 charitas
1321 4133 1436 4199 ipsa
1469 4132 1708 4187 festinat.
1742 4133 1854 4201 Ego

251 4228 363 4283 dixi
389 4245 402 4281 :
444 4227 614 4282 Veni:
647 4228 738 4281 ille
769 4228 898 4280 salit
929 4237 981 4280 et
1013 4227 1272 4280 transilit.
1306 4227 1419 4294 Ego
1450 4241 1581 4294 rogo
1610 4241 1732 4277 eum
1764 4241 1856 4278 ve-

254 4323 372 4374 nire
398 4335 520 4372 eum
551 4319 722 4388 gratia
748 4335 762 4371 :
798 4319 889 4372 ille
914 4317 1216 4388 gratiarum
1243 4327 1498 4386 operatur
1525 4323 1850 4386 augmenta:

252 4420 309 4466 et
347 4409 473 4464 dum
519 4411 700 4474 venit,
742 4408 1081 4462 incrementa
1125 4405 1312 4478 grati.»
1353 4423 1534 4464 secum
1575 4409 1756 4472 vehit,
1802 4413 1856 4462 et

254 4501 522 4556 veniendo
550 4501 821 4569 acquirit;
855 4501 983 4570 quia
1022 4501 1206 4555 studet
1245 4503 1406 4555 etiam
1452 4502 1565 4570 ipse
1595 4515 1709 4555 suas
1741 4500 1856 4570 pla-

252 4610 378 4650 cere
419 4594 653 4649 dilectae.
699 4593 835 4648 Salit
883 4609 1048 4664 super
1091 4593 1347 4656 excelsa,
1389 4601 1448 4647 ttt
1486 4595 1743 4647 ascendat
1787 4591 1851 4646 ad

1952 3387 2056 3443 sibi
2088 3389 2393 3456 pratsentire
2421 3386 2536 3456 ejus
2564 3386 2748 3440 ﬂatum
2780 3387 3023 3453 aSpirare
3048 3403 3208 3459 quem
3240 3387 3435 3458 quaerit
3456 3428 3471 3450 ,
3500 3389 3555 3441 et

1952 3480 2118 3533 dicit:
2156 3479 2295 3534 Ecce
2333 3479 2438 3534 iste
2476 3478 2594 3550 ipse
2629 3489 2714 3535 est
2749 3494 2909 3550 quem
2948 3485 3198 3550 requiro,
3241 3481 3356 3552 ipse
3387 3495 3549 3551 quem

1951 3571 2223 3627 desidero.

2023 3666 2077 3720 9.
2111 3667 2304 3722 Nonne
2330 3682 2453 3722 cum
2485 3667 2684 3736 aliquid
2716 3666 2786 3721 de
2814 3665 3114 3737 Scripturis
3145 3667 3468 3738 cogitamus,
3499 3673 3556 3724 et

1951 3761 2388 3831 explanationem
2437 3760 2554 3830 ejus
2595 3761 2838 3815 invenire
2889 3775 2994 3814 non
3047 3771 3369 3831 possumus,
3423 3762 3552 3816 dum

1953 3854 2263 3909 dubitamus
2284 3895 2299 3920 ,
2331 3853 2457 3908 dum
2488 3855 2780 3924 qua-rimus
2803 3896 2816 3918 ,
2849 3854 3033 3908 subito
3065 3855 3220 3908 nobis
3259 3854 3417 3925 quasi
3463 3871 3555 3908 su-

1955 3965 2053 4020 per
2106 3959 2320 4004 montes
2366 3947 2630 4002 altissima
2677 3946 2928 4018 dogmata
2971 3945 3188 4001 videtur
3217 3948 3553 4002 ascendere:

1953 4042 2150 4097 deinde
2191 4043 2342 4107 quasi
2375 4055 2540 4110 super
2567 4040 2734 4093 colles
2765 4053 3032 4108 apparens
3064 4039 3216 4093 nobis
3237 4080 3252 4104 ,
3287 4037 3558 4093 illuminat

1957 4143 2231 4194 mentem;
2266 4142 2322 4184 ut
2354 4131 2600 4184 infundat
2627 4130 2878 4184 sensibus
2900 4172 2914 4194 ,
2946 4131 3092 4202 quod
3119 4132 3368 4185 invenire
3399 4144 3558 4200 posse

1957 4226 2180 4280 difﬁcile
2222 4222 2546 4278 vidi-batur?
2587 4221 2729 4292 Ergo
2768 4223 2920 4292 quasi
2962 4239 3027 4276 ex
3069 4223 3293 4276 absente
3334 4223 3386 4276 iit
3420 4239 3557 4294 pra:-

1957 4333 2086 4372 sens
2113 4316 2350 4371 Verbum
2385 4318 2437 4370 in
2465 4315 2721 4370 cordibus
2751 4314 2967 4368 IIOell'IS.
3001 4315 3064 4369 Et
3095 4329 3282 4369 rursus
3307 4331 3430 4368 cum
3459 4314 3560 4370 ali-

1956 4408 2084 4479 quid
2128 4409 2281 4462 nobis
2320 4407 2717 4460 subobscuram
2761 4415 2882 4472 est,
2929 4418 3199 4476 tamquam
3244 4405 3561 4460 subducitur

1965 4502 2194 4558 Vetbum
2219 4542 2234 4568 ,
2261 4513 2316 4555 et
2347 4511 2617 4570 tamquam
2661 4498 2905 4553 absentis
2947 4499 3237 4555 adventum
3281 4499 3560 4555 desidera-

1957 4610 2116 4649 mus:
2167 4604 2218 4647 et
2269 4594 2466 4647 iterum
2511 4607 2784 4664 apparens
2817 4593 3056 4646 ostendit
3098 4608 3158 4648 se
3196 4592 3388 4656 nobis,
3424 4601 3558 4647 tam-

253 4687 518 4757 Sponsam
551 4705 567 4753 ;
641 4688 870 4757 Sponsa:
923 4689 1070 4743 enim
1131 4689 1400 4741 thalamus
1455 4687 1693 4740 tribunal
1768 4695 1852 4741 est
1877 4674 1930 4734 D
1957 4702 2118 4757 quant
2151 4702 2394 4754 praesens
2423 4685 2493 4738 sit
2522 4685 2679 4739 nobis
2709 4685 2760 4738 in
2792 4684 2890 4746 iis,
2922 4696 3042 4758 qum
3071 4685 3396 4754 requirimus
3419 4727 3433 4748 ,
3465 4699 3557 4739 co-

253 4782 476 4838 Cltristi.
509 4781 536 4819 δ
561 4781 696 4837 Salit
740 4796 905 4849 super
945 4781 1119 4836 Atiam
1143 4819 1156 4846 ,
1205 4779 1439 4834 transilit
1482 4795 1645 4848 super
1675 4780 1850 4850 Syna—

255 4890 471 4946 gogsm.
497 4874 635 4929 Solit
663 4887 826 4941 super
866 4881 1091 4942 gentes,
1137 4872 1366 4926 transilit
1407 4885 1570 4938 super
1613 4870 1852 4925 Judaeos.

258 4967 553 5022 theamus
579 4966 886 5021 salientem.
916 4964 1060 5020 Saiit
1085 4963 1154 5018 de
1183 4963 1322 5019 cosio
1355 4964 1408 5017 in
1439 4962 1715 5033 Virginem
1739 5005 1753 5029 ,
1786 4963 1857 5017 de

259 5071 414 5124 utero
464 5061 519 5115 in
567 5073 842 5134 praesepe,
894 5057 960 5124 de
1008 5058 1272 5128 praesepio
1319 5057 1370 5110 itt
1415 5054 1745 5122 Jurdanem,
1789 5056 1856 5110 de

333 5299 359 5327 ἰ
391 5287 536 5344 Edit.
565 5293 620 5342 et
651 5299 779 5340 mss.
810 5301 917 5338 non
951 5287 1143 5354 pauci,
1181 5287 1316 5339 velut
1346 5283 1642 5351 manipulos
1674 5283 1854 5336 triton-

264 5363 442 5432 pltrtles
469 5368 639 5432 ;7octo
676 5366 853 5432 tamen
883 5371 948 5410 ex
993 5358 1109 5419 bis;
1156 5359 1292 5411 velut
1335 5356 1633 5432 nutnipulns
1674 5359 1857 5432 trimu-

263 5426 453 5504 pltalis.
483 5431 718 5499 Optime.
742 5429 946 5504 Dtcitttr
970 5439 1148 5479 autem
1181 5426 1858 5504 lrtutnpitalis_ntatiipttlus

264 5495 438 5558 turma
480 5495 828 5566 senatorum,
871 5499 1208 5558 aliorumque
1249 5503 1486 5554 virorum
1525 5495 1812 5551 illustrium
1839 5539 1852 5562 ,

263 5576 459 5644 quibus
490 5569 968 5644 itttperator._tit_tttt
1013 5566 1405 5644 tt'itttnphari-t,
1449 5570 1856 5644 stipatusince-

263 5637 444 5701 (iebat.
483 5637 614 5697 Vide
639 5639 856 5707 Josel-Itl
893 5640 1163 5693 Laurentii
1202 5637 1579 5709 l’olyrnttt/tittm
1601 5681 1614 5701 ,
1646 5639 1736 5692 lib.
1770 5655 1856 5704 ιιι,

264 5725 388 5792 svo.
422 5716 477 5770 Ii
523 5718 668 5792 item
695 5713 854 5768 Joan.
886 5709 1097 5766 Prttsini
1125 5708 1481 5774 Antiq.’liom.
1515 5709 1605 5763 itb.
1636 5725 1700 5774 χ,
1737 5725 1856 5779 cap.

265 5787 340 5844 29
361 5831 376 5853 ,
405 5799 461 5842 et
485 5787 642 5841 alios.

340 5875 368 5917 ι)
397 5878 472 5936 ita
502 5892 636 5934 mss.
664 5875 972 5955 duodecim.
1003 5874 1148 5930 Edit.
1182 5889 1309 5936 vero
1358 5888 1481 5942 cum
1524 5873 1679 5936 aliis;
1727 5872 1868 5939 Solit

1957 4777 2304 4848 gnoseendts.
2343 4777 2479 4833 Salit
2511 4793 2641 4846 ergo
2685 4775 2737 4830 in
2785 4779 3209 4847 uniuSt-ujusque
3248 4778 3415 4832 corde
3457 4779 3562 4832 ire-

1957 4878 2223 4940 quenter:
2259 4869 2493 4923 transilit
2518 4878 2571 4922 et
2599 4869 2746 4932 exit,
2779 4879 2830 4922 et
2862 4870 3175 4932 revertitur,
3212 4869 3257 4923 si
3287 4870 3560 4938 sequaris,

1959 4962 2006 5016 si
2055 4962 2332 5031 requiras,
2387 4960 2430 5014 si
2482 4959 2576 5014 tibi
2625 4960 2862 5015 iidelium
2912 4961 3119 5029 gratia,
3164 4962 3561 5031 disceptatione

1961 5055 2244 5110 doctorum
2288 5052 2520 5110 Verbum
2567 5052 2710 5122 quod
2756 5054 2968 5110 exierat
3013 5060 3174 5121 atque
3228 5055 3558 5117 transierat,

1962 5298 2116 5347 super
2148 5279 2452 5334 Ecclesium.
2482 5279 2653 5347 Quam
2684 5277 3036 5347 imitationem
3065 5288 3123 5326 ca
3163 5275 3334 5345 gratia
3374 5277 3563 5338 induo-

1964 5345 2069 5407 latn
2115 5363 2495 5412 attltttttattttts;
2540 5358 2597 5402 ut
2643 5345 2880 5400 Ecclesia
2927 5345 3268 5417 Syttagogte,
3315 5364 3434 5417 qua:
3478 5365 3564 5408 se-

1963 5430 2149 5494 quentt
2187 5418 2803 5494 membronominatur,
2839 5428 3224 5494 imponeretur.
3261 5417 3456 5494 Vtrum
3485 5419 3566 5476 id.

1965 5489 2111 5550 circo
2142 5493 2228 5547 hic
2263 5492 2452 5546 Adatni
2486 5491 2699 5544 thrlur
2730 5499 2862 5539 lat-tu
2892 5489 3093 5540 tnetttio
3118 5529 3133 5551 ,
3165 5500 3214 5540 ιιι
3247 5493 3570 5550 οειριιιιςιιυικ

1963 5567 2321 5628 innocentiae,
2352 5573 2409 5616 ttt
2445 5573 2672 5626 vocant,
2712 5569 2908 5614 Slilltllll
2933 5599 2947 5623 ,
2987 5572 3050 5612 ac
3089 5558 3261 5629 legent
3300 5576 3508 5620 natura:
3533 5577 3566 5622 ιι

1964 5637 2181 5694 Christo
2211 5651 2316 5689 non
2347 5633 2514 5688 fuisse
2539 5635 2734 5688 aliena.

2044 5741 2065 5776 c.
2101 5730 2261 5786 Rom.
2289 5725 2421 5780 edit.
2458 5727 2720 5780 recidet-at
2756 5735 2920 5776 voces
2949 5730 2994 5774 et
3025 5736 3124 5774 non
3151 5721 3401 5785 vallium,
3433 5733 3570 5788 quas

1969 5811 2153 5858 tamen
2185 5798 2445 5853 exhibent
2469 5810 2660 5852 onittes
2691 5811 2820 5848 mss.
2851 5805 2904 5848 et
2931 5799 3042 5845 aut.
3071 5795 3203 5844 edit.

2043 5871 2067 5909 τ’
2105 5871 2160 5928 In
2189 5869 2442 5924 omnibus
2468 5866 2585 5924 lere
2614 5881 2750 5925 mss.
2773 5866 3034 5918 omissum
3062 5861 3164 5918 fuit
3189 5865 3262 5916 ita
3287 5861 3568 5920 transiliat.
