4070 6488
537 367 668 426 ὶῖῊ

1882 357 2126 415 SANCTI
2166 357 2494 416 AMBROSII

3711 362 3841 417 1272

527 479 773 553 postules
802 477 1122 535 resuscitari
1150 494 1165 542 ;
1195 476 1336 533 sicut
1361 476 1449 532 illa
1475 491 1594 548 quas
1621 474 1871 546 quaesivit
1896 485 1950 530 et
1979 474 2129 531 inve.
2157 479 2211 542 Α
2234 491 2340 532 non
2369 476 2588 533 laedant.
2635 477 2877 550 Denique
2919 478 3146 535 eductus
3183 479 3253 535 de
3295 479 3535 535 latibulis
3573 479 3699 536 suis
3737 494 3841 535 ser-
3921 474 3923 508 '

532 573 648 638 nit,
694 587 816 644 quae
859 571 1032 627 dixit:
1074 570 1264 625 Frater
1291 587 1434 626 meus
1471 569 1745 624 transivit:
1787 569 1965 624 anima
2009 586 2129 624 mea

530 667 683 720 exivit
714 666 766 719 in
796 663 949 718 verba
975 664 1085 729 eius
1115 661 1291 736 (Cant.
1321 679 1374 726 v,
1403 662 1480 733 6).

608 757 696 812 lO.
734 757 876 828 Ergo
905 766 959 810 et
990 757 1034 810 si
1065 772 1228 826 super
1259 767 1473 812 montes
1504 755 1664 821 salit,
1701 769 1970 826 sequere:
2005 763 2060 810 et
2087 756 2134 811 si

533 867 699 920 super
717 852 905 917 colles,
936 866 1183 922 sequere.
1212 851 1576 921 Reperiuntur
1603 851 1744 905 enim
1775 851 1827 903 in
1858 850 2136 904 montibus

531 953 587 1000 et
640 944 693 998 in
737 944 968 1003 collibus
1019 953 1311 999 venatores
1354 942 1605 1006 Domini,
1665 941 1757 1014 qui
1808 941 2138 1012 investigant

531 1052 627 1091 eos
659 1039 749 1108 qui
781 1038 1070 1108 capiuntur
1099 1037 1166 1092 ad
1200 1039 1388 1091 vitam.
1421 1035 1512 1092 Sic
1541 1036 1687 1092 enim
1719 1035 1854 1090 dixit
1885 1051 1982 1107 per
2013 1035 2137 1092 llie-

534 1131 759 1185 remiam
789 1131 931 1186 Deus
961 1148 974 1185 :
1008 1130 1141 1184 Ecce
1169 1131 1314 1183 mitto
1345 1130 1535 1184 multos
1559 1130 1843 1201 piscatores
1867 1171 1879 1195 ,
1909 1170 1924 1184 .
1955 1167 1969 1182 .
2003 1170 2015 1182 .
2046 1170 2058 1182 .
2093 1142 2140 1183 et

533 1225 722 1277 mu!tos
772 1236 1070 1290 venatores,
1134 1233 1182 1276 et
1237 1225 1558 1276 venabantur
1612 1239 1697 1276 eos
1737 1239 1895 1293 super
1938 1238 2137 1275 omnem

533 1327 757 1372 montem
781 1359 794 1379 ,
823 1329 868 1371 et
899 1333 1053 1387 super
1079 1332 1281 1368 omnem
1307 1315 1490 1369 collem
1522 1311 1736 1387 (Jerem.
1767 1329 1853 1368 va
1875 1356 1888 1377 ,
1918 1314 2028 1384 16).
2062 1313 2140 1368 lbi

531 1425 662 1480 ergo
691 1411 924 1480 pupttltts
952 1409 1048 1464 Dei
1076 1420 1373 1479 quaeratur,
1405 1418 1460 1463 et
1491 1410 1798 1464 inveniatur
1827 1408 1879 1462 iu
1912 1407 2055 1463 Petri
2087 1417 2144 1463 et.

535 1506 587 1558 in
620 1503 770 1558 Pauli
805 1503 1051 1557 doctrinm
1077 1544 1091 1566 ,
1119 1503 1288 1571 gratia
1311 1544 1324 1567 ,
1355 1501 1642 1571 disciplina
1670 1519 1683 1567 ;
1715 1510 1771 1554 ut
1802 1516 1905 1555 non
1936 1501 1987 1554 in
2013 1517 2145 1554 cou-

538 1596 680 1649 valle
725 1595 864 1661 sint,
918 1595 1004 1650 ubi
1052 1594 1249 1649 fletus:
1300 1596 1394 1650 sed
1439 1597 1491 1650 in
1536 1595 1844 1662 montibus,
1887 1610 1916 1648 a
1946 1595 2144 1666 quibus

541 1705 986 1760 unumquemque
1013 1687 1265 1744 Christus
1306 1689 1595 1744 illuminat.
1643 1689 1710 1743 Et
1754 1705 1876 1744 cum
1922 1689 2144 1744 Petrum

542 1783 775 1852 legimus
796 1825 811 1849 ,
839 1782 1091 1837 Christus
1121 1781 1408 1836 illuminat.
1437 1782 1504 1836 Et
1531 1798 1653 1836 cum
1679 1782 1901 1836 Paulum
1937 1781 2150 1854 1036

2237 587 2404 640 pens,
2439 573 2527 642 qui
2560 572 2960 642 producebatur
2995 589 3061 629 ex
3102 572 3361 641 homine,
3398 574 3619 631 dicebat
3648 594 3663 630 :
3716 575 3842 642 Quid

2234 667 2415 720 venisti
2444 677 2562 720 ante
2592 677 2793 738 tempus
2822 677 3054 738 torquere
3078 684 3170 723 nos
3199 668 3418 741 (Matth.
3449 684 3572 733 νιιι,
3602 668 3748 739 29)?

2308 760 2396 816 15.
2446 760 2641 830 (Vers.
2671 759 2804 832 42.)
2837 761 3163 832 Spectemus
3191 778 3322 834 ergo
3361 763 3658 818 salientem
3706 764 3839 819 hunc.

2243 853 2562 919 hinnulum,
2599 863 2654 908 ut
2686 869 2792 908 non
2824 855 3097 924 possimus
3127 856 3322 910 timere
3352 866 3693 924 serpentem.
3739 855 3842 912 Non

2241 946 2461 1001 timebat
2493 945 2682 1000 David.
2727 946 2973 1017 Denique
3001 946 3068 1002 de
3100 947 3184 1003 his
3213 948 3429 1004 dicebat
3458 949 3841 1019 serpentibus;
3931 945 3935 1018 ὲ

2244 1036 2309 1092 Et
2336 1038 2652 1110 respondebo
2680 1039 3110 1109 exprobrantibus
3141 1040 3268 1095 mihi
3298 1043 3509 1096 uerbum
3531 1085 3546 1107 ,
3576 1043 3710 1110 quia
3735 1059 3844 1111 spe-
3932 1036 3939 1111 ἦ

2241 1131 2350 1184 rari
2377 1131 2430 1184 in
2456 1131 2778 1185 sermonibus
2804 1137 2924 1186 tuis.
2956 1131 3120 1198 Quasi
3153 1135 3328 1188 bonus
3357 1148 3552 1188 cervus
3573 1176 3587 1196 ,
3631 1135 3732 1205 qui
3769 1135 3843 1189 bi-

2243 1222 2412 1277 bisset
2441 1221 2509 1277 de
2540 1221 2778 1279 fontibus
2806 1239 3089 1295 aquarum,
3117 1239 3456 1296 nequaquam
3488 1225 3844 1282 humanorum

2245 1317 2578 1388 serpentium
2609 1318 2817 1386 spiras,
2857 1326 2913 1373 et
2955 1317 3344 1373 maledicorum
3382 1334 3595 1373 venena
3639 1329 3844 1374 metue-

2246 1407 2360 1462 bat.
2392 1407 2626 1463 Coluber
2664 1409 2739 1463 illi
2781 1425 2886 1462 non
2928 1418 3045 1466 erat
3087 1425 3260 1475 noxa,
3301 1409 3397 1465 sed
3443 1411 3650 1481 praeda.
3693 1411 3850 1466 Cibus

2245 1511 2365 1558 erat
2390 1502 2687 1572 serpentini
2713 1502 2860 1556 virus
2885 1502 3104 1573 alloquii
3125 1545 3138 1565 ,
3173 1515 3226 1556 et
3255 1501 3410 1556 cibus
3442 1503 3622 1558 laudis
3653 1503 3724 1558 de
3753 1519 3848 1574 quo

2248 1593 2460 1650 dicebat
2487 1612 2500 1648 :
2530 1592 2667 1649 Deus
2685 1636 2699 1659 ,
2732 1594 2937 1648 laudem
2964 1611 3127 1648 meam
3153 1611 3216 1648 ne
3245 1595 3464 1648 tacueris
3488 1612 3506 1660 ,'
3529 1595 3779 1664 quoniam
3801 1612 3850 1647 os

2249 1687 2557 1759 peccatoris,
2599 1698 2647 1741 et
2687 1703 2745 1742 os
2778 1687 2945 1740 dolosi
2984 1703 3137 1754 super
3168 1704 3248 1740 me
3275 1695 3509 1755 apertum
3546 1697 3624 1742 est
3672 1685 3844 1758 (Psai.

2251 1795 2414 1845 chII,
2465 1779 2556 1850 2).
2613 1779 2978 1850 Saginahatur
3038 1791 3428 1836 venenatorum
3488 1781 3848 1835 sermonibus.

539 1873 772 1943 legimus
792 1915 807 1939 ,
861 1873 1110 1929 Christus
1143 1873 1428 1928 illuminat.
1464 1871 1685 1928 Curavit
1716 1873 1913 1928 Paulus
1936 1917 1950 1940 ,
1985 1875 2140 1928 Chri-
2175 1883 2222 1942 Β
2251 1883 2271 1911 ο
2307 1873 2382 1927 Illi
2413 1873 2568 1927 sibila
2600 1872 3055 1928 obtrectationum
3079 1887 3173 1928 ora
3206 1873 3487 1937 tollebant,
3513 1882 3569 1927 et
3592 1874 3850 1928 sermoni-

545 1977 660 2020 stus
694 1965 1056 2032 illuminavit;
1087 1967 1345 2037 quoniam
1378 1968 1625 2022 invocato
1659 1967 1871 2022 Domini
1902 1967 2032 2022 Jesu
2056 1982 2154 2022 no-

549 2059 727 2122 mine,
765 2059 1094 2123 resurrexit,
1129 2059 1285 2128 cujus
1315 2070 1534 2115 sanatus
1562 2069 1645 2115 est
1675 2075 1920 2115 munere.
1954 2058 2148 2114 Susci-

546 2153 679 2205 tavit
711 2161 979 2206 mortuam
1011 2151 1238 2216 Petrus,
1269 2150 1518 2207 Christus
1555 2153 1921 2220 illuminavit;
1949 2163 2004 2208 et
2031 2153 2151 2210 ideo

547 2245 666 2296 ait:
712 2241 1028 2298 Illuminans
1084 2254 1140 2298 tu
1192 2245 1500 2300 mirabiliter
1555 2263 1586 2298 a
1639 2247 1896 2301 montibus
1947 2249 2153 2302 wternis

551 2332 726 2409 (Psal.
757 2351 867 2391 ιη
882 2350 936 2403 v,
967 2337 1046 2406 5).

624 2428 712 2483 il.
740 2427 851 2484 Nos
879 2430 1040 2499 igitur
1061 2429 1153 2500 qui
1182 2440 1396 2486 montes
1426 2445 1549 2487 esse
1573 2445 1680 2487 non
1710 2445 2020 2501 possumus,
2048 2441 2155 2487 ste-

553 2538 674 2577 mus
715 2524 765 2576 in
808 2524 1083 2580 montibus
1126 2525 1210 2580 vel
1254 2525 1308 2580 in
1355 2526 1625 2592 collibus;
1671 2535 1727 2580 ut
1773 2541 1894 2580 cum
1944 2526 2159 2582 miserit

553 2617 858 2689 piscatores
885 2634 1014 2674 suos
1044 2619 1305 2674 Dominus
1324 2662 1338 2686 ,
1367 2629 1417 2675 et
1452 2628 1741 2676 venatores
1762 2663 1775 2685 ,
1805 2629 1863 2676 ut
1893 2632 2157 2676 venentur

551 2725 646 2766 eos
669 2711 757 2781 qui
781 2726 944 2779 super
967 2699 1188 2768 omnem
1211 2721 1449 2768 moatem
1475 2722 1621 2779 sunt,
1647 2713 1728 2768 vel
1752 2727 1916 2782 super
1937 2729 2156 2768 omnem

548 2803 743 2858 collem
764 2844 778 2866 ,
814 2804 864 2858 id
895 2813 1008 2871 est,
1043 2805 1092 2858 in
1127 2804 1284 2876 Legis
1315 2814 1368 2861 et
1400 2805 1788 2876 prOphetarum
1821 2807 2112 2876 praeceptis
2139 2847 2153 2872 ,

551 2906 605 2950 et
637 2897 762 2952 novi
789 2907 842 2953 et
872 2899 1070 2954 veteris
1102 2899 1434 2956 Testamenti
1466 2899 1776 2971 cognitione
1806 2915 2027 2956 omnem
2062 2900 2157 2956 ha-

555 2987 747 3044 bentes
786 2991 1290 3057 conversationem,
1338 2992 1624 3047 inveniant
1667 3008 1764 3046 nos
1806 3004 2059 3062 paratos,
2103 3004 2157 3050 et

557 3080 706 3133 velut
737 3081 904 3135 bonas
947 3083 1207 3152 colligant
1245 3084 1424 3152 spicas
1445 3127 1460 3152 ,
1493 3094 1802 3154 opportuno
1833 3087 1983 3140 missi
2017 3103 2156 3142 mes-

558 3183 714 3225 sores
745 3183 1028 3243 tempore;
1063 3176 1190 3244 quia
1218 3176 1262 3230 si
1291 3177 1413 3245 quis
1443 3190 1598 3232 extra
1639 3187 1876 3232 montem
1913 3187 2006 3234 aut
2041 3182 2156 3235 col-

560 3263 668 3318 lem
698 3263 860 3318 fuerit
887 3276 1163 3336 repertus,
1197 3267 1376 3338 colligi
1406 3268 1554 3322 velut
1582 3269 1719 3324 bona
1747 3271 1892 3340 spica
1926 3287 2034 3327 non
2065 3288 2160 3343 ρο·
2188 3260 2232 3323 C

560 3356 690 3412 terit
716 3359 785 3411 ab
814 3358 880 3414 iis
899 3402 912 3424 ,
941 3360 1033 3429 qui
1064 3361 1157 3432 (ut
1185 3363 1612 3432 Comparationis
1647 3363 1907 3419 faciamus
1937 3367 2161 3424 alterius

565 3451 932 3520 mentionem)
985 3453 1222 3508 triticum
1267 3469 1296 3508 a
1345 3453 1514 3524 paleis
1556 3470 1810 3524 separare
1857 3459 2158 3514 mittentur.

564 3543 923 3598 Plurimarum
972 3545 1135 3616 igitur
1183 3549 1555 3616 operationum
1599 3550 1832 3606 solertes
1881 3553 2161 3609 ministros

564 3634 828 3691 Dominus
856 3637 1036 3694 habet.
1066 3638 1233 3694 Iidem
1263 3641 1594 3713 piscatores,
1622 3644 1783 3702 iidem
1811 3647 1973 3703 etiam
2000 3664 2163 3706 vena-

562 3736 710 3784 tores
740 3741 899 3797 sunt,
931 3740 1094 3802 atque
1125 3747 1420 3789 messores.

640 3824 725 3879 12.
757 3823 809 3878 Si
851 3825 903 3878 iu
945 3833 1187 3894 tempore
1225 3828 1452 3894 messis,
1480 3838 1504 3865 ἰ
1541 3845 1649 3900 quo
1685 3829 1992 3902 diriguntur
2032 3832 2158 3901 isti,

567 3919 748 3972 meriti
795 3928 1040 3974 maturus
1086 3931 1402 3989 exspectes.
1451 3923 1735 3978 salientem
1787 3925 1840 3979 in
1887 3927 2164 3982 montibus

567 4013 773 4091 poteris
801 4014 1030 4079 intueri,
1061 4023 1114 4070 et
1140 4014 1350 4070 videbis
1376 4015 1661 4072 Dominum
1702 4016 1887 4074 Jesum
1929 4021 2162 4077 similem

561 4106 852 4177 capreolo,
885 4119 976 4162 aut
1007 4108 1232 4162 hinnulo
1273 4123 1556 4164 cervorum
1601 4125 1764 4182 super
1804 4121 2017 4167 montes
2059 4113 2163 4169 Be-

564 4198 674 4251 thel
705 4195 880 4269 (Cant.
911 4213 980 4263 II,
1010 4199 1090 4267 9).
1125 4200 1261 4255 Salit
1302 4201 1445 4254 enim
1475 4217 1638 4270 super
1678 4200 1977 4258 Ecclesium
2001 4245 2014 4269 ,
2045 4219 2165 4275 qua:

563 4299 647 4342 est
673 4288 869 4343 domus
901 4292 1053 4358 panis
1079 4307 1092 4353 ;
1123 4306 1189 4344 eo
1219 4291 1364 4360 quod
1398 4291 1635 4346 fidelium
1667 4294 1831 4348 corda
1857 4295 2164 4352 confirmet.

564 4381 759 4437 Merito
789 4385 928 4437 sicut
959 4383 1213 4452 capreola
1238 4399 1254 4446 ;
1285 4384 1409 4452 quia
1439 4400 1633 4454 caprea
1662 4385 1716 4439 in
1753 4387 1878 4441 altis
1908 4389 2163 4455 pascitur.

566 4475 771 4530 Dorcas
814 4476 1014 4531 dicitur
1053 4491 1083 4529 a
1123 4475 1379 4530 videndo.
1421 4474 1450 4514 ι)
1484 4475 1786 4532 Dorcadion
1829 4479 1974 4534 enim
2020 4481 2170 4537 visus

567 4568 808 4621 auctoris
833 4576 937 4621 est.
969 4567 1108 4634 Quid
1134 4569 1342 4622 acutius
1372 4566 1623 4634 Christo,
1653 4570 1744 4640 qui
1776 4568 1993 4625 Patrem
2024 4573 2172 4628 videt

2256 1967 2354 2022 bus
2389 1967 2499 2022 odii
2547 1966 2959 2022 circumdabant
3004 1968 3377 2024 innocentem.
3431 1967 3619 2023 Bonus
3671 1982 3849 2024 cerrus

2256 2062 2396 2116 inter
2432 2059 2630 2114 multos
2670 2060 2924 2115 colubros
2961 2060 3169 2130 positus
3205 2076 3314 2114 non
3356 2060 3628 2125 timebat,
3668 2075 3849 2115 cervus

2253 2153 2540 2217 amicitias,
2584 2160 2638 2206 ct
2674 2151 2853 2222 pullus
2885 2152 3206 2222 gratiarum.
3245 2151 3586 2207 Simulabant
3627 2151 3850 2206 charita-

2256 2255 2398 2312 tem,
2427 2245 2725 2301 fundebant
2750 2245 3202 2301 obtrectationem
3229 2263 3242 2300 :
3275 2243 3388 2316 Ego
3415 2256 3623 2311 autem,
3657 2245 3847 2316 inquit,

2256 2341 2467 2395 orabam
2508 2337 2736 2411 (lbid.).
2779 2339 2960 2395 Bonus
3003 2354 3198 2396 cervus
3236 2339 3291 2395 in
3331 2339 3511 2395 medio
3548 2341 3849 2411 viperarum

2256 2432 2523 2489 innocuus
2562 2432 2905 2502 pascebatur.
2949 2432 3028 2488 llli
3069 2433 3308 2488 trisulcis
3342 2448 3436 2488 ora
3466 2433 3673 2503 linguis
3705 2434 3850 2488 mica-

2257 2525 2387 2582 bant
2415 2545 2428 2581 :
2461 2525 2606 2580 hunc
2653 2535 2834 2582 autem
2879 2536 3064 2582 saneta
3103 2525 3311 2598 1037
3344 2527 3603 2596 pascebat
3653 2527 3847 2590 oratio,

2259 2618 2427 2674 immo
2456 2619 2636 2673 cibum
2667 2619 3097 2674 obtrectantibus
3123 2619 3404 2674 offerebat.
3438 2618 3741 2689 Respondit
3762 2621 3849 2673 ob-

2260 2712 2617 2768 trectantibus
2635 2713 2734 2768 sibi
2759 2713 2978 2768 verbum
3003 2728 3018 2778 ;
3049 2713 3275 2767 verbum
3292 2711 3435 2766 enim
3459 2711 3613 2766 cibus
3638 2706 3750 2767 est.
3768 2711 3849 2766 De

2257 2807 2419 2876 nilne
2455 2825 2555 2861 non
2583 2808 2638 2860 in
2665 2824 2801 2879 pane
2829 2808 2938 2862 solo
2976 2808 3098 2860 uiuit
3133 2805 3284 2860 homo
3303 2847 3320 2873 ,
3348 2806 3438 2860 sed
3463 2807 3516 2860 in
3542 2808 3693 2860 omni
3719 2805 3850 2859 verba

2259 2900 2356 2955 Dei
2387 2900 2632 2974 (Matth,
2662 2899 2840 2970 Iv,4).
2871 2900 3127 2954 Viderunt
3156 2916 3266 2962 me,
3291 2899 3492 2968 inquit,
3525 2909 3572 2952 et
3599 2906 3850 2954 mouerunt

2259 2995 2430 3062 capita
2456 3010 2552 3048 sua
2586 2991 2770 3063 (Psal.
2800 3007 2970 3055 CVIII,
2995 2991 3116 3062 25).
3151 2989 3580 3057 Malediccbant,
3613 3005 3722 3060 ego
3769 3005 3849 3042 au-

2259 3095 2368 3140 tem
2414 3083 2822 3140 benedicebam.
2876 3082 3272 3139 Maledicebant
3307 3083 3399 3153 qui
3445 3082 3848 3138 obtrectabant:

2261 3177 2678 3242 benedicebam,
2709 3177 2800 3246 qui
2829 3177 3049 3232 verbum
3079 3176 3292 3232 Domini
3322 3176 3714 3245 prtedicabam.

2336 3271 2424 3324 M.
2457 3269 2629 3337 Quam
2670 3269 2868 3324 bonum
2916 3280 2997 3324 est
3042 3269 3185 3324 ferre
3212 3267 3518 3324 convicium
3544 3311 3560 3334 ,
3591 3277 3648 3323 et
3677 3268 3851 3324 convi-

2263 3362 2404 3417 cium
2452 3379 2558 3417 nou
2605 3361 2848 3417 referre?
2897 3361 3062 3416 Deum
3111 3361 3398 3431 praesulem
3448 3360 3716 3430 acquirit,
3773 3355 3852 3430 qui

2263 3455 2592 3513 convicianti
2634 3454 2805 3510 nescit
2846 3453 3030 3509 irasci.
3070 3453 3312 3523 Denique
3359 3462 3558 3523 quanta
3587 3452 3853 3523 patientia:

2264 3549 2432 3620 gratia
2487 3548 2719 3604 dicentis
2771 3564 2784 3601 :
2834 3545 3153 3600 Malediceut
3204 3546 3340 3615 ipsi,
3396 3553 3442 3598 et
3495 3554 3549 3598 tu
3605 3544 3856 3599 benedice:

2265 3641 2459 3713 (Ibid.,
2505 3641 2603 3710 2)?
2641 3641 2838 3695 Beatus
2867 3638 2960 3710 qui
2997 3637 3283 3693 maledicta
3315 3651 3420 3691 non
3449 3637 3636 3691 sentit.
3671 3637 3856 3691 Beatus

2265 3749 2422 3804 quem
2466 3731 2748 3787 maledicta
2791 3745 2897 3786 non
2943 3737 3279 3798 permovent.
3325 3727 3442 3783 Non
3489 3729 3636 3782 enim
3687 3734 3858 3798 potest

2267 3823 2553 3880 maledicto
2600 3822 2843 3890 moveri,
2882 3822 2972 3891 qui
3022 3821 3304 3876 nIalediCIa
3345 3818 3624 3874 hominum
3666 3817 3856 3872 divinte

2267 3933 2494 3973 munere
2535 3915 2931 3971 benedictionis
2976 3913 3231 3969 excludit.
3283 3910 3399 3966 NOII
3449 3921 3626 3980 potest
3664 3907 3858 3966 sentire

2269 4009 2638 4074 maledictum,
2658 4005 2750 4077 qui
2774 4005 2935 4060 habet
2960 4005 3216 4060 verbum;
3247 4014 3299 4058 ct
3328 4019 3433 4057 non
3467 4011 3644 4071 potest
3663 4003 3858 4057 referre

2269 4103 2638 4168 maledictum,
2669 4101 2755 4155 cui
2785 4103 2838 4154 in
2866 4114 2961 4154 ore
2988 4113 3205 4168 semper
3231 4105 3319 4152 est
3343 4096 3592 4152 verbum.

2344 4197 2430 4252 15.
2469 4195 2575 4252 Sed
2605 4204 2686 4250 est
2713 4193 2875 4249 etiam
2903 4191 3080 4246 bonus
3109 4203 3367 4260 serpens,
3412 4203 3574 4258 quem
3608 4189 3709 4243 iste
3755 4203 3860 4243 cer-

2269 4311 2368 4352 vus
2409 4311 2515 4349 non
2560 4294 2738 4348 laedat.
2773 4291 2950 4347 Estote
2972 4332 2986 4358 ,
3021 4290 3226 4358 inquit,
3257 4288 3413 4342 astuti
3456 4289 3587 4342 sicut
3613 4296 3860 4358 serpentes

2273 4387 2490 4458 (Matth.
2531 4402 2586 4450 x,
2623 4385 2735 4455 Hi).
2771 4385 2838 4439 Et
2867 4401 2880 4438 :
2910 4384 3056 4440 Sicut
3083 4382 3288 4454 Moyses
3315 4379 3558 4434 exaltabit
3583 4387 3860 4445 serpentem

2273 4480 2326 4532 in
2358 4479 2556 4532 deserto
2587 4492 2605 4530 :
2634 4477 2706 4530 ita
2731 4475 2949 4530 exaltari
2973 4484 3168 4547 oportet
3197 4471 3393 4527 Filium
3431 4471 3655 4525 hominis
3686 4469 3859 4543 (Joan.

2279 4588 2355 4638 III,
2409 4572 2515 4642 14).
2572 4569 2631 4624 ιη
2682 4579 2933 4638 serpente
2979 4584 3122 4624 aereo
3171 4568 3433 4638 figuratus
3459 4574 3542 4621 est
3577 4581 3732 4620 meus
3758 4579 3864 4618 ser-

565 4672 727 4727 quem
756 4658 900 4712 videt
929 4659 1137 4713 nemo?
1162 4659 1270 4714 Aut
1296 4659 1339 4713 si
1367 4659 1490 4730 quis
1521 4660 1654 4714 vidit
1687 4661 1738 4715 in
1769 4659 2018 4729 Christo,
2053 4663 2171 4735 ipse
2197 4679 2248 4738 ι)
2276 4680 2427 4736 peus.
2467 4663 2522 4718 III
2577 4662 2719 4732 ligno
2747 4662 2840 4716 illo
2869 4664 3134 4717 exaltatus
3164 4672 3247 4717 est
3291 4675 3444 4716 meus
3469 4673 3717 4730 serpens.
3745 4659 3863 4714 Ser-

567 4747 738 4804 Filius
759 4750 1040 4805 revelavit.
1060 4749 1250 4806 Merito
1270 4751 1409 4806 sicut
1431 4751 1686 4808 binnulus
1707 4769 1991 4810 cervorum
2013 4775 2025 4810 :
2054 4759 2174 4811 biu-

571 4844 732 4897 nulus
754 4843 907 4913 quasi
932 4843 1073 4897 filius
1091 4885 1104 4909 ,
1131 4843 1215 4898 cui
1237 4855 1475 4913 paternae
1498 4846 1783 4901 inoleverit
1809 4847 1892 4901 vis
1919 4859 2124 4905 naturae
2150 4869 2162 4914 ;

565 4944 623 4990 ut
644 4950 767 4991 eum
791 4937 1000 4994 occulta
1026 4951 1132 4992 non
1156 4937 1380 5003 lateant,
1401 4946 1684 5008 serpentes
1706 4938 1933 5009 fugiant,
1955 4958 2160 4999 venena

639 5082 666 5110 ι
696 5073 856 5128 Rom.
887 5072 1020 5128 edit.
1050 5073 1165 5130 sola
1186 5112 1200 5137 ,
1228 5090 1330 5144 quo
1361 5075 1659 5146 diriguntur
1690 5076 1774 5130 isti
1811 5084 2026 5142 metere,
2064 5094 2174 5132 ma-

563 5153 712 5198 turus
742 5155 1020 5215 εειρεσιεε.

639 5237 667 5274 δ
701 5237 845 5292 Edit.
886 5253 1106 5304 omnes,
1134 5236 1423 5293 Dorcadcan
1462 5238 1599 5292 enim
1646 5237 1785 5291 visus
1824 5239 2028 5292 acutior
2075 5251 2168 5296 est.

564 5309 696 5364 Mss.
749 5317 896 5380 tres,
942 5308 1282 5373 Dioraticon;
1328 5309 1588 5380 totidem,
1637 5307 2172 5380 Diorcation;quin-

561 5395 701 5449 quc,
746 5379 1119 5445 Diorcaticon;
1159 5397 1331 5446 unus,
1373 5379 1729 5445 Dorcaticon;
1763 5395 1868 5434 non
1909 5379 2050 5436 male
2075 5423 2090 5443 ,
2125 5384 2168 5437 si

562 5450 1008 5517 subintelligatnr
1045 5467 1214 5519 genus
1260 5453 1345 5506 vel
1393 5451 1616 5505 animal.
1659 5450 1790 5504 Nam
1835 5467 2027 5506 omnes
2072 5453 2168 5507 ha-

561 5521 692 5575 bent
714 5563 728 5580 ,
761 5522 899 5575 risus
935 5523 1180 5576 acutioris
1214 5533 1304 5576 est.
1346 5525 1594 5576 Attamen
1623 5524 1752 5591 quin
1786 5522 2069 5591 legendum
2099 5527 2169 5578 sit

561 5591 860 5667 δρρκάδιον.
886 5593 938 5646 id
976 5603 1096 5658 est,
1135 5596 1434 5667 capt-colus,
1472 5593 1683 5667 dubitet
1719 5609 1914 5667 nemo,
1953 5597 2043 5664 qui
2080 5611 2170 5650 se-

562 5663 700 5717 riem
743 5665 901 5732 paulo
939 5663 1203 5718 attentius
1232 5665 1551 5735 iIISpexerit.
1581 5663 1788 5718 Rursus
1817 5665 1906 5719 ubi
1935 5663 2069 5720 edit.
2102 5682 2165 5722 ac

562 5747 694 5808 mss.
728 5735 967 5808 aliquot,
1001 5735 1145 5808 Quid,
1171 5737 1266 5789 hoc
1295 5737 1466 5806 aptius
1496 5735 1733 5808 Christo,
1764 5736 1846 5808 vel
1878 5745 1933 5808 ut
1961 5737 2162 5808 aliqui,

563 5802 834 5925 (ἐήϐζινὶειό
851 5806 876 5859 ?
908 5802 1234 5876 Aliimajori
1267 5802 1494 5863 numero
1523 5805 1761 5863 habent:
1797 5805 1936 5871 Quid
1965 5802 2164 5864 acutius

645 5887 767 5925 rIsta
790 5879 812 5897 ⁰
901 5876 923 5893 ⁸

645 5877 767 5930 rista
790 5879 812 5897 ⁰
901 5876 923 5893 ⁸

2282 4774 2414 4830 pens
2461 4757 2655 4820 bonus,
2689 4756 2864 4810 bonus
2911 4770 3158 4825 serpens,
3187 4755 3278 4823 qui
3322 4753 3392 4810 de
3431 4768 3525 4808 ore
3569 4769 3670 4808 suo
3700 4765 3867 4808 reme-

2274 4852 2384 4916 dia,
2426 4866 2532 4907 non
2576 4866 2779 4906 venena
2822 4847 3095 4905 fundebat.
3138 4847 3325 4903 Potest
3374 4861 3482 4902 non
3521 4848 3713 4902 timere
3753 4860 3864 4900 scr-

2273 4955 2490 5014 pentes,
2537 4945 2627 5015 qui
2663 4945 2806 5000 hunc
2848 4943 2996 4998 novit
3028 4942 3258 4998 adorare
3301 4950 3630 5010 serpentem.
3664 4939 3741 4995 De
3772 4937 3865 4992 hoc

2355 5093 2376 5119 ε
2413 5081 2639 5137 Videtur
2670 5084 2774 5136 hoc
2799 5082 2920 5136 loco
2949 5079 3272 5134 Ambrosius
3303 5088 3488 5134 noster
3531 5078 3778 5135 alludere
3804 5075 3865 5146 ad

2277 5167 2494 5210 versum
2527 5155 2678 5209 illum
2699 5169 2729 5209 e
2761 5153 2853 5208 lib.
2888 5167 2944 5207 III
2971 5150 3168 5220 Georg.
3200 5151 3268 5206 de
3298 5159 3593 5218 serpente:

2492 5243 2872 5306 Tollentemque
2896 5241 3075 5302 minas,
3102 5248 3154 5290 et
3175 5239 3313 5292 sibila
3335 5238 3458 5290 colla
3483 5246 3776 5290 tumentem.

2277 5345 2383 5400 Sed
2423 5345 2560 5400 infra
2604 5345 2765 5401 etiam
2808 5342 3148 5398 manifestius
3190 5341 3368 5399 reddit
3405 5343 3570 5397 alium
3606 5342 3766 5398 istum
3805 5355 3865 5396 ex

2275 5418 2464 5472 eodem
2498 5417 2636 5472 libro
2663 5435 2674 5468 :

2490 5509 2686 5558 Arduus
2711 5505 2768 5555 ad
2790 5504 2964 5567 solem,
2988 5519 3039 5556 et
3059 5506 3234 5570 linguis
3256 5506 3401 5555 micat
3423 5516 3507 5554 ora
3533 5503 3759 5554 trisulcis.

2274 5590 2475 5645 Micare
2517 5599 2691 5645 autem
2742 5589 2884 5644 idem
2926 5600 3009 5644 est
3049 5605 3110 5645 ac
3146 5589 3440 5657 producere
3477 5597 3533 5642 et
3569 5589 3864 5651 reducere,

2272 5673 2486 5731 sumpta
2517 5661 2832 5730 metaphora
2860 5677 2926 5716 ex
2951 5662 3185 5728 quodam
3217 5660 3320 5714 ludi
3350 5675 3582 5731 genere,
3610 5661 3756 5731 quod
3777 5675 3869 5731 ex-

2274 5729 2441 5787 tensis
2465 5744 2518 5788 et
2543 5729 2835 5787 contractis
2858 5731 3040 5802 digitis
3061 5729 3387 5787 exercebant
3412 5748 3426 5797 ;
3455 5731 3520 5786 de
3536 5729 3648 5802 quo
3673 5729 3868 5802 vitlesis

2271 5805 2484 5860 Erasmi
2526 5804 2725 5872 Adagia
2771 5794 2946 5856 chilﬁ
2971 5843 2985 5867 ,
3025 5811 3169 5859 cent.
3200 5802 3264 5868 8,
3305 5794 3498 5872 adagio
3525 5794 3596 5856 27
3624 5818 3637 5858 :
3669 5794 3866 5870 Digna}

2269 5878 2478 5945 quicum
2506 5874 2556 5928 in
2589 5872 2808 5926 tenebris
2836 5873 3010 5928 mices.

3912 88 3915 228 ι

3931 852 3937 1062 ς

3932 1069 3941 1226 χι

3941 1234 3945 1372 ιι

3945 1462 3951 1602 i
