4070 6464
155 410 307 466 19.75

1277 403 1342 460 ΙΝ
1382 401 1706 462 PSALMUM
1742 397 1950 460 CXVIII
1990 401 2376 460 EXPOSITIO.

3332 404 3471 461 127‘

153 533 423 596 serpente
447 524 580 580 dicit
607 524 696 580 illa
716 537 835 595 qua:
861 520 1035 593 diligit
1063 536 1076 574 :
1105 517 1240 575 Ecce
1268 520 1348 574 hic
1377 530 1491 592 post
1522 519 1764 592 parietem
1791 519 1844 581 Α
1869 535 1992 576 cum
2019 518 2218 577 dicitur
2249 521 2422 593 (Cant.
2456 537 2493 586 ι,
2527 521 2582 596 1)
2617 540 2632 578 :
2671 523 2948 578 Osculetur
2975 539 3056 578 me
3078 523 3140 578 ab
3170 525 3346 579 osculo
3369 523 3475 578 oris

153 627 428 685 nostrum,
471 617 790 688 prospiciens
835 632 925 686 per
957 617 1232 686 fenestras,
1257 615 1484 669 eminens
1510 631 1663 684 super
1691 629 1773 668 re—

152 713 256 768 tia.
295 711 590 784 Respondet
628 711 964 766 consobrinus
989 726 1130 765 meus
1165 718 1211 763 et
1237 708 1359 762 dicit
1385 708 1509 763 mihi
1531 724 1550 762 :
1580 707 1794 781 Surge,

153 805 277 858 veni
301 845 316 868 ,
346 806 586 874 proxima
612 820 722 858 mea
740 846 752 868 ,
784 809 1014 876 formosa
1045 820 1156 856 mea
1175 845 1190 870 ,
1217 801 1451 857 columba
1477 819 1625 868 mea;
1653 803 1774 872 quia

151 912 276 952 ecce
311 895 494 968 Ityems
523 899 805 966 pmteriit,
833 897 991 952 imber
1018 898 1178 963 abiit,
1205 897 1440 952 discessit
1460 895 1556 950 sibi
1577 940 1592 964 ,
1616 898 1770 967 ﬂores

151 989 255 1043 risi
298 999 420 1043 sunt
458 991 511 1043 in
550 1000 688 1044 terra
721 988 898 1058 (Cant.
923 1005 993 1054 ιι,
1033 989 1228 1058 9,12).
1266 988 1501 1058 Serpens
1530 987 1770 1058 profecto

151 1090 276 1147 est,
337 1082 432 1153 qui
459 1081 685 1137 decursa
715 1081 938 1154 hyeme,
968 1080 1166 1136 amictu
1196 1081 1440 1152 corporis
1469 1094 1528 1135 se
1555 1080 1773 1136 volebat

153 1189 408 1240 exuere,
450 1183 510 1229 ut
549 1175 802 1245 specioso
836 1175 1035 1230 decore
1059 1182 1328 1228 vernaret.
1359 1171 1503 1227 Idem
1533 1187 1662 1243 ergo
1688 1183 1772 1228 est

149 1287 365 1329 cervus
404 1283 460 1330 et
509 1289 759 1344 serpens.
799 1275 1002 1330 Cervus
1045 1273 1247 1330 habens
1283 1289 1486 1328 cornua
1518 1273 1678 1343 Legis
1716 1283 1771 1330 et

149 1368 356 1435 gratiae
405 1366 644 1440 (cornua
694 1370 814 1439 ejus
853 1368 960 1424 duo
1008 1377 1136 1424 sunt
1178 1368 1562 1438 Testamenta)
1611 1369 1768 1424 velox

152 1474 385 1531 gressu,
419 1461 647 1532 impiger
675 1462 910 1526 incessu,
933 1463 1024 1532 qui
1055 1471 1225 1516 totum
1252 1461 1408 1516 facile
1429 1461 1616 1516 orbem
1648 1476 1768 1531 per-

155 1566 353 1610 currat
402 1571 509 1610 uno
554 1565 857 1620 momento,
891 1556 1093 1626 ubique
1123 1555 1482 1612 celebrabilis.
1532 1557 1770 1626 Serpens

157 1662 391 1719 quoque
440 1648 645 1716 bonus,
693 1649 849 1720 cujus
891 1649 1071 1719 priora
1097 1649 1263 1704 dente
1291 1648 1451 1720 Legis
1482 1663 1587 1703 non
1619 1664 1767 1704 mor-

158 1739 374 1806 deant,
410 1741 709 1809 posteriora
752 1757 860 1797 non
894 1741 1179 1798 vulnerent
1209 1741 1487 1812 Evangelii
1521 1741 1765 1796 lenitate.

152 1830 338 1901 Caput
368 1832 610 1888 defendit
635 1849 664 1887 a
697 1834 944 1902 vulnere,
983 1835 1076 1906 qui
1105 1835 1301 1906 Legem
1333 1835 1483 1890 venit
1522 1851 1627 1889 non
1660 1836 1763 1890 sol-

1875 612 2004 684 sui),
2029 614 2231 670 deinde
2250 630 2436 685 preces
2462 616 2688 688 Sponsa:
2712 616 3110 689 blanditiasque
3127 634 3234 673 non
3258 633 3478 688 spreve-

1874 707 1967 773 rit,
1997 706 2192 764 dilecta
2218 709 2319 765 sibi
2350 710 2515 765 ubera
2546 710 2917 782 prtedicanlis,
2947 720 3108 782 atque
3135 711 3187 766 in
3218 712 3476 766 interiora

1874 801 2069 856 domus
2117 817 2235 856 eam
2281 801 2548 874 benignus
2587 805 2902 871 induxerit;
2933 805 3167 877 denique
3199 814 3472 877 tamquam

1874 891 2174 948 lascivienti
2227 892 2417 949 ludens
2447 910 2632 951 amore
2659 939 2673 963 ,
2703 897 2828 968 quia
2858 897 2990 953 velit
3013 905 3324 968 pertentare
3345 913 3478 952 seu.

1871 999 1966 1040 sus
1994 985 2248 1048 amantis,
2287 999 2433 1055 stupe
2460 1001 2712 1056 egressus
2744 997 2800 1042 ut
2822 999 3160 1058 quaereretur
3186 1003 3216 1042 a
3239 991 3447 1056 Sponsa
3465 1030 3479 1053 ,

1873 1094 2018 1150 scepc
2043 1095 2322 1152 regressus
2349 1089 2409 1135 ut
2439 1081 2761 1136 invitaretur
2781 1083 2847 1136 ad
2869 1083 3076 1150 oscula,
3104 1083 3333 1138 astiterit
3358 1092 3479 1152 post

1875 1174 2134 1244 parietem
2162 1217 2176 1240 ,
2210 1174 2548 1246 prospexerit
2580 1189 2676 1245 per
2707 1173 2970 1230 fenestras
2991 1217 3007 1242 ,
3037 1177 3287 1233 eminens
3313 1189 3480 1246 super

1872 1269 2036 1334 retia;
2068 1279 2126 1323 ut
2155 1283 2260 1323 non
2304 1278 2450 1324 totus
2471 1268 2708 1334 abesset,
2741 1283 2840 1324 nec
2868 1269 3021 1340 quasi
3050 1279 3190 1324 tctus
3228 1271 3477 1335 intraret,

1871 1371 1923 1418 et
1952 1361 2069 1430 ipse
2096 1363 2161 1417 ad
2194 1378 2253 1418 se
2281 1363 2546 1434 Sponsam
2582 1372 2832 1428 vocaret,
2861 1372 2919 1416 ut
2953 1363 3200 1418 veniendi
3224 1364 3288 1418 ad
3317 1378 3374 1419 se
3398 1364 3479 1418 in-

1870 1455 2046 1512 vicem
2073 1457 2264 1512 fierent
2281 1458 2516 1529 gratiora
2535 1458 2881 1521 commercia,
2896 1457 3206 1528 amorisque
3226 1459 3333 1511 vim
3359 1473 3478 1512 mu-

1874 1547 1979 1602 tuis
2019 1546 2048 1584 b
2079 1547 2365 1603 adolerent
2406 1547 2750 1602 sermonibus
2780 1565 2792 1600 :
2831 1545 3086 1619 Exsurge,
3119 1548 3322 1617 inquit,
3343 1551 3481 1611 veni,

1871 1641 2108 1711 proxima
2128 1657 2259 1704 mea,
2282 1646 2507 1708 formosa
2528 1658 2662 1707 mea,
2685 1641 2921 1696 columba
2946 1659 3057 1696 mea
3080 1639 3256 1714 (Cant.
3282 1657 3343 1710 ιι,
3364 1640 3475 1712 10).

1944 1733 2032 1789 19.
2064 1734 2130 1789 Et
2161 1743 2216 1789 tu
2243 1735 2287 1790 si
2327 1734 2528 1790 habeas
2557 1733 2841 1790 fundatum
2867 1735 3155 1806 parietem,
3187 1749 3292 1790 non
3326 1734 3478 1789 illum

1871 1826 2106 1882 medium
2135 1827 2225 1896 qui
2257 1826 2452 1880 domus
2485 1827 2644 1880 unius
2671 1836 2888 1897 separet
2929 1825 3193 1888 membra,
3221 1824 3318 1881 sed
3353 1824 3478 1880 mdi-

154 1938 293 1978 vere
319 1965 335 1987 ,
385 1923 480 1978 sed
531 1925 668 1981 tueri
719 1926 788 1982 ab
834 1925 1371 1996 interpretationibus
1415 1926 1765 1994 perfidorum.
1801 1919 1850 1980 B
1878 1921 2091 1976 ﬂeatum
2121 1936 2282 1992 supra
2327 1919 2732 1976 fundamentum
2762 1921 3131 1991 apostolorum
3162 1927 3217 1974 et
3246 1921 3480 1990 prophe-

151 2013 408 2070 Caudam
438 2015 493 2072 in
526 2017 740 2088 ﬂagella
769 2018 1022 2074 diffundit
1051 2020 1302 2085 liberam,
1326 2021 1550 2089 cupiens
1570 2021 1766 2076 adver-

155 2108 340 2163 sarius
391 2110 563 2180 magis
607 2109 902 2180 flagellare,
933 2127 1094 2182 quam
1125 2112 1372 2182 perdere.
1417 2113 1598 2168 Bonus
1621 2113 1771 2168 colu-

154 2199 258 2256 ber
306 2201 362 2254 in
397 2202 662 2271 gremium
707 2203 953 2267 dilectm,
981 2214 1145 2276 atque
1176 2205 1228 2259 in
1262 2205 1438 2274 ipsum
1468 2205 1672 2260 intimae
1697 2205 1770 2260 si-

157 2308 292 2348 num
341 2299 544 2350 mentis
583 2295 757 2352 facilis
802 2297 1044 2352 illabitur
1065 2337 1080 2362 ,
1109 2307 1159 2352 et
1190 2306 1390 2354 attactu
1419 2300 1568 2353 nullo
1595 2299 1772 2370 impli-

155 2397 292 2438 cans
318 2385 500 2455 ignem
531 2388 768 2454 ossibus,
798 2388 1096 2457 praecordia
1123 2390 1235 2458 ipsa
1259 2389 1588 2457 depascitur.

234 2477 325 2531 16.
380 2484 411 2514 ⁸ι
441 2477 675 2534 Pulchre
716 2479 915 2533 lectum
963 2491 1044 2534 est
1094 2479 1293 2535 hodie:
1327 2480 1460 2536 Ecce
1498 2498 1590 2551 ego
1630 2482 1774 2535 mitto

158 2584 247 2622 vos
275 2569 412 2622 sicut
435 2587 595 2641 agnos
620 2573 675 2624 in
702 2571 872 2626 medio
895 2572 1138 2640 luporum
1162 2572 1376 2644 (Matth.
1397 2590 1451 2637 χ,
1478 2574 1590 2644 16).
1616 2573 1773 2628 Cele-

161 2659 393 2714 bramus
410 2661 556 2715 enim
579 2661 720 2716 diem
744 2673 1054 2717 sanctorum
1081 2679 1186 2734 quo
1209 2666 1445 2720 revelata
1469 2677 1593 2719 sunt
1610 2681 1777 2736 popu-

161 2750 233 2804 lis
247 2765 483 2820 corpora
496 2763 808 2807 sanctorum
824 2765 1141 2825 martyrum,
1157 2755 1249 2824 qui
1263 2756 1407 2810 velut
1425 2755 1548 2810 boni
1562 2772 1778 2826 serpen-

162 2849 271 2906 tes,
303 2841 576 2909 depositis
604 2844 783 2898 carnis
811 2846 1037 2910 exuviis,
1071 2846 1420 2902 teutalionuui
1450 2847 1778 2916 liyemalium

161 2933 347 3001 rigore
365 2944 652 3001 superato,
673 2944 727 2988 et
755 2935 986 3005 Spiritus
1008 2938 1182 2992 sancti
1203 2939 1444 2993 renovati
1463 2939 1654 3007 gratia,
1681 2955 1783 2995 tes-

161 3026 270 3081 tiva
289 3025 504 3080 mundo
524 3027 642 3081 lucc
666 3027 950 3091 fulserunt,
966 3028 1117 3082 missi
1132 3045 1281 3094 vere,
1298 3042 1354 3085 ut
1369 3031 1513 3100 agni,
1533 3032 1582 3085 in
1603 3031 1782 3087 medio

163 3116 442 3186 luporum.
486 3117 619 3187 Lupi
646 3128 772 3174 sunt
795 3119 936 3174 enim
976 3132 1382 3189 persecutores,
1401 3123 1508 3192 lupi
1529 3133 1655 3178 sunt
1672 3123 1782 3178 hm-

166 3207 325 3262 retici
356 3223 550 3264 omnes
577 3228 589 3262 :
620 3210 818 3266 docere
845 3213 1114 3279 nesciunt,
1135 3215 1341 3270 ululare
1359 3225 1776 3273 consueverunt.

1873 2024 2092 2081 tarum;
2143 2023 2203 2068 ut
2249 2014 2624 2084 compaginata
2680 2013 2798 2085 ejus
2843 2021 3113 2068 structura
3161 2019 3374 2067 crescat
3423 2009 3478 2066 in

1874 2108 2153 2177 templum,
2184 2122 2286 2162 nec
2313 2106 2655 2162 disterminet
2685 2107 2806 2178 ejus
2845 2106 3078 2169 interna,
3105 2103 3201 2160 sed
3233 2104 3479 2158 muniat:

1875 2200 1920 2255 si
1963 2199 2165 2255 habeas
2205 2215 2334 2270 ergo
2362 2200 2415 2254 in
2445 2208 2499 2255 te
2527 2199 2943 2254 mdificationem
2973 2197 3102 2264 Dei,
3128 2207 3181 2252 et
3208 2197 3274 2251 ad
3301 2198 3484 2252 orien-

1878 2304 1985 2351 tem
2025 2304 2244 2366 pateant
2292 2309 2508 2364 semper
2550 2293 2804 2350 fenestrae
2844 2304 2985 2356 tute.
3033 2292 3180 2348 venit
3223 2290 3482 2356 Verbum,

1877 2397 1984 2442 stat
2032 2395 2156 2457 post
2204 2397 2352 2440 tuum
2403 2385 2670 2454 parietem
2721 2385 2880 2455 (oculi
2915 2383 3060 2439 enim
3094 2381 3301 2436 Domini
3327 2397 3483 2452 super

1870 2479 2064 2552 justas)
2083 2479 2250 2547 (Psal.
2283 2495 2472 2546 χχχιιι,
2490 2479 2602 2548 16),
2627 2479 2888 2550 prospicit
2916 2493 3014 2548 per
3040 2477 3311 2533 fenestras
3339 2485 3478 2531 tuas.

1947 2575 2042 2630 20.
2090 2574 2222 2643 Qua:
2271 2583 2395 2628 sunt
2435 2572 2689 2628 fenestrae
2718 2573 2868 2627 istae?
2900 2571 3151 2641 Legimus
3179 2569 3482 2634 fenestras,

1879 2668 1947 2722 de
1991 2668 2188 2739 quibus
2232 2667 2363 2722 dicit
2405 2667 2704 2722 Hieremias
2737 2684 2750 2718 :
2787 2663 3008 2718 Intravit
3039 2679 3176 2716 mors
3203 2678 3292 2731 per
3343 2660 3485 2729 fene-

1883 2758 2241 2831 stras(Jerem.
2273 2775 2355 2822 ιχ.
2381 2757 2496 2828 21),
2524 2774 2620 2826 per
2640 2771 2775 2827 quas
2799 2754 3019 2810 intravit
3042 2752 3288 2815 avaritia,
3314 2751 3483 2804 intra-

1883 2851 1959 2906 vit
1981 2851 2168 2905 libido.
2195 2849 2400 2904 Oculus
2431 2861 2554 2903 tuus
2586 2850 2818 2902 fenestra
2848 2855 2952 2911 est,
2978 2844 3192 2900 intravit
3221 2855 3367 2897 mors
3390 2855 3488 2910 per

1883 2943 2099 2998 oculum
2133 2953 2305 2997 tuum.
2338 2941 2396 2997 Si
2426 2941 2628 2996 videris
2672 2938 2954 2993 mulierem
3001 2935 3068 2990 ad
3098 2933 3486 3002 concupiscen-

1883 3035 2012 3090 dum
2052 3051 2204 3102 eam,
2235 3035 2456 3089 intravit
2486 3047 2634 3088 mors
2669 3047 2763 3102 per
2805 3031 3020 3086 oculum
3051 3039 3220 3084 tuum.
3250 3026 3306 3080 Si
3337 3025 3489 3080 vidc-

1882 3131 1958 3184 ris
1988 3129 2388 3201 possessionem
2426 3127 2602 3183 vidua:
2641 3128 2722 3182 vel
2755 3126 2980 3180 minoris
3004 3166 3020 3190 ,
3051 3132 3107 3178 et
3144 3121 3490 3191 concupieris

1882 3221 2157 3286 invadere,
2189 3220 2520 3276 indefensum
2550 3228 2745 3289 putans
2772 3228 2984 3273 aetatem
3017 3230 3159 3282 esse,
3183 3214 3263 3269 vel
3291 3227 3485 3268 sexum

249 3300 585 3372 103817.
636 3302 741 3358 Sed
786 3319 947 3358 nemo
991 3313 1289 3373 moveatur,
1320 3309 1363 3362 si
1395 3310 1446 3362 iu
1485 3309 1666 3365 medio
1696 3311 1774 3364 lu-
1799 3305 1844 3367 C
1879 3315 1996 3386 (sed
2049 3331 2156 3370 non
2212 3323 2339 3369 sunt
2387 3311 2694 3377 indefensi,
2733 3326 2871 3381 quos
2913 3309 3174 3365 Dominus
3215 3307 3330 3361 vult
3365 3319 3488 3361 esse

172 3407 370 3460 porum
419 3390 670 3446 mittitur.
706 3394 979 3450 Beneficio
1010 3397 1210 3452 Christi
1243 3408 1296 3454 et
1323 3400 1480 3469 lupus
1512 3400 1629 3470 ipse
1657 3419 1775 3458 mu-

173 3491 316 3538 tatus
365 3496 472 3538 est.
520 3485 802 3554 Benjamin
850 3487 1006 3556 lupus
1052 3503 1216 3557 rapax
1260 3493 1538 3560 apostolus
1580 3492 1776 3550 Paulus

171 3576 350 3632 factus
395 3589 508 3640 est,
553 3595 659 3644 non
694 3581 802 3650 jam
851 3581 1134 3637 insidiator
1163 3584 1388 3640 ovilium
1413 3586 1644 3651 Christi,
1676 3590 1773 3644 sed

171 3670 437 3727 defensor
463 3682 516 3726 et
543 3683 748 3728 custos.
780 3674 916 3730 Cum
946 3675 1050 3731 lioc
1081 3677 1206 3747 lupo
1241 3681 1446 3734 versari
1475 3681 1606 3737 libet
1633 3697 1646 3734 :
1681 3697 1776 3751 per

173 3763 317 3819 hunc
347 3764 554 3834 lupum,
584 3767 785 3821 factum
808 3777 891 3823 est
917 3775 976 3822 ut
1005 3771 1176 3826 simus
1207 3771 1304 3824 tuti
1335 3773 1386 3826 iu
1417 3772 1597 3828 medio
1623 3775 1778 3842 lupo-

172 3870 313 3910 rum.
371 3855 541 3912 Nemo
581 3859 692 3927 jam
739 3870 956 3914 veretur
990 3861 1166 3930 lupos,
1213 3878 1332 3916 cum
1367 3863 1450 3916 bis
1483 3866 1773 3934 pascimur,

171 3947 314 4004 sicut
340 3951 605 4020 scriptum
633 3960 716 4007 est
748 3971 759 4005 :
799 3952 942 4006 Tunc
966 3954 1076 4024 lupi
1097 3967 1144 4008 et
1171 3958 1293 4026 agni
1319 3957 1476 4012 simul
1507 3970 1778 4026 pascentur

178 4041 354 4113 (Esai.
383 4061 514 4110 va,
546 4045 662 4118 25).

247 4138 333 4192 18.
371 4138 554 4212 (Vcrs.
603 4141 718 4212 42.)
759 4141 864 4199 Sed
902 4143 1014 4213 jam
1067 4144 1479 4200 consideremus
1527 4145 1656 4213 quid
1710 4147 1779 4200 sit

171 4231 316 4301 quod
351 4233 429 4286 ait
454 4232 725 4302 Propheta
758 4254 769 4286 :
805 4234 873 4289 Et
900 4253 962 4289 ne
997 4241 1205 4304 auferas
1236 4238 1300 4292 de
1325 4254 1414 4291 ore
1439 4254 1549 4292 meo
1574 4241 1781 4292 verbum

174 4324 406 4377 veritatis
428 4341 792 4395 usquequaque
807 4328 958 4392 ;quia
981 4329 1034 4380 in
1051 4328 1272 4398 judicit's
1293 4330 1392 4381 tuis
1402 4327 1778 4399 superspei'aui.

175 4417 401 4472 Viderat
433 4417 675 4473 Ecclesia
711 4420 792 4473 vel
825 4421 1006 4474 anima
1027 4420 1156 4490 justi
1187 4421 1468 4476 salientem
1499 4423 1637 4477 sicut
1659 4422 1780 4477 hiu—

177 4511 368 4568 nulum
425 4526 592 4583 super
642 4521 886 4578 montes,
920 4525 1144 4583 repente
1174 4515 1478 4584 proximum
1511 4516 1781 4584 aspiciens

179 4617 302 4674 post
341 4605 604 4676 parietem
641 4605 834 4661 domus
860 4620 1005 4674 suae,
1048 4608 1465 4678 prospicientem
1491 4625 1585 4678 per
1609 4611 1780 4664 fenes-

1877 3405 2160 3478 defensos)
2193 3406 2411 3461 intravit
2442 3420 2589 3460 mors
2617 3419 2713 3474 per
2738 3407 3051 3458 fenestram.
3085 3400 3140 3456 Si
3174 3398 3372 3453 videris
3391 3397 3488 3452 de-

1876 3514 2061 3555 corem
2094 3498 2361 3565 mulieris,
2390 3506 2482 3552 aut
2513 3497 2799 3552 thesauros
2829 3495 3078 3560 minoris,
3112 3501 3166 3546 et
3192 3501 3312 3545 tuas
3341 3489 3491 3544 exci-

1879 3595 2082 3650 taveris
2100 3591 2695 3664 cupiditates,'intravit
2727 3605 2878 3644 iners
2903 3603 2996 3657 per
3022 3586 3338 3641 fenestram.
3371 3581 3490 3638 Sic.-

1879 3695 1939 3742 ut
1983 3703 2114 3757 ergo
2159 3701 2257 3756 per
2307 3684 2423 3740 haec
2455 3685 2620 3738 intrat
2652 3697 2799 3738 mors
2821 3725 2835 3749 ,
2871 3683 3035 3736 intrat
3061 3689 3116 3735 et
3145 3681 3276 3733 vita.
3306 3677 3365 3732 Si
3395 3676 3492 3732 de-

1877 3793 2060 3834 corem
2104 3789 2126 3816 ο
2159 3777 2352 3847 puellm
2379 3775 2648 3846 aspiciens
2673 3790 2864 3838 sacrm,
2893 3773 3166 3829 venereris
3200 3770 3487 3825 Dominum

1879 3872 2085 3935 Jesnm,
2117 3871 2260 3943 quod
2287 3871 2340 3924 in
2365 3869 2566 3925 teneris
2597 3870 2754 3923 annis
2780 3868 2985 3922 venerit
3015 3877 3148 3921 artas
3168 3863 3485 3926 senectutis,

1881 3967 1986 4020 vita
2011 3965 2356 4020 immaculata
2389 3982 2403 4018 :
2438 3973 2494 4020 et
2518 3963 2633 4032 ipse
2659 3962 2872 4034 1039
2899 3962 3064 4016 filiam
3098 3970 3244 4014 tuam
3265 3955 3485 4021 offeras,

1882 4067 1942 4112 ut
1967 4059 2057 4126 pio
2081 4065 2437 4112 consecretur
2460 4055 2726 4110 velamine
2757 4070 2771 4116 ;
2802 4055 2846 4105 si
2881 4050 3284 4121 possessionem
3315 4047 3490 4100 niino~

1884 4151 1962 4204 ris
2009 4165 2114 4203 non
2170 4158 2440 4218 tamquam
2489 4146 2759 4201 sollicitus
2808 4145 3027 4198 invasor
3077 4141 3342 4210 aspicias,
3392 4139 3487 4193 sed

1883 4243 2035 4312 quasi
2081 4255 2277 4311 parens
2325 4240 2545 4295 sedulus
2587 4240 2845 4308 religioso
2884 4237 3086 4291 tuearis
3130 4235 3360 4299 affectu;
3390 4247 3488 4303 per

1888 4336 1984 4390 has
2015 4335 2282 4392 fenestras
2331 4333 2594 4405 prospicit
2614 4331 2864 4388 Christus
2886 4373 2900 4397 ,
2927 4338 2984 4384 ut
3013 4337 3170 4384 vocet
3196 4329 3486 4396 Sponsam,

1889 4432 2112 4490 eminens
2141 4445 2295 4500 super
2324 4429 2474 4483 retia.

1957 4521 2048 4578 21.
2096 4523 2242 4578 Bene
2273 4526 2500 4576 eminens
2528 4563 2542 4585 ,
2571 4521 2696 4592 quia
2737 4520 2888 4574 solus
2914 4526 2996 4572 est
3024 4530 3184 4588 quem
3214 4513 3348 4570 retia
3381 4528 3487 4568 non

1887 4614 2215 4670 involverint
2266 4622 2633 4684 peccatorum.
2687 4613 2886 4667 Omnes
2935 4611 3073 4665 intra
3115 4608 3250 4663 retia
3290 4614 3487 4671 erant,

184 4707 296 4752 tras
321 4740 336 4763 ,
385 4697 719 4753 eminentem
763 4714 926 4769 super
968 4701 1100 4754 retia
1127 4742 1142 4766 ,
1185 4702 1417 4756 exsultat
1463 4712 1517 4758 et
1555 4703 1781 4774 gaudet;
1811 4700 1866 4760 D
1892 4707 2058 4764 immo
2078 4707 2257 4764 adhuc
2288 4708 2426 4762 intra
2457 4707 2594 4763 retia
2625 4722 2811 4760 sumus
2831 4746 2845 4769 ,
2877 4705 3001 4776 quia
3035 4717 3194 4758 nemo
3215 4701 3333 4755 sine
3360 4714 3488 4770 pec-

181 4789 304 4858 quia
349 4791 512 4844 etiam
556 4790 671 4860 ipsa
718 4803 932 4866 amatur
975 4807 1004 4846 a
1032 4792 1400 4862 Sponsozqui
1436 4803 1784 4865 tamquamet

179 4881 293 4948 ipse
317 4883 639 4937 vulneratus
665 4882 943 4938 charitatis
968 4885 1190 4950 decore,
1219 4884 1431 4941 dilectae
1461 4887 1634 4954 primo
1660 4903 1783 4940 cum

176 4973 423 5042 abesset,
466 4974 534 5029 ad
587 4975 771 5030 oscula
820 4985 1040 5047 rogatus
1085 4976 1320 5032 adfuerit
1362 4979 1607 5048 (rogatur
1635 4981 1780 5035 enim

250 5141 277 5169 ιι
303 5128 440 5184 Cum
472 5130 555 5183 lue
583 5144 764 5196 voces,
799 5131 1032 5186 Gervasii
1063 5144 1109 5186 et
1130 5130 1415 5198 Prothasii,
1444 5132 1580 5188 tituli
1611 5133 1786 5190 instar

184 5201 269 5257 liic
298 5203 355 5274 in_
383 5201 630 5274 pluribus
666 5215 796 5274 mss.
824 5203 1228 5272 superscriplze,
1266 5213 1376 5257 tum
1407 5220 1526 5274 quae
1549 5221 1785 5274 sequun-

185 5283 289 5338 tur,
318 5272 648 5326 Celebrantus
673 5272 826 5337 enim,
851 5285 983 5339 etc.,
1009 5289 1318 5330 sermonem
1349 5272 1493 5330 hunc
1519 5276 1607 5332 die
1630 5272 1787 5333 reve-

184 5343 372 5417 lationi
401 5343 718 5417 eorumdem
749 5344 848 5417 SS.
873 5355 1169 5417 martyrum
1201 5361 1358 5401 sacro
1385 5347 1783 5415 prommtiatum

188 5414 580 5486 fuisse_apertc
621 5416 948 5484 significant.
983 5414 1151 5471 P'orro
1175 5417 1318 5486 quod
1349 5414 1510 5486 paulo
1539 5420 1787 5484 superius

187 5487 259 5538 ait
290 5484 400 5561 :__Et
429 5497 624 5561 attactu
647 5488 792 5542 nullo
817 5488 1092 5559 implicans
1112 5484 1302 5557 ignem,
1332 5484 1464 5552 etc.,
1486 5489 1617 5561 illud
1636 5489 1785 5561 Virg.

193 5571 267 5609 vn
288 5555 502 5612 IEneid.
524 5558 592 5612 de
616 5567 869 5627 serpente
889 5555 938 5612 in
968 5555 1145 5613 sinum
1171 5561 1377 5614 Amatae
1400 5559 1584 5616 uxoris
1608 5555 1781 5617 Latini

190 5629 329 5697 regis
358 5629 634 5696 illabente,
664 5630 805 5684 haud
829 5630 994 5685 dubie
1020 5631 1258 5685 imitatur
1292 5649 1304 5683 :

437 5745 527 5810 ille
549 5749 676 5798 inter
699 5755 867 5798 vestes
889 5755 940 5796 et
957 5746 1305 5810 leviaipectora
1330 5747 1495 5810 lapsus

435 5808 657 5860 Volvitur
680 5817 858 5860 attactu
884 5811 1037 5880 nullo,
1083 5808 1300 5888 fallitque
1325 5808 1589 5862 furentem.

198 5893 295 5970 Ubi
326 5924 510 5971 attactu
542 5916 680 5975 nullo
718 5913 860 5976 idem
899 5889 1075 5984 somn,
1108 5927 1167 5973 ac
1204 5889 1404 5975 eénsim
1438 5915 1552 5976 sine
1595 5894 1775 5974 tanta.

1891 4811 2034 4866 cato,
2065 4800 2169 4854 nisi
2200 4799 2350 4854 solus
2376 4797 2552 4861 Jesus,
2591 4814 2751 4869 quem
2784 4813 2887 4852 non
2912 4804 3330 4866 cognoscentem
3364 4807 3491 4865 pec-

1890 4903 2102 4956 catum,
2135 4901 2412 4962 peccatum
2453 4907 2550 4964 pro
2587 4892 2744 4946 nobis
2775 4891 2899 4945 fecit
2927 4890 3105 4945 Pater.
3145 4888 3352 4942 Etenim
3383 4895 3491 4941 tra-

1896 4983 2033 5039 didit
2052 4999 2176 5041 eum
2205 4985 2434 5057 laqueis,
2467 4984 2686 5040 tradidit
2709 4998 2832 5039 eum
2862 4983 3088 5048 retibus,
3120 4983 3340 5037 mittens
3366 4994 3490 5034 eum

1888 5139 2073 5214 Neque
2113 5159 2246 5199 vero
2289 5145 2466 5200 minus
2506 5144 2760 5214 exprimit
2789 5142 2958 5214 quod,
2986 5151 3215 5214 quatuor
3245 5141 3490 5200 versibus

1891 5213 2214 5284 interiectis,
2246 5216 2438 5286 legitur
2472 5234 2482 5268 :

1991 5313 2251 5366 Pertentat
2269 5328 2468 5378 sensus,
2492 5321 2642 5379 atque
2668 5317 2858 5366 ossibus
2878 5315 3094 5378 implicat
3110 5316 3296 5375 ignem.

1964 5414 1991 5454 δ
2023 5416 2329 5481 Adolerent,
2361 5415 2413 5470 id
2445 5425 2560 5481 est,
2595 5416 2764 5486 magis
2791 5415 3166 5482 incenderent,
3192 5416 3308 5470 sive
3337 5427 3493 5482 auge-

1893 5497 2034 5544 rent.

1964 5570 1986 5597 ο
2034 5558 2271 5613 Puellam
2325 5571 2534 5612 sacram
2575 5566 2752 5622 vocat,
2798 5572 2916 5612 eam
2961 5573 3080 5627 quae
3113 5568 3240 5612 veto
3280 5557 3491 5625 publica

1889 5631 2088 5686 emisso
2109 5630 2413 5684 castitatem
2441 5629 2813 5697 profitebatur.
2841 5628 2934 5683 Illa
2959 5629 3102 5682 enim
3125 5645 3152 5679 a
3177 5629 3492 5699 parentibus

1886 5702 2095 5757 solebat
2145 5699 2362 5768 offerri,
2411 5711 2469 5754 ut
2497 5700 2566 5752 ab
2591 5700 2848 5768 episcopo
2878 5715 3089 5752 sacrum
3127 5697 3324 5768 capitis
3344 5697 3490 5750 vela-

1886 5788 2007 5829 men
2034 5815 2050 5839 ,
2084 5783 2356 5841 tamquam
2409 5769 2763 5839 professionis
2806 5785 2919 5824 suae
2958 5771 3166 5835 insigne
3197 5769 3486 5841 acciperet.

1886 5841 2190 5912 Aliquando
2214 5839 2411 5896 tamen
2436 5878 2440 5882 ι
2464 5841 2645 5896 invitis
2687 5842 3217 5912 etiamqpareruibus
3244 5839 3488 5912 solemne

1889 5903 2020 5970 illud
2074 5911 2339 5969 castitatis
2395 5922 2578 5969 vatum
2626 5903 2992 5981 nuncupatim.
3030 5907 3135 5967 Sed
3170 5905 3237 5965 de
3275 5903 3376 5964 hoc
3411 5907 3489 5963 vl:
