4124 6346
516 353 657 412 ίῖτδ

1855 359 2098 416 SANC'I‘I
2139 357 2470 417 AMBROSII

3673 364 3814 419 19.76

517 486 624 525 non
656 470 709 526 in
731 477 977 542 peccato,
1007 471 1059 528 in
1093 485 1198 544 quo
1225 481 1380 528 erant
1402 487 1592 534 omnes
1624 471 1893 534 homines.
1921 475 2016 529 sed
2034 474 2120 529 in-
2149 475 2204 535 Α
2229 473 2349 537 illa,
2391 475 2438 530 si
2476 487 2784 546 possumus,
2816 467 2902 532 vel
2943 475 2972 516 ³)
3011 477 3152 532 linea
3197 476 3508 532 intueamur
3543 485 3810 532 extrema.

516 562 871 624 similitudine
911 563 1090 620 carnis
1116 566 1319 634 peccati
1347 606 1361 628 ,
1396 574 1451 620 ut
1481 564 1552 621 de
1583 575 1804 633 peccato
1829 565 2117 622 damnaret

517 665 798 726 peccatum
832 656 882 714 in
913 672 1098 714 carne.
1127 658 1410 715 Peccatum
1442 667 1559 716 erat
1580 673 1708 715 caro
1733 661 2028 716 secundum
2053 661 2117 718 il-

519 746 632 810 lud,
652 749 773 814 quia
804 748 1144 808 Ita-reditario
1171 761 1287 806 erat
1315 751 1564 806 damnata
1590 753 2116 810 maledicto.Pecca-

519 849 632 902 tum
652 852 766 896 erat
797 841 1051 900 illeceltra
1074 852 1128 898 et
1151 843 1396 902 ministra
1424 846 1651 913 peccati.
1671 845 1829 901 Venit
1859 847 2119 903 Dominus

520 933 699 998 Jcsus,
724 943 749 971 ἰ
774 943 828 990 et
856 931 1091 992 init-artic
1117 948 1342 1007 peccato
1363 938 1594 994 obnoxia
1627 939 1874 994 militiam
1905 940 2120 995 virtutis

522 1027 785 1082 exercuit.
814 1027 970 1082 Facta
986 1039 1111 1084 sunt
1127 1031 1370 1085 membra
1391 1033 1696 1101 nostrajam
1716 1048 1820 1088 non
1834 1049 1981 1088 arma
2002 1033 2122 1088 libi-

521 1119 687 1186 dinis,
721 1121 816 1176 sed
844 1137 991 1182 arma
1022 1124 1257 1178 virtutis.
1283 1123 1527 1194 Namque
1556 1126 1646 1180 ubi
1670 1136 1824 1182 erant
1853 1126 2122 1182 incentiva

524 1213 786 1284 libidinis,
817 1216 889 1270 ibi
921 1231 1065 1271 nune
1091 1228 1218 1274 sunt
1247 1217 1517 1275 domicilia
1548 1221 1833 1277 castitatis.
1870 1222 1965 1277 llic
1994 1236 2126 1291 ergo

523 1307 670 1364 venit
722 1307 787 1363 ad
830 1307 1054 1380 laqueos
1078 1351 1092 1375 ,
1121 1311 1217 1366 sed
1251 1310 1588 1369 voluntarius
1619 1331 1633 1369 ι
1675 1315 1828 1370 venit
1855 1314 1922 1370 ad
1950 1316 2081 1370 retia
2107 1353 2125 1382 ,

525 1400 620 1455 sed
659 1415 907 1458 securus.

595 1492 686 1547 ‘22.
724 1493 885 1550 Plena
928 1503 1088 1552 erant
1125 1497 1304 1554 omnia
1351 1499 1556 1568 laqueis
1587 1539 1602 1563 ,
1653 1499 1856 1556 referta
1901 1500 2126 1556 retibus.

526 1584 662 1640 Audi
695 1586 962 1650 diei-ptem
989 1605 1001 1642 :
1027 1587 1093 1644 In
1119 1590 1199 1644 via
1228 1590 1326 1646 hac
1350 1608 1452 1661 qua
1477 1592 1824 1657 ambulabant,
1845 1595 2132 1649 absconde-

529 1687 650 1732 νιιηί
701 1679 941 1750 laqueum
993 1683 1121 1736 milii
1151 1683 1325 1752 (Psal.
1366 1700 1509 1752 CXLI,
1554 1685 1634 1758 4).
1671 1688 1734 1742 Ει
1766 1689 1818 1743 in
1867 1689 2005 1743 libro
2035 1690 2132 1745 Sa-

528 1769 750 1840 pientia:
777 1775 982 1845 Syracb
1017 1778 1282 1841 moneris,
1311 1789 1370 1834 ut
1391 1795 1692 1849 cognoscas
1718 1783 1842 1852 quia
1869 1783 1922 1838 in
1953 1785 2135 1839 medio

2287 570 2377 624 ἰαί.
2405 570 2636 625 Sedebat
2666 574 2807 625 intra
2828 571 3048 626 domum
3077 571 3311 641 Sponsa,
3333 570 3528 627 derata
3562 572 3812 636 Domino,

2217 659 2358 716 intra
2392 663 2650 731 parietem
2678 659 2838 734 Legis
2862 673 2914 719 et
2944 666 3355 737 proiibetarum,
3384 665 3707 733 spiritalium
3735 666 3819 719 la-

2219 752 2404 823 pidum
2433 755 2860 811 exa-diﬁoatione
2897 756 3201 822 fundatum,
3230 759 3321 829 qui
3349 757 3635 812 claudebat
3662 769 3823 828 atque

2221 846 2453 901 vallabat
2491 847 2712 902 domum
2763 851 2998 918 regiam,
3035 851 3248 920 plenam
3283 850 3640 921 iucunditatis
3664 861 3824 922 atque

2225 937 2449 992 laetitias.
2501 939 2796 995 Mirabatur
2841 940 3128 996 thesauros
3173 943 3383 1013 regios,
3415 956 3468 998 et
3515 943 3828 997 intuebatur

2226 1031 2458 1086 sollicite
2482 1073 2495 1094 ,
2535 1032 2759 1103 cupiens
2787 1035 3106 1103 sapientiam
3127 1075 3141 1099 ,
3171 1045 3291 1104 quae
3338 1039 3432 1090 bas
3476 1035 3576 1090 sibi
3607 1036 3826 1091 divitias

2225 1124 2643 1184 demonstraret.
2665 1129 2990 1186 adsciscere.
3018 1131 3076 1185 In
3101 1140 3318 1186 secreto
3341 1142 3477 1196 erat,
3508 1132 3603 1187 sed
3631 1132 3826 1187 secreti

2229 1212 2396 1282 ipsius
2427 1214 2775 1282 interpretem
2808 1219 3136 1286 requirebat.
3181 1217 3344 1275 Venit
3384 1220 3642 1274 Dominus
3670 1220 3833 1275 Jesus

2229 1308 2432 1364 saliens
2477 1323 2638 1379 super
2684 1321 2917 1366 montes.
2951 1311 3118 1366 Nobis
3163 1327 3288 1367 sero
3316 1314 3596 1368 videbatur
3620 1315 3832 1380 venire,

2230 1400 2324 1456 sed
2353 1401 2442 1455 ille
2473 1405 2814 1472 properabat.
2845 1404 3086 1460 Saliebat
3116 1405 3354 1476 denique
3378 1415 3432 1459 et
3462 1408 3828 1474 transiliebat;

2232 1504 2290 1548 ut
2315 1495 2624 1551 Jndmttrum
2653 1501 2956 1568 corporalia
2996 1511 3049 1556 et
3079 1514 3269 1555 saxosa
3317 1501 3566 1570 dogmata
3603 1501 3840 1556 transili-

2232 1597 2336 1644 ret.
2369 1589 2594 1645 Adstitit
2617 1598 2737 1660 post
2767 1592 3025 1661 parietem
3050 1593 3262 1658 domus,
3295 1610 3415 1662 quae
3443 1594 3632 1650 eratin
3665 1595 3838 1649 veteri

2235 1683 2619 1750 Teatamento,
2670 1686 3007 1755 prospiciens
3050 1701 3144 1755 per
3191 1686 3349 1756 Legis
3399 1686 3717 1749 fenestram,
3749 1697 3844 1754 per

2236 1777 2622 1846 prophetarum
2671 1791 2952 1831 cavernas.
3004 1776 3251 1832 Nondum
3283 1786 3438 1832 erant
3476 1777 3670 1831 domus
3701 1777 3846 1832 Illius

530 1862 850 1930 laqueorum
903 1867 1145 1926 ambulas
1194 1869 1386 1940 (Eccli.
1437 1887 1512 1938 Ix,
1545 1873 1660 1945 20).
1688 1875 1826 1941 Quot
1867 1877 2023 1941 vitia,
2057 1884 2138 1933 ιοι
2165 1871 2212 1931 Β
2239 1877 2423 1938 aperta
2465 1869 2728 1922 vestibula
2765 1887 2779 1925 :
2812 1870 3050 1924 nondum
3085 1871 3264 1924 claves
3303 1868 3542 1924 scientiae
3571 1877 3844 1938 portarutn

530 1959 667 2016 retia
698 1977 712 2012 :
751 1967 882 2028 quot
912 1973 1129 2031 peccata
1152 2004 1166 2028 ,
1199 1972 1280 2020 tot
1326 1964 1502 2035 laquei
1537 1984 1550 2020 :
1582 1966 1910 2024 ha'reditarii
1949 1969 2054 2037 iam
2088 1977 2139 2024 te

532 2065 706 2112 nexus
757 2054 1032 2110 tenebant.
1074 2055 1233 2114 Venit
1269 2057 1334 2111 ad
1384 2059 1606 2128 laqueos
1647 2061 1834 2128 Jesus,
1883 2071 1941 2116 ut
1965 2062 2137 2118 Adam

535 2142 772 2201 solveret
804 2162 816 2198 :
862 2147 1012 2201 venit
1053 2147 1288 2204 liberare
1313 2151 1457 2219 quod
1491 2153 1745 2220 perierat.
1780 2153 1982 2210 Omnes
2012 2157 2142 2210 reti-

534 2236 635 2291 bus
662 2240 1010 2306 tenebamur,
1044 2242 1223 2297 nullus
1243 2244 1410 2299 alimu
1441 2261 1633 2302 eruere
1659 2257 1900 2314 poterat,
1926 2263 2047 2304 eum
2081 2263 2142 2305 se

536 2329 713 2398 ipsum
758 2347 864 2390 non
915 2345 1102 2404 posset
1151 2349 1376 2391 exuere.
1425 2337 1570 2394 Talis
1620 2353 1752 2408 ergo
1803 2341 2141 2395 necessarius

533 2421 656 2490 luit,
685 2439 845 2492 quem
890 2426 1102 2480 vincula
1132 2430 1500 2497 generationis
1531 2433 1778 2486 humanae
1809 2429 2024 2486 delictis
2047 2431 2142 2486 ob-

536 2516 694 2570 noxia
738 2531 844 2572 non
875 2527 1139 2582 tenerent,
1173 2534 1279 2574 non
1305 2523 1541 2590 cepisset
1570 2523 1817 2584 avaritia,
1847 2539 1954 2584 non
1986 2524 2144 2594 ligas-

539 2621 622 2661 set
667 2607 843 2662 dolus.
894 2607 941 2663 Is
973 2609 1125 2665 solus
1154 2624 1272 2665 erat
1297 2611 1478 2679 Jesus,
1510 2613 1604 2684 qui
1631 2628 1752 2669 cum
1781 2614 1938 2685 hujus
1965 2615 2144 2671 carnis

538 2716 597 2756 se
626 2701 1076 2761 circumdedisset
1106 2707 1354 2776 vinculis,
1381 2719 1573 2780 captus
1596 2726 1701 2765 non
1732 2721 1869 2774 erat,
1897 2727 2005 2766 non
2029 2720 2148 2766 erat

539 2795 789 2866 alligatus
815 2813 827 2852 :
861 2798 958 2852 sed
990 2799 1309 2870 dirumpens
1351 2817 1412 2858 ea
1443 2812 1605 2872 atque
1636 2804 1961 2869 dissolvens,
1993 2805 2057 2859 ad
2087 2820 2147 2861 se

544 2888 715 2956 magis
766 2892 983 2945 vocavit
1033 2890 1366 2960 Ecclesiam,
1400 2895 1735 2964 prospiciens
1769 2912 1864 2966 per
1893 2897 2145 2967 laqueos,

543 2981 790 3035 eminens
821 2997 986 3052 super
1017 2987 1184 3051 retia;
1210 2995 1266 3038 ιιι
1288 2996 1342 3041 et
1370 2989 1484 3056 ipsa
1517 2989 1758 3044 disceret
1786 2989 2012 3043 vinculis
2040 3003 2146 3044 non

545 3075 740 3129 teneri.
795 3074 1038 3144 Denique
1065 3093 1133 3131 eo
1158 3093 1329 3148 usque
1354 3095 1459 3134 non
1487 3079 1646 3149 longe
1683 3095 1713 3136 ιι
1742 3080 1970 3138 vinculis
2012 3081 2142 3148 fuit,

541 3175 602 3222 ut
631 3182 727 3235 pro
755 3169 912 3224 nobis
937 3171 1146 3224 subiret
1173 3181 1229 3226 et
1259 3178 1488 3226 mortem
1515 3189 1528 3225 :
1559 3172 1655 3228 sed
1685 3184 1866 3231 tamen
1897 3188 2004 3230 non
2031 3187 2147 3228 ser-

2244 1965 2474 2019 claustra
2509 1962 2896 2034 patefeceram.
2924 1965 3118 2034 quibus
3161 1964 3318 2034 Legis
3347 1963 3740 2018 claudebantur
3761 1965 3846 2016 in-

2247 2066 2417 2113 terna.
2473 2057 2548 2110 De
2596 2057 2875 2126 superiore
2918 2067 3094 2111 tamen
3148 2057 3250 2111 hoc
3291 2064 3405 2122 est,
3438 2055 3666 2125 spiritali
3698 2064 3850 2123 parte

2247 2157 2621 2220 prospectans,
2655 2149 2952 2205 Eeclesiam
2984 2161 3178 2215 vocat;
3214 2159 3269 2203 ιιι
3302 2165 3398 2219 per
3431 2150 3624 2220 Legem
3647 2159 3701 2204 et
3723 2161 3852 2219 pro-

2247 2243 2437 2313 phetas
2467 2243 2737 2313 Evangelii
2763 2244 2966 2298 vertice
2987 2243 3230 2298 sublimis
3253 2257 3562 2313 assurgens,
3594 2243 3725 2297 retia
3755 2242 3858 2296 Ju-

2247 2336 2414 2390 daicae
2456 2336 2917 2404 interpretationis
2965 2344 3020 2390 et
3062 2336 3231 2391 nodos
3263 2335 3529 2404 intrepido
3556 2335 3722 2389 calcet
3754 2349 3852 2389 ve-

2250 2428 2426 2497 stigio.
2452 2428 2683 2498 Ideoque
2707 2429 2943 2499 proxima
2969 2439 3214 2494 vocatur,
3241 2438 3297 2482 ut
3320 2429 3591 2481 adhaereat
3612 2425 3853 2492 Christo,

2252 2522 2520 2576 mundana
2568 2537 2674 2576 non
2722 2530 2973 2588 quaerat:
3023 2522 3145 2575 ideo
3191 2526 3443 2591 formosa,
3475 2528 3532 2573 ut
3579 2519 3857 2587 speciosus

2249 2617 2734 2686 evangelizautium
2783 2615 2954 2685 pedes
2994 2617 3236 2685 proferat
3268 2634 3281 2670 :
3327 2616 3449 2668 ideo
3495 2611 3729 2666 columba
3753 2653 3767 2678 ,
3800 2619 3860 2666 ut

2249 2709 2510 2780 spiritalia
2543 2717 2706 2779 petat.
2735 2707 3018 2763 terreatria
3047 2708 3409 2775 derelinquat.

2323 2803 2414 2858 25.
2450 2801 2613 2864 Ecce,
2645 2803 2834 2870 inqttit,
2861 2801 3038 2871 byems
3069 2800 3318 2870 prieteriit
3350 2813 3370 2853 :
3399 2797 3558 2851 imber
3579 2795 3724 2859 abiit,
3751 2796 3860 2849 dis-

2252 2895 2396 2948 cessit
2429 2894 2524 2947 sibi
2547 2936 2561 2956 ,
2586 2893 2742 2963 flores
2769 2893 2862 2946 visi
2889 2900 3006 2945 sunt
3028 2892 3081 2944 in
3108 2900 3246 2944 terra
3273 2889 3448 2962 (Cant.
3480 2905 3539 2953 tI,
3571 2889 3628 2942 11
3666 2896 3713 2940 ει
3738 2886 3856 2958 1-2).

2254 2989 2394 3042 Ante
2417 2987 2707 3040 adventum
2732 2983 2934 3038 Christi
2956 2985 3143 3055 byems
3159 2994 3274 3037 erat
3294 2999 3306 3034 :
3329 2983 3470 3035 venit
3489 2979 3754 3045 Christus,
3780 2980 3860 3032 ie-

2254 3083 2330 3136 cit
2356 3089 2624 3134 :estatem.
2666 3079 2818 3133 Tunc
2863 3077 3041 3131 omnia
3084 3082 3240 3130 erant
3263 3073 3452 3128 llorttm
3481 3073 3656 3141 indiga
3675 3113 3688 3136 ,
3718 3070 3860 3125 nuda

2253 3173 2514 3228 virtutum
2550 3189 2563 3225 :
2617 3185 2812 3241 passus
2850 3179 2933 3224 est
2967 3167 3247 3231 Christus,
3287 3175 3342 3220 et
3376 3166 3556 3218 omnia
3580 3169 3863 3233 coeperunt

548 3274 650 3314 vus
699 3261 890 3315 mortis
933 3260 1190 3329 elTectus,
1228 3261 1320 3317 sed
1368 3261 1507 3318 liber-
1548 3264 1688 3324 inter
1713 3275 1984 3330 mortuos;
2015 3264 2152 3321 liber
2180 3257 2225 3321 C
2261 3282 2412 3320 novzc
2440 3266 2631 3335 gratia:
2663 3262 2939 3319 fecundari
2965 3259 3316 3332 germinibus.
3351 3257 3528 3312 imber
3553 3253 3686 3309 abiit
3709 3253 3863 3308 luxu-

550 3354 695 3407 enim
728 3360 870 3421 erat,
899 3354 989 3422 qui
1023 3355 1298 3409 solvenda:
1325 3359 1518 3411 mortis
1550 3365 1872 3426 potestatem
1897 3357 2152 3412 habebat.

450 3492 462 3504 .
553 3446 794 3516 Denique
822 3447 939 3516 ipse
969 3457 1021 3503 te
1041 3447 1256 3512 doceat,
1280 3448 1374 3517 qui
1403 3449 1512 3504 ait:
1546 3449 1740 3508 Solvite
1763 3451 1858 3504 hoc
1885 3448 2154 3518 templum,

553 3550 600 3594 et
630 3541 683 3594 in
711 3540 880 3594 triduo
910 3542 1224 3596 resuscitabo
1255 3543 1384 3597 illud
1413 3541 1595 3612 (Jean.
1629 3558 1690 3609 tt,
1720 3542 1834 3614 19).

627 3630 718 3686 ‘25.
766 3631 1064 3687 Audiamus
1111 3632 1293 3704 itaque
1345 3633 1474 3704 quid
1502 3633 1646 3688 dicat
1679 3652 1694 3690 :
1727 3631 1992 3704 Exsurge,
2020 3633 2156 3697 veni.

559 3727 797 3796 proxima
825 3743 937 3782 mea
969 3725 1144 3798 (Cant.
1173 3743 1228 3795 tt,
1268 3726 1375 3799 10),
1408 3728 1510 3783 hoc
1535 3737 1641 3793 est,
1669 3743 1830 3798 surge
1853 3743 1884 3782 ιι
1909 3727 2158 3790 mortuis,

559 3833 788 3890 exsurge
835 3835 865 3874 a
904 3821 1165 3880 vinculis.
1221 3821 1420 3891 quibus
1466 3823 1796 3878 circumdata
1862 3819 2158 3875 tenebaris.

560 3908 836 3984 Exsurge,
879 3912 1001 3983 quia
1053 3928 1154 3984 ego
1202 3917 1481 3976 resurrexi
1527 3913 1664 3970 tibi:
1695 3914 1845 3969 Solve
1892 3915 2162 3970 vinculum

560 4005 888 4076 iniquitatis,
926 4008 1050 4079 quia
1097 4024 1196 4080 ego
1223 4012 1332 4078 jam
1363 4009 1497 4064 solvi
1537 4009 1651 4065 tibi.
1708 4007 1872 4075 Veni,
1901 4010 2024 4079 quia
2053 4008 2164 4077 jam

563 4100 697 4158 retia
744 4101 917 4158 soluta
957 4111 1103 4156 sunt.
1138 4101 1298 4173 Virgo
1328 4102 1538 4172 peperit
1561 4141 1577 4170 ,
1608 4117 1740 4172 puer
1772 4112 1927 4157 natus
1954 4117 2018 4156 ex
2048 4101 2166 4156 Vir-

566 4198 690 4265 gine
719 4207 822 4252 est.
854 4196 999 4254 N'hil
1035 4199 1198 4254 debet
1237 4199 1484 4254 muliebri
1521 4197 1828 4255 baereditati
1857 4215 1871 4255 :
1921 4197 2075 4268 quasi
2107 4197 2170 4252 li-

568 4289 673 4344 lius
713 4291 954 4348 mulieris
1003 4307 1112 4347 non
1145 4302 1381 4348 tenetur.
1407 4290 1584 4348 Cerne
1631 4292 1868 4347 medium
1903 4292 2170 4361 parietem

570 4383 820 4437 maceria:
842 4383 953 4453 jam
981 4383 1241 4448 solutum,
1272 4385 1359 4453 qui
1387 4383 1707 4439 interiorum
1730 4383 2018 4438 affectuum
2041 4397 2172 4437 con-

569 4475 810 4540 cordiam
843 4476 1153 4542 dividebat,
1197 4485 1251 4531 et
1278 4477 1327 4529 in
1360 4475 1634 4530 diversum
1662 4475 1935 4530 excitabat
1960 4474 2173 4528 dissen-

569 4569 754 4624 siones
794 4570 1157 4638 corporalium
1207 4570 1538 4641 passionum.
1590 4567 1726 4626 Veni
1777 4583 1908 4639 ergo
1957 4582 2172 4634 secura,

2260 3360 2354 3415 fitP.
2386 3359 2722 3429 prolinentis,
2750 3364 2806 3410 et
2845 3355 3022 3409 nubila
3056 3353 3211 3407 tetris
3239 3361 3357 3406 orta
3390 3349 3642 3419 ﬂagitiis,
3676 3347 3861 3401 aestiva

2255 3455 2367 3522 jam
2401 3468 2546 3523 parte
2587 3449 2937 3504 conscientia:
2968 3447 3260 3502 serenitate
3291 3445 3562 3498 laxantur.
3598 3441 3723 3495 Ideo
3755 3455 3862 3493 non

2262 3547 2497 3602 evadunt
2520 3585 2532 3605 ,
2563 3558 2788 3615 quorum
2823 3541 2942 3610 fuga
2977 3541 3170 3612 hyeme
3201 3545 3294 3603 tit;
3335 3538 3457 3608 quia
3490 3552 3596 3590 non
3625 3549 3864 3605 sequun—

2265 3650 2351 3695 tur
2385 3638 2592 3692 Domini
2624 3635 2928 3707 passionem
2948 3675 2963 3699 ,
2998 3648 3104 3686 non
3133 3631 3327 3686 tollunt
3353 3641 3566 3683 crucem
3597 3641 3746 3682 suam
3771 3668 3784 3689 ,
3811 3633 3866 3680 et

2263 3734 2534 3790 Christum
2576 3741 2895 3803 sequuntur.
2941 3728 3120 3782 imber
3149 3726 3376 3797 impedit
3401 3723 3564 3778 ﬂores
3595 3739 3609 3776 :
3637 3730 3690 3777 at
3722 3735 3866 3775 nunc

2266 3829 2429 3883 ﬂores
2468 3827 2713 3882 videntur
2742 3825 2793 3879 in
2827 3807 2989 3878 terra.
3022 3820 3154 3874 Boni
3184 3821 3350 3874 ﬂores
3377 3816 3628 3887 apostoli,
3660 3814 3752 3884 qui
3783 3814 3867 3868 ιιι-

2271 3936 2551 3976 versurum
2603 3919 2925 3988 scriptorum
2976 3923 3138 3985 atque
3173 3927 3396 3982 operum
3435 3925 3655 3966 suorum
3698 3907 3868 3963 fude—

2270 4026 2396 4072 runt
2424 4015 2665 4070 odorem.

2341 4111 2431 4164 27.3.
2488 4108 2708 4178 Tempus
2738 4105 2945 4162 secandi
2983 4103 3187 4157 advenit
3229 4099 3422 4171 (Ibid.,
3459 4097 3585 4169 12);
3615 4097 3868 4166 quoniam

2273 4214 2477 4260 matura
2507 4204 2558 4256 in
2590 4199 2799 4256 horreis
2827 4197 3096 4253 frumenta
3123 4194 3466 4249 conduntur:
3495 4199 3549 4246 et
3572 4192 3661 4260 qui
3695 4189 3869 4254 metit,

2274 4298 2581 4353 mercedem
2631 4295 2848 4366 accipit.
2907 4291 3020 4347 Vox
3069 4289 3281 4344 turturis
3326 4287 3503 4342 audita
3541 4283 3873 4356 est(lbid.):

2275 4393 2397 4463 quia
2445 4391 2647 4445 invenit
2689 4390 2788 4442 sibi
2832 4387 3016 4442 nidum
3045 4429 3059 4450 ,
3096 4384 3333 4440 Ecclesia
3384 4383 3526 4437 enim
3573 4381 3762 4434 tlomtts
3791 4383 3874 4432 est

2275 4483 2556 4540 castitatis.
2589 4481 2750 4534 Ficus
2771 4492 2891 4548 qum
2923 4487 3144 4546 propter
3172 4473 3611 4528 infecunditatem
3640 4470 3874 4540 jubeba-

2280 4587 2366 4630 tur
2393 4573 2599 4639 excidi,
2641 4571 2848 4626 iructus
2874 4570 2984 4638 jam
3017 4568 3157 4622 ferre
3196 4567 3380 4636 cmpit.
3427 4565 3588 4619 Vinea
3619 4563 3873 4618 translata

572 4661 734 4728 cupio
777 4661 965 4717 videre
1013 4661 1206 4718 facient
1252 4672 1434 4730 tuam,
1468 4673 1522 4719 et
1545 4663 1734 4721 audire
1761 4677 1944 4718 vocem
1977 4671 2122 4717 tuam
2157 4678 2170 4716 :
2203 4652 2252 4713 D
2279 4681 2345 4722 ex
2393 4664 2628 4737 [Egypto
2655 4705 2668 4728 ,
2707 4662 2818 4729 jam
2853 4675 2958 4714 non
2992 4659 3239 4714 maceriis
3270 4658 3540 4712 destrui-ta
3567 4654 3832 4724 depositis
3855 4698 3870 4720 ,

573 4754 733 4819 veni,
783 4761 842 4808 ut
892 4752 1008 4824 jam
1065 4771 1152 4810 me
1195 4771 1299 4811 n0n
1345 4772 1440 4825 per
1495 4756 1633 4812 retia
1687 4757 1893 4820 videas,
1958 4755 2173 4830 ιοω

577 4847 674 4902 sed
719 4846 856 4904 facio
901 4849 967 4904 ad
1015 4849 1205 4907 faciem
1246 4851 1488 4905 vultibus
1532 4863 1794 4908 amatoris
1836 4851 2030 4906 dilecta
2078 4866 2173 4919 pou

585 4940 760 4996 tiaris.
817 4939 1013 5000 Ethice
1069 4942 1171 4999 ista
1231 4943 1461 5000 decursa
1519 4943 1648 4998 sint.
1701 4941 1924 5015 Hystica
1991 4951 2171 5000 autem

577 5095 739 5159 vendi
769 5110 968 5164 genere
995 5094 1136 5164 quod
1181 5104 1327 5152 tanta
1357 5108 1486 5152 cura
1515 5108 1580 5148 ac
1615 5091 1981 5147 sollicitudine
2008 5089 2178 5147 Italia

578 5165 1018 5236 Mauritanimque
1064 5166 1372 5230 regionibus
1405 5167 1687 5219 invexerat
1719 5165 2036 5220 Ambrosius
2076 5178 2176 5218 no-

581 5248 712 5297 ster,
746 5239 882 5292 alius
909 5239 1011 5292 erit
1036 5237 1246 5292 dicendi
1273 5239 1440 5291 locus.

655 5317 680 5344 ⁸
715 5308 866 5363 Hunc
919 5309 1093 5362 locum
1141 5307 1464 5363 Catharinns
1503 5307 1705 5375 Opusc.
1753 5305 1817 5361 de
1858 5304 2081 5376 Concep.
2113 5306 2173 5360 Β.

584 5377 794 5443 Marite,
828 5380 1003 5433 laudat
1029 5397 1046 5444 ;
1077 5381 1170 5434 sed
1203 5381 1272 5433 ita
1303 5380 1469 5434 refert
1497 5399 1508 5429 :
1546 5379 1612 5433 Et
1641 5380 1692 5431 in
1717 5393 1870 5432 carne
1895 5420 1909 5444 ,
1937 5389 2036 5449 qua
2060 5395 2178 5448 pec-

585 5460 697 5522 cato
739 5451 794 5503 in
840 5464 999 5506 matre
1045 5456 1211 5522 fuerat
1253 5453 1496 5516 obnoxia,
1535 5464 1641 5506 etc.
1678 5450 1875 5505 Verum
1907 5451 2017 5519 iam
2049 5451 2180 5504 viris

582 5520 757 5574 dnctis
784 5520 1132 5576 observatum
1162 5533 1244 5576 est
1278 5524 1390 5576 lucc
1419 5523 1580 5577 verba
1605 5524 1658 5576 in
1691 5533 1871 5586 matre,
1914 5523 2176 5584 httSqnatn

586 5593 725 5660 apud
762 5595 1104 5648 Ambrosium
1137 5594 1386 5649 inveniri.
1423 5595 1488 5649 Et
1507 5605 1652 5650 certe
1673 5594 1732 5648 ὃ.
1768 5595 1964 5646 ltoctor
1992 5591 2042 5645 td
2065 5600 2185 5646 tan-

588 5673 700 5717 tum
734 5667 834 5718 hoc
876 5664 996 5717 loco
1036 5665 1324 5734 signiﬁcat,
1354 5665 1553 5720 Christi
1599 5680 1816 5721 Carnem
1849 5663 2089 5732 ejusdem
2122 5676 2187 5716 ae

590 5747 851 5798 nostram,
896 5751 1015 5803 quin
1065 5747 1284 5804 peccato
1331 5738 1568 5792 obnoxia
1620 5745 1738 5800 est,
1782 5742 1988 5790 naturae
2015 5748 2186 5788 esse:

595 5808 909 5878 neutiquam
956 5822 1084 5864 vero
1130 5809 1400 5864 inliciatur
1427 5811 1596 5864 beatae
1619 5807 1856 5876 Virginis
1884 5807 2190 5861 immunita.

596 5888 703 5943 lem
749 5877 818 5937 ab
865 5881 1010 5956 omni
1059 5890 1318 5954 peccato;
1351 5881 1548 5956 quippe
1593 5894 1756 5954 quam
1799 5892 1906 5935 non
1958 5877 2194 5947 obscure

2278 4761 2581 4816 illClll‘Stltlll‘
2611 4774 2637 4812 a
2673 4757 2882 4823 bestiis,
2904 4769 3004 4810 nec
3032 4753 3274 4808 informis
3303 4750 3568 4815 sentibus,
3593 4746 3684 4802 sed
3708 4746 3874 4800 odora
3937 4793 3943 4804 .

2274 4853 2384 4923 jam
2427 4852 2649 4907 tioribus
2668 4892 2683 4917 ,
2711 4864 2832 4918 qua:
2856 4848 3064 4903 solebat
3090 4847 3269 4901 facere
3300 4845 3482 4912 spinas
3507 4882 3522 4909 ,
3551 4841 3725 4896 l‘ructu
3751 4854 3875 4894 cur.

2278 4948 2448 5003 vescit
2476 4961 2700 5002 uvarum
2727 4943 2917 5017 (Ibid,
2953 4944 3062 5010 15).

2277 5104 2487 5150 astruat
2534 5094 2588 5148 in
2637 5091 2891 5146 ultimttm
2932 5087 3091 5155 hujus
3119 5086 3287 5154 ipsius
3319 5082 3512 5154 psalmi
3553 5082 3876 5138 versiculum

2278 5168 2388 5224 illis
2432 5168 2611 5223 verbis
2642 5183 2654 5217 :
2707 5163 2924 5230 Suscipe
2961 5173 3040 5213 me
3066 5173 3167 5210 non
3180 5159 3247 5230 in
3278 5172 3434 5209 carne
3454 5199 3471 5230 ._
3500 5155 3688 5230 atquin
3715 5155 3880 5230 Adam

2281 5223 2429 5308 lapsa
2456 5249 2550 5292 est.
2592 5236 2814 5308 Suscipe
2841 5223 2920 5286 me
2949 5245 3139 5308 aenea:
3168 5227 3352 5289 Sarra,
3381 5227 3472 5279 sed
3493 5240 3562 5308 ea:
3580 5223 3796 5308 Maria;
3824 5236 3880 5308 ut

2281 5297 2578 5381 incorrupta
2605 5309 2671 5361 sit
2705 5297 2858 5381 Virgo
2877 5343 2893 5369 ,
2925 5302 3016 5356 sed
3061 5299 3221 5373 Virgo
3261 5315 3350 5369 per
3371 5299 3588 5370 gratiam
3609 5337 3624 5362 ,
3653 5298 3716 5350 ab
3741 5297 3881 5350 omni

2281 5377 2616 5454 integr-alubis
2647 5377 2856 5454 vestitui.
2929 5445 2979 5454 __
3097 5452 3104 5454 Α
3259 5443 3270 5454 ⁸
3642 5453 3647 5454 7

2353 5440 2410 5491 δ’
2425 5451 2670 5507 Extrema
2710 5451 2844 5502 linea
2870 5488 2883 5512 ,
2929 5445 2980 5499 id
3030 5452 3133 5503 est,
3165 5443 3379 5502 eminus
3409 5453 3504 5495 seu
3535 5455 3567 5494 θ
3602 5440 3879 5494 remotiori

2285 5525 2422 5578 loco.
2472 5523 2604 5578 Nam
2633 5520 2774 5589 quod
2823 5521 2875 5571 in
2914 5530 3124 5587 quaque
3171 5531 3230 5569 re
3277 5519 3880 5589 ιιιιειῃῖιιιιιιιιρςι..ρκ-

2287 5605 2518 5650 tremum
2573 5582 2786 5646 dicitur.
2842 5582 2945 5644 εει
2984 5582 3160 5642 autem
3208 5585 3566 5652 proverbialis
3611 5582 3808 5635 locutio
3851 5596 3880 5634 a

2287 5672 2464 5728 circo,
2496 5664 2749 5736 “biiVitl'll
2779 5662 2975 5736 gradus
3001 5657 3256 5736 elspatia
3289 5656 3881 5736 lineisdistittgtteban-

2287 5721 2395 5803 tur,
2449 5721 2704 5790 trati~lata
2733 5750 2752 5803 ί
2781 5721 2854 5788 de
2897 5747 2997 5802 qua
3018 5721 3148 5803 vide
3177 5728 3380 5800 Δαυεὶδ
3410 5723 3619 5794 Et'asmi
3649 5721 3784 5780 cltil.
3815 5721 3879 5794 4,

2291 5801 2436 5865 cent.
2462 5806 2516 5876 5,
2545 5807 2706 5862 Prov.
2734 5801 2827 5870 46,
2860 5814 2914 5860 et
2942 5801 3087 5866 alibi.
