4070 6464
301 399 438 455 1277

1398 391 1464 448 ΙΝ
1505 389 1837 450 PSALMUM
1875 389 2085 448 CXVIII
2124 388 2502 448 EXPOSITIO.

3455 389 3593 447 i278

364 518 454 573 ‘37.
508 517 699 574 Merito
753 518 912 588 igitur
967 524 1187 570 sanctus
1235 513 1401 570 David
1446 514 1644 583 pascha
1679 513 1870 567 Domin

1997 529 2160 586 etiam
2192 529 2242 585 id
2275 530 2450 601 quod,
2484 543 2574 600 per
2601 529 2807 596 omnia;
2843 529 2964 601 quia
3010 531 3104 587 ille
3156 546 3254 602 per
3288 527 3468 586 omnia
3495 529 3597 586 Le-

291 612 611 677 celebrans,
664 621 719 668 et
779 610 1003 666 ferventi
1060 607 1252 679 spiritu
1315 618 1558 678 tempora
1611 606 1890 676 ingressus

291 703 508 767 aestiva,
557 703 647 774 qui
696 703 750 758 in
794 703 962 758 verbo
997 701 1091 757 Dei
1122 701 1328 756 fructus
1355 698 1536 755 varios
1562 698 1884 768 colligebat,

289 794 501 865 byemis
548 796 778 851 adversa
819 794 1105 850 declinans
1141 795 1216 849 ait
1246 811 1258 848 :
1292 793 1358 848 Et
1380 809 1445 847 ne
1466 793 1678 863 auferas
1707 808 1772 846 ex
1801 791 1892 846 ore

289 905 400 943 meo
426 891 631 944 verbum
658 889 888 958 veritatis
910 904 1270 960 usquequaque
1287 928 1306 955 ,
1328 885 1450 957 quia
1473 887 1526 939 in
1544 885 1761 958 judiciis
1789 885 1891 938 tuis

285 982 662 1053 supersperavi.
693 982 937 1048 Quantus
961 982 1112 1035 labor
1136 991 1239 1040 est.
1271 991 1324 1032 ut
1347 979 1573 1032 verbum
1595 976 1891 1046 pert-ipias?

287 1071 556 1140 Quantum
605 1073 798 1126 iterum
845 1072 1136 1142 periculum
1189 1070 1395 1144 1051
1448 1070 1492 1124 si
1538 1070 1792 1124 amittas?
1822 1069 1890 1124 Et

286 1163 411 1218 ideo
452 1165 545 1219 tibi
572 1164 776 1220 dieitur
805 1182 818 1218 :
853 1165 978 1219 Noli
1012 1166 1266 1238 negligere
1283 1165 1503 1235 gratiam
1522 1179 1636 1231 qute
1663 1164 1714 1216 in
1740 1173 1788 1216 te
1817 1170 1890 1218 est

287 1258 334 1328 (ι
365 1258 503 1313 Tim.
535 1275 614 1324 tv,
641 1261 754 1328 14).
785 1260 974 1314 Excole
997 1260 1267 1330 diligenter
1290 1261 1435 1328 quasi
1456 1259 1616 1312 bonus
1636 1259 1886 1330 agricola,

285 1365 526 1421 campum
565 1363 745 1416 tuum;
776 1363 828 1406 ut
867 1363 1142 1421 pascantur
1164 1353 1286 1422 agni
1313 1353 1388 1406 tui
1408 1394 1421 1417 ,
1454 1362 1502 1405 et
1530 1361 1643 1406 sata
1674 1361 1761 1405 tua
1791 1352 1890 1420 fio-

286 1455 434 1498 reant
457 1443 638 1517 (Prov.
667 1460 828 1505 xxvu.
858 1444 968 1517 iii).
998 1446 1112 1500 Non
1137 1445 1414 1500 auferatur
1437 1461 1498 1499 ex
1528 1459 1624 1499 ore
1655 1454 1748 1498 tuo
1771 1460 1890 1500 ver-

288 1542 452 1606 bum;
493 1558 562 1597 ne
594 1542 730 1598 forte
766 1541 919 1597 faelis
962 1543 1122 1597 verba
1151 1557 1256 1596 non
1285 1550 1602 1611 congruant,
1627 1550 1682 1596 et
1711 1541 1888 1594 detor-

288 1645 437 1690 ment
460 1635 752 1706 iniquitatis
775 1651 935 1705 opera
966 1636 1335 1706 magisterium
1367 1635 1686 1704 disciplinae.
1713 1633 1886 1688 Tolli-

288 1736 376 1782 tur
419 1745 484 1783 ex
526 1744 621 1784 ore
669 1729 928 1796 verbum,
973 1745 1094 1784 cum
1143 1729 1340 1784 dicitur
1371 1729 1677 1799 peccaturi:
1717 1729 1890 1796 Quare

289 1835 341 1878 tu
366 1839 578 1878 enarras
601 1825 833 1897 justitias
862 1841 998 1878 meas
1024 1823 1197 1894 (Psal.
1232 1840 1377 1887 xm,
1406 1823 1526 1892 ιδῃ
1550 1824 1614 1877 Et
1645 1823 1759 1892 ipsa
1785 1821 1884 1876 ob-

1988 634 2109 696 gem
2159 626 2415 692 custodit,
2466 625 2555 697 qui
2609 639 2729 682 cum
2783 626 2853 682 sit
2900 627 3146 682 eruditus
3189 625 3240 682 in
3277 625 3453 698 Lege,
3491 624 3593 680 sub

1989 717 2132 788 Lege
2163 728 2342 785 natus,
2367 729 2420 772 ct
2448 733 2610 789 supra
2658 720 2850 790 Legem
2883 717 3188 775 devotionis
3228 736 3338 774 suae
3365 719 3588 788 gradum

1989 827 2347 882 promoveus,
2377 812 2639 868 liberatur
2673 811 2701 851 ι)
2749 830 2777 867 :t
2819 813 2963 885 Lege
2995 813 3266 884 (Christus
3315 811 3458 867 enim
3493 827 3592 866 nos

1989 904 2220 960 redemit
2249 920 2280 959 a
2312 905 2602 960 maledicto
2640 905 2821 976 Legis)
2867 923 2970 961 non
3004 910 3120 962 sine
3167 907 3290 978 lege
3335 907 3463 972 Dei,
3493 905 3588 961 sed

1989 1000 2041 1055 in
2076 1000 2193 1071 lege
2224 1002 2392 1056 lactus
2421 1011 2498 1055 est
2530 998 2732 1055 Christi
2765 1016 2778 1054 :
2807 1010 2898 1054 aut
2926 1011 3073 1056 certe
3101 999 3144 1054 si
3166 1015 3257 1072 per
3286 999 3466 1054 omnia
3487 999 3589 1055 Lev

1988 1106 2108 1163 gem
2155 1091 2545 1155 custodiamus,
2582 1092 2624 1145 si
2661 1091 2954 1162 legitimam
2989 1093 3237 1162 pueritia!
3269 1099 3428 1160 atque
3453 1091 3585 1146 ado-

1989 1187 2261 1241 lescentize
2316 1185 2694 1255 disciplinam,
2745 1185 3048 1256 juveuttttis
3080 1189 3583 1260 cpnt'crsatiouem,

1989 1279 2285 1336 senectutis
2331 1283 2693 1339 maturitatem
2722 1321 2737 1345 ,
2786 1281 3163 1352 immitemque
3189 1282 3414 1353 singulis
3447 1296 3588 1352 prte-

1989 1375 2254 1446 scrlptum
2273 1373 2522 1428 miatibus
2550 1387 2890 1444 nequaquam
2911 1373 3030 1427 vitm
3056 1386 3251 1430 uosme
3276 1389 3402 1428 usus
3426 1389 3588 1428 exce-

1988 1469 2099 1524 dat.
2129 1469 2391 1525 Similiter
2420 1471 2580 1522 etiam
2613 1469 2810 1522 anima:
2839 1482 3042 1523 noswae
3066 1470 3307 1538 qua-dam
3359 1483 3480 1524 esse
3506 1469 3587 1523 vi-

1989 1563 2184 1618 dentur
2210 1570 2398 1617 aetates
2418 1605 2432 1627 ,
2464 1577 2559 1630 per
2585 1576 2718 1629 quas
2755 1565 3022 1628 percurrit
3049 1570 3102 1614 et
3122 1561 3353 1624 transit;
3382 1571 3439 1615 ut
3462 1576 3585 1627 pos-

1988 1657 2055 1710 sit
2104 1655 2285 1709 dicere
2339 1675 2350 1707 :
2409 1653 2628 1708 Cursum
2682 1653 3032 1708 consummavi
3079 1652 3161 1724 (11
3207 1651 3343 1708 Tim.
3381 1669 3456 1719 tv,
3487 1655 3580 1723 7).

1993 1746 2203 1822 1042
2235 1747 2477 1816 Denique
2501 1747 2694 1800 animze
2717 1758 2845 1799 astas
2874 1756 2957 1801 est
2980 1747 3065 1801 illa
3086 1789 3100 1813 ,
3125 1746 3192 1800 de
3217 1743 3317 1815 qua
3348 1746 3580 1800 dicitur:

1993 1841 2057 1895 Et
2083 1851 2209 1895 a'tus
2237 1841 2507 1895 senectutis
2539 1840 2643 1893 vita
2675 1840 3008 1894 innuaculata
3053 1840 3210 1909 (Sap.
3246 1854 3319 1906 tv,
3368 1839 3443 1907 9).
3483 1837 3585 1891 Per

283 1919 535 1970 ututescit
577 1916 854 1982 lacundia,
889 1917 935 1970 si
977 1931 1115 1986 :egra
1163 1918 1235 1970 sit
1263 1916 1615 1970 conscientia.
1649 1913 1884 1970 Veniunt
1912 1914 1960 1974 Β
1989 1936 2167 1989 omnia
2200 1949 2326 2006 erg"
2354 1935 2550 2002 Legem
2582 1929 2853 1999 custodit,
2901 1934 2988 2004 qui
3040 1941 3092 1987 οι
3139 1932 3192 1986 ιη
3227 1931 3310 1986 his
3337 1930 3584 2002 corporis

279 2024 409 2064 aves
437 2010 560 2064 coeli
587 2026 602 2074 ;
635 2011 796 2064 etiam
834 2010 964 2076 ipsa:
998 2011 1192 2064 tollunt
1237 2009 1468 2064 Verbum
1497 2023 1559 2063 ex
1589 2023 1684 2064 ore
1713 2017 1824 2070 tuo,
1858 2015 1883 2044 ε

281 2117 400 2173 (ιιιίρ
445 2103 640 2157 tollunt
667 2103 815 2158 verbi
845 2118 1029 2158 semen
1063 2119 1093 2157 e
1124 2117 1284 2166 saxo,
1317 2118 1386 2158 ne
1413 2103 1644 2156 fructum
1672 2101 1879 2156 aiferat.

352 2195 444 2252 28.
486 2197 639 2251 Nunc
668 2197 1104 2264 consideremus,
1154 2207 1337 2258 utrum
1387 2198 1548 2250 etiam
1597 2212 1661 2251 ex
1715 2195 1881 2250 corde

280 2291 456 2361 possit
515 2292 718 2346 auferri
771 2292 997 2346 verbum
1048 2293 1314 2358 veritatis.
1367 2291 1684 2346 Radicatum
1734 2290 1880 2344 enim

277 2383 508 2437 verbum
538 2395 700 2452 atque
727 2383 1048 2452 depressum
1073 2424 1088 2448 ,
1117 2394 1172 2437 et
1200 2382 1423 2436 inlisum
1474 2383 1747 2436 mentibus
1776 2396 1875 2436 no-

277 2473 407 2530 stris
433 2475 654 2531 diiiicile
697 2474 898 2530 auferri
953 2483 1150 2545 potest.
1208 2476 1447 2543 Denique
1493 2473 1696 2527 dictum
1740 2483 1821 2527 est
1850 2489 1878 2528 a

281 2568 552 2622 Domino:
607 2565 782 2636 Quare
828 2577 882 2622 tu
921 2581 1134 2622 enarra:
1174 2567 1398 2634 iustitias
1442 2581 1580 2618 meas
1639 2561 1878 2636 (Ibid)?

280 2657 398 2714 Non
432 2661 568 2714 dixit
598 2678 610 2714 :
643 2661 822 2726 Quare
848 2661 1102 2729 cligitasti
1142 2659 1376 2726 jusdtias
1427 2657 1612 2712 meas?
1639 2656 1705 2710 Et
1733 2672 1880 2710 assu-

282 2754 380 2806 mis
411 2752 795 2808 Testamentum
818 2771 985 2808 meum
1008 2770 1095 2824 per
1126 2770 1182 2807 os
1210 2753 1391 2805 tuum?
1416 2751 1534 2806 Non
1569 2751 1704 2804 dixit
1735 2767 1748 2804 :
1779 2749 1880 2804 Per

284 2860 383 2900 cor
419 2855 596 2900 tuum.
628 2848 823 2902 Set-mo
851 2847 1141 2900 cohibetur
1171 2845 1374 2913 indigni
1405 2843 1568 2898 animi
1591 2885 1604 2909 ,
1640 2859 1746 2895 uuu
1778 2841 1878 2895 ob-

285 2940 521 2992 struitur
551 2937 872 3006 pmnitetttia
910 2954 922 2991 :
955 2937 1302 2990 insolentiam
1335 2935 1616 3002 prohibet,
1644 2950 1750 2987 non
1782 2949 1882 2986 ex-

283 3033 452 3088 cludit
481 3032 897 3087 correctionem.
927 3030 1239 3086 Cavendum
1273 3039 1450 3083 tamen
1473 3038 1558 3082 est
1585 3043 1650 3082 ne
1681 3038 1734 3081 et
1765 3027 1876 3095 ipsa

283 3127 510 3182 interius
533 3125 698 3180 eorda
735 3127 1042 3191 turbentur,
1079 3134 1134 3180 et
1179 3122 1421 3177 oii‘uutlat
1447 3122 1698 3175 tenebras
1725 3120 1879 3172 ntali-

279 3220 388 3280 tia,
430 3225 488 3270 ut
515 3230 616 3272 cur
644 3221 800 3273 vanis
848 3216 1271 3287 cogitationibus
1319 3214 1652 3268 obcmcatum
1699 3213 1872 3266 lucem

1987 2028 2155 2081 uestri
2187 2025 2456 2089 aetatibus,
2489 2025 2619 2080 etin
2651 2025 2757 2080 illis
2785 2026 2977 2080 animae
3009 2035 3208 2079 nostra:
3239 2021 3585 2094 processibus

1985 2133 2092 2173 non
2116 2118 2346 2173 deviarit
2371 2134 2399 2172 a
2430 2117 2595 2190 Lege.

2052 2207 2142 2265 3i.
2188 2209 2365 2282 (Vers.
2398 2209 2513 2282 45.)
2547 2210 2612 2264 Et
2660 2211 2985 2281 ingrediebar
3024 2210 3076 2264 in
3125 2209 3434 2277 latitudine;
3461 2211 3583 2282 quia

1983 2303 2276 2358 testimonia
2300 2312 2389 2357 tua
2417 2303 2692 2375 exquisivi.
2728 2302 2829 2372 Qui
2878 2301 3176 2358 secundum
3202 2303 3465 2359 'maudata
3489 2319 3587 2359 an-

1981 2407 2192 2466 gustam
2222 2404 2276 2450 et
2303 2405 2508 2450 arctam
2535 2396 2784 2466 graditur
2813 2397 2954 2450 viam
2977 2437 2990 2460 ,
3023 2395 3264 2451 ambulat
3308 2397 3356 2450 in
3405 2397 3583 2451 latitu-

1979 2492 2126 2546 dine.
2161 2489 2315 2547 Uude
2347 2491 2574 2561 legimus
2621 2507 2632 2545 :
2681 2490 2747 2545 In
2790 2490 3122 2546 tribulatione
3170 2492 3404 2545 dilatasti
3453 2491 3584 2544 mihi

1979 2585 2154 2658 (Psal.
2190 2601 2262 2648 tv,
2293 2585 2372 2656 9.).
2406 2585 2475 2641 Et
2509 2584 2632 2641 alibi
2683 2608 2696 2642 :
2735 2585 2796 2640 In
2828 2585 3164 2640 tribulatione
3207 2586 3444 2640 invocavi
3474 2585 3585 2640 Do-

1980 2679 2195 2742 minum,
2229 2689 2275 2730 et
2305 2679 2566 2731 exaudivit
2591 2694 2669 2731 me
2707 2679 2760 2731 in
2793 2677 3066 2731 latitudine
3094 2675 3268 2746 (Psal.
3303 2693 3478 2742 cxvn,
3503 2678 3580 2748 5).

1979 2771 2209 2839 Sapiens
2237 2770 2380 2822 enim
2431 2771 2484 2823 in
2513 2770 2694 2823 eortiis
2727 2770 2808 2823 stti
2853 2769 3094 2823 ambulat
3154 2772 3495 2832 innocentia,
3529 2775 3584 2824 et

1981 2856 2056 2916 de
2074 2861 2188 2928 ejus
2223 2860 2369 2915 fonte
2401 2860 2744 2925 superfluunt
2789 2876 2943 2931 aquze
2969 2875 3133 2929 super
3161 2861 3278 2931 ejus
3326 2863 3533 2931 piz-teas
3562 2903 3577 2928 ,

1981 2951 2073 3022 qui
2127 2965 2362 3006 mentem
2396 2967 2547 3006 suam
2601 2970 2705 3006 non
2759 2953 2894 3006 intra
2927 2951 3228 3020 corporalia
3261 2959 3314 3006 et
3361 2959 3580 3007 terrena

1980 3049 2298 3112 coacludit;
2342 3047 2437 3103 sed
2489 3047 2676 3116 dirigit
2722 3046 2785 3100 ad
2829 3047 3090 3108 coelestia,
3140 3055 3198 3100 ut
3238 3046 3582 3102 Conversatio

1979 3139 2097 3210 ejus
2122 3141 2172 3192 in
2199 3139 2340 3195 cmlo
2361 3141 2450 3193 sit.
2488 3140 2622 3194 Audi
2670 3139 2848 3194 nullas
2893 3141 3170 3208 angustias
3197 3139 3526 3194 st-utieutem
3566 3157 3580 3195 :

1981 3231 2321 3300 Pressuram,
2373 3234 2573 3303 inquit,
2637 3235 2906 3303 patimur:
2952 3233 3042 3286 sed
3086 3248 3186 3286 non
3243 3244 3582 3305 angustamur

279 3311 520 3367 veritatis
579 3313 828 3376 amittat,
885 3312 1260 3380 fulgoremque
1314 3307 1465 3363 verbi
1513 3321 1707 3376 capere
1766 3322 1871 3361 ηοη
1899 3319 1943 3381 C
1979 3325 2047 3397 (ll
2077 3325 2196 3381 Cor.
2224 3341 2294 3392 tv,
2325 3327 2400 3397 9).
2430 3328 2491 3382 Et
2525 3325 2802 3395 quomodo
2831 3328 3173 3396 coaugustari
3205 3331 3456 3395 poterat,
3487 3339 3581 3378 cu-

279 3406 469 3475 possit.
498 3403 554 3459 Si
586 3405 748 3473 igitur
777 3405 941 3460 David
979 3409 1129 3464 orat.
1159 3417 1228 3456 ue
1255 3401 1532 3457 auferatur
1557 3416 1622 3456 ex
1656 3415 1750 3455 ore
1775 3415 1869 3455 suo

277 3499 505 3554 verbum
530 3543 543 3563 ,
589 3507 644 3555 et
683 3500 727 3553 si
775 3495 1076 3563 auferatur,
1109 3509 1214 3550 non
1260 3509 1643 3567 usquequaque,
1669 3493 1720 3548 id
1753 3501 1868 3558 est,

278 3609 387 3650 noti
423 3595 637 3663 penitus
665 3595 980 3648 auferatur:
1033 3593 1152 3658 quis
1173 3600 1355 3644 tantus
1375 3601 1478 3653 est,
1507 3590 1596 3658 qui
1629 3588 1681 3641 in
1713 3597 1870 3656 pote-

277 3697 418 3742 state
445 3703 537 3742 sua
565 3689 792 3759 gratiam
843 3686 1233 3755 disputationis
1278 3698 1400 3739 esse
1441 3691 1866 3747 commemoret;

275 3781 581 3852 praesertim
615 3781 658 3835 si
696 3781 801 3834 vita
850 3780 1175 3848 retiarguat,
1209 3777 1351 3846 quod
1383 3777 1630 3830 doctrina
1667 3789 1871 3845 praten-

277 3891 383 3936 mat
410 3924 424 3946 ,
456 3890 510 3935 et
541 3879 746 3949 judicio
777 3878 871 3934 Dei
923 3876 1225 3932 damnanda
1275 3875 1619 3930 committat?
1645 3873 1694 3927 Is
1725 3873 1869 3927 enim

273 3973 363 4042 qui
409 3971 463 4026 in
508 3971 728 4038 iudiciis
763 3970 856 4024 Dei
897 3976 1110 4037 Sperat,
1154 3981 1373 4021 set-rare
1423 3973 1602 4035 potest
1647 3965 1868 4018 verbum

273 4064 549 4124 veritatis;
569 4063 691 4130 quia
713 4063 838 4116 dum
865 4069 1089 4115 veretur
1111 4074 1346 4127 pteuam,
1361 4057 1588 4112 custodit
1614 4056 1863 4125 gratiam.

1970 3421 2056 3491 jus
2085 3437 2146 3476 os
2173 3437 2388 3491 semper
2419 3422 2637 3490 patebat
2679 3419 2747 3492 (ll
2806 3417 2926 3472 Car.
2961 3435 3054 3484 vt,
3088 3418 3209 3490 il);
3256 3435 3324 3474 ne
3349 3420 3578 3474 creden-

1975 3520 2058 3567 tes
2101 3514 2557 3569 coarcmrentur?
2586 3513 2709 3583 ipse
2740 3519 2977 3582 exponat
3003 3509 3131 3579 qttid
3177 3515 3242 3566 sit
3274 3513 3480 3581 ingredi
3524 3512 3576 3565 in

1974 3606 2279 3661 latitudine.
2333 3607 2472 3661 Dicit
2511 3608 2654 3660 enim
2694 3623 2706 3659 :
2745 3605 2878 3672 Quia
2910 3607 3006 3660 etsi
3034 3619 3220 3674 corpus
3247 3615 3574 3675 angustatum

1971 3703 2065 3755 est,
2083 3708 2172 3745 cor
2188 3703 2418 3744 nostrum
2434 3693 2706 3745 dilatatam
2723 3704 2816 3744 est.
2831 3689 2949 3746 Non
2965 3691 3314 3762 angustamini
3331 3694 3383 3744 in
3397 3689 3576 3743 nobis:

1971 3783 2308 3838 coarctamini
2329 3793 2499 3838 autem
2521 3786 2573 3837 in
2601 3784 2882 3838 visceribus
2904 3785 3101 3838 vestris.
3120 3782 3340 3852 (Ibid..i
3358 3783 3379 3837 i
3398 3792 3444 3835 et
3461 3782 3572 3852 id).

2042 3877 2134 3932 52.
2167 3876 2523 3947 Coangustari
2558 3876 2611 3930 in
2662 3877 2832 3931 Paulo
2881 3893 2986 3930 non
3037 3887 3285 3944 poterant
3313 3917 3326 3936 .
3372 3874 3423 3928 iu
3467 3889 3575 3943 quo

1972 3980 2087 4025 erat
2117 3971 2342 4024 altitudo
2393 3972 2696 4035 sapientiae,
2729 3978 2784 4024 et
2815 3969 2936 4024 ﬁdei
2988 3972 3236 4026 latitudo.
3291 3971 3572 4038 Quomodo

1972 4063 2117 4117 enim
2147 4071 2396 4129 poterant
2423 4062 2695 4115 coarctat-i
2719 4062 2771 4116 in
2805 4063 3000 4131 eo,qui
3029 4074 3146 4116 erat
3173 4077 3267 4116 vas
3291 4061 3576 4116 electionis

343 4157 437 4213 29.
483 4155 663 4226 (Vcrs.
697 4153 815 4227 ii.)
870 4153 1103 4223 Ideoque
1132 4153 1207 4205 ait
1252 4149 1366 4204 :fit
1395 4149 1681 4202 custodiam
1711 4149 1870 4216 legem
1973 4153 2229 4207 aatcruae?
2273 4153 2382 4208 Sed
2433 4162 2744 4207 coarctatur
2791 4155 2843 4206 iu
2896 4155 3234 4222 semetipsis;
3295 4155 3419 4222 quia
3474 4156 3572 4205 im-

273 4259 415 4303 tuam
447 4263 669 4317 semper,
700 4251 753 4300 in
796 4257 1066 4309 a’ternum,
1093 4254 1140 4297 et
1166 4245 1218 4296 in
1250 4240 1494 4296 steculum
1522 4239 1720 4293 steculi.
1755 4239 1871 4293 Duo

272 4341 441 4408 dixit,
473 4355 594 4394 cum
630 4355 795 4391 unum
829 4339 960 4390 satis
987 4349 1110 4389 esse
1138 4342 1351 4404 posset,
1382 4333 1426 4388 si
1470 4348 1634 4388 unum
1666 4333 1868 4402 signiti-

1972 4338 2362 4404 strangulatus.

1975 4246 2174 4313 probus
2197 4244 2248 4299 in
2280 4259 2340 4301 se
2361 4245 2482 4314 ipso
2508 4245 2948 4312 coarctabantur,
2977 4247 3196 4301 malitiae
3222 4261 3335 4300 sua!
3366 4246 3573 4316 laqueis

2444 4337 2729 4392 Constitue
2803 4335 2936 4392 mihi
3005 4353 3262 4404 avorum,
3325 4337 3570 4391 villorum

272 4445 400 4487 care
431 4431 711 4484 voluisset.
743 4427 853 4483 Sed
877 4427 1000 4497 quia
1027 4442 1134 4482 non
1165 4429 1342 4482 aulum
1377 4427 1428 4480 in
1461 4426 1710 4496 prtesenti
1745 4425 1867 4479 vita:
1971 4431 2216 4503 quotidie
2248 4433 2512 4486 terminos
2561 4432 2930 4503 proferentem
2956 4473 2970 4496 ,
3022 4430 3408 4485 exclutlentem
3438 4428 3570 4483 tier-

274 4523 433 4594 bujus
456 4532 723 4591 tempore.
757 4523 852 4577 sed
885 4521 1044 4574 etiam
1081 4521 1132 4574 in
1183 4517 1367 4574 futuro
1397 4528 1520 4589 post
1551 4518 1710 4587 hujus
1741 4520 1866 4572 vitae

269 4618 600 4674 curriculum
632 4613 990 4671 custodienda
1035 4614 1119 4668 lex
1156 4613 1520 4680 promittitur;
1569 4611 1692 4666 ideo
1721 4610 1868 4664 arbi-

270 4717 387 4766 tror
415 4709 536 4778 quia
568 4719 621 4764 et
665 4707 964 4763 secundum
991 4720 1086 4760 eos
1116 4705 1205 4774 qui
1236 4703 1532 4774 exemplari
1562 4715 1614 4758 et
1659 4703 1866 4757 umbrae

270 4804 512 4859 serviunt
544 4803 846 4856 emiestium
867 4841 882 4868 ,
931 4808 983 4854 et
1014 4800 1312 4852 secundum
1343 4813 1436 4853 eos
1468 4801 1566 4868 qui
1605 4800 1662 4855 in
1724 4799 1864 4854 male

271 4899 447 4953 stibus
473 4898 563 4953 siti
591 4898 888 4952 secundum
922 4907 1104 4949 veram
1137 4892 1336 4963 Legem
1367 4896 1546 4949 cultus
1575 4895 1689 4951 Deo
1708 4896 1862 4952 defe-

268 5003 425 5059 runt,
457 4992 743 5061 pollicetur
771 4993 870 5047 sibi
901 5007 1023 5048 esse
1053 4989 1378 5056 vivendum;
1407 4999 1462 5044 ut
1490 5000 1542 5046 et
1573 4991 1660 5046 hic
1703 5002 1757 5047 et
1788 4992 1859 5048 ibi

268 5086 444 5156 legem
489 5087 773 5141 custodiat.
809 5086 904 5140 ilia
933 5084 986 5138 in
1037 5084 1376 5154 exemplari,
1411 5083 1462 5137 iu
1513 5087 1755 5154 speculo,
1805 5087 1861 5142 in

269 5181 557 5249 tenigmate
589 5199 601 5234 :
635 5180 741 5233 illic
774 5183 824 5234 in
857 5179 970 5250 ipsa
1007 5179 1142 5234 faeie
1165 5177 1434 5233 veritatis.

341 5271 430 5326 30.
472 5271 765 5326 Possumus
793 5281 846 5326 et
885 5273 1013 5326 illud
1047 5273 1382 5343 intelligere;
1414 5271 1536 5342 quia
1568 5271 1650 5329 διὰ
1667 5277 1860 5338 παντὸς

269 5377 375 5418 non
408 5364 582 5418 solum
633 5363 684 5416 id
735 5363 1005 5434 significat
1049 5365 1192 5434 quod
1225 5363 1429 5420 dicitur
1475 5380 1707 5433 semper,
1761 5368 1859 5422 sed

342 5507 366 5534 η
398 5496 541 5552 Edil.
567 5513 785 5566 omnes,
819 5518 880 5556 ea:
911 5518 998 5557 ore
1023 5511 1129 5558 tuo.
1169 5506 1303 5560 Sunt
1332 5506 1468 5560 enim
1495 5515 1725 5571 tempora
1753 5518 1861 5562 ten-

267 5571 530 5644 tatiouum
550 5611 564 5634 ,
595 5587 709 5644 ante
740 5572 926 5627 tollunt
950 5577 1088 5629 verbi
1113 5593 1282 5644 semen
1305 5595 1332 5630 e
1360 5593 1510 5638 saxa,
1543 5593 1605 5634 ne
1636 5579 1863 5638 radicem

269 5642 536 5716 habentes.
597 5641 718 5698 Vel.
751 5650 928 5716 redit”
971 5641 1196 5713 fructum
1226 5647 1488 5716 aferunt;
1539 5646 1725 5712 Rom.,
1774 5665 1864 5707 nea

267 5714 687 5796 etiamin-uatum
731 5715 918 5784 ferant.
969 5714 1622 5796 Sedquze_reseeavimus
1653 5737 1684 5780 θ
1716 5731 1865 5778 textu

268 5787 320 5840 iu
359 5784 522 5862 nullis
544 5784 722 5862 Call.‘
751 5801 882 5841 mss.
916 5784 1180 5862 reperias.
1232 5791 1300 5862 ﬁt,
1326 5801 1476 5846 certe
1525 5792 1758 5857 peuitius
1791 5798 1868 5846 lo-

265 5872 390 5934 cum
417 5857 899 5934 iuspicieuti,uon
942 5857 1244 5915 obscurum
1280 5862 1442 5918 fuerit
1489 5866 1641 5918 scioli
1687 5864 1868 5934 cujus-

265 5928 410 6012 piatn
439 5941 561 5983 esse
590 5930 979 6006 paraphrasim.
1000 5935 1117 6006 Quo
1140 5934 1304 6001 enim,
1325 5950 1534 6015 quzeso,
1553 5953 1615 5992 ne
1639 5928 1867 5996 radicem

1891 4765 1945 4826 D

1972 4539 2101 4590 nos;
2128 4533 2306 4578 utrum
2342 4526 2386 4578 is
2410 4523 2507 4579 tibi
2539 4524 2777 4589 dilatari,
2808 4538 2914 4578 non
2947 4523 3292 4594 coangustari
3322 4523 3564 4588 videtur,

1968 4635 2129 4689 quem
2175 4627 2319 4674 terra
2373 4620 2485 4689 ipsa
2532 4634 2638 4672 non
2680 4619 2866 4687 capit?
2907 4619 3355 4689 Quantacumquo
3391 4620 3564 4685 spatia

1969 4716 2164 4770 domus
2193 4729 2305 4770 sum
2330 4716 2669 4784 porrexerit,
2702 4716 2970 4771 clauditur
3017 4717 3258 4786 angustis
3287 4715 3560 4782 Opinionis

1969 4823 2084 4862 sua:
2113 4807 2343 4874 ﬁnibus,
2369 4808 2454 4863 cui
2485 4808 2629 4879 quod
2671 4808 2828 4863 liabet
2878 4822 2984 4864 non
3017 4819 3099 4864 est
3131 4809 3284 4863 satis.
3318 4807 3424 4864 Sed
3459 4821 3566 4864 non

1971 4902 2092 4955 talis
2140 4909 2223 4955 est
2249 4943 2264 4966 ,
2300 4902 2392 4967 qtti
2421 4911 2597 4971 potest
2623 4901 2806 4956 dicere
2839 4919 2852 4954 :
2884 4900 2952 4954 Et
3001 4902 3334 4973 ingrediebar
3364 4903 3417 4954 in
3451 4900 3573 4956 lati-

1972 4994 2173 5048 tudine.
2203 4994 2426 5050 Addidit
2467 4994 2627 5050 etiam
2655 5007 2876 5050 causam
2913 5014 2927 5050 :
2961 4995 3096 5064 Quia
3128 4999 3423 5051 testimonia
3444 5038 3456 5061 ,
3483 4997 3566 5051 in-

1969 5093 2114 5163 quit,
2149 5101 2237 5145 tua
2269 5092 2543 5161 exquisivi.

2039 5183 2128 5238 3'5.
2166 5183 2347 5254 (Vers.
2392 5183 2509 5251 46.)
2546 5180 2613 5234 Et
2641 5181 2885 5245 loquebar
2926 5181 2979 5234 in
3025 5182 3329 5235 testimoniis
3371 5182 3472 5235 tuis
3515 5182 3568 5236 in

1969 5288 2241 5346 conspectu
2273 5269 2473 5348 regum,
2506 5285 2554 5328 et
2584 5291 2684 5328 non
2717 5274 3094 5346 confundebar.
3129 5274 3294 5330 Crate
3318 5277 3572 5330 couvcnit

1971 5373 2070 5426 ista
2103 5389 2207 5427 vox
2247 5371 2510 5444 martyri,
2554 5370 2646 5440 qui
2684 5380 2908 5425 vocatus
2952 5370 3018 5426 ad
3061 5370 3428 5456 sacrilegium,
3470 5385 3568 5424 es.

1966 5510 2250 5566 habentes?
2272 5513 2402 5569 Nam
2431 5511 2572 5580 quod
2602 5527 2734 5566 mss.
2761 5511 2964 5580 aliquot
2985 5511 3204 5577 legunt,
3237 5508 3455 5576 aferant
3475 5549 3488 5568 ,
3518 5507 3569 5564 id

1968 5585 2182 5654 quidem
2195 5584 2262 5638 ad
2277 5601 2464 5650 semen,
2487 5599 2723 5654 qtitevox
2739 5585 3024 5654 collectiva
3041 5593 3117 5636 est
3132 5623 3146 5643 ,
3165 5591 3339 5648 potest
3356 5580 3568 5654 referri.

2040 5653 2066 5692 δ
2095 5651 2297 5736 (inritos
2323 5656 2483 5736 εξρὶι.2
2508 5651 2565 5710 va
2592 5653 2747 5736 Lege.
2794 5651 3035 5735 Christus
3082 5655 3213 5736 enim
3243 5668 3334 5706 nos
3358 5651 3571 5736 nitenti!

1971 5743 2001 5777 a
2031 5725 2306 5779 maledicto
2351 5720 2501 5795 Legis
2532 5743 2548 5779 :
2575 5738 2622 5779 et
2666 5720 2782 5778 ideo
2828 5742 2928 5778 non
2972 5725 3082 5778 sine
3130 5721 3291 5786 Lege,
3325 5731 3428 5795 etc.
3463 5720 3570 5795 Sed

1974 5804 2334 5866 pra'terquatu
2365 5789 2540 5866 quod,
2571 5809 2616 5850 et
2662 5797 2776 5852 ideo
2797 5838 2810 5853 .
2844 5799 2894 5850 itt
2943 5795 3154 5866 Cunctis
3183 5808 3313 5851 tttSs.
3358 5789 3548 5866 deside

1975 5862 2146 5940 ratur,
2181 5862 2360 5926 minus
2386 5862 2488 5922 sibi
2523 5867 2763 5936 cohaeret
2792 5868 2965 5930 series
2999 5865 3292 5940 orationis;
3324 5862 3575 5934 quocirca

1977 5937 2137 6003 lectio
2163 5953 2295 5997 mss.
2332 5943 2510 6020 potior
2547 5941 2662 5999 visa
2684 5946 2788 5996 est.
3282 5937 3290 5946 τ
