4124 6346
456 308 595 367 ητε

1786 310 2034 370 SANCTI
2073 309 2398 372 AMBROSII

3603 313 3626 370 1
3642 311 3747 369 Ξ80

457 429 848 502 probrantibus
877 426 1002 487 sibi
1055 429 1272 503 regibus
1309 400 1623 489 cruciﬁxum
1673 431 1890 500 Jesum,
1934 449 2040 490 non
2070 443 2122 506 Α
2146 450 2268 505 qure
2299 435 2400 490 nisi
2443 435 2564 507 quis
2594 434 2818 506 diligat,
2853 435 3081 506 implere
3109 449 3214 492 non
3241 435 3442 507 poterit
3474 452 3488 491 :
3526 450 3626 492 nec
3656 451 3746 493 so-

450 525 816 584 ernbescebat
847 545 860 583 :
906 526 1002 583 sed
1029 529 1198 599 magis
1219 527 1557 598 gloriabatur
1585 529 1637 584 in
1667 544 1833 586 cruce
1864 529 2050 586 Chris-

451 621 530 688 ti,
561 629 616 676 et
643 620 789 676 illam
819 621 1004 677 mundi
1034 619 1264 677 salutem
1295 637 1415 678 esse
1465 622 1792 680 testimoniis
1813 624 2051 680 cmlesti-

454 714 556 771 bus
582 715 880 770 astruebat.
919 714 1028 770 llos
1058 723 1218 770 vocat
1239 714 1492 771 Christus
1537 717 1590 772 in
1622 715 1834 786 Sponsa
1862 716 2051 772 dicens

452 808 508 864 in
536 807 779 864 Canticis
800 806 1146 864 Canticorum
1175 824 1188 862 :
1221 806 1288 862 Et
1318 809 1432 862 veni
1457 817 1512 862 tu
1533 851 1548 873 ,
1583 808 1818 863 columba
1839 807 2050 870 mea,‘in

453 911 750 975 legumento
778 912 960 974 petrw,
977 906 1136 976 juxta
1159 904 1604 974 prwntnnitionem
1626 901 1809 976 (Cant.
1831 919 1890 968 ll,
1922 903 1991 958 14
2009 904 2049 969 );

453 993 558 1051 hoc
589 1003 705 1059 est,
730 994 855 1049 veni
893 993 1050 1063 juxta
1080 994 1456 1066 Evangelium.
1483 993 1893 1064 Propugnaculo
1925 993 2051 1048 ﬁdei

456 1096 564 1142 tute
594 1095 747 1155 gesta
776 1097 901 1141 sunt
924 1085 1123 1142 Christi
1161 1106 1173 1142 :
1199 1086 1340 1142 muri
1367 1086 1439 1140 tui
1470 1086 1709 1142 subsidia
1740 1086 1902 1142 verba
1930 1095 2056 1142 sunt

459 1177 672 1234 Domini
727 1179 956 1250 :passio
1005 1179 1272 1235 Dominici
1321 1179 1568 1250 corporis
1594 1187 1683 1234 tua
1736 1180 1908 1234 virtus
1946 1187 2052 1235 est.

459 1268 689 1325 Ostende
718 1271 848 1326 mihi
877 1271 1068 1342 faciem
1121 1281 1297 1338 tuam,
1329 1282 1376 1327 et
1416 1273 1626 1327 insinua
1665 1288 1836 1327 vocem
1877 1282 2053 1338 tuam;

451 1366 574 1433 quia
605 1381 706 1420 voa:
734 1375 824 1421 tua
853 1368 1028 1421 suavis
1059 1376 1132 1420 est
1157 1409 1171 1432 ,
1201 1375 1250 1421 et
1271 1366 1433 1437 facies
1467 1377 1556 1421 tua
1593 1366 1816 1439 pulchra
1839 1365 2053 1440 (lbid.).

455 1455 650 1511 Suavis
680 1465 764 1512 est
790 1473 896 1514 vox
919 1500 933 1524 ,
963 1459 1088 1529 quia
1119 1473 1215 1513 ore
1255 1457 1530 1514 confessio
1560 1460 1618 1513 lit
1646 1457 1712 1513 ad
1761 1458 1991 1514 salutem
2041 1475 2054 1512 :

456 1559 512 1605 et
533 1550 731 1606 decora
761 1551 950 1615 facies,
979 1567 1100 1624 qum
1125 1567 1232 1609 non
1263 1552 1537 1608 erubescit
1574 1552 1898 1616 Auctorem,
1948 1566 2057 1608 non

455 1644 810 1704 confunditur
864 1647 1306 1719 Redemptorem.
1359 1647 1613 1704 Ostendit
1673 1663 1806 1718 ergo
1862 1648 2056 1703 faciem

456 1751 610 1792 suam
639 1777 656 1803 ,
706 1739 1043 1810 signaculum
1093 1740 1272 1796 crucis
1324 1739 1621 1810 praeferens
1678 1748 1781 1795 :et
1825 1740 2060 1794 insinuat

2151 528 2263 583 lum
2292 528 2522 596 diligat,
2547 529 2642 585 sed
2668 530 2832 585 etiam
2861 531 3017 584 nimis
3037 530 3252 599 diligat.

2223 623 2312 678 56.
2353 622 2482 679 Ideo
2513 623 2662 693 prius
2690 625 2870 693 posuit
2900 642 2912 678 :
2963 621 3029 678 Et
3058 625 3349 680 meditabar
3392 626 3446 679 in
3476 625 3748 696 prwceptis

2152 716 2276 781 tuis,
2298 731 2412 786 quae
2438 715 2599 770 dilexi
2643 716 2816 770 nimis.
2865 716 2932 771 Et
2960 716 3229 786 subjecit:
3263 715 3328 771 Et
3355 717 3516 772 levavi
3563 733 3748 772 manus

2152 823 2290 861 meas
2322 807 2390 861 ad
2411 816 2671 876 praecepta
2694 817 2802 874 tua,
2836 825 2951 879 qua:
2980 809 3142 864 dilexi
3166 809 3340 863 nimis.
3367 809 3748 884 Postmedita-

2153 901 2356 955 tionem
2406 901 2607 955 etenim
2654 900 2854 955 bonum
2886 915 2970 956 εει
3018 902 3202 958 levare
3240 911 3396 957 actus
3436 910 3654 958 nostros
3680 902 3748 958 ad

2153 1001 2423 1063 praecepta
2456 994 2584 1055 Dei,
2638 1004 2800 1065 atque
2855 995 2908 1050 id
2935 996 3118 1051 facere
3161 1010 3283 1052 cum
3313 996 3600 1063 charitate,
3623 1011 3748 1052 cum

2153 1085 2380 1156 gaudio;
2410 1097 2468 1141 ut
2503 1102 2610 1142 non
2642 1102 2708 1142 ex
2742 1089 3069 1144 necessitate
3114 1091 3184 1144 sit
3228 1090 3428 1145 bonum
3471 1097 3747 1157 nostrum,

2156 1194 2263 1234 non
2311 1195 2432 1234 cum
2463 1195 2697 1236 moerere
2723 1193 2886 1250 atque
2917 1183 3197 1250 maestitia,
3227 1183 3320 1239 sed
3353 1183 3749 1250 voluntarium;

2156 1271 2279 1340 quia
2321 1285 2514 1328 servus
2545 1272 2744 1327 invitus
2793 1271 2955 1340 facit,
3003 1275 3210 1329 amicus
3253 1273 3610 1332 voluntarius.
3642 1274 3755 1331 Nos

2156 1372 2336 1419 autem
2359 1363 2678 1419 studeamus
2709 1374 2764 1419 ut
2790 1364 3002 1420 dicatur
3034 1365 3192 1421 nobis
3236 1385 3249 1421 :
3294 1365 3413 1421 Jam
3454 1383 3557 1421 non
3583 1366 3756 1422 dicam

2157 1475 2245 1512 vos
2292 1474 2483 1524 servos,
2532 1459 2622 1512 sed
2662 1458 2856 1513 amicos
2893 1457 3079 1531 (Joan.
3127 1474 3215 1524 sv,
3249 1459 3342 1531 15)
3370 1502 3384 1525 ,
3427 1462 3551 1530 quia
3600 1461 3755 1530 quasi

2158 1551 2320 1605 amici
2347 1551 2658 1607 mandatum
2679 1551 2772 1607 Dei
2801 1566 2867 1608 ex
2887 1553 3167 1608 voluntate
3190 1551 3415 1609 fecistis.
3447 1553 3547 1621 Qui
3573 1559 3754 1608 autem

2161 1644 2456 1700 meditatur
2484 1654 2538 1700 et
2568 1644 2778 1716 diligit,
2832 1655 2886 1701 et
2930 1655 3084 1702 actus
3116 1660 3244 1701 suos
3277 1646 3452 1714 levat,
3510 1655 3568 1701 ut
3597 1645 3759 1702 faciat

2160 1752 2280 1807 qua:
2310 1737 2556 1807 placeant
2583 1737 2728 1794 Deo:
2761 1737 2806 1793 is
2828 1737 2991 1794 debet
3011 1753 3118 1794 non
3144 1738 3441 1810 negligere,
3465 1753 3565 1795 nec
3581 1746 3759 1794 trans-

459 1847 649 1888 vocem
690 1847 864 1900 suam,
897 1834 1279 1890 auctoritatem
1311 1833 1716 1906 praedicationis
1747 1847 2054 1889 assumens.
2088 1841 2136 1901 Β
2162 1843 2383 1886 currere
2414 1829 2664 1886 mandata
2687 1830 2871 1885 divina
2905 1848 2918 1884 :
2950 1830 3044 1886 sed
3066 1831 3310 1888 exerceri
3336 1831 3388 1885 in
3422 1830 3528 1896 his,
3562 1831 3758 1887 immo-

462 1923 523 1980 ln
557 1934 874 1996 legumento
897 1926 1044 1983 enim
1084 1928 1333 1998 corporis
1362 1926 1593 1993 Christi,
1628 1942 1736 1997 quo
1783 1926 2064 1996 redempta

465 2025 550 2072 est
575 2032 604 2072 a
635 2026 859 2086 peccato
876 2061 890 2082 ,
917 2020 1318 2076 munimentum
1341 2021 1528 2090 gratia:
1549 2019 1811 2089 spiritalis
1835 2019 2062 2077 invenit:

460 2119 519 2164 ut
549 2110 807 2166 salutaria
851 2111 954 2167 sibi
1003 2121 1059 2169 et
1085 2113 1287 2169 sentiat
1307 2123 1362 2168 et
1405 2114 1681 2185 loquatur.
1712 2112 1906 2169 Suavis
1935 2127 2065 2184 ergo

457 2218 566 2260 vox
605 2219 728 2276 qua:
759 2206 814 2261 in
841 2204 1041 2262 divinis
1093 2206 1421 2262 testimoniis
1463 2207 1789 2278 loquebatur
1820 2225 1831 2260 :
1865 2206 2061 2262 decora

459 2298 657 2362 facies,
689 2315 812 2369 quae
839 2302 892 2356 in
915 2311 1213 2372 conspectu
1250 2317 1441 2373 regum
1469 2318 1576 2358 non
1604 2301 2059 2359 confundebatur.

541 2390 752 2465 105.3
777 2391 868 2450 54.
913 2393 1212 2449 Possumus
1263 2405 1319 2450 et
1351 2395 1477 2450 illos
1527 2410 1685 2467 reges
1725 2394 2061 2464 intelligere,

465 2486 664 2557 quibus
685 2488 888 2542 dicitur
924 2504 954 2543 a
983 2488 1186 2545 Petro:
1229 2488 1334 2545 Vos
1381 2500 1554 2545 autem
1599 2506 1763 2561 genus
1811 2490 2063 2553 electum,

459 2581 639 2652 regale
663 2581 1032 2648 sacerdotium,
1067 2598 1191 2652 gens
1233 2591 1451 2648 sancta,
1480 2583 1706 2653 populus
1731 2583 1784 2636 in
1823 2581 2064 2652 adoptio-

463 2690 580 2727 nem
609 2673 652 2744 (l
707 2673 821 2729 Pet.
854 2689 926 2740 tt,
953 2675 1034 2746 9).
1067 2675 1207 2732 Sunt
1233 2677 1378 2732 enim
1423 2691 1580 2747 reges
1622 2675 1710 2746 qui
1750 2674 1981 2730 offerunt
2007 2673 2060 2729 in

467 2764 808 2821 Hierusalem
849 2768 1134 2838 sapientia:
1165 2785 1278 2824 sua:
1309 2785 1556 2834 munera,
1605 2768 1802 2840 quibus
1830 2768 1955 2823 data
1981 2775 2064 2823 est

465 2859 638 2929 gratia
688 2860 916 2915 verbum
970 2862 1150 2933 loqui,
1201 2871 1256 2917 et
1289 2863 1521 2933 quadam
1573 2870 1843 2932 potestate
1892 2860 2062 2929 regali

465 2952 684 3009 ﬂectere
735 2955 994 3026 populos,
1057 2966 1110 3011 et
1156 2957 1368 3010 animas
1411 2956 1652 3012 mulcere
1700 2965 2058 3010 sanctorum:

467 3061 574 3101 non
609 3046 996 3103 erubescentes
1043 3049 1095 3103 in
1127 3063 1227 3113 eo;
1272 3049 1396 3120 quia
1431 3048 1562 3104 nihil
1603 3049 1841 3103 alienum
1868 3048 1936 3102 ab
1966 3046 2064 3100 ho-

467 3147 677 3194 nestate
705 3138 1079 3211 loquerentur,
1111 3156 1248 3210 quos
1273 3157 1433 3197 nemo
1464 3141 1758 3210 redarguat
1789 3150 1846 3196 et
1888 3140 2063 3209 repel-

2165 1921 2271 1975 rari
2305 1921 2622 1990 plurimum,
2652 1921 3073 1991 justiticatioues
3106 1923 3204 1979 Dei
3235 1923 3431 1979 crebro
3469 1923 3760 1981 revolvens

2165 2011 2412 2068 sollicita:
2441 2013 2642 2068 mentis
2667 2013 2886 2070 affectu.

2646 2147 2882 2205 SERMO
2918 2148 3283 2208 SEPTIMUS.

2827 2267 2874 2317 ,τ
2913 2261 3070 2317 Zain.

2237 2389 2290 2443 1.
2335 2387 2538 2444 Littera
2569 2387 2867 2444 secundum
2900 2387 3162 2444 Hebraeos
3184 2388 3318 2445 Zain
3354 2389 3626 2461 signilicat
3662 2389 3768 2445 La-

2168 2479 2302 2547 tine,
2331 2479 2434 2534 duc
2481 2491 2566 2535 te:
2620 2480 2752 2535 alibi
2802 2480 3103 2551 significat,
3155 2482 3275 2537 huc.
3317 2482 3456 2550 Quid
3495 2483 3598 2539 sibi
3637 2484 3768 2555 velit

2167 2571 2266 2628 ista
2299 2574 2674 2644 interpretatio
2703 2589 2810 2628 non
2836 2573 2969 2628 satis
2999 2575 3205 2646 liquet,
3231 2574 3334 2631 nisi
3362 2575 3503 2632 forte
3526 2587 3579 2632 ut
3603 2591 3768 2632 unus—

2165 2668 2395 2738 quisque
2425 2683 2483 2724 se
2510 2677 2692 2738 regat,
2730 2677 2784 2723 et
2814 2669 2928 2738 ipse
2958 2670 3040 2725 sui
3068 2669 3264 2726 ductor
3289 2671 3381 2728 sit.
3420 2669 3514 2726 Vel
3557 2671 3679 2736 huc,
3713 2671 3767 2728 id

2165 2769 2250 2816 est
2277 2803 2291 2826 ,
2324 2775 2434 2830 quo
2461 2760 2657 2817 litterae
2685 2760 2846 2831 hujus
2874 2763 3128 2818 versiculi
3152 2772 3346 2820 vocant
3375 2806 3389 2830 ,
3420 2763 3618 2835 dirigat
3642 2764 3763 2820 iter.

2167 2853 2755 2924 Meritoque-inprima
2780 2855 2965 2910 statim
2997 2872 3160 2913 versu
3191 2858 3432 2926 requiem
3485 2873 3638 2914 suam
3674 2873 3771 2928 po-

2167 2947 2371 3010 stulat;
2405 2948 2529 3018 quia
2559 2949 2674 3016 ipse
2718 2949 3213 3021 litterazseptimus
3255 2950 3471 3024 10M
3507 2967 3770 3007 numerus

2167 3049 2251 3096 est
2285 3041 2501 3112 quietis.
2551 3042 2683 3111 Qua:
2721 3051 2902 3099 autem
2933 3045 3107 3112 major
3132 3050 3368 3114 requies,
3417 3061 3578 3115 quam
3611 3055 3668 3100 nt
3716 3048 3768 3101 in

2167 3137 2336 3192 verbo
2367 3135 2462 3192 Dei
2489 3138 2825 3208 requiescat,
2859 3147 3023 3208 atque
3048 3137 3169 3207 ejus
3193 3152 3254 3192 se
3281 3138 3454 3208 gratia
3486 3147 3542 3192 et
3569 3152 3768 3194 conso-

467 3233 544 3289 lat
572 3275 586 3295 ,
619 3233 777 3302 quasi
810 3233 934 3304 quia
968 3249 1077 3289 non
1125 3234 1236 3288 sint
1263 3235 1443 3306 digni,
1477 3250 1613 3302 quos
1647 3235 1876 3291 idoneos
1910 3233 2066 3291 Chri-
2091 3228 2137 3291 C
2171 3229 2372 3286 latione
2393 3230 2721 3288 demulceat-

464 3336 584 3382 stus
615 3326 897 3382 ministros
925 3329 1048 3384 novi
1079 3327 1271 3384 fecerit
1291 3328 1649 3396 Testamenti,
1683 3338 1737 3384 et
1759 3329 1869 3399 jam
1895 3329 1947 3383 in
1973 3329 2069 3383 illo

466 3433 574 3473 non
606 3419 1028 3486 erubescentes;
1056 3434 1124 3474 eo
1155 3419 1297 3490 quod
1330 3436 1437 3475 non
1481 3431 1792 3476 metuerent
1835 3437 1904 3476 ne
1936 3436 2069 3476 con-

465 3512 824 3570 funderentur
838 3514 1255 3585 disceptantium
1273 3515 1545 3571 contraria
1579 3515 1885 3572 assertione
1907 3531 2069 3586 supe-

469 3610 592 3661 rati.
645 3607 760 3663 Rex
794 3608 958 3675 igitur
985 3610 1187 3679 estqui
1223 3623 1330 3664 non
1377 3609 1702 3677 erubescat,
1751 3625 1819 3664 ne
1850 3609 1904 3663 in
1946 3618 2067 3665 actu

468 3698 928 3768 reprehendatur,
953 3699 1314 3771 redarguatnr
1345 3702 1400 3757 in
1429 3702 1810 3767 sermonibus;
1835 3717 1902 3759 eo
1923 3704 2066 3774 quod

468 3799 525 3845 et
556 3793 666 3845 vita
697 3791 898 3847 debeat
918 3807 1041 3848 esse
1074 3793 1331 3848 fundatus
1361 3804 1413 3849 et
1445 3794 1635 3850 verbo.
1662 3794 1850 3866 itaque
1879 3811 2065 3864 qnam-

468 3885 553 3939 vis
577 3885 853 3955 perfectus
877 3888 948 3942 ita
976 3896 1126 3944 esset
1164 3887 1434 3959 Propheta
1453 3931 1467 3954 ,
1501 3897 1558 3944 ut
1587 3904 1691 3944 non
1720 3889 2070 3947 erubesceret

472 3979 525 4033 in
549 3989 847 4048 conspectu
880 3996 1069 4052 regum
1097 4023 1112 4045 ,
1149 3991 1328 4037 tamen
1363 3981 1732 4038 meditabatur
1758 3983 1811 4038 in
1833 3997 2067 4054 przecep-

470 4070 538 4126 tis
569 4071 664 4126 Dei
689 4073 840 4128 omni
871 4073 995 4128 vita:
1021 4089 1132 4129 sure
1160 4083 1410 4144 tempore
1435 4115 1450 4140 ,
1484 4085 1538 4131 et
1565 4089 1731 4146 opera
1763 4089 1860 4130 sua
1887 4075 2068 4131 eleva-

467 4162 582 4227 bat,
599 4163 732 4219 nihil
748 4179 912 4234 agens
925 4164 1070 4235 quod
1095 4167 1729 4237 terreniscupiditatibus
1741 4167 2066 4224 adhaereret.

538 4255 630 4310 33.
664 4255 845 4325 (Vers.
887 4257 981 4318 47,
1009 4256 1128 4329 48.)
1154 4257 1386 4329 Ideoque
1413 4257 1482 4313 ait
1542 4276 1556 4311 :
1611 4258 1679 4312 Et
1703 4259 1992 4313 meditabar
2014 4260 2068 4314 in

467 4347 730 4402 mandatis
753 4350 856 4404 tuis
874 4391 888 4416 ,
911 4365 1028 4420 qua:
1051 4351 1212 4405 dilexi
1236 4352 1412 4406 nimis.
1435 4349 1506 4404 Et
1534 4351 1698 4406 levavi
1718 4368 1904 4406 manus
1931 4368 2070 4406 meas

2242 3322 2298 3378 2.
2342 3322 2522 3395 (Vers.
2575 3323 2694 3394 49.)
2744 3322 3004 3380 Memento
3030 3365 3044 3388 ,
3087 3324 3294 3395 inquit,
3328 3325 3574 3389 Domine,
3632 3329 3773 3382 verbi

2171 3418 2246 3470 tui
2273 3433 2417 3472 servo
2447 3427 2556 3485 tuo,
2593 3418 2649 3472 in
2673 3434 2774 3488 quo
2801 3418 2928 3472 mihi
2968 3435 3112 3490 spem
3157 3419 3365 3473 dedisti.
3401 3418 3640 3474 Verbum
3672 3420 3770 3476 Dei

2170 3511 2412 3582 dejectos
2443 3526 2541 3568 nos
2567 3522 2730 3584 atque
2759 3512 3054 3582 depressos
3103 3513 3170 3568 ad
3215 3513 3492 3569 emlestem
3539 3515 3769 3584 gratiam

2169 3606 2524 3676 provocavit;
2577 3616 2636 3659 ut
2685 3605 3062 3662 desideremus
3097 3607 3489 3668 aeternitatem,
3536 3614 3559 3641 α
3591 3606 3772 3676 despi-

2169 3697 2379 3754 ciamus
2401 3699 2718 3770 praesentia,
2767 3699 3152 3768 temporalium
3208 3699 3467 3756 incuriosi
3507 3697 3685 3753 futura
3718 3709 3773 3752 et

2171 3790 2459 3846 invisibilia
2503 3792 2864 3862 requiramus.
2901 3791 3075 3848 Vocat
3113 3792 3275 3862 igitur
3329 3805 3426 3846 nos
3469 3790 3535 3845 ad
3582 3806 3640 3845 se
3674 3790 3770 3845 Dei

2171 3882 2433 3948 Verbum,
2455 3883 2595 3938 sicut
2619 3883 2788 3940 babes
2817 3884 3080 3954 scriptum
3108 3904 3120 3938 :
3160 3883 3343 3939 Venite
3370 3883 3439 3938 ad
3465 3899 3566 3948 me,
3597 3898 3772 3936 omnes

2168 3977 2259 4046 qui
2281 3976 2527 4030 laboratis
2550 3986 2597 4030 et
2619 3978 2818 4032 onerati
2847 3978 2988 4044 estis,
3011 3989 3057 4033 et
3085 3994 3176 4047 ego
3197 3978 3427 4042 reﬁciam
3440 3992 3528 4032 vos
3554 3975 3769 4047 (Matth.

2169 4083 2225 4122 χι
2247 4110 2262 4134 ,
2286 4067 2400 4140 28).
2433 4067 2670 4139 Ideoque
2698 4083 2994 4139 sequamur
3026 4079 3311 4126 vocantem
3357 4069 3646 4124 Dominum
3683 4069 3774 4126 Je-

2169 4177 2319 4228 sutn;
2349 4171 2408 4216 ut
2437 4177 2464 4216 a
2498 4162 2849 4218 saecularibus
2870 4162 2936 4217 ad
2959 4172 3221 4234 perpetua
3254 4171 3621 4229 transeamus,
3649 4177 3774 4216 nus-

2170 4271 2276 4326 que
2304 4256 2452 4325 ipsos
2483 4271 2672 4326 regere
2709 4258 3048 4312 noverimus.

2241 4351 2297 4404 5.
2324 4349 2353 4388 ι)
2381 4350 2521 4420 Ergo
2546 4351 2710 4404 David
2731 4392 2748 4417 ,
2774 4351 3029 4422 quoniam
3061 4365 3208 4424 sa-pe
3234 4349 3518 4422 responsis
3546 4358 3665 4406 erat
3694 4349 3774 4405 in-

469 4441 539 4494 ad
564 4442 812 4496 mandata
858 4452 969 4509 tua,
1018 4460 1134 4512 quae
1173 4445 1335 4499 dilexi
1374 4445 1528 4498 nimis
1557 4461 1575 4499 :
1624 4454 1674 4499 et
1705 4444 1978 4500 exercebar
2018 4446 2072 4498 in
2172 4441 2374 4497 vitatus
2402 4442 2742 4508 caelestibus,
2769 4444 2964 4513 quibus
2984 4444 3477 4500 remunerationem
3509 4442 3632 4498 fidei
3663 4459 3774 4499 mc-

460 4533 932 4605 justi/icationibus
978 4537 1103 4592 tuis.
1165 4536 1579 4594 Pulcherrimus
1622 4536 1760 4593 ordo
1807 4538 1950 4602 iste,
2015 4547 2076 4591 ut
2175 4533 2516 4604 ritorumque
2544 4543 2788 4603 speraret
2816 4533 2961 4598 fore,
2993 4535 3136 4590 sicut
3177 4535 3344 4591 habes
3371 4537 3654 4606 scriptum,
3687 4534 3774 4590 di-

471 4628 648 4698 primo
675 4629 1020 4695 meditemur,
1055 4639 1109 4684 et
1139 4645 1326 4686 eorum
1356 4640 1755 4703 praeceptorum
1799 4645 1919 4701 qua:
1945 4630 2070 4686 dili-
2097 4621 2151 4682 D
2175 4636 2332 4682 cente
2366 4626 2480 4682 Deo
2508 4641 2607 4697 per
2637 4625 2848 4682 Nathan
2881 4627 3200 4697 prophetam
3235 4630 3459 4699 :Accepi
3487 4638 3536 4685 te
3564 4631 3626 4682 de
3653 4627 3773 4682 ovili

468 4725 672 4792 gimus,
699 4726 769 4780 sit
801 4726 958 4780 nobis
991 4735 1206 4782 assueta
1225 4727 1527 4783 meditatio.
1552 4728 1904 4784 Meditatione
1924 4727 2068 4782 enim

472 4816 850 4871 mandatorum
901 4818 1208 4874 caelestium
1239 4820 1422 4890 operis
1458 4821 1587 4876 boni
1638 4835 1767 4875 usus
1799 4821 2070 4877 inolescit.

469 4907 604 4964 Nam
634 4911 774 4966 sicut
800 4911 1144 4967 meditationi
1189 4913 1476 4969 verborum
1510 4914 1632 4970 linis
1662 4915 1926 4970 memoria
1955 4924 2071 4982 est,

473 5009 530 5055 nt
560 5017 681 5070 qua:
713 5003 1038 5058 meditamnr
1063 5004 1226 5060 verba
1251 5013 1538 5060 teneamus
1563 5024 1576 5061 :
1601 5006 1680 5061 sic
1701 5006 2070 5061 meditationis

470 5103 866 5164 praeceptorum
921 5094 1225 5152 caelestium
1272 5096 1504 5152 intentio
1551 5097 1638 5152 vel
1672 5097 1796 5150 finis
1823 5097 2070 5166 operatio

471 5195 586 5254 est,
612 5196 872 5257 actusque
901 5187 1141 5244 directus
1169 5188 1234 5242 ad
1259 5188 1535 5259 implenda
1562 5199 1828 5260 precepts
1859 5189 2067 5256 divina,

543 5392 569 5420 ⁸
589 5371 745 5465 βάἷῐ.
780 5384 1084 5465 Rom._cum
1115 5383 1327 5438 duobus
1361 5396 1519 5465 mss.,
1545 5380 1912 5465 Despiciamus
1927 5397 2068 5465 pra:-

466 5456 655 5521 sentia,
702 5457 1008 5524 temporalia
1043 5471 1361 5519 recusemus,
1409 5458 1613 5523 futura,
1663 5464 1768 5507 etc.
1816 5456 2067 5521 Antiquae

467 5541 589 5582 cum
636 5526 756 5581 aliis
810 5527 1019 5597 aliquot
1056 5545 1069 5579 :
1108 5526 1470 5594 Despiciamus
1503 5526 1777 5590 prtesentia
1807 5535 2062 5594 tempora-

470 5598 597 5653 lium
631 5599 1012 5662 incursionnm,
1047 5601 1091 5653 si
1121 5598 1320 5667 futura.
1352 5610 1460 5653 etc.
1487 5597 1659 5668 Major
1687 5606 1866 5652 autem
1891 5610 1954 5649 ac
1977 5609 2070 5664 po-

470 5670 577 5725 tior
603 5672 891 5741 parsimss.
923 5679 982 5726 ut
1013 5685 1110 5725 uos
1139 5671 1193 5725 in
1230 5679 1402 5725 textu.

487 5811 508 5832 ._
537 5757 566 5797 δ
597 5758 739 5815 Edit.
791 5757 1422 5832 OmnesLErgoADavid
1472 5759 1708 5832 [vocatus
1729 5766 1876 5832 Aeral
1920 5758 2070 5832 verbo

470 5821 602 5894 Det,
633 5841 680 5886 et
705 5845 846 5896 spem
873 5832 927 5886 in
958 5821 1252 5901 ea'habu'it]
1281 5821 1546 5895 quoniam.
1587 5839 1695 5886 etc.
1722 5825 1828 5883 Sed
1862 5825 2069 5882 inclusa

2177 4736 2242 4775 ex
2269 4737 2371 4775 uno
2414 4736 2567 4790 grege
2588 4762 2602 4787 ,
2633 4728 2689 4774 ut
2734 4722 2806 4776 sis
2835 4721 2888 4775 in
2921 4722 3205 4792 principem
3232 4723 3284 4777 in
3307 4722 3561 4794 papulttm
3605 4737 3772 4776 meum

2174 4812 2375 4879 Israel;
2397 4823 2444 4868 et
2473 4831 2613 4869 eram
2641 4825 2808 4870 tecum
2835 4816 2888 4870 in
2926 4815 3160 4871 omnibus
3183 4816 3366 4886 quibus
3401 4813 3772 4885 ingrediebaris

2173 4916 2221 4960 et
2269 4910 2596 4963 exterminavi
2647 4926 2822 4964 omnes
2872 4911 3109 4965 inimicos
3156 4921 3268 4965 tuos
3313 4929 3345 4964 a
3394 4910 3528 4983 facie
3567 4919 3656 4964 tua
3695 4907 3774 4979 (ll

2174 4999 2308 5072 Reg.
2342 5018 2453 5070 vn,
2487 5003 2520 5058 8
2550 5013 2597 5059 et
2626 5003 2706 5076 9).
2738 5005 2804 5060 Et
2830 5004 2968 5060 infra
2999 5023 3012 5059 :
3060 5003 3126 5058 Et
3168 5005 3394 5076 requiem
3423 5003 3514 5058 tibi
3543 5003 3682 5058 dabo
3708 5002 3771 5056 ab

2176 5096 2411 5150 omnibus
2456 5097 2682 5152 inimicis
2723 5099 2822 5152 tuis
2851 5097 3017 5169 (Ibid.
3073 5097 3128 5150 ll
3167 5099 3208 5166 ).
3239 5097 3360 5163 Quo
3391 5109 3659 5167 reSpouso
3685 5109 3774 5149 ac-

2173 5197 2351 5260 cepto,
2380 5192 2457 5244 ait
2479 5189 2646 5245 David
2673 5209 2686 5245 :
2723 5189 2861 5256 Quid
2888 5205 2998 5243 sum
3025 5205 3140 5260 ego,
3188 5187 3408 5245 Domine
3439 5187 3579 5242 Deus
3601 5203 3771 5251 meus,

2174 5383 2386 5437 uncinis
2429 5397 2603 5449 neque
2632 5381 2684 5436 in
2711 5381 3041 5453 Vat.gneque
3077 5383 3129 5438 in
3173 5383 3310 5439 Gall.
3359 5383 3483 5438 cod.
3535 5383 3778 5453 reperire

2175 5465 2280 5508 esu
2309 5453 2504 5509 Addita
2535 5468 2665 5508 vero
2690 5453 2758 5507 ab
2772 5451 2976 5524 aliqua
3002 5455 3252 5509 videntur
3280 5455 3446 5510 fuisse
3471 5496 3486 5522 ,
3511 5451 3613 5524 qui
3648 5469 3772 5510 cum

2176 5523 2508 5596 intelligeret
2549 5538 2708 5578 voces
2731 5522 2897 5596 (Ergo
2925 5523 3114 5596 Dat-id)
3145 5526 3334 5582 referri
3372 5526 3439 5580 ad
3485 5522 3775 5581 inferiores

2177 5596 2300 5652 illas
2321 5638 2335 5662 ,
2365 5594 2481 5649 Hoc
2503 5596 2661 5666 igitur
2676 5594 2943 5666 responso,
2967 5594 3103 5660 εἰς..
3134 5597 3338 5665 putavit
3361 5613 3579 5651 sensum
3613 5597 3774 5650 nimis

2178 5681 2302 5723 esse
2330 5665 2681 5736 suspensum.
2715 5665 2873 5721 Unde
2910 5677 2969 5722 ut
3000 5669 3047 5723 ei
3079 5668 3209 5724 vitio
3252 5668 3579 5734 mederetur,
3613 5682 3775 5724 voces

2178 5753 2208 5792 a
2238 5739 2395 5793 nobis
2427 5747 2706 5794 resecatas
2727 5736 2950 5807 adjecit.
