4070 6498
245 385 378 442 test
1318 377 1418 456 nn
1454 371 1781 438 rsALnot-t
1821 378 1897 436 ca

2002 380 2034 435 ll
2077 375 2457 438 EXPOSI'IIO.
3409 380 3548 438 {282

247 507 290 551 et
323 513 436 567 qua:
488 496 668 550 domus
705 510 846 560 mea;
874 492 1115 564 quoniam
1162 490 1393 546 dilexisti
1440 507 1518 546 me
1545 492 1598 545 in
1637 492 1716 545 Itis
1737 533 1752 558 ,
1793 500 1840 547 et
1870 495 1924 556 Α
1950 499 2091 546 tatur
2116 491 2359 557 oraculo,
2393 496 2506 543 toto
2536 502 2632 558 per
2661 495 2853 559 gentes
2882 487 3015 544 orbe
3047 489 3401 548 fundendum.
3436 493 3551 548 Hoc

249 600 526 644 memorata
549 596 668 644 sunt
697 587 909 641 minima
933 586 988 639 in
1030 594 1304 655 conspectu
1346 592 1466 650 tuo,
1509 580 1758 649 Domine,
1793 593 1839 636 et
1946 600 2074 654 ergo
2100 597 2428 640 surrectura:
2452 583 2713 638 Ecclesiae
2737 583 3066 654 promissum
3096 585 3266 641 David
3288 601 3551 642 verecun-

252 684 452 738 locntus
472 699 527 738 es
554 698 646 753 pro
667 681 821 736 domo
848 679 978 735 servi
1001 679 1078 732 tui
1099 678 1150 732 in
1174 677 1450 749 longinquo
1476 674 1669 748 (lbid.,
1696 677 1770 732 18
1795 686 1844 730 et
1948 677 2049 731 dus
2078 677 2196 742 sui,
2229 677 2518 745 impatiens
2543 691 2677 732 vero
2699 677 3002 732 communis
3031 676 3306 748 profectus
3333 693 3553 734 moran-

256 778 382 848 19)?
415 775 484 832 Et
514 775 656 830 infra
680 775 753 829 ait
783 792 796 830 :
829 771 900 827 Et
931 789 1086 839 nunc,
1133 769 1352 825 Domine
1393 785 1558 836 meus,
1591 768 1807 823 Domine
1829 810 1843 833 ,
1950 770 2047 837 tis,
2078 768 2300 840 exigere
2325 769 2559 825 videtur.

252 880 304 924 tu
328 885 380 924 es
410 867 569 925 Deus.
605 866 675 921 Et
704 867 858 923 verba
898 875 988 920 tua
1020 875 1140 921 sunt
1170 881 1313 929 vera,
1344 874 1391 918 et
1436 863 1638 917 locutus
1660 879 1712 918 es
1755 877 1848 934 pro
2020 863 2074 918 6.
2119 861 2304 934 (Vers.
2340 861 2464 932 50.)
2487 863 2553 917 Et
2582 863 2823 919 addidit:
2855 862 2985 918 Hazc
3006 879 3088 918 me
3113 864 3377 919 consolata
3407 871 3483 918 est
3504 862 3561 915 in

251 979 396 1020 servo
423 973 509 1019 tuo
535 967 666 1018 bona
698 964 806 1016 lucc
835 977 854 1018 :
883 972 929 1016 et
948 978 1085 1015 nunc
1115 961 1281 1030 incipe
1322 958 1618 1014 benedicere
1638 958 1850 1013 domum
1951 955 2240 1010 humilitate
2267 972 2381 1010 mea
2407 997 2423 1023 ,
2452 957 2697 1027 quoniam
2725 956 2934 1012 verbum
2978 968 3121 1012 tuum
3154 957 3425 1027 viviﬁcavit
3452 972 3552 1011 me.

254 1059 389 1113 servi
417 1059 527 1125 tui,
557 1067 613 1111 ut
638 1057 735 1111 sim
771 1058 824 1110 in
873 1065 1122 1110 internum
1169 1055 1222 1108 in
1263 1063 1537 1124 conspectu
1573 1062 1698 1119 tuo;
1722 1070 1852 1126 quo-
1953 1048 2080 1104 Haec
2109 1059 2192 1104 est
2218 1063 2377 1120 spes,
2413 1047 2668 1118 lia-cquae
2691 1050 2858 1105 verbo
2879 1061 2973 1106 tuo
2991 1052 3209 1108 obvenit
3232 1050 3399 1118 mihi,
3423 1064 3556 1106 con-

258 1153 397 1206 niam
424 1161 478 1205 tu
497 1192 513 1220 ,
549 1149 770 1204 Domine
814 1166 973 1216 incus,
999 1146 1218 1202 Domine
1245 1146 1444 1202 locutus
1471 1163 1522 1202 es
1539 1187 1555 1212 ,
1588 1163 1621 1200 a
1646 1146 1853 1201 benedi-
1953 1141 2125 1196 solata
2148 1153 2230 1198 est
2255 1157 2342 1198 me
2361 1184 2377 1210 ,
2403 1151 2461 1197 ut
2489 1143 2776 1198 tolerarem
2799 1145 2994 1200 acerba
3021 1146 3390 1216 prmsentium.
3420 1143 3556 1198 Dum

258 1245 427 1299 ctione
447 1253 536 1299 tua
558 1242 881 1298 benedicatur
903 1241 1084 1295 domus
1106 1241 1238 1296 servi
1265 1242 1338 1295 nti
1361 1236 1414 1295 in
1439 1248 1721 1295 teternum:
1751 1237 1856 1294 hoc
1955 1233 2087 1290 facit
2117 1235 2316 1291 Paulus
2347 1245 2536 1290 contra
2567 1249 2763 1291 nomen
2786 1278 2800 1302 ,
2838 1252 2946 1292 non
2970 1237 3133 1293 habet
3163 1238 3279 1308 spei
3309 1236 3562 1292 consola-

262 1338 429 1407 igitur
477 1349 742 1408 responso
765 1344 823 1390 et
849 1334 970 1389 aliis
998 1345 1218 1390 vocatus
1251 1333 1418 1388 David
1441 1375 1456 1400 ,
1489 1346 1718 1404 sperare
1746 1346 1855 1387 non
1955 1326 2158 1384 tionem
2195 1347 2208 1383 :
2238 1329 2368 1384 dum
2401 1330 2603 1400 patitur
2631 1345 2730 1400 pro
2761 1330 3017 1396 nomine,
3050 1329 3077 1368 ι’
3110 1331 3291 1386 haurit
3317 1346 3468 1403 spem
3493 1330 3564 1385 de

263 1430 497 1497 desinit,
521 1439 575 1486 et
609 1428 940 1499 prophetica:
964 1425 1088 1482 fidei
1111 1427 1436 1481 auctoritate
1462 1425 1720 1480 convenit
1747 1423 1859 1479 Do-
1958 1420 2358 1476 consolatione.
2395 1421 2456 1474 Et
2489 1419 2666 1475 fidelis
2697 1422 2870 1476 laetus
2913 1420 3188 1492 quomodo
3233 1435 3336 1476 nos
3363 1436 3564 1476 conso-

265 1525 506 1588 minum;
534 1534 589 1578 ut
610 1522 917 1578 meminerit
939 1522 1332 1592 promissorum
1360 1536 1607 1586 suorum,
1631 1533 1860 1589 quorum
1960 1513 2134 1581 letur.,
2165 1515 2353 1585 accipe
2377 1530 2392 1568 :
2426 1514 2555 1580 Quis
2577 1531 2671 1569 nos
2692 1515 2981 1585 separabit,
3009 1515 3212 1586 inquit,
3239 1533 3272 1569 a
3291 1516 3568 1570 dilectione

267 1618 553 1674 immemor
573 1633 695 1674 esse
721 1632 826 1672 non
854 1617 1050 1672 soleat.
1077 1616 1293 1673 Sanctis
1322 1616 1468 1671 enim
1507 1628 1865 1686 quaecumque
1964 1606 2156 1663 Christi
2185 1609 2209 1661 ?
2245 1606 2537 1662 Ττὶὺιιιαιὶο
2560 1649 2575 1673 .
2609 1625 2675 1662 αη
2714 1611 2956 1679 angustia
2979 1649 2994 1675 ,
3031 1625 3099 1661 an
3142 1608 3461 1680 persecutio,
3499 1624 3574 1662 an

266 1711 638 1784 Spoponderit,
663 1711 892 1782 implere
919 1711 1222 1776 consuevit,
1246 1717 1553 1764 nostrarum
1578 1710 1867 1765 immemor

269 1806 656 1876 iniquitatum,
715 1821 937 1860 suarum
989 1819 1099 1860 non
1157 1805 1445 1860 immemor
1481 1803 1861 1874 sponsionum.

1967 1704 2150 1772 fames,
2183 1718 2251 1756 an
2279 1702 2586 1772 periculum,
2615 1718 2684 1756 an
2707 1702 2918 1773 gladius
2941 1702 2967 1754 1’
2994 1701 3143 1757 Sicut
3173 1701 3418 1770 scriptum
3449 1709 3524 1755 est
3551 1714 3573 1754 .'

1970 1792 2106 1859 Quia
2136 1803 2346 1865 propter
2372 1803 2418 1848 te
2441 1795 2596 1848 morti
2635 1796 2896 1848 tradimur
2937 1803 3042 1848 tota
3073 1794 3175 1858 die,
3209 1794 3450 1848 wstimati
3479 1809 3572 1846 su-

268 1897 511 1968 Dirnique
537 1897 797 1968 scriptum
840 1905 927 1952 est
960 1914 973 1950 :
1010 1895 1124 1968 Ego
1151 1913 1283 1961 sum,
1314 1913 1405 1967 ego
1434 1913 1569 1961 sum,
1599 1895 1687 1966 qui
1715 1894 1860 1950 deleo
1890 1905 1940 1966 Β
1965 1904 2076 1941 mus
2104 1899 2158 1940 ut
2189 1903 2304 1942 oves
2332 1888 2604 1942 occisionis
2636 1887 2816 1960 (Rom.
2846 1903 2959 1943 vm.
2993 1929 3008 1956 ,
3043 1887 3113 1943 55
3143 1897 3190 1942 et
3222 1887 3340 1957 56).
3373 1886 3438 1942 Et
3472 1901 3582 1957 qua

267 1991 561 2059 iniquitates
583 2001 792 2044 tuas....
830 2000 876 2045 et
899 2005 1094 2044 memor
1122 2005 1224 2043 non
1255 2004 1344 2043 ero
1364 2004 1383 2043 :
1407 1997 1463 2042 tu
1486 1999 1656 2042 autem
1676 2005 1870 2045 memor

267 2092 374 2136 esto
419 2092 468 2136 et
503 2083 806 2156 judicentur
853 2081 1028 2155 (Esai.
1062 2098 1190 2138 xuu
1215 2125 1228 2149 ,
1255 2081 1326 2138 25
1351 2092 1401 2137 et
1428 2080 1545 2152 26).
1576 2081 1704 2137 Vult
1733 2081 1871 2139 obli-

269 2175 403 2230 visci
451 2191 810 2248 qutecumque
840 2177 1123 2232 minitatus
1166 2175 1327 2232 fuerit
1359 2175 1775 2247 peccatoribus,
1824 2176 1873 2230 si

273 2268 397 2324 vias
421 2268 713 2340 aliquando
739 2277 1060 2326 convertant
1090 2287 1102 2324 :
1135 2271 1252 2326 vult
1277 2271 1445 2326 etiam
1472 2268 1779 2337 conveniri,
1813 2279 1873 2323 ut

271 2363 317 2417 si
370 2363 492 2433 quis
536 2364 816 2434 proposita
865 2371 1086 2420 secutus
1129 2364 1418 2419 virtutibus
1454 2363 1702 2434 praemia,
1733 2362 1874 2418 bene

270 2457 593 2523 certaverit,
627 2457 861 2512 fructum
904 2458 1366 2514 remunerationis
1405 2466 1720 2529 exspectet,
1743 2457 1874 2528 quin

274 2552 439 2605 etiam
489 2552 703 2623 exigat,
752 2553 897 2608 sicut
922 2553 1091 2610 habes
1136 2555 1444 2625 scriptum:
1493 2554 1764 2610 Certamen
1787 2553 1875 2607 bo-

276 2660 398 2697 num
428 2646 652 2710 certari;
677 2661 888 2701 cursum
931 2650 1280 2703 consummavi
1322 2665 1340 2702 :
1366 2650 1592 2718 reposita
1629 2659 1704 2704 est
1753 2648 1877 2702 mitti

211 2799 222 2805 ι
277 2755 470 2792 corona
487 2741 714 2812 justitite
744 2738 813 2812 (ll
858 2741 996 2796 Tim.
1031 2759 1112 2810 tv,
1147 2742 1227 2814 7).
1270 2742 1388 2798 Non
1439 2752 1524 2799 est
1549 2743 1694 2798 enim
1723 2757 1877 2797 arro-

278 2845 414 2901 gans
440 2833 745 2901 usurpatio,
774 2832 875 2888 sed
903 2833 1108 2901 fidelis;
1155 2835 1280 2906 quia
1331 2850 1517 2890 verum
1568 2833 1739 2889 Deum
1773 2847 1881 2888 non

285 2937 445 2992 posse
471 2922 661 2979 fallere
688 2924 1003 2981 confitetur.
1061 2926 1298 2997 Ideoque
1337 2927 1594 2982 admonet
1627 2935 1678 2981 et
1715 2925 1883 2980 David

284 3015 474 3072 dicens
499 3057 513 3084 ,
546 3027 606 3072 ut
632 3017 942 3073 meminerit
986 3019 1245 3075 Dominus
1274 3021 1426 3074 verbi
1457 3020 1572 3085 sui;
1633 3035 1740 3090 quo
1785 3036 1886 3076 nos

285 3112 352 3166 ad
395 3113 723 3182 sperandum
767 3124 1057 3183 provocat,
1095 3126 1154 3171 ut
1191 3115 1423 3172 terrenis
1473 3116 1882 3185 renuntiemus,

285 3203 654 3261 inlnereamns
687 3206 1029 3264 coelestibus.

1971 1981 2183 2036 ratione
2231 1980 2320 2034 illa
2357 1980 2628 2050 patienter
2659 1981 2877 2036 tolerari
2911 1981 3156 2052 possint,
3186 1978 3394 2036 addidit
3421 1996 3434 2032 :
3467 1978 3579 2034 Sed

1972 2075 2024 2129 in
2057 2075 2138 2129 his
2167 2073 2404 2129 omnibus
2425 2091 2727 2145 superamus
2754 2085 2964 2146 propter
2991 2089 3106 2129 eunt
3124 2116 3138 2141 ,
3167 2075 3252 2145 qui
3279 2089 3371 2129 nos
3395 2073 3582 2127 dilexit

1976 2168 2140 2242 (Ibid.
2173 2212 2186 2237 ,
2211 2170 2327 2242 '57).
2367 2170 2509 2242 Ergo
2539 2171 2582 2224 si
2627 2173 2749 2242 quis
2791 2172 2905 2226 vult
2943 2171 3170 2226 adversa
3199 2185 3499 2240 superare,
3533 2167 3584 2224 si

1973 2273 2058 2320 est
2096 2265 2440 2336 persecutio,
2475 2264 2521 2320 si
2555 2274 2638 2320 est
2671 2264 3004 2336 perieulum,
3039 2263 3088 2318 si
3122 2279 3306 2329 mors,
3337 2263 3382 2317 si
3414 2261 3582 2332 aegri-

1978 2355 2110 2410 tudo
2160 2358 2378 2427 gravis,
2418 2358 2465 2412 si
2518 2357 2768 2413 incursus
2822 2357 3126 2423 latronum,
3165 2355 3212 2410 si
3263 2353 3586 2410 facultatum

1979 2453 2310 2524 proscriptio
2333 2495 2348 2520 ,
2382 2452 2428 2508 si
2461 2453 2724 2525 quidquid
2753 2469 2940 2510 eorum
2965 2469 3087 2524 quze
3119 2462 3376 2524 putantur
3401 2453 3454 2507 in
3482 2451 3592 2506 isto

1969 2545 2207 2602 adversa
2253 2547 2486 2613 saeculo,
2521 2547 2681 2602 facile
2711 2557 3076 2619 superantur,
3109 2547 3156 2602 si
3181 2549 3252 2602 sit
3291 2561 3418 2618 spes
3464 2559 3590 2616 qua:
3683 2520 3717 2551 ”

1980 2641 2312 2697 consoletur.
2358 2642 2491 2697 Nam
2533 2642 2632 2699 etsi
2677 2641 2768 2697 illa
2815 2643 3143 2710 acciderint,
3179 2652 3359 2699 tamen
3403 2643 3590 2714 gravia

1983 2748 2105 2790 esse
2127 2749 2234 2789 non
2261 2743 2494 2805 possunt
2518 2733 2722 2792 dicenti
2741 2753 2754 2788 :
2773 2734 3032 2791 Existimo
3046 2736 3181 2790 enim
3205 2735 3343 2806 quod
3363 2735 3592 2807 indigna:

1984 2830 2085 2883 sint
2139 2829 2408 2898 passiones
2465 2829 2622 2900 hujus
2675 2831 2919 2901 temporis
2967 2831 3037 2884 ad
3087 2831 3315 2900 futuram
3367 2831 3594 2903 gloriam

1988 2920 2184 2991 (Ibid.,
2208 2920 2326 2993 '58).
2351 2921 2608 2993 Quisquis
2625 2924 2770 2978 enim
2795 2923 3020 2980 meliora
3047 2933 3268 2996 sperat,
3296 2939 3591 2997 numquam

1988 3016 2285 3072 levioribus
2310 3015 2602 3088 frangitur.

2062 3111 2115 3166 7.
2158 3111 2214 3166 ln
2247 3120 2493 3182 tempore
2525 3111 2689 3183 igitur
2719 3112 3040 3170 humilitatis
3072 3123 3275 3170 nostra:
3302 3129 3426 3186 spes
3463 3130 3599 3171 con-

1989 3204 2248 3262 solatoria
2270 3216 2385 3270 est,
2412 3223 2531 3278 qua:
2555 3222 2661 3263 non
2683 3208 2968 3275 confundit
2991 3227 3004 3264 :
3032 3217 3248 3281 tempus
3271 3219 3450 3267 autem
3476 3219 3597 3267 ten-

357 3296 412 3351 4.
457 3298 600 3354 Dicit
656 3313 786 3371 ergo
819 3299 986 3355 David
1038 3318 1052 3355 :
1105 3300 1396 3356 Certamen
1447 3312 1686 3358 certatus
1726 3317 1879 3371 sum,
1908 3307 1955 3372 ί)
1990 3299 2287 3368 talionum,
2313 3311 2524 3372 tempus
2548 3302 2870 3358 humilitatis
2891 3304 3085 3360 anima:
3109 3313 3311 3360 nostra:
3331 3305 3596 3361 arbitror.

285 3391 534 3447 bravium
560 3400 690 3462 peto
718 3393 871 3448 verbi
903 3393 978 3448 tui
1004 3435 1018 3460 ,
1049 3395 1192 3466 quod
1219 3395 1518 3466 promisisti
1559 3395 1692 3451 mihi
1721 3413 1734 3450 :
1771 3411 1885 3452 me-

285 3503 410 3542 mor
455 3497 574 3544 esto
629 3488 1024 3560 promissorum
1074 3500 1325 3558 tuorum,
1376 3506 1498 3562 quae
1545 3491 1886 3562 Spopondisti

289 3595 456 3637 servo
482 3588 593 3637 tuo.
635 3580 754 3636 Non
798 3582 1143 3652 usurpatorie
1179 3583 1394 3654 speravi
1454 3599 1574 3654 qua:
1606 3593 1665 3638 ut
1699 3600 1888 3656 spera-

292 3691 406 3732 rem
456 3675 572 3746 ipse
613 3672 810 3730 fecisti.
844 3676 1047 3733 Servus
1087 3693 1240 3745 sum,
1287 3688 1546 3749 exspecto
1575 3678 1889 3734 alimentum

294 3785 325 3823 a
361 3769 589 3825 Dotnino
619 3788 634 3823 :
665 3769 822 3827 miles
851 3787 1007 3840 sum,
1041 3774 1199 3843 exigo
1223 3772 1292 3828 ab
1325 3773 1656 3841 imperatore
1685 3775 1893 3844 stipen-

295 3863 479 3918 dium:
510 3875 735 3920 vocatus
755 3881 898 3932 sum,
925 3867 1141 3938 postulo
1163 3868 1231 3923 ab
1253 3868 1514 3924 invitante
1539 3870 1888 3940 promissum.

297 3955 620 4014 Verecunde
665 3969 849 4016 autem
895 3961 1279 4017 auctoritatem
1344 3961 1554 4035 1045
1609 3977 1721 4018 suae
1753 3963 1895 4017 -fidei

300 4053 663 4121 temperavit,
690 4053 925 4110 dicendo
956 4070 1015 4110 se
1037 4071 1282 4121 servum;
1315 4058 1441 4125 quia
1461 4057 1614 4110 Oculi
1637 4073 1898 4111 servorum

300 4145 353 4199 in
384 4145 617 4201 omnibus
649 4148 976 4203 dominorum
1008 4166 1227 4204 suorum
1248 4149 1427 4222 (Psal.
1456 4165 1601 4205 cxxn
1620 4192 1634 4216 ,
1660 4149 1739 4221 2).
1771 4149 1902 4206 Hmc

301 4253 366 4294 ex
398 4255 628 4309 persona
650 4241 821 4296 David
850 4241 1066 4314 propria
1087 4244 1224 4300 bene
1251 4251 1504 4312 prompta
1524 4251 1674 4296 sunt.

379 4332 432 4386 5.
474 4330 742 4388 Caeterum
764 4335 810 4388 si
838 4335 962 4405 quis
989 4335 1430 4391 informationem
1451 4335 1714 4407 cujusque
1733 4335 1908 4391 homi-

307 4425 393 4480 nis
441 4425 789 4494 considerat,
840 4434 1021 4497 potest
1066 4427 1245 4483 levitis
1287 4429 1596 4484 communia
1643 4429 1908 4499 promissa

307 4518 539 4587 librare,
563 4518 705 4575 sicut
726 4517 896 4576 babes
926 4537 940 4573 :
974 4519 1112 4575 Date
1137 4519 1260 4576 Levi
1285 4521 1420 4576 viros
1443 4522 1559 4591 ejus
1577 4563 1592 4588 ,
1619 4521 1740 4575 date
1785 4519 1910 4576 Levi

312 4613 615 4683 manifestos
654 4611 768 4682 ejus
797 4610 975 4682 (Deut.
1002 4628 1202 4681 χχχιιι,
1229 4611 1309 4684 8).
1342 4621 1366 4650 η
1396 4613 1585 4669 Potest
1610 4612 1774 4670 etiam
1808 4627 1909 4684 po-

1988 3396 2315 3453 llumiliatnr
2342 3398 2487 3454 enim
2529 3400 2711 3455 anima
2752 3413 2968 3468 nostra,
3001 3401 3127 3457 dum
3155 3403 3385 3459 traditur
3415 3412 3594 3459 tenta-

1992 3493 2126 3561 tori,
2156 3493 2305 3549 duris
2327 3493 2684 3550 examinanda
2712 3496 2988 3552 laboribus
3018 3514 3032 3562 ;
3067 3505 3124 3552 ut
3152 3497 3455 3554 lucteturet
3477 3511 3602 3555 cer-

1992 3596 2095 3656 tet,
2129 3604 2484 3660 congressum
2516 3592 2805 3646 contrariae
2827 3593 3116 3665 experiens
3149 3594 3436 3664 potestatis
3463 3612 3475 3648 :
3498 3593 3598 3650 sed

1994 3679 2050 3736 in
2074 3681 2158 3736 his
2187 3682 2583 3739 tentationibus
2616 3683 2921 3741 vivificatur
2946 3686 3187 3757 alloquio
3219 3687 3333 3743 Dei.
3363 3687 3490 3744 llarc
3515 3697 3604 3744 est

1996 3776 2143 3830 enim
2173 3776 2370 3832 anima:
2408 3787 2613 3834 nostra:
2659 3779 2841 3834 vitalis
2883 3780 3221 3848 substantia,
3255 3795 3358 3851 qua
3400 3780 3602 3848 alitur,

1997 3876 2052 3922 et
2085 3869 2322 3936 pascitur
2344 3911 2358 3935 ,
2391 3879 2447 3925 et
2473 3870 2826 3940 gubernatur.
2876 3871 2987 3928 Nec
3016 3872 3308 3945 quidquam
3340 3873 3483 3928 aliud
3522 3882 3609 3930 est

1999 3961 2142 4030 quod
2174 3963 2362 4018 vivere
2384 3963 2547 4018 faciat
2573 3965 2956 4021 rationabilem
2985 3966 3223 4021 animam
3247 4008 3263 4033 ,
3289 3982 3449 4039 quam
3473 3966 3610 4024 allo-

2002 4053 2187 4122 quium
2221 4054 2336 4110 Dei.
2382 4055 2536 4111 Sicut
2564 4056 2708 4111 enim
2738 4067 2968 4128 augetur
2997 4075 3180 4114 sermo
3211 4059 3305 4115 Dei
3337 4060 3390 4115 in
3423 4059 3605 4116 anima

2006 4155 2221 4212 nostra,
2254 4147 2382 4201 dum
2411 4146 2707 4216 suscipitur
2725 4189 2742 4215 ,
2767 4149 2892 4204 dum
2920 4151 3241 4221 intelligitur
3260 4192 3276 4218 ,
3301 4151 3431 4207 dum
3457 4167 3608 4207 com-

2008 4237 2365 4308 prehenditur
2388 4255 2404 4306 ;
2432 4239 2504 4293 ita
2529 4238 2690 4295 etiam
2710 4242 2817 4296 vita
2840 4241 2958 4312 ejus
2979 4252 3208 4314 augetur
3233 4263 3246 4298 :
3271 4256 3324 4301 ct
3347 4245 3612 4316 quemad-

2009 4329 2230 4385 modum
2261 4345 2292 4386 e
2318 4331 2596 4388 contrario
2640 4332 2938 4402 alloquium
2983 4333 3080 4390 Dei
3117 4333 3302 4392 deﬁcit
3330 4335 3383 4392 in
3431 4336 3612 4396 anima

2013 4433 2230 4491 nostra,
2261 4423 2332 4479 ita
2373 4433 2428 4480 et
2455 4425 2685 4481 incurrit
2711 4426 2829 4497 ejus
2860 4427 2966 4482 vita
2999 4426 3294 4485 defectum.
3344 4427 3525 4501 Itaque
3555 4441 3616 4488 ut

2011 4517 2282 4571 connexio
2310 4516 2413 4574 ista
2442 4516 2642 4574 animae
2670 4528 2728 4576 et
2750 4521 2999 4590 corporis
3029 4520 3205 4577 nostri
3236 4521 3430 4594 Spiritu
3462 4523 3616 4581 vitali

2015 4610 2316 4678 animatur,
2348 4619 2511 4682 atque
2551 4612 2752 4680 alitur,
2793 4624 2849 4670 et
2897 4625 3156 4671 tenetur:
3190 4616 3264 4673 ita
3305 4617 3476 4675 verbo
3516 4618 3617 4675 Dei

313 4704 422 4776 puli
453 4705 726 4761 credentis
748 4706 938 4762 electis
961 4705 1256 4778 alloquium
1287 4707 1430 4763 istud
1456 4707 1632 4781 aptari
1659 4726 1673 4762 :
1703 4708 1789 4764 cui
1813 4722 1910 4778 per
1935 4709 1987 4771 D
2013 4713 2066 4759 et
2087 4703 2320 4774 spiritali
2341 4705 2511 4776 gratia
2533 4707 2714 4762 anima
2739 4717 2923 4764 nostra
2947 4708 3266 4768 viviﬁcatur.
3292 4711 3448 4770 Unde
3465 4713 3616 4770 omni

311 4805 500 4868 typum
542 4797 774 4870 Joseph,
814 4799 992 4871 primo
1031 4801 1085 4855 in
1112 4807 1241 4872 typo
1277 4800 1397 4871 ejus
1424 4800 1693 4869 nominis,
1717 4799 1916 4857 deinde

318 4906 417 4964 per
441 4893 636 4949 tribum
661 4893 713 4950 in
740 4894 930 4964 prima:
956 4895 1239 4951 electionis
1263 4895 1508 4952 liaeredes
1541 4895 1814 4951 transfusa
1836 4903 1921 4951 est

317 4987 498 5043 divina
527 4988 850 5059 promissio,
875 4988 1090 5046 dicente
1108 4989 1294 5061 Moyse
1325 5007 1339 5043 :
1372 4987 1757 5060 Primogenitus
1784 4991 1924 5044 tauri

319 5079 476 5136 decus
516 5085 629 5154 ejus
657 5098 677 5138 :
703 5099 898 5138 cornua
943 5083 1217 5139 unicornui
1269 5101 1465 5140 cornua
1507 5087 1619 5158 ejus
1653 5100 1672 5138 :
1697 5085 1751 5139 in
1796 5084 1923 5154 ipsis

319 5185 496 5248 gentes
546 5177 809 5232 ventilabit
853 5179 1010 5233 simul
1059 5194 1221 5250 usque
1263 5179 1331 5233 ad
1376 5178 1722 5232 summitatem
1772 5185 1924 5232 terra:

249 5273 254 5278 '
324 5265 490 5339 (Ibid.
518 5311 532 5335 ,
567 5267 680 5342 l7).
718 5268 945 5326 Unicum
972 5272 1118 5328 enim
1149 5271 1384 5327 Verbum
1420 5271 1515 5327 Dei
1557 5269 1663 5326 hoc
1690 5273 1925 5342 prephe-

402 5418 439 5484 ξ
469 5409 627 5465 Rom.
659 5411 786 5476 edit,
820 5427 943 5468 cum
987 5413 1174 5484 paucis
1206 5426 1338 5484 mss.
1362 5455 1378 5478 ,
1418 5407 1598 5484 Potest
1629 5410 1783 5465 etiam
1833 5428 1928 5484 po-

330 5479 468 5554 pulis
527 5484 882 5546 credentibus,
927 5479 1136 5555 populis
1193 5483 1403 5555 electis.
1445 5481 1574 5537 Ant.
1631 5498 1754 5555 cum
1804 5479 1926 5539 aliis

331 5553 733 5625 iuss....populi
756 5553 1007 5611 credentis
1031 5555 1227 5610 electis.
1253 5554 1409 5624 Quod
1437 5561 1618 5608 autem
1646 5553 1698 5608 in
1719 5556 1931 5610 cunctis

333 5626 469 5682 edit.
520 5630 797 5699 sequitur,
857 5627 1028 5682 Potest
1053 5639 1099 5682 et
1121 5636 1431 5683 surrecturce
1457 5625 1709 5681 Ecclesia:
1749 5643 1932 5699 conve-

334 5699 532 5823 niflntcr
558 5698 768 5773 aptari,
815 5699 1157 5757 desideratur
1187 5699 1238 5754 in
1297 5715 1428 5756 mss.
1485 5708 1542 5754 et
1600 5698 1932 5769 superfluum

334 5786 387 5823 Vl
431 5783 571 5823 Bllll'.
1336 5782 1340 5784 Ὗ

333 5783 571 5827 γιαθιιιν.

409 5839 436 5878 δ
471 5844 544 5897 Ita
566 5855 673 5901 vet.
688 5845 820 5904 edit.
845 5845 1004 5900 Rom.
1026 5857 1157 5900 vero
1177 5846 1463 5902 conversis
1482 5844 1664 5902 verbis
1677 5841 1932 5898 emenda-

339 5922 529 5985 verat,
556 5915 622 5974 de
640 5935 728 5992 spe
755 5917 1181 5976 consolationem.
1209 5917 1338 5979 Mss.
1371 5926 1554 5975 autem
1585 5923 1758 5975 totum
1791 5914 1934 5972 hunc

2020 4812 2219 4867 genere
2263 4797 2487 4854 studere
2511 4797 2774 4856 debemus
2795 4840 2810 4866 ,
2843 4809 2900 4857 ut
2934 4801 3143 4874 reliqua
3188 4805 3368 4860 omnia
3405 4804 3620 4881 1056

2023 4890 2442 4963 posthabentes,
2475 4907 2867 4966 congregemus
2911 4895 3068 4952 nobis
3112 4897 3350 4969 alloquia
3396 4899 3493 4955 Dei
3517 4941 3532 4966 ,
3564 4909 3622 4958 et

2023 5001 2381 5059 congeramus
2413 4998 2435 5026 ο
2469 4989 2522 5043 in
2555 4989 2854 5060 principale
2901 4997 3142 5045 nostrum
3164 5031 3178 5057 ,
3215 4991 3269 5046 in
3310 5006 3535 5059 sensus,
3564 4991 3618 5050 in

2025 5081 2455 5146 sollicitudines,
2495 5081 3001 5151 considerationes,
3043 5091 3303 5157 actusque
3351 5093 3568 5141 nostros
3603 5103 3619 5154 ;

2029 5185 2084 5230 ut
2115 5175 2369 5247 alloquiis
2413 5175 2824 5247 Scriptttrarum
2871 5177 3010 5232 facta
3044 5189 3232 5233 nostra
3263 5175 3622 5248 conveniant,

2027 5268 2127 5326 nec
2156 5284 2186 5325 a
2218 5271 2361 5326 serie
2391 5279 2787 5342 praeceptorum
2818 5270 3126 5328 caelestium
3148 5281 3301 5328 actus
3322 5274 3494 5327 nostri
3515 5271 3630 5329 dis--

2028 5411 2486 5487 locumexhihent
2509 5412 2564 5468 in
2587 5411 2707 5487 base
2725 5413 2946 5487 verbm:
2966 5413 3104 5468 Dum
3125 5415 3252 5487 facit
3272 5425 3319 5469 et
3341 5416 3521 5486 fideles
3545 5420 3629 5487 fn-

2032 5495 2172 5538 turos
2199 5483 2487 5559 (nonnulli,
2499 5485 2712 5559 futuris,
2736 5497 2827 5539 aut
2854 5486 3016 5559 etiam
3039 5483 3230 5559 futuri)
3258 5483 3513 5555 quomodo
3536 5483 3629 5544 nos

2031 5555 2353 5629 consoletur,
2379 5557 2574 5629 accipe.
2617 5556 2734 5612 Non
2762 5558 2986 5613 omnino
3015 5555 3319 5629 spernenda
3351 5559 3513 5614 lectio
3533 5601 3549 5624 ,
3580 5561 3626 5614 si

2035 5627 2212 5700 legas,
2257 5627 2501 5699 futuros,
2517 5637 2573 5684 et
2612 5629 2873 5696 verbum,
2901 5629 3058 5700 facit,
3091 5628 3158 5683 ad
3207 5645 3360 5700 spem
3402 5629 3627 5685 referas.

2037 5699 2136 5755 Hie
2166 5709 2350 5772 tamen
2379 5710 2642 5772 praestare
2667 5699 2916 5757 videntur
2945 5699 3239 5758 editiones.

2113 5782 2135 5810 ε
2164 5770 2218 5826 Id
2241 5781 2325 5828 est
2345 5770 2922 5898 animamgiartemque
2947 5783 3188 5828 nostram
3211 5770 3538 5841 spiritalem,
3565 5772 3636 5829 de

2113 5859 2141 5897 a
2165 5844 2410 5898 Droxime
2431 5853 2558 5898 ante
2621 5844 2796 5898 ixerat
2820 5858 2833 5896 :
2859 5853 2913 5898 et
2935 5858 3002 5898 eo
3029 5845 3198 5898 verbo
3227 5842 3428 5898 saeuius
3467 5845 3636 5898 utitur

2027 5859 2150 5916 qua
2165 5844 2410 5916 proxime
2431 5853 2558 5916 ante
2583 5842 2833 5899 dixerat:
2859 5853 2913 5901 et
2935 5858 3002 5901 eo
3029 5845 3198 5899 verbo
3227 5842 3428 5914 saepius
3467 5845 3638 5908 utitur

2039 5913 2095 5971 S.
2129 5913 2338 5973 Praesul
2363 5914 2557 5972 eodem
2584 5930 2770 5978 sensu.
