4124 6346
514 308 651 373 1335

1847 245 2092 365 structi
2128 285 2455 365 attenuet!

3673 282 3810 349 test

498 422 730 481 curuare
767 420 1088 485 videantur,
1126 432 1237 489 quo
1289 414 1565 486 possimus
1609 419 1666 469 et
1715 424 1817 466 uos
1866 408 2054 466 dicere
2085 426 2098 464 :
2131 413 2173 477 Α
2205 415 2360 475 cepta
2383 411 2664 475 gustasse,
2691 403 2889 469 tentari
2922 404 3105 465 solent
3130 402 3413 474 prosperis
3441 403 3806 475 superborum

507 515 768 584 Quoniam
793 514 1053 582 eloqwum
1070 520 1213 569 tuum
1239 507 1511 578 viviﬁcavit
1540 520 1653 561 nos.

572 606 629 667 8.
676 605 859 677 (Vere.
892 603 1011 674 51.)
1051 602 1271 663 Tertius
1316 614 1507 663 versus
1530 607 1616 653 est
1641 613 1655 650 :
1682 592 1908 665 Superbi
1934 592 2109 661 inique

497 698 714 771 agebant
740 695 892 750 nimis
922 710 940 749 :
971 712 1004 748 a
1029 697 1138 767 lege
1166 701 1335 747 autem
1365 703 1457 744 tua
1487 705 1588 747 non
1619 687 1895 747 declinavi.
1932 685 2105 755 Maxi-

503 809 651 851 tuutu
686 797 969 863 peccatum
1009 789 1063 845 itt
1095 785 1316 851 nomine
1342 783 1595 855 superbia
1619 791 1742 849 est;
1769 777 2108 851 quandoqui—

503 887 630 949 dem
672 886 798 945 inde
837 885 1078 945 manavit
1105 881 1281 941 nostri
1321 880 1474 952 origo
1496 879 1703 937 delicti.
1731 877 1842 934 iloc
1873 875 1984 931 telo
2007 888 2106 930 nos

504 979 736 1052 primum
768 980 1015 1036 diabolus
1052 976 1394 1042 vulneravit,
1434 982 1489 1029 et
1533 970 1785 1044 perculit.
1822 967 1955 1024 Nam
2000 964 2106 1021 nisi

502 1074 668 1133 homo
689 1074 964 1144 serpentis
988 1069 1346 1141 persuasione
1362 1067 1624 1138 deceptus
1648 1063 1792 1121 sicut
1815 1063 1962 1118 Deus
1983 1073 2105 1117 esse

505 1168 800 1233 voluisset,
823 1176 880 1225 et
903 1180 1091 1221 Verum
1120 1164 1422 1233 falsumque
1445 1172 1780 1229 cognoscere
1801 1195 1817 1225 ,
1845 1155 1987 1226 quod
2013 1168 2106 1223 pc-

502 1262 653 1319 nitus
697 1261 1011 1316 discernere
1059 1258 1294 1313 humana
1348 1252 1637 1325 fragilitate
1682 1265 1789 1311 non
1838 1256 2101 1321 poterat;

501 1355 738 1427 ideoque
776 1353 922 1425 quod
969 1360 1295 1421 sequeretur
1340 1355 1665 1417 acceperat,
1700 1360 1768 1401 ne
1813 1341 2102 1399 temeraria

501 1459 855 1518 usurpatione
875 1446 944 1501 de
966 1445 1059 1500 illa
1084 1441 1320 1515 paradisi
1347 1440 1605 1499 felicitate
1625 1436 1901 1494 decidet-ct
1929 1453 1942 1487 :
1964 1435 2099 1500 nisi.

496 1538 719 1610 inquam
740 1577 758 1605 ,
791 1538 956 1601 homo
980 1540 1098 1594 suis
1131 1552 1239 1593 non
1269 1543 1561 1595 contentus
1592 1530 1787 1589 littibus
1819 1528 2102 1589 interdicta

500 1639 843 1695 teu'terasset,
868 1646 999 1687 nutu
1020 1645 1165 1699 tuam
1185 1625 1372 1685 feralis
1394 1625 1570 1695 culpa:
1596 1622 1666 1679 ad
1688 1638 1787 1677 nos
1810 1620 2105 1677 transisset

500 1723 816 1785 bzereditas.
843 1723 912 1779 Et
940 1723 1072 1793 quid
1099 1722 1168 1777 de
1196 1721 1417 1777 homine
1443 1716 1656 1775 dtcatn?
1678 1716 1801 1785 ipse
1848 1712 2103 1775 diabolus

2212 500 2561 572 processibus
2590 516 2603 563 ;
2632 499 2881 561 videntes
2902 516 2999 559 eos
3030 498 3127 571 qui
3159 497 3586 569 pravaricautur
3607 499 3806 569 legem,

2211 599 2511 670 impietatis
2539 598 2811 663 arbitros.
2838 606 3190 667 arrogantes,
3226 606 3638 666 contemptores
3670 594 3809 651 ﬁde-

2207 689 2374 759 lium,
2401 690 2731 749 extollentes
2755 705 2816 746 se
2846 689 3115 755 adversus
3142 702 3236 749 ens
3264 687 3356 757 qui
3396 686 3687 745 ltumiliattt
3713 701 3811 742 cor

2206 800 2370 845 suum
2401 782 2704 843 secundum
2731 787 2983 841 timorem
3013 782 3113 841 Dei
3135 791 3189 843 et
3218 790 3491 853 praecepta
3521 780 3768 841 cmlestis
3790 822 3807 847 ,

2208 878 2486 941 abundare
2528 877 2583 937 itt
2618 879 2722 936 Itoc
2748 878 2951 935 staculo
2982 876 3218 944 divitiis,
3251 875 3557 946 praeconio,
3589 875 3810 932 honori-

2207 974 2309 1031 bus
2332 1016 2345 1041 ,
2379 973 2742 1045 potestatibus
2774 989 2788 1040 ;
2821 973 3010 1042 eisque
3056 988 3164 1042 quo
3210 969 3464 1043 gratiora
3517 970 3805 1037 commise—

2206 1069 2347 1135 rint,
2379 1085 2448 1129 eo
2472 1067 2843 1128 alﬂuentiores
2871 1082 3157 1126 successus
3185 1066 3602 1131 commodorum
3626 1082 3804 1125 sarcu-

2208 1164 2403 1223 lariuut
2443 1163 2748 1221 secttndare
2777 1182 2791 1219 :
2819 1173 3009 1221 contra
3052 1170 3235 1219 autem
3276 1160 3456 1231 justus
3499 1161 3648 1217 viros
3695 1160 3809 1230 plc-

2209 1273 2441 1329 rumque
2460 1257 2714 1323 laborare
2740 1256 2919 1324 inopia
2945 1297 2961 1322 ,
2982 1254 3370 1311 amissionibus
3396 1253 3633 1310 ﬁliorum
3655 1293 3670 1317 ,
3698 1263 3810 1310 ste-

2207 1353 2506 1409 rilitatiltus
2551 1354 2843 1423 coniugum
2875 1366 2890 1417 ;
2920 1366 3029 1421 quo
3068 1348 3325 1420 esagttati
3368 1360 3534 1418 atque
3565 1347 3806 1413 turbati,

2206 1464 2429 1505 sensum
2461 1447 2664 1504 mentis
2696 1447 2993 1509 inclinent,
3021 1453 3079 1500 ut
3110 1454 3296 1514 putent
3330 1443 3423 1498 Dei
3455 1442 3508 1498 in
3543 1445 3645 1498 hoc
3671 1457 3810 1510 quo-

2204 1540 2499 1597 dammodo
2548 1555 2735 1596 errare
2788 1538 3057 1609 judicium
3107 1552 3125 1591 :
3179 1553 3290 1592 non
3348 1544 3597 1591 tenentes
3646 1542 3811 1605 caput

2205 1635 2482 1702 veritatis,
2516 1650 2623 1702 quo
2643 1632 3059 1690 evidentissime
3084 1628 3568 1700 comprehenditur
3611 1644 3719 1683 non
3754 1627 3807 1684 in

2202 1728 2311 1783 hoc
2337 1727 2572 1790 saeculo.
2604 1725 2705 1782 sed
2750 1725 2803 1783 in
2835 1725 3016 1781 luturo
3043 1722 3335 1792 repositam
3382 1733 3690 1783 nosuorum
3724 1736 3810 1777 rc-

499 1836 598 1891 per
627 1821 940 1891 superbiant
972 1828 1177 1881 uatttra:
1202 1833 1319 1873 sua:
1360 1813 1546 1869 amisit
1577 1816 1830 1884 gratiam.
1861 1809 2092 1878 Denique

2206 1819 2643 1878 tribuet-stionem
2672 1832 2796 1902 esse
2826 1816 3172 1873 meritorum.

498 1914 631 1975 dum
653 1912 789 1971 dicit
816 1930 832 1970 ς
861 1911 1068 1967 Ponant
1092 1912 1332 1967 thronum
1358 1924 1526 1967 meum
1558 1921 1711 1979 super
1742 1905 1901 1961 nubes
1931 1943 1944 1958 .
1981 1944 1995 1958 .
2033 1944 2047 1958 .
2085 1941 2099 1957 .

497 2018 545 2067 et
572 2024 658 2067 ero
687 2007 873 2065 similis
898 2005 1162 2061 Altissimo
1194 2002 1368 2074 (Esai.
1399 2016 1513 2066 stv,
1546 2000 1614 2056 15
1643 2010 1689 2054 et
1722 2000 1842 2068 te),
1872 2011 2101 2057 consur-

500 2099 589 2159 tiis
632 2098 844 2155 excidit
884 2098 1205 2168 angelorum
1239 2113 1254 2151 :
1285 2093 1441 2162 cujus
1478 2089 1727 2148 cruttinis
1756 2089 1917 2160 iligna
1953 2104 2101 2153 uter-

492 2195 634 2255 cede
660 2193 984 2259 damnatus,
1020 2189 1296 2248 hominem
1319 2188 1424 2245 sibi
1450 2186 1765 2257 participem
1796 2183 2097 2253 requisivit,

494 2287 550 2347 itt
581 2303 742 2358 quem
770 2284 1108 2345 consortium
1134 2298 1247 2345 sua;
1276 2278 1686 2337 transiunderet
1710 2276 1949 2332 on'ensm.

476 2426 477 2429 η
567 2381 620 2436 9.
662 2378 802 2448 Quid
849 2378 1013 2450 igitur
1043 2376 1149 2439 hoc
1179 2383 1399 2445 peccato
1434 2381 1608 2442 potest
1647 2384 1771 2431 esse
1818 2366 2099 2435 deterius,

493 2475 637 2544 quod
670 2486 702 2527 a
732 2471 826 2526 Dei
867 2467 1036 2541 t-tnpit
1061 2466 1298 2538 iniuria?
1326 2464 1562 2535 Ideoque
1598 2461 1880 2533 Sctiptura
1921 2460 2055 2527 dicit
2084 2473 2099 2512 :

495 2564 751 2622 Dominus
793 2563 1028 2637 superbis
1074 2564 1264 2631 resistit
1311 2558 1497 2634 (Prov.
1527 2558 1751 2627 “1.55).
1799 2556 2100 2625 Tamquam

491 2673 607 2717 Suae
637 2658 982 2719 contumeliae
1008 2656 1358 2728 propulsetur
1377 2694 1394 2722 ,
1418 2653 1588 2713 veluti
1617 2648 1891 2721 quoddam
1916 2660 2103 2703 susce-

486 2753 571 2829 pit
590 2755 854 2813 adversus
879 2751 1189 2822 superbiam
1210 2751 1455 2819 speetale
1476 2755 1754 2803 certamen
1783 2759 1800 2811 ;
1825 2754 2098 2812 tamquaut

493 2844 635 2905 dicat
667 2860 679 2898 :
708 2844 859 2903 Meus
892 2845 994 2899 iste
1038 2840 1385 2899 adversarius
1431 2849 1545 2907 est,
1576 2837 1666 2904 qui
1712 2851 1800 2901 me
1843 2834 2095 2901 lacessit,

492 2936 623 2992 tttiltt
676 2938 906 2992 debetur
958 2938 1060 2990 ista
1106 2932 1446 3005 congressio.
1510 2929 1663 2987 Unde
1704 2935 1761 2985 et
1805 2931 2099 2999 Apostolus

492 3028 808 3097 multiplicis
833 3029 1007 3098 culpae
1032 3028 1314 3083 materiam
1344 3038 1471 3081 esse
1513 3022 1823 3091 superbiam
1856 3021 2098 3076 declare.

475 3122 599 3196 γη,
633 3122 822 3181 dicens
851 3119 919 3179 de
953 3120 1211 3177 bteretico
1244 3136 1259 3179 ;
1292 3117 1424 3185 Quia
1454 3115 1501 3171 ei
1534 3130 1649 3184 qua:
1678 3115 1959 3171 secundum
1990 3114 2098 3185 pie-

2281 1913 2368 1971 11.
2407 1914 2516 1970 Sed
2542 1926 2843 1982 paucorum
2872 1921 2954 1967 est
2981 1908 3124 1967 istud
3146 1907 3453 1968 advertere.
3485 1905 3730 1978 Denique
3751 1903 3807 1962 in

2202 2006 2487 2076 principiis
2514 2004 2679 2063 etiam
2709 2002 2880 2062 David
2902 2001 3020 2072 ipse
3043 2009 3282 2059 tentatus
3310 2007 3398 2057 est
3422 2014 3438 2065 ;
3469 1999 3610 2055 sicut
3636 1997 3807 2054 habes

2204 2097 2468 2167 scriptum
2501 2113 2518 2153 :
2556 2095 2690 2153 Ecce
2714 2096 2814 2164 ipsi
2852 2103 3144 2165 peccatores
3173 2101 3219 2148 et
3263 2093 3586 2151 abundantes
3627 2092 3680 2149 its
3707 2107 3807 2148 sat-

2204 2192 2325 2247 culo
2350 2191 2685 2251 obtinuerunt
2711 2188 2940 2252 divitias,
2966 2195 3018 2249 et
3044 2187 3155 2243 dixi
3176 2200 3195 2240 :
3220 2183 3495 2256 Numquid
3516 2185 3630 2243 sine
3649 2200 3806 2241 causa

2191 2285 2486 2359 justiﬁcaei
2525 2300 2617 2341 cor
2656 2299 2864 2348 meum,
2898 2292 2945 2335 et
2975 2281 3079 2343 latri
3124 2289 3259 2339 tuter
3288 2281 3585 2339 tumentes
3620 2295 3806 2335 manus

2205 2397 2367 2445 meas,
2405 2387 2455 2433 et
2484 2378 2563 2447 fui
2584 2377 2885 2448 ﬂagellatur
2902 2383 3010 2431 tota
3034 2375 3120 2429 die
3136 2373 3316 2443 (Psal.
3340 2390 3511 2440 usit,
3540 2374 3606 2431 ﬂ
3622 2402 3650 2417 -
3673 2372 3800 2444 ﬂ)?

2202 2472 2281 2531 Ita
2312 2471 2474 2544 igitur
2499 2482 2555 2527 et
2590 2482 2835 2527 nostrum
2866 2467 3263 2538 unusquisque,
3287 2468 3380 2539 qui
3426 2466 3648 2535 perfecti
3693 2479 3803 2521 non

2202 2581 2391 2625 sumus
2419 2608 2433 2633 ,
2466 2565 2585 2621 lttrc
2612 2564 2804 2620 videns
2844 2562 3020 2619 dicit:
3054 2560 3156 2619 Ubi
3185 2572 3269 2618 est
3298 2559 3634 2631 providentis
3667 2558 3763 2615 Dei
3783 2600 3800 2625 ,

2203 2660 2292 2717 ubi
2332 2658 2589 2730 iustitia?
2622 2658 2903 2727 Superbus
2948 2656 3051 2712 iste
3093 2654 3368 2719 abundat,
3397 2669 3658 2724 arrogans
3694 2651 3845 2750 iste:

2200 2753 2600 2824 locttpletatttr,
2628 2750 2829 2823 impius
2860 2751 2964 2807 iste
2996 2753 3183 2807 beatus
3214 2758 3267 2805 et
3296 2762 3490 2816 petens
3527 2755 3613 2803 est
3645 2762 3660 2801 :
3707 2747 3799 2815 ju-

2200 2855 2320 2903 ειυς
2344 2857 2523 2901 autem
2548 2844 2660 2911 ille,
2680 2844 2837 2901 vides
2862 2840 3321 2913 quemadmodum
3342 2842 3490 2911 jacet
3509 2838 3537 2887 δ
3559 2824 3832 2909 deiectus.

2198 2947 2363 3010 atque
2401 2937 2649 2995 defectus
2672 2980 2688 3004 ,
2715 2937 3175 3011 quemadmodum
3205 2938 3325 3005 ipso
3356 2935 3501 2991 victu
3541 2933 3750 3004 indiget
3782 2951 3797 2989 :

2198 3031 2436 3091 afﬁcitur
2471 3031 2817 3089 contumeliis
2848 3032 2917 3086 ab
2948 3032 3053 3097 isto
3080 3030 3270 3101 impio,
3301 3030 3371 3085 ab
3400 3031 3506 3087 isto
3533 3028 3799 3084 insolente

2199 3128 2582 3193 conculcatur,
2614 3122 2969 3182 excluditur?
3000 3122 3118 3193 Non
3145 3124 3439 3185 mediocris
3467 3124 3653 3194 utique
3693 3122 3796 3178 ista

490 3225 644 3283 tatem
672 3224 777 3282 est,
816 3222 840 3249 οι
872 3211 1124 3271 doctrina:
1171 3227 1273 3271 non
1320 3206 1600 3279 acquiescit
1635 3223 1652 3260 :
1683 3206 1911 3281 superbit
1963 3204 2092 3261 nihil

2205 3219 2429 3276 teutatio
2459 3229 2581 3289 est,
2614 3220 2717 3276 nisi
2744 3220 2811 3274 ad
2834 3234 2898 3279 ea
2928 3233 3049 3289 qua:
3076 3228 3201 3277 sunt
3218 3226 3443 3273 ventura
3474 3214 3794 3287 prospicias,

486 3310 655 3367 sciens
672 3349 686 3373 ,
715 3307 803 3361 sed
827 3308 1158 3378 languescens
1182 3307 1318 3359 circa
1345 3303 1653 3376 quotationes
1683 3311 1731 3354 et
1758 3316 1959 3370 pugnas
1982 3315 2091 3354 ver-

489 3404 704 3470 borum,
738 3418 801 3457 em
824 3399 1007 3473 quibus
1046 3402 1285 3454 oriuntur
1320 3396 1562 3463 incidire,
1595 3396 1974 3461 contentiones,
2007 3411 2094 3449 sa-

485 3495 735 3572 crilegia,
767 3494 1088 3567 suspiciones
1134 3494 1318 3559 malae,
1358 3491 1772 3563 conﬂictationes
1822 3488 2091 3549 hominum

492 3597 657 3643 mente
700 3596 1095 3661 corruptorum,
1127 3598 1174 3641 et
1221 3603 1254 3641 a
1296 3586 1511 3640 veritate
1553 3585 1881 3651 alienorum,
1912 3583 2093 3642 existi-

482 3684 735 3740 mantium
776 3694 1031 3755 quwstum
1079 3698 1187 3737 esse
1229 3682 1469 3752 pietatem
1510 3680 1572 3753 (l
1602 3678 1735 3734 Tim.
1767 3695 1853 3758 vr,
1887 3679 1922 3733 5
1945 3709 1972 3719 -
1998 3678 2078 3749 5).

486 3780 825 3851 Quantoruut
854 3776 1040 3851 itaque
1063 3777 1334 3849 expressit
1355 3791 1576 3833 causam
1603 3790 1725 3830 esse
1759 3773 2087 3835 delictorum

485 3871 843 3943 superbiam?
877 3870 1029 3927 Unde
1054 3870 1225 3933 David
1253 3868 1641 3928 commendare
1688 3868 1875 3925 volens
1923 3866 2090 3923 devo-

488 3964 692 4020 tionem
712 3979 863 4019 suam
888 3963 1032 4017 nulla
1050 3962 1413 4035 superborum
1430 3962 1718 4032 iniquitate
1736 3968 2080 4025 attentatam,

481 4057 559 4113 ait
587 4074 600 4110 :
636 4056 861 4128 Superbi
886 4056 1062 4128 inique
1088 4055 1308 4129 agebant
1337 4055 1515 4109 nitttis.
1545 4052 1663 4109 Non
1686 4052 1858 4113 solum
1889 4053 2089 4125 iniqui-

480 4160 650 4207 tatem
676 4152 985 4223 ageutium,
1018 4149 1113 4206 sed
1136 4132 1301 4205 etiam
1334 4150 1553 4204 nimiam
1596 4145 1940 4214 iniquitatem
1987 4161 2082 4217 pa-

480 4244 616 4302 riter
659 4244 989 4309 declatavit,
1020 4261 1139 4316 quae
1180 4244 1502 4303 conveniret
1531 4243 1780 4312 superbis
1813 4259 1825 4295 :
1854 4256 2084 4312 quorum

484 4357 553 4396 ne
584 4340 767 4411 aliquo
799 4349 1108 4396 tentaretur
1135 4339 1418 4409 contagio,
1451 4336 1576 4395 audi
1601 4336 1731 4395 alibi
1761 4335 2033 4395 dicentem
2067 4351 2081 4391 :

484 4435 720 4510 Superbo
750 4437 899 4495 oculo
918 4477 934 4503 ,
964 4444 1012 4491 et
1041 4433 1323 4492 insatiabili
1349 4433 1503 4495 corde
1521 4474 1536 4503 ,
1565 4448 1682 4489 cum
1711 4432 1807 4489 hoc
1837 4448 1942 4487 non
1968 4430 2086 4487 ede-

482 4529 598 4584 baut
628 4527 803 4604 (Psul.
829 4545 891 4598 c,
924 4530 1006 4601 5).

2196 3315 2302 3371 nisi
2334 3315 2615 3385 praeceptis
2642 3314 2861 3385 plenius
2889 3311 3208 3369 catlestibus
3234 3309 3546 3369 instruat-is.

2270 3409 2360 3473 12.
2405 3410 2645 3479 Denique
2678 3417 2734 3464 et
2772 3406 2939 3463 David
2984 3409 3215 3475 putabat
3267 3420 3329 3463 se
3368 3416 3500 3465 ante
3546 3404 3664 3461 btec
3701 3419 3795 3463 co-

2190 3516 2489 3573 gnoscere,
2523 3501 2618 3557 sed
2660 3499 2943 3557 nesciebat
2972 3514 2989 3565 ;
3022 3508 3080 3555 et
3105 3498 3232 3557 ideo
3265 3500 3463 3561 anxius
3508 3497 3794 3555 ﬂuctuanti

2193 3593 2376 3650 animo
2406 3594 2709 3652 laborabat.
2736 3591 2895 3661 Unde
2918 3594 2998 3648 ait
3026 3609 3042 3647 :
3072 3590 3139 3649 Et
3161 3592 3484 3649 cstimabatn
3508 3607 3589 3647 me
3612 3591 3745 3646 scire
3773 3605 3794 3644 :

2192 3688 2290 3747 hoc
2320 3690 2465 3745 labor
2494 3699 2568 3745 est
2594 3699 2714 3745 ante
2738 3706 2848 3755 me,
2876 3688 3038 3743 donec
3064 3686 3328 3757 ingredior
3354 3686 3407 3743 in
3435 3684 3793 3743 sanctuarium

2192 3781 2328 3851 Dei,
2357 3795 2404 3839 et
2448 3783 2741 3855 intelligam
2785 3784 2838 3837 in
2883 3780 3176 3845 novissimis
3207 3778 3489 3851 (Ibid.,16
3517 3788 3564 3837 et
3589 3778 3700 3848 l7).
3731 3776 3790 3841 In

2190 3876 2389 3949 quibus
2421 3892 2515 3944 per
2541 3874 2597 3931 id
2618 3873 2764 3947 quod
2795 3889 2857 3932 se
2871 3873 3220 3935 esstuleruut
3239 3871 3483 3942 superbi,
3499 3871 3633 3927 vidit
3660 3885 3788 3939 pro,

2192 3970 2410 4043 pbetico
2436 3967 2629 4038 Spiritu
2655 3967 2981 4039 dejectiores
2999 3966 3137 4032 fore,
3157 3975 3213 4024 et
3231 3967 3344 4021 ait:
3372 3964 3637 4033 Quomodo
3665 3963 3792 4034 facti

2188 4064 2385 4119 suntin
2406 4062 2806 4124 desolationem,
2831 4061 2998 4118 subito
3029 4062 3358 4131 defecerunt,
3391 4069 3437 4114 et
3467 4056 3791 4115 externtinati

2188 4166 2306 4211 sunt
2337 4166 2550 4227 propter
2579 4154 2901 4227 iniquitatem
2925 4170 3110 4217 suam,
3142 4152 3276 4209 sicut
3315 4151 3571 4211 somnium
3609 4164 3789 4215 exsur-

2187 4249 2351 4322 gentis
2405 4246 2700 4323 (lbid.,l9
2726 4255 2773 4303 et
2798 4245 2934 4315 20)?
2964 4245 3230 4317 Cognovit
3278 4244 3441 4315 igitur
3490 4241 3786 4312 impiorum

2186 4358 2476 4403 successus
2514 4342 2567 4397 in
2602 4342 2706 4399 hoc
2748 4341 2951 4405 stabulo
2989 4339 3187 4403 somnii
3239 4352 3362 4409 esse
3410 4335 3647 4401 similes,
3678 4352 3785 4392 non

2187 4436 2464 4501 veritatis:
2490 4452 2723 4507 quorum
2743 4436 3113 4495 emolumenta
3136 4431 3341 4495 tamdiu
3364 4431 3613 4489 videntur
3638 4444 3780 4498 esse,

2187 4530 2314 4587 dum
2361 4528 2658 4585 dormiunt.
2711 4528 2812 4585 Ubi
2861 4526 3215 4599 edpruticriut
3247 4537 3271 4563 ο
3301 4526 3572 4580 somnium
3600 4538 3781 4590 suum,

554 4623 643 4683 10.
687 4623 874 4695 Itaque
915 4623 1170 4693 quoniam
1198 4628 1399 4695 quanta
1431 4621 1513 4681 vis
1547 4619 1677 4681 ntali
1722 4622 1779 4681 in
1826 4619 2076 4694 superbia
2106 4623 2160 4687 D
2186 4622 2275 4693 qui
2318 4619 2643 4679 videbantur
2686 4620 2787 4677 sibi
2821 4630 3042 4691 potare,
3065 4618 3181 4690 jam
3207 4617 3443 4675 sitiunt:
3472 4616 3566 4687 qui
3595 4615 3785 4686 epula-

476 4728 660 4786 esset,
690 4726 1071 4788 expresserat,
1118 4715 1574 4787 quemadmodum
1628 4714 1941 4775 vinceretur
1987 4711 2083 4767 de-

478 4811 597 4868 buit
627 4827 727 4868 nos
754 4811 955 4883 docere
981 4828 994 4863 :
1026 4813 1335 4883 tttet-itoqtte
1364 4809 1517 4881 quasi
1549 4808 1725 4865 bonus
1753 4807 1947 4865 doctor
1985 4805 2081 4861 de-

482 4914 751 4963 monstrat
779 4902 1081 4967 rentedittm
1099 4944 1113 4966 ,
1134 4904 1226 4972 qui
1247 4902 1599 4975 exaggeravit
1618 4916 1907 4961 venenum.
1936 4898 2078 4959 Audi

478 5015 609 5071 ergo
642 4997 915 5070 quomodo
955 4998 1223 5063 excludas
1272 5000 1422 5054 virus
1465 4994 1735 5068 superbia:
1765 5012 1779 5050 :
1811 4995 1857 5055 A
1904 4991 2075 5065 Lege,

468 5092 679 5167 inquit,
704 5102 796 5157 tua
842 5110 942 5154 non
968 5094 1242 5163 declinavi.
1272 5092 1383 5159 Lex
1415 5092 1577 5167 igitur
1611 5091 1703 5155 Dei
1747 5089 1868 5147 sola
1895 5095 2074 5160 potest

473 5186 748 5261 superbiae
773 5188 923 5249 virus
954 5187 1213 5261 hebetare
1235 5228 1251 5253 ,
1278 5201 1401 5259 quin
1432 5183 1740 5247 informavit
1769 5185 1942 5245 virum
1969 5178 2069 5247 tie-

472 5280 682 5335 votioni
725 5279 1008 5347 deditum,
1039 5260 1183 5351 quali
1214 5295 1274 5335 se
1311 5294 1501 5347 regere
1544 5276 1743 5334 debeat
1794 5276 2067 5333 cautione.

475 5373 626 5431 Multi
672 5376 817 5433 enim
870 5390 977 5431 non
1006 5373 1184 5428 solum
1238 5369 1447 5447 105.1
1496 5370 1661 5427 alieni
1710 5386 1741 5425 a
1790 5369 1925 5438 lide,
1972 5370 2070 5425 scd

467 5467 629 5526 etiam
652 5467 744 5547 qui
768 5467 1022 5524 videntur
1043 5482 1156 5524 non
1181 5465 1474 5525 mediocria
1496 5466 1903 5537 Scripturarum
1926 5481 2069 5540 prac-

538 5643 579 5713 η-
600 5632 727 5713 yet,
745 5634 891 5713 edit.
924 5650 989 5713 ac
1012 5650 1146 5699 mss.
1178 5647 1347 5706 prope
1367 5630 1434 5693 ad
1464 5648 1635 5695 unum
1655 5671 1670 5701 .
1703 5631 1958 5695 doctrinae
1972 5649 2063 5693 su-

468 5707 633 5778 perbit
652 5748 670 5775 .
702 5708 839 5775 nihil
863 5708 1049 5778 sciam.

537 5777 564 5817 δ
602 5779 806 5853 Qmues
832 5777 963 5853 edit.
984 5777 1245 5853 ,διέσεως
1269 5787 1421 5851 atque
1445 5776 1747 5853 despectus.
1994 5810 2063 5853 __I

537 5862 557 5888 υ
600 5848 803 5909 Omnes
822 5848 1451 5922 edit.,somnumsuttm;
1476 5848 1637 5913 et‘sic
1665 5851 1946 5924 deinceps.
1993 5849 2063 5909 Et

2188 4717 2408 4783 bantur,
2436 4716 2707 4784 esuriunt,
2732 4713 2867 4773 nihil
2885 4714 3124 4783 solidum
3155 4729 3222 4769 es
3250 4713 3358 4769 isto
3382 4711 3628 4773 somnio,
3660 4725 3783 4780 per-

2182 4809 2496 4880 fectumque
2522 4808 2843 4865 referentes.
2890 4808 2959 4864 Et
2997 4807 3136 4867 bene
3181 4807 3455 4869 somnium
3500 4805 3783 4863 dormiunt
3868 4842 3881 4849 -

2182 4902 2476 4959 saeculares
2504 4900 2757 4975 viri,_qui
2788 4900 2914 4959 licet
2941 4901 3146 4961 Stimula
3196 4901 3453 4972 vigilem,
3491 4899 3602 4954 Deo
3651 4899 3781 4953 dor-

2183 4994 2388 5063 miunt,
2414 4994 2482 5053 de
2501 4995 2700 5068 quibus
2729 4995 2865 5053 bene
2887 5004 3113 5061 sanctus
3140 4992 3244 5052 Job
3263 5035 3279 5061 ,
3308 4994 3621 5066 quiieorutn
3649 4999 3779 5051 ante

2178 5088 2512 5151 afﬂuentiam
2543 5090 2844 5149 mirabatur
2869 5130 2884 5154 ,
2917 5091 2997 5144 ait
3027 5105 3042 5142 :
3078 5087 3218 5161 Quia
3241 5089 3369 5155 sicut
3392 5088 3559 5162 patere
3579 5087 3779 5152 iactan-

2180 5194 2264 5241 tur
2288 5201 2319 5237 a
2348 5194 2495 5247 vento
2521 5226 2535 5250 ,
2563 5192 2611 5241 rt
2640 5184 2773 5243 sicut
2824 5183 2996 5255 pulvis
3039 5182 3240 5240 turbine
3290 5184 3628 5255 dissipantur.
3662 5220 3676 5235 .
3710 5220 3726 5238 .
3757 5219 3773 5235 .

2178 5279 2479 5334 moriuntur
2505 5289 2675 5334 autem
2703 5294 2819 5334 cum
2849 5276 3202 5332 amaritudine
3246 5278 3435 5332 anima:
3474 5292 3613 5340 suat,
3646 5274 3776 5330 nihil

2179 5374 2569 5443 manducantes,
2588 5372 2818 5446 nihilque
2837 5371 2955 5431 boni
2972 5368 3214 5432 habentes
3233 5368 3499 5443 (labem,
3514 5368 3580 5424 18
3593 5365 3772 5438 διεδ).

2176 5466 2203 5523 .Ι
2213 5476 2364 5525 ustus
2389 5478 2571 5527 autem
2598 5467 2807 5533 babeus
2831 5465 2991 5538 bonae
3028 5465 3282 5527 ﬁduciam
3306 5466 3690 5531 conscientiae,
3718 5462 3774 5518 in

2174 5632 2315 5691 favet
2335 5632 2553 5704 quidem
2577 5629 2633 5704 is
2649 5631 2719 5688 ad
2737 5648 2899 5704 quem
2920 5633 3152 5690 allusum
3172 5630 3411 5704 videtur,
3437 5627 3576 5700 psal.
3605 5641 3770 5693 Lssv,

2168 5701 2469 5763 versiculus
2490 5706 2546 5773 6,
2569 5701 2815 5763 ὗπνωσὸιν
2834 5702 3008 5764 ὕπνων
3027 5706 3217 5763 αὐτῶν.
3241 5701 3369 5759 Mss.
3396 5712 3577 5757 tamen
3604 5712 3773 5769 prope

2168 5778 2237 5834 ad
2266 5794 2433 5835 unum
2471 5784 2812 5848 repugnant,
2833 5793 3063 5849 quorum
3097 5774 3239 5832 baud
3270 5773 3436 5831 dubie
3463 5788 3662 5830 sensus
3688 5779 3774 5827 cst

2170 5850 2276 5909 hoc
2312 5851 2438 5910 loco
2461 5850 2802 5909 concinnior.
