4124 6346
556 288 696 346 1287

1887 285 2134 346 SANCTI
2171 288 2494 348 AMBROSII

3717 294 3854 351 1283

556 407 701 463 Nam
728 425 790 464 ea:
817 409 980 464 multa
1005 407 1336 464 tribulatione
1369 416 1415 462 et
1461 405 1703 480 angustia
1755 405 1924 461 cordis
1969 407 2154 477 scripsi
2181 410 2232 468 Α
2259 407 2385 474 rim,
2421 416 2600 464 tamen
2623 420 2784 463 causa
2818 407 2896 464 illi
2925 407 3118 464 fuerim
3150 407 3337 477 lapsus
3363 409 3506 480 ejus,
3530 407 3675 481 quod
3701 408 3856 463 iuno-

553 501 693 556 vobis
723 519 812 572 per
834 502 1025 556 multas
1055 503 1308 572 lacrgmas
1339 499 1404 573 (ll
1436 497 1558 554 Cor.
1587 514 1646 564 ll,
1674 496 1752 570 4).
1780 496 1846 552 Ει
1885 513 2006 553 cum
2037 498 2153 566 ipse

553 595 992 662 contristaretur,
1022 609 1118 650 eos
1148 594 1296 664 ipsos
1324 606 1460 663 quos
1509 589 1792 661 arguebat,
1840 588 2153 645 contristari

553 687 790 743 uolebat.
826 687 1070 756 Denique
1098 685 1306 742 addidit
1330 702 1344 738 :
1376 682 1500 738 Non
1528 693 1585 737 ut
1614 681 1986 737 contristemini
2001 723 2016 748 ,
2062 681 2153 735 sed

552 790 608 834 ut
644 781 822 836 sciatis
840 797 991 851 quam
1031 778 1333 834 charitatem
1361 776 1520 831 habeo
1546 776 1598 829 in
1625 773 1764 830 vobis
1807 773 2153 829 abundantius

551 873 766 947 (lbid.).
799 871 1124 930 C0ulrislari
1157 871 1302 927 enim
1330 871 1550 926 volebat
1575 884 1745 940 usque
1774 866 1842 923 ad
1885 868 2154 938 pteniten-

552 966 681 1020 tiam
703 967 909 1037 lapsos,
940 979 1048 1020 non
1069 977 1239 1035 usque
1264 962 1334 1018 ad
1361 961 1674 1018 maestitiam
1699 959 2110 1030 profundiorem
2134 975 2148 1023 ;

553 1067 758 1114 tantum
786 1068 841 1114 ut
864 1075 1052 1115 eorum
1079 1059 1170 1130 qui
1203 1057 1590 1129 arguebantur,
1609 1054 1868 1111 maestitia
1895 1053 2150 1124 gaudium

551 1150 706 1206 ﬁeret
729 1151 1000 1223 arguenti.
1034 1149 1190 1207 Unde
1218 1149 1333 1204 ait:
1370 1148 1430 1205 Si
1457 1149 1591 1203 enim
1628 1163 1722 1220 ego
1748 1146 1996 1201 contristo
2041 1159 2150 1211 vos,

549 1244 662 1312 quis
689 1254 763 1300 est
792 1247 984 1313 quime
1034 1244 1279 1314 lteti/icet,
1336 1244 1438 1297 nisi
1471 1243 1559 1314 qui
1585 1242 1915 1296 contristatur
1957 1257 2020 1294 ex
2074 1257 2154 1295 me

553 1333 745 1405 (lbid.,
775 1336 888 1410 2)?
938 1337 1134 1408 Arguit
1161 1337 1347 1408 itaque
1390 1345 1450 1392 ut
1499 1336 1696 1392 allevet
1740 1335 2150 1391 diuturnitatem

547 1430 848 1496 mmstitiae,
868 1445 973 1502 quo
996 1430 1318 1502 pmnitentia
1347 1429 1500 1486 ﬁeret
1526 1430 1579 1484 in
1607 1429 1876 1485 salutem:
1911 1427 2150 1494 damnat,

550 1531 613 1577 ut
640 1523 886 1579 absolvat
920 1541 932 1577 :
983 1523 1246 1590 excludit,
1274 1531 1336 1578 ut
1357 1521 1587 1594 recipiat
1617 1539 1632 1576 :
1678 1537 1782 1575 non
1815 1520 2065 1592 ignoscit,
2098 1529 2154 1574 ut

552 1613 773 1673 liberet.
805 1617 930 1674 Ideo
959 1617 1081 1672 talis
1115 1616 1334 1682 Paulus,
1366 1616 1492 1687 quia
1519 1616 1658 1672 bene
1687 1615 1895 1686 peritus
1925 1615 1978 1669 in
2010 1615 2147 1685 lege,

544 1719 880 1779 cognoverat
903 1718 1236 1779 praeceptum
1265 1707 1538 1764 dicentis:
1576 1704 1997 1761 Pusillanimitas
2021 1705 2152 1759 deti-

551 1802 663 1856 nuit
693 1817 772 1858 nte
795 1819 826 1856 a
848 1803 1206 1876 peccatoribus
1253 1800 1721 1872 derelinquentibus
1749 1801 1911 1871 legem
1950 1808 2111 1853 tuam.
2181 1808 2230 1869 Β

2256 506 2468 554 centem
2497 498 2749 555 laedendo
2774 499 3078 571 delinquat,
3102 501 3246 573 quod
3280 500 3454 557 factus
3480 499 3582 556 sim
3612 499 3662 556 ei
3693 510 3856 556 mate-

2258 592 2338 646 ria
2366 593 2596 662 peccati.

2323 684 2415 739 21.
2442 684 2556 740 Hoc
2585 700 2720 758 ergo
2740 685 2890 742 dolet
2921 687 3110 754 David,
3135 695 3190 744 et
3217 686 3342 743 ideo
3389 686 3539 742 dolet
3565 686 3692 757 quia
3730 701 3855 741 cum

2254 793 2417 832 unum
2448 779 2749 834 membrum
2785 781 3006 850 patitur,
3036 789 3090 836 et
3132 791 3330 837 cetera
3361 779 3604 836 membra
3635 793 3859 849 compa-

2255 872 2478 929 tiuntur.
2515 872 2642 929 Ideo
2669 874 2809 932 forte
2852 886 2907 931 et
2929 876 3062 932 illud
3109 876 3344 948 positum
3391 884 3512 931 est:
3564 871 3752 928 Justus
3801 872 3859 926 in

2253 967 2466 1020 exordio
2496 967 2748 1021 sermonis
2792 979 3066 1023 accusator
3097 979 3168 1023 est
3197 970 3279 1022 sui
3329 967 3513 1040 (Prov.
3547 981 3705 1032 xvm,
3738 963 3855 1034 17).

2252 1058 2385 1114 Nam
2419 1060 2518 1116 etsi
2548 1061 2717 1131 possit
2738 1061 2918 1132 justus
2950 1071 2975 1098 δ
3009 1061 3209 1117 habere
3238 1061 3289 1115 in
3321 1076 3382 1116 se
3417 1059 3562 1132 quod
3609 1065 3854 1123 accuset,

2254 1161 2309 1210 et
2330 1153 2510 1224 justus
2530 1169 2653 1209 esse
2681 1154 2827 1226 (quia
2851 1170 3010 1211 nemo
3033 1155 3151 1210 sine
3179 1163 3401 1226 peccato
3448 1161 3644 1223 praeter
3687 1165 3855 1205 unum

2255 1245 2445 1316 Deum)
2478 1255 2532 1302 et
2561 1249 2731 1317 possit
2759 1249 2922 1302 etiam
2948 1258 3198 1317 peccator
3223 1246 3323 1302 hoc
3347 1246 3465 1316 ipso
3482 1245 3662 1316 justus
3706 1257 3856 1310 esse,

2253 1341 2377 1411 quia
2405 1349 2689 1396 accusator
2713 1353 2790 1394 est
2819 1341 2925 1408 sui,
2947 1340 3243 1397 secundum
3275 1339 3404 1394 illud
3437 1356 3450 1390 :
3482 1337 3579 1391 Dic
3603 1335 3854 1407 iniquita-

2253 1441 2324 1487 tes
2353 1442 2488 1500 tuas,
2519 1443 2575 1487 ut
2610 1433 2958 1504 jnsti/iceris;
2988 1431 3225 1489 attamen
3262 1432 3490 1488 forsitan
3545 1431 3709 1486 etiam
3757 1429 3858 1484 ali-

2253 1526 2451 1598 quibus
2480 1542 2588 1582 non
2616 1526 2862 1583 videatur
2883 1527 3203 1595 absurdum,
3240 1527 3486 1582 utetiam
3534 1525 3604 1581 de
3631 1523 3724 1580 illo
3771 1522 3855 1578 di-

2253 1628 2400 1675 ctum
2429 1621 2519 1688 sit,
2549 1620 2692 1692 quod
2733 1621 2913 1692 justus
2953 1623 3024 1676 sit
3062 1620 3150 1693 qui
3202 1636 3261 1675 se
3310 1627 3531 1675 accusat
3576 1633 3676 1688 pro
3722 1615 3852 1678 alio,

2253 1713 2465 1768 etiamsi
2500 1713 2553 1768 in
2576 1728 2634 1767 se
2664 1713 2795 1769 nihil
2830 1713 3027 1770 habeat
3050 1714 3192 1785 quod
3222 1721 3458 1768 accuset.

2327 1805 2418 1860 22.
2461 1805 2632 1874 Quam
2664 1807 2824 1878 igitur
2865 1809 2919 1862 in
2953 1807 3037 1861 his
3063 1807 3317 1862 omnibus
3339 1815 3528 1861 sancto
3550 1801 3719 1858 David
3755 1801 3852 1856 viri

625 1897 714 1953 l9.
757 1897 986 1953 Dolebat
1015 1897 1211 1965 David,
1238 1898 1494 1968 nonquia
1518 1894 1994 1964 contemnebatur,
2041 1908 2149 1948 non
2248 1899 2379 1970 justi
2404 1899 2575 1970 prima
2605 1915 2838 1972 persona
2872 1901 3186 1966 conveniat,
3220 1897 3645 1954 consideremus.
3681 1898 3855 1951 Accu-

549 1991 672 2065 quia
698 1993 814 2062 ipse
844 1993 1201 2063 appetebatur
1225 2033 1241 2060 ,
1273 1991 1368 2047 sed
1389 1991 1515 2063 quia
1543 1991 1634 2045 lex
1664 1988 1760 2044 Dei
1810 1987 2152 2058 relinqueba—

550 2092 639 2141 tur
663 2103 688 2154 ;,
716 2087 928 2160 1050
950 2095 1005 2143 et
1055 2101 1246 2142 eorum
1276 2085 1368 2157 qui
1421 2084 1524 2140 hoc
1559 2083 1850 2149 faciebant,
1893 2082 2149 2136 damnum

549 2180 790 2248 dolebat,
819 2181 965 2253 quod
1007 2181 1254 2252 perirent
1279 2180 1412 2236 Deo.
1470 2178 1621 2234 Sicut
1665 2177 1844 2232 bonus
1889 2183 2050 2245 pater
2097 2174 2148 2228 in

551 2275 807 2346 phrenesi
835 2275 1113 2330 constituti
1140 2273 1257 2340 lilii,
1283 2288 1406 2330 cum
1430 2272 1499 2327 ab
1523 2287 1590 2328 eo
1621 2268 1998 2335 maledicatur,
2026 2281 2148 2322 ver-

548 2369 793 2435 beretur,
824 2368 1096 2424 afﬁciatur
1127 2367 1363 2438 injuriis,
1420 2380 1527 2422 non
1583 2379 1760 2431 suam,
1822 2363 1918 2420 sed
1957 2361 2146 2433 aegroti

550 2459 714 2517 deﬁet
739 2475 1078 2526 aerumnam;
1133 2469 1188 2516 et
1231 2457 1614 2514 contumeliam
1668 2456 1836 2521 dolet,
1889 2471 1998 2510 non
2039 2469 2147 2526 quo

547 2552 654 2609 sibi
677 2553 753 2610 sit
792 2553 1054 2624 irrogata,
1109 2551 1207 2609 sed
1236 2553 1362 2623 quia
1394 2566 1490 2623 per
1517 2551 1757 2606 furorem
1798 2548 1928 2620 quid
1986 2547 2148 2602 faciat

550 2662 694 2719 aeger
722 2646 972 2718 ignorat:
1016 2647 1088 2702 ita
1116 2645 1197 2702 vir
1224 2646 1400 2703 bonus
1438 2661 1560 2700 cum
1606 2643 1756 2700 videt
1805 2651 2146 2714 peccatorem

552 2755 660 2794 non
685 2741 946 2808 revereri,
994 2755 1102 2795 non
1129 2739 1402 2795 honorare
1461 2738 1625 2793 etiam
1673 2751 1839 2792 canos
1891 2737 2144 2804 senioris,

550 2846 659 2904 quo
687 2839 980 2903 praesente,
1007 2831 1165 2886 faciat
1200 2829 1404 2900 aliquid
1453 2829 1732 2900 indignum
1765 2845 1781 2895 ;
1840 2841 1948 2884 non
1983 2844 2149 2900 agno-

548 2941 726 2990 scere,
747 2926 978 2998 quadam
1002 2923 1264 2997 peccandi
1285 2923 1518 2990 insania,
1533 2937 1698 2994 quam
1717 2921 1972 2978 indecora
1995 2931 2050 2978 et
2067 2922 2144 2977 in-

547 3018 778 3076 honesta
826 3020 1156 3084 committat,
1193 3017 1347 3089 quasi
1390 3017 1713 3072 moriturum
1766 3015 1947 3082 dolet,
1992 3015 2146 3085 quasi

546 3111 894 3182 desperatum
922 3126 951 3165 a
975 3110 1202 3167 medicis
1233 3109 1542 3182 ingemiscit
1571 3125 1587 3174 ;
1639 3116 1695 3164 et
1736 3117 1796 3162 ut
1827 3107 2005 3162 bonus
2033 3123 2147 3163 me-

2252 1992 2392 2048 savit
2422 2009 2503 2061 se,
2535 1994 2684 2047 nullo
2725 2005 3059 2050 accusante:
3113 2002 3395 2062 peccatum
3435 1989 3720 2046 confessus
3768 1997 3853 2043 est

2252 2086 2560 2156 proprium,
2584 2086 2801 2158 quando
2833 2101 3119 2156 percussus
3149 2095 3232 2141 est
3262 2085 3448 2150 corde,
3476 2098 3542 2137 co
3586 2079 3730 2153 quod
3753 2096 3853 2134 nu-

2253 2178 2540 2234 meraverit
2567 2179 2911 2249 plebem.Qui
2943 2191 2995 2234 et
3018 2178 3153 2232 dixit
3177 2177 3244 2232 ad
3271 2176 3586 2231 Dominum.
3609 2172 3849 2238 Peccavi,

2251 2271 2496 2341 Domine,
2528 2275 2668 2346 quod
2696 2277 2905 2347 fecerim
2928 2275 3024 2328 hoc
3047 2273 3294 2329 uerbum:
3327 2282 3373 2326 et
3395 2287 3552 2337 nunc,
3609 2267 3851 2334 Domine,

2251 2369 2402 2436 aufer
2427 2368 2751 2438 iniquitatem
2777 2369 2910 2422 servi
2960 2369 3058 2435 tui,
3105 2366 3243 2437 quod
3295 2365 3489 2435 deliqui
3534 2363 3854 2417 vehementer

2251 2460 2345 2532 (Ill
2377 2460 2504 2534 Reg.
2534 2478 2679 2530 xxxv,
2708 2462 2820 2534 10).
2842 2462 3027 2533 Itaque
3048 2461 3300 2532 quamvis
3319 2458 3599 2529 Scriptura
3631 2456 3849 2517 habeat,

2250 2555 2396 2623 quod
2427 2556 2672 2625 apposita
2702 2565 2787 2611 est
2813 2557 2890 2610 ira
2916 2554 3036 2620 Dei,
3086 2562 3142 2608 ut
3176 2555 3504 2608 irasceretur
3555 2551 3607 2604 in
3659 2548 3848 2614 Israel,

2257 2646 2464 2719 1051
2494 2664 2602 2718 quo
2640 2651 2784 2719 regis
2816 2648 3090 2719 prolapsio
3121 2646 3373 2702 excusari
3405 2644 3726 2701 videretur:
3773 2651 3855 2696 ta-

2249 2755 2375 2794 men
2403 2756 2528 2795 cum
2559 2740 2782 2797 vidisset
2802 2741 3053 2812 angelum
3092 2739 3185 2811 qui
3233 2751 3467 2810 stragem
3517 2735 3694 2806 plebis
3733 2733 3852 2789 efﬁ-

2249 2831 2448 2898 ciebat,
2478 2834 2833 2903 percutientis
2883 2834 3009 2889 ictui
3067 2848 3127 2888 se
3159 2833 3333 2903 ipsum
3385 2831 3584 2902 objecit
3623 2829 3850 2884 dicens:

2251 2922 2387 2979 Ecce
2422 2942 2517 2997 ego
2544 2927 2766 2995 peccavi,
2798 2939 2844 2982 et
2875 2945 2968 2998 ego
2994 2937 3174 2998 pastor
3199 2928 3480 2997 malignum
3508 2924 3608 2995 feci
3639 2938 3657 2976 :
3696 2931 3742 2976 et
3770 2920 3854 2974 hic

2249 3035 2377 3091 grex
2402 3020 2526 3088 quid
2553 3021 2674 3090 fecit
2703 3021 2728 3074 ?
2753 3018 2877 3074 Fiat
2907 3036 3088 3075 manus
3107 3029 3197 3074 tua
3218 3021 3272 3072 in
3300 3035 3400 3084 me,
3449 3025 3496 3070 et
3540 3017 3594 3070 in
3640 3013 3854 3068 domum

2251 3111 2415 3180 patris
2439 3112 2538 3164 mei
2560 3107 2752 3182 (lbid.,
2779 3111 2891 3183 17).
2919 3112 3082 3179 Quasi
3107 3111 3283 3180 justus
3311 3123 3442 3180 ergo
3461 3115 3743 3163 accusator
3770 3103 3856 3159 sui

547 3203 704 3260 dicus
735 3203 910 3274 primo
941 3212 1148 3270 monet,
1177 3201 1376 3258 deinde
1397 3201 1615 3258 etiamsi
1662 3200 1846 3271 gravia
1887 3199 2144 3270 patiatur,
2175 3209 2221 3274 (ζ
2253 3201 2356 3258 fuit
2381 3204 2433 3257 in
2465 3205 2582 3274 ipso
2629 3205 2898 3260 sermonis
2952 3204 3209 3270 exordio,
3261 3212 3316 3258 et
3361 3215 3644 3272 peccatum
3695 3215 3853 3256 suum

549 3307 730 3355 tamen
761 3309 1032 3370 tamquam
1063 3297 1154 3354 ille
1173 3313 1404 3369 aegrum,
1431 3296 1533 3352 etsi
1581 3294 1844 3361 ca‘datur,
1875 3295 2110 3349 sustinet
2129 3337 2143 3357 ,

546 3401 604 3450 et
631 3393 677 3449 si
706 3391 1081 3458 maledicatur,
1116 3408 1225 3448 non
1251 3391 1512 3462 relinquit
1545 3407 1558 3445 :
1590 3399 1646 3446 et
1671 3388 1934 3460 quidquid
1965 3396 2148 3459 potest

548 3487 835 3544 medicina:
892 3486 1173 3554 adhibere,
1224 3500 1332 3541 non
1379 3486 1656 3557 denegat:
1717 3499 1818 3540 nec
1873 3491 2145 3554 tamquam

545 3589 924 3638 contumacem
949 3579 1174 3647 deserit,
1209 3578 1306 3635 sed
1334 3587 1608 3649 tamquam
1639 3577 1779 3633 bene
1805 3577 1873 3632 de
1901 3592 1960 3633 se
1985 3578 2150 3632 meri-

546 3685 660 3734 tum
717 3677 864 3732 omni
904 3675 1089 3733 studio
1135 3689 1333 3730 sanare
1382 3673 1684 3739 contendit,
1730 3687 1996 3729 exercens
2038 3689 2147 3727 non

548 3770 728 3826 solum
781 3769 914 3826 artis
959 3766 1248 3841 peritiam,
1304 3765 1400 3823 sed
1448 3766 1610 3822 etiam
1664 3764 1864 3820 mentis
1901 3763 2149 3836 benigni-

551 3873 720 3920 tatem
731 3904 743 3918 .

619 3958 711 4016 20.
754 3957 828 4013 lta
852 3971 982 4027 ergo
1018 3955 1180 4012 etiam
1209 3953 1386 4025 justus
1426 3961 1484 4009 et
1541 3965 1664 4007 cum
1707 3949 2073 4006 contemnitur
2116 3965 2146 4004 a

549 4060 864 4124 peccatore,
897 4064 1004 4104 non
1033 4047 1298 4103 avertitur
1329 4063 1344 4101 :
1393 4053 1450 4101 et
1499 4059 1622 4100 cum
1659 4042 1898 4112 laeditur,
1950 4040 2149 4098 furoris

549 4145 680 4202 illud
708 4153 857 4216 putat
877 4158 1022 4211 esse,
1053 4157 1163 4197 non
1192 4138 1558 4210 improbitatis
1585 4180 1601 4206 ,
1626 4136 1906 4208 magisque
1936 4134 2148 4191 vulneri

551 4238 670 4310 ejus
697 4236 1022 4294 medicinam
1047 4232 1248 4290 alferre
1277 4231 1575 4297 desiderat,
1625 4239 1679 4285 et
1722 4227 2072 4298 compatitur,
2096 4236 2154 4283 et

548 4331 701 4388 dolet
722 4346 829 4386 non
856 4339 1080 4400 propter
1103 4341 1182 4391 se,
1203 4323 1297 4380 sed
1323 4331 1546 4395 propter
1573 4321 1723 4376 illum
1753 4320 1844 4392 qui
1865 4319 2151 4390 desperato

552 4424 766 4481 laborat
786 4417 1130 4478 incommodo
1160 4435 1172 4470 :
1206 4427 1262 4472 et
1282 4416 1415 4472 dicit
1434 4416 1580 4475 hunc
1603 4429 1769 4471 unutn
1803 4430 1866 4469 ex
1896 4413 2152 4468 fratribus

550 4515 631 4572 sic
659 4516 926 4580 laborare,
961 4513 1040 4568 sic
1067 4510 1237 4576 afﬁci,
1262 4520 1320 4565 ut
1349 4509 1514 4566 faciat
1561 4508 1692 4565 mihi
1716 4509 2007 4580 injuriam;
2059 4508 2149 4578 qui

2249 3297 2487 3367 agnovit,
2520 3307 2574 3352 et
2601 3295 2938 3367 iniquitatem
2965 3298 3238 3367 propriam
3260 3294 3573 3350 conﬁtendo
3593 3336 3609 3360 ,
3651 3293 3856 3365 justiﬁ-

2248 3400 2401 3444 catus
2427 3389 2579 3445 estin
2601 3389 2917 3460 semetipso.
2955 3390 3098 3445 Alibi
3129 3405 3346 3462 quoque
3399 3389 3467 3445 de
3496 3388 3646 3446 Uria:
3679 3397 3855 3444 morte

2249 3494 2538 3553 coargutus
2564 3498 2594 3538 a
2619 3483 2882 3554 propheta
2913 3487 3024 3539 ait:
3060 3483 3281 3539 Peccavi
3322 3483 3546 3538 Domino
3589 3482 3658 3556 (ll
3718 3481 3851 3555 Reg.

2247 3591 2346 3643 xu,
2382 3577 2512 3647 15);
2580 3578 2668 3633 cui
2714 3593 3036 3648 responsum
3080 3590 3164 3635 est
3207 3589 3429 3650 propter
3476 3577 3852 3651 paenitentiam

2248 3669 2488 3724 ablatum
2517 3686 2546 3724 a
2577 3671 2805 3727 Domino
2827 3672 2944 3743 ejus
2969 3689 3090 3729 esse
3119 3683 3421 3745 peccatum.

2319 3765 2412 3822 25.
2457 3765 2588 3821 Item
2621 3766 2729 3822 alio
2757 3767 2878 3822 loco
2907 3782 3028 3822 cum
3054 3768 3235 3824 Semei
3288 3767 3638 3824 malediceret
3681 3767 3752 3833 ei,
3799 3775 3855 3822 et

2252 3857 2518 3927 lapidaret
2547 3874 2670 3914 eum
2698 3870 2910 3930 septum
2943 3861 3321 3929 bellatoribus,
3364 3879 3460 3931 per
3487 3876 3626 3934 quos
3669 3859 3850 3916 vindi-

2251 3965 2378 4006 care
2408 3965 2467 4006 se
2490 3962 2693 4021 posset,
2729 3953 2998 4023 patienter
3018 3955 3228 4011 ferebat
3257 3975 3271 4019 ;
3327 3970 3394 4010 ne
3436 3955 3601 4010 verbo
3632 3952 3853 4025 quidem

2252 4045 2498 4102 referens
2519 4047 2902 4103 contumeliam
2937 4065 2949 4102 :
2993 4048 3122 4119 quin
3146 4049 3308 4104 etiam
3336 4064 3459 4104 cum
3506 4047 3710 4104 Abessa
3743 4047 3854 4102 dux

2252 4140 2370 4212 ejus
2397 4151 2558 4211 caput
2580 4142 2961 4200 maledicentis
2984 4143 3148 4198 vellet
3173 4142 3411 4208 auferre,
3440 4141 3647 4212 aitRex
3672 4160 3684 4194 :
3713 4127 3854 4206 Quid

2253 4238 2381 4292 mihi
2407 4248 2455 4293 et
2485 4239 2576 4293 tibi
2607 4249 2709 4306 est,
2762 4240 2841 4310 fili
2883 4238 3132 4295 Serviat?
3188 4238 3339 4304 Quod
3391 4235 3652 4295 maledicit
3702 4235 3854 4300 mihi,

2255 4330 2512 4385 Dominus
2539 4332 2671 4386 dixit
2702 4332 2746 4386 ei
2776 4331 3084 4386 maledicere
3131 4330 3304 4384 David
3335 4329 3403 4402 (ll
3437 4329 3564 4399 Reg.
3599 4345 3709 4392 xu,
3740 4327 3853 4398 10).

2254 4422 2496 4478 Primum
2526 4422 2688 4493 igitur
2715 4423 2929 4493 culpam
2956 4424 3075 4493 ejus
3105 4423 3406 4488 excusavit,
3440 4432 3494 4478 et
3538 4437 3754 4477 causam
3785 4422 3854 4476 ad

2258 4513 2470 4570 Domini
2506 4515 3067 4570 retulitvoluntalem.
3116 4515 3369 4572 Secundo
3408 4514 3462 4569 in
3504 4529 3661 4570 suum
3696 4512 3856 4569 meri-

554 4612 600 4668 si
627 4616 952 4682 agnosceret
979 4621 1090 4675 me,
1116 4606 1413 4661 honoraret
1433 4604 1638 4676 utique,
1695 4614 1844 4660 certe
1894 4615 2002 4656 non
2058 4601 2151 4656 lae-

2256 4617 2366 4662 tum
2392 4607 2652 4671 retorsit;
2687 4615 2746 4661 ut
2775 4622 2884 4661 non
2909 4607 3056 4661 illurn
3087 4622 3327 4674 errasse,
3352 4606 3450 4663 sed
3486 4622 3547 4662 se
3590 4605 3857 4661 meruisse

548 4704 725 4763 deret.
757 4701 898 4770 Quid
929 4700 1074 4758 enim
1123 4700 1288 4755 laesus
1340 4707 1425 4755 est
1464 4714 1586 4754 meo
1645 4696 1807 4764 iacto,
1864 4703 1921 4750 ut
1962 4695 2155 4750 habeat

549 4797 801 4855 laedentis
832 4791 1311 4864 affectumiErgo
1359 4807 1483 4847 cum
1537 4807 1644 4846 non
1700 4788 1939 4860 suppetit
1993 4801 2154 4844 causa

552 4889 805 4956 Iazdendi,
841 4903 948 4945 non
978 4895 1159 4959 potest
1201 4886 1359 4957 culpa
1403 4899 1528 4942 esse
1594 4883 1872 4956 propositi.
1923 4881 2067 4953 Ergo
2111 4881 2156 4936 si

543 4983 728 5055 justus
757 4997 902 5049 sum,
926 4980 1137 5036 afﬁcior
1166 4989 1390 5051 propter
1426 4977 1770 5044 charitatem,
1815 4986 2037 5048 pr0pter
2073 4974 2156 5030 di—

545 5077 860 5143 lectionem,
898 5083 1120 5146 propter
1144 5072 1406 5130 Ecclesia:
1454 5073 1732 5138 damnum,
1784 5079 2010 5140 propter
2035 5083 2155 5124 cor-

549 5170 702 5242 poris
728 5168 1142 5226 detrimentum.
1173 5165 1405 5223 Possum
1429 5166 1590 5222 etiam
1620 5163 1753 5220 illud
1779 5163 1988 5230 dolere,
2011 5161 2152 5232 quod

544 5265 707 5320 etiam
731 5263 778 5320 si
804 5278 906 5334 ego
934 5261 1223 5318 hedentem
1247 5275 1354 5315 non
1380 5259 1633 5325 laeserim,
1661 5260 1729 5328 ﬁet
1759 5273 1867 5314 non
1898 5257 2000 5312 sim
2023 5256 2156 5312 mihi

543 5356 798 5414 conscius
821 5355 967 5428 quod
993 5370 1118 5412 eum
1147 5354 1203 5409 in
1235 5369 1324 5409 me
1344 5351 1613 5424 aliquibus
1645 5350 1856 5421 injuriis
1884 5351 2158 5407 excitave-

617 5527 644 5555 ⁸
675 5517 819 5574 Edit.
853 5517 1014 5572 Rom.
1038 5528 1165 5569 cum
1199 5511 1386 5582 paucis
1411 5524 1569 5582 mssi,
1624 5507 1810 5562 habere
1836 5505 2068 5582 _niltil_in
2094 5525 2149 5563 se

541 5589 682 5662 quod
713 5597 940 5651 accuset,
965 5596 1010 5642 et
1029 5579 1345 5662 justujpon
1368 5598 1498 5662 esse.
1514 5579 1850 5662 forte’quod
1876 5579 2145 5662 creditum

538 5649 610 5718 sit
640 5649 946 5717 allusionen
975 5649 1097 5713 es'se
1121 5654 1188 5709 ad
1216 5653 1350 5708 illud
1394 5652 1586 5708 Pauli:
1645 5649 1797 5705 Nihil
1845 5651 1971 5704 mihi
2019 5667 2148 5706 con-

537 5735 678 5789 scius
715 5748 851 5798 sum,
875 5726 1226 5798 etc.,Melius
1273 5736 1450 5798 tamen
1501 5732 1616 5798 ant.
1659 5723 1792 5798 edit.
1844 5737 1908 5778 ac
1937 5723 2147 5798 reliqui

540 5820 676 5865 mss.
701 5794 846 5860 utin
867 5809 1038 5858 textu.
1098 5796 1195 5854 llic
1243 5797 1510 5868 siquidem
1558 5794 1895 5868 signiﬁcatur
1941 5795 2144 5866 justos,

2255 4701 2606 4772 signiﬁcaret.
2638 4698 2824 4756 Tertio
2849 4700 3294 4757 maledictionem
3318 4701 3463 4757 illius
3502 4700 3605 4755 sibi
3635 4714 3742 4754 non
3769 4714 3856 4752 so-

2258 4795 2366 4850 lum
2394 4809 2504 4850 non
2531 4809 2754 4861 nocere,
2783 4794 2878 4852 sed
2901 4796 3063 4850 etiam
3096 4796 3361 4866 prodesse
3389 4791 3709 4852 memoravit
3751 4791 3858 4847 sic-

2259 4899 2316 4944 ut
2353 4889 2615 4960 scriptum
2655 4897 2782 4946 est:
2817 4889 2881 4944 Et
2920 4890 3053 4944 dixit
3095 4888 3269 4944 David
3313 4888 3383 4942 ad
3426 4888 3642 4956 Abessa,
3701 4895 3749 4941 et
3789 4884 3858 4938 ad

2256 5001 2432 5040 omnes
2463 5001 2650 5056 pueros
2679 4987 2793 5059 ejus
2825 5001 2844 5040 :
2880 4983 3012 5039 Ecce
3039 4985 3184 5055 ﬁlius
3213 5001 3354 5040 meus
3379 4983 3469 5055 qui
3500 4982 3652 5038 exivit
3680 4981 3744 5034 de
3778 4996 3856 5035 se-

2238 5081 2400 5134 ‘mine
2426 5097 2562 5148 meo,
2586 5083 2771 5152 quwrit
2800 5082 3029 5134 animum
3055 5097 3221 5134 meam
3251 5097 3270 5146 ;
3299 5089 3493 5151 quanto
3523 5078 3688 5151 magis
3715 5077 3857 5145 ﬁlius

2261 5171 2704 5241 Jeminei'(lbid.,
2738 5172 2877 5245 ll)?
2915 5171 3205 5229 Granditer
3227 5173 3483 5244 impetum
3523 5170 3740 5241 infregit
3771 5168 3857 5225 ul-

2265 5266 2418 5322 toris.
2450 5266 2732 5334 Quomodo
2755 5266 2899 5322 enim
2929 5266 3280 5324 maledictum
3307 5265 3554 5324 extranei
3590 5280 3687 5336 pro
3715 5263 3860 5337 regis

2264 5359 2460 5430 injuria
2483 5360 2803 5428 vindicaret,
2832 5374 2954 5416 cum
2979 5359 3074 5416 ﬁlii
3097 5361 3276 5417 adhuc
3329 5358 3676 5432 parricidium
3718 5357 3861 5413 inul-

2254 5515 2355 5570 etsi
2390 5524 2607 5585 peccata
2636 5514 2819 5586 gravia
2865 5516 3059 5588 quibus
3104 5517 3310 5587 justitia
3359 5519 3646 5586 amittitur,
3695 5518 3751 5574 in
3797 5535 3858 5575 se

2255 5603 2361 5669 rion
2392 5588 2612 5642 videant
2640 5603 2674 5669 ς.
2695 5602 2758 5669 ea
2789 5588 2981 5642 saltem
3005 5588 3188 5645 videre
3209 5605 3329 5658 qua:
3351 5591 3644 5669 sufﬁciant,
3699 5599 3760 5645 ut
3790 5607 3852 5646 se

2255 5659 2504 5728 ipsivere
2532 5661 2743 5728 possint
2783 5674 3044 5717 accusare
3078 5678 3092 5712 :
3135 5662 3590 5730 quemadmodum
3624 5661 3774 5719 locus
3827 5678 3859 5722 θ

2253 5732 2419 5787 Prov.
2446 5729 2699 5788 laudatus
2738 5733 2871 5789 satis
2901 5729 3161 5789 ostendit.
