4070 6524
191 423 330 482 I289
1275 416 1342 472 IN
1381 413 1711 474 PSALMUM
1750 413 1964 474 CXVIII
2004 415 2393 476 EXPOSI'I‘IO.
3349 418 3490 476 1290

188 547 306 593 tum
336 537 620 594 maneret?
664 534 780 592 Non
812 534 997 605 utique
1023 533 1269 590 extranei
1315 533 1686 601 maledictum,
1737 543 1790 589 et
1816 540 1868 599 Α
1897 535 2177 599 Salomon,
2208 538 2299 608 qui
2327 545 2440 592 toto
2467 534 2657 606 spiritu
2694 533 3026 603 inquirendas
3081 537 3374 606 cognitioni
3405 537 3492 591 di~

191 629 287 686 ﬁlii
339 629 680 700 parricidium
727 643 880 698 aequa
928 637 1074 682 esset
1116 627 1272 683 lance
1319 626 1675 696 pensandum.
1728 628 1794 682 Et
1893 627 2132 682 vinitatis
2159 629 2540 694 intenderent;
2583 645 2649 684 ne
2673 629 2969 698 psallentes
3003 627 3260 685 deessent
3303 629 3491 684 Eccle-

190 723 398 779 addidit
429 741 440 776 :
471 721 596 778 Sine
647 721 798 776 illum
842 720 1202 783 maledicere;
1250 720 1495 790 quoniam
1549 719 1679 772 dixit
1713 719 1794 774 illi
1892 721 1989 776 sia:
2015 735 2151 785 sua).
2186 737 2414 792 quorum
2461 731 2621 778 cantu
2660 737 2889 792 nequam
2941 721 3165 792 spiritus
3208 722 3492 792 rogaretur

191 817 467 880 Dominus,
497 816 658 870 donec
685 815 853 870 videat
884 813 1219 868 humilitatem
1242 828 1428 878 meam,
1477 821 1526 866 et
1546 810 1795 866 retribuat

191 910 321 964 mihi
355 908 612 964 Dominus
642 909 776 963 bona
803 924 898 979 pro
920 905 1193 961 maledicto
1222 903 1415 976 (Ibid.,
1446 904 1560 975 I2).
1614 904 1713 959 Est
1741 912 1797 961 et

188 1001 339 1058 aliud
356 1001 489 1072 justi
515 1002 850 1074 propositum
883 1001 1041 1072 longe
1092 998 1342 1055 omnibus
1389 996 1683 1069 perfectius
1739 1005 1796 1054 et

193 1100 495 1170 potentius,
530 1096 867 1153 intervenire
891 1111 991 1166 pro
1030 1093 1501 1167 persequentibus,
1545 1101 1602 1150 et
1628 1108 1794 1148 excu-

193 1207 318 1248 sare
342 1200 632 1262 peccantes
658 1207 672 1246 :
700 1188 842 1260 quod
876 1189 1102 1258 legimus
1131 1188 1183 1242 in
1215 1186 1539 1256 Evangelio,
1577 1185 1795 1241 dicente

193 1282 425 1339 Domino
450 1283 583 1339 Jesu
609 1297 733 1338 cum
762 1279 1052 1336 cruciﬁxus
1072 1287 1219 1336 esset
1242 1293 1270 1332 a
1299 1278 1522 1349 perﬁdis
1551 1292 1566 1332 :
1607 1275 1793 1341 Pater,

192 1376 395 1431 dimitte
435 1377 590 1439 illis;
643 1391 746 1430 non
797 1376 934 1428 enim
981 1373 1155 1428 sciunt
1203 1372 1327 1442 quid
1383 1371 1581 1441 faciunt
1640 1368 1793 1440 (Luc.

196 1485 356 1538 χχιιι,
384 1468 504 1540 54).

264 1564 356 1619 24.
384 1564 578 1635 Liquet
599 1563 758 1635 igitur
781 1561 865 1617 his
893 1558 1219 1633 magisteriis
1247 1557 1511 1615 doctrinae
1533 1554 1795 1622 caelestis,

196 1656 340 1728 quod
367 1655 547 1728 justus
572 1670 630 1711 se
658 1669 916 1711 accusare
967 1653 1141 1719 malit,
1197 1668 1357 1724 quam
1409 1651 1571 1706 alium
1615 1649 1798 1705 defor-

197 1766 371 1807 mare.
404 1751 647 1822 Denique
676 1750 744 1806 de
771 1748 1008 1819 Josepb,
1038 1747 1126 1803 cui
1157 1747 1484 1819 desponsata
1539 1756 1658 1801 erat
1685 1741 1797 1798 Ma-

195 1844 275 1900 ria
307 1855 479 1899 mater
509 1843 747 1910 Domini,
780 1843 1043 1913 scriptum
1075 1849 1160 1897 est
1180 1841 1322 1912 quod
1355 1855 1476 1895 cum
1509 1853 1628 1893 eam
1673 1851 1796 1908 gra-

1891 812 1960 886 (II
1987 812 2172 868 Par-al.
2210 829 2262 878 v,
2291 815 2384 884 l2)
2417 831 2429 867 :
2461 816 2601 869 sicut
2630 813 2796 868 David
2829 814 2997 868 sancti
3021 813 3279 868 docemur
3307 828 3495 868 excru-

1896 906 2004 976 plo,
2032 921 2141 977 quo
2168 906 2453 976 psallente,
2484 907 2655 962 malus
2698 906 2789 961 ille
2835 906 3056 975 spiritus
3095 903 3491 973 expellebatur,

1893 999 1985 1070 qui
2007 997 2137 1054 Saul
2162 998 2304 1069 regis
2323 997 2486 1054 corda
2518 997 2748 1053 vexabat
2774 996 2831 1070 (I
2872 997 3004 1068 Reg.
3036 1011 3148 1061 xvr,
3195 995 3310 1066 23).
3361 995 3496 1051 Pro-

1894 1089 2072 1161 phetae
2096 1106 2312 1162 quoque
2355 1101 2413 1145 ut
2465 1089 2884 1161 pr0phetarent,
2946 1088 3210 1158 psallendi
3260 1089 3493 1158 peritum

1889 1184 2153 1256 iubebant
2180 1184 2430 1256 psallere,
2460 1198 2568 1255 quo
2589 1183 2740 1238 suavi
2783 1183 3006 1238 invitata
3045 1180 3334 1238 dulcedine
3389 1181 3501 1252 spi-

1893 1279 2070 1336 ritalis
2099 1279 2476 1336 infnnderetur
2499 1279 2670 1349 gratia
2721 1277 2824 1350 (IV
2869 1278 2999 1348 Reg.
3051 1295 3129 1344 ιιι,
3180 1279 3294 1348 Μ).
3337 1277 3406 1332 Et
3445 1278 3499 1331 in

1896 1374 2197 1445 Evangelia
2224 1375 2453 1445 legimus
2482 1373 2536 1429 in
2558 1372 2722 1428 domo
2747 1371 2918 1443 patris
2949 1371 3093 1425 illius
3124 1371 3290 1426 ﬁlium
3344 1385 3502 1425 recu-

1896 1470 2138 1538 perantis
2169 1467 2563 1537 prmcrepuisse
2607 1465 3010 1537 symphoniam,
3064 1478 3168 1533 qua
3216 1463 3504 1530 epulantes

1896 1558 2313 1614 deleCtabantur
2359 1558 2578 1625 ﬁdeles,
2638 1557 2876 1629 perﬁdus
2918 1566 3099 1612 autem
3154 1557 3505 1626 impatienter

1900 1653 2156 1710 audiebat
2185 1651 2338 1727 (Luc.
2372 1669 2466 1720 xv,
2498 1652 2614 1726 28).
2653 1652 2836 1709 Dulcis
2862 1654 3023 1724 igitur
3074 1661 3158 1708 est
3207 1652 3499 1720 cantilena,

1899 1761 2019 1818 qua:
2051 1761 2158 1802 non
2191 1762 2392 1818 corpus
2417 1747 2718 1815 elleininat,
2751 1747 2848 1802 sed
2872 1755 3110 1802 mentem
3148 1749 3506 1816 animumque

1899 1839 2208 1895 conlirmat.
2243 1840 2480 1912 Ideoque
2501 1842 2776 1897 canticum
2809 1842 3011 1899 dicitur
3053 1842 3269 1898 Domini
3322 1843 3509 1899 Testa-

193 1953 314 1994 vem
347 1945 501 1993 utero
551 1935 798 2004 vidisset,
853 1951 977 1991 cum
1014 1944 1159 1990 esset
1197 1933 1408 2003 justus,
1461 1929 1636 1985 noluit
1677 1943 1796 1984 eam
1828 1945 1877 2006 Β
1904 1941 2146 1989 mentum
2181 1949 2196 2000 ;
2246 1937 2372 2005 quia
2405 1938 2790 1997 remissionem
2835 1945 3080 2001 omnium
3134 1962 3510 2027 peccatorum,

195 2031 484 2087 traducere
517 2030 731 2104 (Matth.
761 2046 801 2096 ι,
844 2029 938 2101 I9)
971 2045 984 2095 ;
1043 2037 1100 2083 et
1140 2026 1325 2098 utique
1383 2023 1592 2079 nullum
1623 2022 1804 2077 adhuc

199 2130 449 2186 audierat
474 2129 774 2185 oraculum.
805 2127 880 2181 Ita
908 2141 1016 2181 non
1067 2124 1244 2180 solum
1287 2123 1358 2177 ab
1388 2121 1611 2177 ultionis
1655 2128 1804 2174 atro-

197 2223 383 2286 citate,
416 2223 509 2279 sed
541 2223 705 2278 etiam
734 2221 804 2276 ab
836 2219 1202 2276 accusationis
1249 2217 1540 2273 severitate
1571 2229 1806 2286 persona

191 2314 326 2387 justi
358 2317 534 2372 aliena
561 2323 646 2372 est
674 2333 688 2371 :
721 2315 1010 2386 potiusque
1033 2311 1183 2368 ducit
1235 2324 1387 2364 suam
1420 2308 1803 2364 remissionem

195 2411 468 2478 accusari,
497 2411 643 2483 quod
665 2420 692 2447 α
724 2425 833 2466 non
866 2407 1211 2473 indicaverit,
1243 2421 1403 2478 quam
1437 2405 1672 2460 alienum
1700 2400 1809 2457 cri-

199 2519 325 2560 men
360 2519 576 2575 urgere.
602 2503 710 2561 Sed
733 2502 882 2558 dices
911 2520 925 2556 :
954 2499 1241 2569 Quomodo
1278 2498 1415 2554 dixit
1445 2499 1561 2568 ipse
1595 2495 1765 2551 David
1789 2513 1802 2550 :

200 2594 496 2650 Lwtabitur
542 2598 720 2668 justus
769 2611 887 2649 cum
952 2592 1136 2647 uiderit
1188 2591 1468 2645 uindictam
1528 2588 1810 2660 impiorum

199 2687 378 2759 (Psal.
413 2704 542 2754 LVII,
584 2689 725 2760 Ii)?
779 2686 908 2742 Mihi
936 2687 1152 2742 videtur
1204 2685 1327 2756 quia
1386 2685 1624 2748 laetetur,
1663 2681 1808 2752 quod

197 2782 317 2853 ipse
339 2782 604 2849 evaserit,
632 2796 740 2836 non
771 2782 895 2852 quia
922 2780 1073 2850 impii
1123 2778 1438 2850 puniantur.
1489 2777 1812 2844 Quaeramus

193 2873 499 2942 aliudjnsti
523 2874 863 2943 propositum
885 2888 950 2928 ex
971 2871 1345 2943 sequentibus.
1568 2867 1578 2876 ’

269 2963 368 3019 25.
410 2963 605 3035 (Vers.
629 2963 752 3034 δι.)
777 2964 964 3034 Itaque
987 2963 1156 3018 dicit:
1193 2960 1486 3016 Cantabiles
1515 2960 1642 3014 mihi
1673 2965 1817 3014 erant

206 3055 613 3124 iustiﬁcationes
642 3065 744 3110 tum
771 3056 824 3110 in
856 3057 970 3110 loco
991 3054 1426 3126 peregrinationis
1453 3067 1600 3107 mete.
1623 3050 1817 3107 Merito

208 3148 748 3218 peregrinationibus
775 3163 882 3204 non
917 3147 1288 3220 frangebatur,
1341 3146 1604 3217 superbos
1647 3143 1817 3200 decli-

204 3241 393 3308 nabat,
422 3255 724 3312 eorumque
773 3244 1048 3313 prosperis
1091 3240 1435 3298 successibus
1472 3255 1580 3295 non
1628 3251 1816 3293 move-

1907 2025 2233 2100 Dominique
2272 2028 2520 2102 justitias
2565 2032 2618 2088 in
2669 2036 2970 2106 Scripturis
3032 2042 3310 2116 Evangelii
3361 2025 3518 2108 suavi

1906 2120 2108 2176 mentis
2131 2125 2501 2182 exsultatione
2531 2129 2892 2188 coneiuimus.
2918 2132 3041 2204 Ipse
3085 2153 3301 2209 quoque
3329 2143 3516 2200 Domi-

1907 2228 2010 2268 nus
2041 2229 2147 2269 non
2177 2215 2507 2288 dedignatus
2525 2231 2610 2277 est
2635 2223 2818 2281 dicere
2850 2245 2863 2282 :
2898 2226 3230 2289 Cantavimus
3260 2238 3424 2306 vobis,
3464 2251 3514 2295 et

1910 2325 2011 2364 non
2035 2311 2264 2368 saltastis
2292 2312 2446 2387 (Luc.
2475 2333 2570 2383 vtt,
2597 2319 2716 2392 '52).
2749 2322 3003 2381 Cantavit
3034 2331 3190 2386 nobis
3233 2334 3286 2388 in
3331 2336 3516 2392 Evan-

1907 2404 2048 2474 gelio
2076 2406 2293 2462 veniam
2316 2409 2640 2468 delictorum
2676 2431 2689 2470 :
2721 2415 3028 2476 debuerunt
3055 2422 3231 2481 Judazi
3279 2438 3518 2486 mentem

1907 2498 2160 2556 attollere
2183 2515 2290 2555 non
2315 2501 2636 2562 histrionico
2665 2513 2914 2581 corporis
2955 2525 3140 2584 motu,
3194 2519 3290 2576 sed
3322 2536 3515 2580 sancto

1909 2588 2139 2662 Spiritu.
2168 2592 2288 2650 Non
2315 2595 2585 2665 fecerunt,
2633 2601 2755 2658 ideo
2794 2608 3292 2674 reprehenduntur.

1980 2684 2072 2741 27.
2117 2687 2225 2744 Sed
2255 2691 2418 2746 etiam
2446 2703 2502 2747 et
2530 2697 2778 2765 corporis
2809 2696 2838 2736 ι)
2880 2701 3102 2758 saltatio
3150 2706 3205 2761 in
3253 2707 3518 2768 honorem

1913 2776 2013 2833 Dei
2037 2779 2329 2836 laudabilis
2351 2781 2603 2839 habetur.
2636 2786 2882 2858 Denique
2932 2793 3150 2850 snltavit
3179 2797 3344 2853 David
3392 2813 3520 2859 ante

1915 2885 2094 2927 arcam
2125 2874 2364 2941 Domini,
2393 2885 2448 2932 et
2477 2879 2610 2934 vidit
2641 2896 2764 2936 eum
2793 2882 2991 2942 Michol
3021 2887 3124 2943 ﬁlia
3159 2890 3290 2948 Saul
3316 2895 3525 2953 saltan-

1916 2975 2050 3034 tem,
2077 2976 2133 3023 et
2159 2971 2551 3038 percutientem
2584 2984 2606 3012 ο
2659 2975 2713 3031 in
2756 2981 2976 3048 organis
3023 2981 3415 3048 harmouizatis
3467 2993 3523 3049 in

1915 3070 2210 3131 conspectu
2242 3061 2476 3132 Domini,
2503 3074 2558 3121 et
2578 3068 2654 3122 ait
2683 3070 2749 3125 ad
2775 3086 2921 3140 eum,
2956 3085 3308 3149 posteaquam
3345 3098 3406 3140 se
3429 3085 3526 3140 do-

1917 3167 2064 3208 mum
2091 3155 2332 3224 recepit:
2363 3155 2501 3222 Quid
2532 3161 2706 3231 utique
2721 3161 3095 3234 honori/icatus
3122 3182 3195 3226 est
3223 3191 3315 3230 rex
3333 3175 3528 3244 Israel;

1915 3247 2040 3317 quia
2068 3247 2359 3304 denudatus
2385 3262 2464 3307 est
2490 3254 2644 3310 hodie
2672 3257 2726 3310 in
2775 3260 2938 3314 oculis
2973 3265 3260 3332 puellarum
3313 3289 3526 3328 suarum

201 3337 389 3392 batur.
408 3334 809 3392 Consolabatur
828 3351 888 3392 se
910 3337 964 3391 in
986 3334 1206 3406 judiciis
1231 3333 1563 3401 caelestibus,
1602 3332 1814 3404 1052
1839 3335 1884 3399 C
1917 3341 2251 3421 ancillarum,
2281 3345 2412 3399 sicut
2441 3363 2575 3402 unus
2600 3365 2664 3404 ex
2685 3351 3015 3411 saltatoribus
3039 3358 3065 3410 ?
3095 3359 3162 3414 Et
3192 3360 3327 3419 dixit
3359 3365 3526 3422 Dat“

201 3429 598 3500 angebaturin
645 3429 840 3484 alienis
873 3428 1148 3499 peccatis;
1202 3428 1326 3499 quia
1381 3427 1680 3483 cantabiles
1724 3425 1821 3480 ha-

201 3523 371 3581 bebat
392 3522 814 3595 justiﬁcationes
843 3523 960 3580 Dei.
989 3524 1120 3590 Quae
1147 3523 1293 3578 enim
1349 3521 1490 3578 bene
1549 3531 1820 3588 tenemus,

202 3627 433 3675 cantare
453 3620 840 3674 consuevimus
865 3636 878 3673 :
903 3627 958 3676 et
982 3633 1107 3690 qua:
1149 3626 1456 3687 cantantur,
1497 3618 1692 3675 melius
1722 3631 1823 3673 no-

203 3713 335 3768 stris
347 3712 918 3769 adbaarentsensibus.
945 3711 1063 3768 Non
1087 3711 1231 3767 enim
1255 3710 1616 3783 perfunctorie
1643 3719 1819 3765 trans-

201 3817 400 3860 eamus
439 3818 568 3875 qute
603 3801 874 3875 legimus;
904 3813 964 3859 ut
989 3814 1115 3860 tunc
1139 3812 1346 3860 tantum
1401 3817 1524 3859 cum
1584 3801 1818 3872 legimus

203 3915 294 3966 ea,
326 3899 381 3954 in
411 3901 736 3956 memoriam
763 3916 954 3957 eorum
981 3900 1162 3957 redire
1186 3900 1464 3956 videamur
1489 3917 1501 3953 :
1533 3897 1628 3954 sed
1649 3897 1815 3954 etiam

204 4009 332 4051 cum
360 3994 526 4050 abest
553 3995 728 4052 codex
751 3995 1023 4062 manibus,
1069 4005 1342 4067 tamquam
1370 3993 1666 4050 animantia
1696 4007 1819 4065 quae

204 4087 518 4158 probantur
543 4097 600 4144 et
626 4088 824 4144 munda
850 4089 1115 4144 habentur
1143 4090 1193 4143 in
1225 4088 1387 4160 Lege,
1411 4089 1572 4143 etiam
1604 4086 1820 4158 quando

205 4201 318 4240 non
345 4193 652 4256 pascuntur
681 4185 957 4240 ruminare
982 4191 1403 4247 consueverunt,
1450 4197 1519 4237 ex
1569 4179 1821 4250 semetip-

204 4278 283 4334 sis
304 4277 574 4334 alimenta
603 4275 707 4332 sibi
734 4275 1012 4332 recondita
1044 4273 1377 4346 proferentia
1401 4291 1414 4325 :
1447 4273 1520 4327 ita
1542 4280 1598 4327 et
1624 4286 1726 4326 nos
1754 4270 1822 4326 de

205 4370 731 4429 nostras'memorizc
778 4369 1067 4436 thesauro,
1107 4367 1179 4423 de
1222 4366 1575 4422 interioribus
1620 4363 1822 4420 nostris

205 4463 611 4523 ruminandum
662 4461 819 4518 nobis
875 4461 1127 4533 pabulum
1194 4459 1439 4531 spiritale
1485 4473 1819 4530 promarnus.

204 4560 410 4633 Hymni
440 4558 626 4626 nobis,
650 4555 916 4613 canticqu
942 4556 1118 4624 nobis,
1148 4555 1340 4627 psalmi
1366 4554 1524 4610 nobis
1555 4553 1822 4625 iustiﬁca-

203 4653 390 4708 tiones
419 4649 644 4707 Domini
677 4650 809 4704 sint.
848 4649 1148 4706 Psallamus
1193 4648 1409 4718 spiritu,
1441 4647 1738 4719 psallarnus
1767 4653 1824 4702 et

1918 3432 1945 3472 ά
1967 3436 2035 3492 ad
2060 3438 2258 3494 Michol
2290 3440 2344 3495 in
2371 3454 2666 3513 conspectu
2699 3445 2913 3504 Domini
2938 3469 2951 3503 :
3003 3451 3313 3513 Benedictus
3343 3459 3522 3517 Domi-

1918 3543 2016 3620 nus
2040 3530 2130 3597 qui
2159 3530 2311 3603 elegil
2340 3548 2421 3586 me
2449 3551 2602 3607 super
2631 3547 2828 3608 patrem
2856 3551 3018 3608 tuum,
3052 3557 3100 3600 et
3144 3565 3301 3620 super
3328 3570 3530 3611 omnem

1921 3619 2132 3676 domum
2156 3623 2302 3678 illius
2331 3628 2643 3684 constituere
2682 3631 2737 3686 in
2789 3636 3076 3706 principem
3133 3619 3289 3710 super
3328 3648 3527 3717 plebem

1919 3731 2067 3770 suam
2090 3715 2261 3773 Israel
2285 3729 2334 3773 et
2362 3719 2396 3773 Ι
2404 3722 2559 3777 udam
2587 3737 2608 3779 :
2641 3724 2842 3780 saltabo
2883 3729 2937 3782 in
2988 3745 3259 3802 conspectu
3291 3715 3526 3809 Domini,

1920 3817 1968 3862 et
1993 3809 2292 3866 denudabor
2318 3811 2491 3868 adhuc
2513 3816 2612 3884 sic,
2631 3827 2678 3871 et
2707 3834 2794 3872 ero
2824 3837 2998 3894 nugax
3026 3824 3078 3877 in
3104 3842 3380 3900 conspectu
3413 3844 3522 3902 tuo,

1919 3910 2108 3996 etcum
2140 3905 2328 3972 puellis
2358 3923 2471 3960 cum
2499 3908 2682 3978 quibus
2713 3910 2890 3967 dixisti
2922 3931 3002 3968 me
3051 3920 3325 3990 nudatum,
3368 3927 3531 3996 glori-

1917 3995 2134 4064 ﬁcabor.
2169 3997 2235 4052 Et
2263 3997 2482 4064 Michol,
2517 4002 2720 4071 inquit,
2749 4005 2877 4072 filia:
2919 4007 3052 4062 Saul
3093 4028 3196 4066 non
3243 4027 3352 4070 erat
3373 3995 3526 4087 iﬁlius

1920 4104 2083 4158 usque
2097 4090 2152 4143 in
2168 4090 2302 4145 diem
2323 4094 2504 4148 mortis
2517 4097 2628 4165 ejus
2648 4095 2713 4166 (Il
2737 4095 2944 4169 Reg.vr,
2959 4102 3030 4157 20
3044 4115 3094 4156 et
3115 4108 3266 4177 seq.).
3294 4111 3530 4169 Evidcns

1923 4180 2109 4252 itaque
2134 4184 2444 4253 exemplum
2485 4187 2628 4256 quod
2655 4196 2712 4242 et
2743 4190 2952 4262 1053
2982 4194 3247 4266 Propheta
3281 4204 3370 4270 qui
3404 4221 3527 4274 per-

1923 4275 2162 4330 cutiebat
2216 4275 2268 4330 in
2319 4278 2556 4348 organis,
2587 4288 2646 4335 et
2670 4283 3035 4341 saltavitante
3074 4304 3256 4347 arcam
3290 4295 3523 4366 Domini,

1916 4368 2247 4438 justiﬁeatus
2277 4380 2398 4427 est:
2425 4379 2482 4428 et
2504 4371 2596 4428 illa
2619 4389 2740 4446 quae
2764 4377 3118 4447 reprehendit
3151 4399 3297 4454 eum,
3329 4393 3531 4448 sterili-

1921 4470 2033 4518 tate
2059 4463 2311 4519 damnata
2340 4475 2442 4521 est.

1991 4557 2084 4614 28.
2124 4557 2230 4614 Sed
2270 4574 2375 4614 non
2405 4560 2538 4616 satis
2582 4570 2666 4618 est
2692 4571 2752 4618 ut
2781 4563 2976 4636 aliquis
3003 4571 3299 4632 cantabiles
3329 4575 3527 4640 habeat

1913 4651 2333 4722 justiﬁcationes
2361 4654 2486 4719 Dei,
2533 4654 2632 4709 nisi
2665 4665 3004 4716 terrenarum
3031 4676 3197 4720 exuat
3222 4683 3282 4725 se
3303 4675 3526 4735 servitio

202 4756 434 4811 mente;
469 4759 540 4799 ne
562 4743 608 4797 si
633 4741 786 4798 obliti
817 4741 1096 4817 fuerimus,
1126 4741 1181 4796 in
1212 4753 1456 4811 tempore
1479 4740 1819 4796 necessitatis
1843 4764 1898 4826 D
1924 4743 2373 4799 sollicitudinum.
2419 4745 2653 4817 Ideoque
2681 4748 2888 4805 addidit
2914 4768 2928 4805 :
2962 4751 3031 4807 In
3070 4756 3183 4812 loco
3225 4767 3526 4836 ρει-βφὺω.

204 4841 424 4899 dicatur
487 4837 784 4909 unicuique
862 4847 1106 4894 nostrum
1162 4854 1176 4892 :
1242 4835 1488 4908 Abjecisti
1561 4850 1820 4890 sermones

205 4951 348 4990 meos
381 4942 501 5006 post
522 4945 572 4988 te
590 4930 770 5004 (Psal.
812 4946 954 4996 sus,
985 4930 1093 5003 l7).

275 5028 371 5084 26.
417 5026 666 5095 Ideoque
688 5034 744 5078 ιιι
764 5023 1131 5094 expelleretur
1155 5031 1213 5080 et
1257 5023 1636 5080 eliminaretur
1676 5021 1820 5077 obli-

203 5125 348 5181 vioa
374 5124 545 5180 domo
576 5130 771 5177 sancta
819 5136 945 5189 sua,
991 5129 1301 5177 cantatores
1344 5120 1448 5177 sibi
1491 5121 1618 5176 fecit
1659 5133 1822 5175 verus

279 5271 305 5301 δ
337 5261 487 5318 Ειιὶι.
542 5268 661 5314 ant.
695 5273 821 5314 cum
875 5260 1105 5315 maxima
1138 5267 1290 5328 parte
1329 5273 1488 5322 mss.,
1538 5257 1675 5324 quod
1720 5273 1823 5311 non

197 5332 746 5409 judicaverit._Rou_t.
783 5345 1064 5409 cum‘rnss.
1100 5333 1400 5409 aliquot....
1452 5345 1556 5383 non
1587 5330 1825 5409 vindica-

205 5402 355 5462 iierit.
391 5406 532 5463 Cod.
559 5403 876 5471 Remig.....
904 5403 1226 5469 iudicarer-it,
1256 5403 1310 5458 id
1333 5411 1436 5470 est,
1465 5402 1823 5468 accusaverit,

206 5482 324 5535 sive
348 5481 563 5536 crimen
586 5475 874 5539 detulerit,
905 5489 1010 5544 quo
1029 5490 1189 5529 sensu
1222 5490 1331 5528 non
1358 5473 1528 5528 semel
1555 5475 1654 5527 hoc
1677 5473 1828 5526 verbi

207 5554 484 5622 accipitur
515 5549 662 5622 apud
715 5544 1060 5622 Ciceronem.
1094 5546 1163 5601 Et
1208 5545 1298 5601 hic
1339 5546 1558 5617 quidem
1599 5545 1825 5615 optime,

209 5626 287 5680 uti
315 5618 594 5679 orationis
616 5620 784 5676 docet
806 5618 997 5672 series.

283 5696 311 5734 1)
340 5697 579 5752 Saltatio
607 5695 752 5748 inter
784 5700 935 5745 actus
967 5688 1244 5760 religionis
1273 5687 1454 5744 habita
1479 5697 1564 5744 est
1601 5701 1706 5743 nOu
1732 5701 1824 5742 so-

209 5767 322 5823 qur
346 5770 491 5839 apud
523 5766 815 5839 Hebraeos,
839 5777 1024 5839 verunt
1056 5763 1217 5839 etiam
1243 5760 1664 5839 apudgentiles.
1691 5760 1827 5839 l_I_inc

214 5831 404 5897 Roma}
426 5839 564 5897 Salii
590 5835 914 5892 sacerdotes
941 5833 1124 5888 Martis
1177 5843 1338 5901 atque
1368 5833 1634 5888 llerculis.
1694 5831 1830 5886 Hinc

212 5914 364 5968 varia
394 5911 761 5968 saltationum
789 5921 989 5975 genera
1019 5905 1070 5961 in
1095 5905 1357 5960 honorem
1405 5907 1628 5959 deorum
1677 5904 1831 5958 insti-

217 5994 328 6043 tuta
355 6001 370 6054 ;
410 5984 482 6043 de
511 5983 714 6056 quibus
749 5977 1015 6033 Lucianus
1044 5978 1097 6033 in
1129 5977 1223 6034 lib.
1246 5980 1365 6054 περί
1393 5977 1700 6053 ὀρχήσιως;
1732 5989 1832 6032 nec

678 6077 960 6138 Psrnon.
1013 6072 1154 6134 XV.

1928 4840 2084 4894 tionis
2114 4854 2239 4894 mea:
2268 4837 2443 4911 (Psal.
2477 4855 2704 4907 xxxvm,
2737 4843 2858 4912 I5).
2901 4843 3168 4906 Convenit
3195 4854 3326 4922 sibi;
3359 4860 3529 4930 siqui-

1927 4931 2052 4987 dem
2075 4940 2128 4986 et
2153 4930 2282 4986 alibi
2306 4930 2414 4987 ait:
2444 4932 2655 4988 Advena
2681 4952 2798 4989 sum
2819 4953 2912 5008 ego
2939 4941 2991 4994 in
3017 4950 3155 4998 terra
3175 4945 3272 5000 hac
3301 4948 3524 5023 (Ep/res.

1928 5041 1988 5089 ιι,
2021 5024 2134 5095 I9).
2169 5024 2321 5080 Unde
2341 5034 2398 5081 et
2422 5025 2719 5098 Apostolus
2739 5046 2846 5087 non
2869 5034 2978 5088 vult
3010 5050 3106 5090 nos
3137 5038 3187 5091 in
3214 5039 3377 5098 domo
3403 5045 3524 5116 Dei,

1927 5117 2164 5189 ﬁdeique
2192 5120 2480 5176 vocatione
2515 5120 2580 5176 ad
2593 5121 2758 5178 venas
2797 5140 2919 5181 esse
2949 5135 3004 5182 et
3039 5133 3360 5202 peregrinos
3387 5155 3401 5192 :
3431 5141 3528 5197 sed

1927 5271 2034 5312 non
2063 5255 2117 5310 in
2140 5254 2286 5311 libro
2309 5257 2373 5310 de
2398 5256 2677 5311 Orchestra
2701 5259 2816 5316 l'nse
2837 5260 3127 5320 Meursius.

2003 5339 2024 5367 ο
2052 5328 2180 5418 Era.
2205 5339 2259 5382 et
2269 5344 2400 5418 seq.
2424 5329 2558 5410 edit.
2594 5333 2644 5382 in
2673 5347 2869 5414 marg”
2897 5335 2945 5386 in
2969 5339 3176 5407 organis
3199 5345 3526 5418 ἡμοσμὲνοις.

1927 5399 2151 5454 Amerh.
2185 5411 2239 5453 et
2269 5397 2394 5455 ϐίη.
2426 5398 2478 5453 in
2503 5416 2686 5479 corp.)
2717 5397 3523 5479 iri—organis-crimina—siam;:

1929 5486 2397 5565 nraguonuntero,
2431 5474 2716 5528 armizatis.
2749 5475 2967 5546 Optime
2991 5487 3231 5539 omnium
3288 5474 3498 5565 Meurig:

1929 5539 2288 5597 arnionizatis.
2801 5539 2813 5546 ’
2919 5593 2921 5596 ι
3289 5539 3498 5565 “’⁷“”⁰’
3513 5539 3526 5562 ’

2003 5611 2031 5650 ὰ
2073 5613 2425 5704 “tum”,
2457 5616 2548 5704 ad“
2572 5615 2797 5704 lIIechtol
2824 5635 2842 5686 ;
2870 5619 3122 5704 “saltabo
3157 5627 3215 5704 its
3245 5646 3530 5704 conspectu

1936 5686 2166 5767 Domini.
2217 5685 2286 5767 Et
2313 5703 2326 5739 :
2354 5683 2691 5767 Benedictus,
2714 5683 2830 5744 etc.
2867 5691 3078 5767 Habent
3130 5683 3530 5767 quidemvlsii

1930 5760 2158 5842 verbum
2224 5759 2527 5840 ὀρχήσομαι
2550 5775 2565 5825 ;
2589 5759 2837 5842 fed-cum
2870 5766 3026 5842 apud
3061 5759 3530 5836 Anthr-miuniiiéé

1933 5831 1990 5914 in
2020 5846 2150 5914 mss:
2187 5831 2286 5886 nec
2309 5836 2360 5885 in
2392 5831 2505 5914 aut.
2536 5831 2666 5887 edit.
2696 5831 3032 5914 inveniatur,
3090 5845 3383 5902 verisimile
3425 5831 3531 5914 est,

1933 5902 2166 6031 itl‘lusdseab
2197 5903 2492 5974 exemplari
2536 5918 2644 5974 quo
2696 5903 2788 5958 Vir
2837 5902 3057 5964 sanctus
3105 5928 3233 5968 usus
3285 5929 3388 5986 ρει,
3432 5902 3540 5979 ab:

2001 5991 2020 6030 ι
2121 6015 2133 6030 .

2001 5991 2111 6030 1558
2121 6015 2133 6030 .

2949 6070 2986 6131 ιι
