4070 6474
571 352 710 425 ηθι

1918 340 2168 415 MNCTI
2202 342 2527 417 M8303"

569 471 719 526 cives
740 472 1054 533 sanctorum
1081 471 1138 519 et
1168 460 1494 521 domesticos
1521 458 1638 517 Dei.
1671 457 1771 529 Qui
1802 458 1947 516 enim
1974 459 2166 517 dome-
2195 472 2245 539 Α
2274 464 2421 521 illam
2450 464 2736 538 caliginem
2769 468 2943 523 noctis
2970 481 3077 524 non
3107 469 3443 541 opertorium
3465 511 3479 537 ,
3513 470 3612 528 sed
3645 472 3906 528 incenti-

569 560 739 616 sticns
765 556 862 612 Dei
903 564 1008 624 est,
1047 555 1206 627 exsul
1237 563 1321 610 est
1350 554 1588 611 mundo:
1618 554 1710 623 qui
1735 562 2089 611 conversatur
2116 557 2172 609 in

569 651 926 717 coelestibus,
978 647 1298 723 peregrinus
1347 656 1430 705 est
1469 646 1649 707 terris.
1684 645 2175 718 Peregrinnbantur

571 744 626 800 in
669 743 773 800 hoc
812 740 1014 798 tnundo
1055 740 1305 809 Hebraei,
1350 750 1600 797 naturam
1631 739 1864 796 incendii
1901 755 2009 797 non
2049 755 2177 801 sen-

575 839 808 899 tientes:
838 835 1135 909 cantabiles
1162 834 1435 905 habebant
1461 834 1878 905 iustiﬁcationes
1904 834 2021 901 Dei,
2050 849 2175 893 cum

573 934 831 1005 hymnum
860 930 972 989 Deo
995 930 1062 999 de
1092 939 1468 1001 creaturarum
1496 928 1805 995 laudatione
1834 936 2135 993 cantarent.

641 1030 734 1097 29.
775 1027 981 1099 Deinde
1006 1028 1098 1099 qui
1130 1035 1348 1094 cantat,
1378 1042 1580 1087 vacuus
1608 1036 1722 1093 est,
1756 1035 1811 1082 et
1836 1027 2177 1091 diversarum

569 1121 957 1205 cogitationum
979 1134 1142 1178 curas
1164 1120 1393 1191 relegat,
1425 1129 1733 1191 sequestrat
1765 1120 2079 1188 avaritiam,
2119 1128 2177 1178 et

569 1231 683 1275 non
710 1216 885 1275 solum
916 1214 1166 1286 corporis
1205 1228 1371 1279 voce,
1404 1214 1502 1271 sed
1543 1215 1709 1271 etiam
1748 1216 1947 1273 mentis
1973 1216 2179 1273 vivaci-

566 1316 679 1369 tate
708 1322 768 1366 se
810 1307 1033 1365 mulcet.
1064 1305 1183 1371 Non
1224 1306 1371 1365 enim
1401 1316 1674 1378 tamquam
1712 1317 1941 1371 incestus
1980 1310 2178 1379 inopiae

565 1402 935 1458 sollicitudine
954 1443 968 1469 ,
998 1400 1094 1457 sed
1128 1408 1404 1475 tamquam
1435 1403 1572 1467 liber
1597 1404 1666 1459 ab
1705 1405 1956 1469 omnibus
1982 1419 2176 1475 corpo-

565 1496 763 1550 ralium
788 1494 1077 1553 aﬂ‘ectibus
1101 1497 1411 1566 passionum
1440 1496 1670 1559 canebat
1702 1498 1842 1553 idem
1869 1498 2173 1569 Propheta:

567 1588 809 1655 Psallam
840 1589 950 1658 tibi,
989 1587 1145 1653 Deus,
1176 1590 1230 1649 in
1259 1589 1481 1651 cithara,
1515 1600 1725 1661 sanctus
1747 1590 1940 1651 Isrttel.
1970 1589 2181 1651 Gaude:

569 1683 695 1749 bunt
725 1683 862 1749 labia
900 1700 1013 1739 utea
1036 1725 1052 1751 ,
1094 1699 1213 1739 cum
1242 1694 1516 1741 cantavero
1558 1684 1649 1751 tibi
1675 1701 1695 1741 :
1741 1696 1793 1755 et
1826 1687 2002 1743 anima
2029 1702 2173 1754 mea,

570 1793 726 1853 quam
751 1777 1017 1847 redetttisti
1041 1776 1217 1849 (Psal.
1248 1793 1370 1847 ιη,
1399 1777 1473 1847 22
1493 1787 1539 1839 et
1563 1777 1681 1851 25).
1735 1780 2004 1837 Cantabat
2057 1779 2179 1837 haec

2277 573 2401 614 vum
2429 574 2550 615 esse
2580 559 2783 630 peccati
2803 560 2841 615 l-
2868 559 3002 617 Cum
3030 577 3225 619 somno
3249 571 3308 620 et
3348 562 3476 619 cibo
3518 563 3740 621 fervent
3767 580 3904 621 cor-

2275 666 2429 722 pora,
2457 663 2583 709 tunc
2602 655 2767 709 etiam
2789 654 2947 724 vigor
2964 656 3165 712 mentis
3184 671 3384 726 sopore
3410 656 3653 725 laxatur,
3686 673 3902 716 sorr-no

2274 745 2613 806 resolvitur:
2662 756 2788 802 tunc
2836 749 3026 819 irrepit
3067 749 3269 820 impuri
3312 749 3481 805 libido
3507 752 3898 810 concubitus:

2278 845 2304 874 ⁸
2327 846 2454 894 tunc
2485 839 2831 908 perturbatur
2859 855 2986 907 cor,
3020 842 3240 913 squalor
3268 842 3627 898 immunditim
3658 857 3779 899 non
3815 844 3900 900 vi-

2275 928 2463 995 detur,
2487 931 2755 991 castitatis
2781 933 2991 1004 paritas
3016 948 3124 991 non
3153 934 3573 1002 consideratur,
3602 935 3898 1005 pudicitia

2273 1022 2446 1092 gloria
2473 1038 2581 1081 non
2622 1034 2960 1082 recensetur.
3008 1024 3130 1082 Nox
3155 1036 3277 1084 erat
3304 1025 3524 1099 quando
3547 1026 3731 1085 ludas
3762 1044 3901 1100 pro-

2276 1113 2434 1180 didit,
2461 1115 2677 1185 quando
2706 1116 2899 1173 Petrus
2922 1118 3157 1190 negavit.

2350 1208 2439 1268 52.
2485 1208 2582 1267 illo
2631 1210 2795 1282 igitur
2842 1212 3115 1283 praecipue
3165 1220 3412 1283 tempore
3456 1212 3898 1285 iustiﬁcationes

2279 1303 2375 1363 Dei
2404 1306 2588 1361 animo
2615 1305 2928 1362 retexenda;
2952 1316 3098 1369 sunt.
3133 1306 3421 1376 relegenda
3447 1306 3709 1362 mandata
3757 1309 3895 1362 bore

2278 1398 2496 1452 tatoria.
2542 1397 2636 1453 Illa
2669 1398 2736 1453 de
2765 1397 3014 1455 castitate
3056 1408 3327 1471 praecepta
3365 1414 3471 1455 non
3520 1398 3756 1455 absint:
3807 1398 3897 1455 bis

2278 1497 2540 1559 occupata
2570 1504 2725 1549 tuens
2764 1488 3104 1560 ﬂagrantiam
3140 1489 3409 1553 libidinis,
3458 1492 3646 1551 carnis
3686 1492 3893 1547 restin-

2278 1590 2410 1651 guat
2431 1583 2705 1639 ardorem.
2739 1581 2889 1641 Tene
2917 1582 3052 1640 illud
3092 1584 3315 1637 animo:
3347 1581 3556 1638 Lanato
3586 1600 3682 1653 per
3707 1586 3896 1655 singu-

2283 1675 2361 1732 las
2388 1684 2563 1733 noctes
2592 1677 2781 1733 lectum
2812 1693 2980 1735 meum
3010 1676 3186 1749 (Psal.
3216 1693 3289 1744 vt,
3319 1678 3401 1748 7).
3430 1678 3564 1746 Quis
3592 1679 3751 1734 enim
3778 1688 3893 1733 stu~

2283 1772 2396 1840 pris
2425 1770 2669 1836 deditus.
2711 1772 2930 1841 ﬂagitiis
2981 1773 3284 1839 involutus,
3317 1772 3464 1827 lavat
3509 1787 3609 1843 per
3639 1772 3894 1842 singulas

570 1868 728 1922 laetus
749 1909 764 1933 ,
815 1875 1088 1938 tamquam
1134 1867 1222 1924 his
1266 1868 1581 1935 melioribus
1619 1871 1795 1940 epulis
1841 1880 2173 1942 pasceretur.
2207 1864 2257 1929 B
2281 1876 2470 1922 noctes
2499 1866 2700 1923 lectum
2722 1866 2924 1923 suum?
2949 1866 3127 1923 Nescit
3154 1866 3285 1923 nere
3309 1867 3401 1938 qui
3426 1867 3605 1922 ﬂenda
3634 1868 3892 1922 commit-

569 1960 909 2034 Epulahatur
947 1961 1092 2017 enim
1133 1962 1348 2021 animus
1395 1963 1499 2032 pia:
1543 1964 1854 2033 devotionis
1892 1964 2173 2029 alimento.

569 2044 688 2108 Non
719 2052 897 2107 solum
931 2053 1110 2122 itaque
1141 2054 1325 2126 hymni
1357 2062 1415 2111 et
1451 2056 1668 2125 psalmi,
1693 2057 1793 2119 sed
1822 2057 1985 2119 etiam
2017 2057 2180 2129 Legis

569 2157 844 2219 praecepta
885 2146 1180 2204 cantabilia
1224 2151 1427 2207 sanctis
1469 2159 1615 2215 sunt.
1647 2150 1896 2223 Denique
1924 2150 2181 2209 cantabat

566 2230 783 2315 Moyses
806 2242 897 2313 qui
927 2241 1128 2314 Legem
1156 2244 1386 2315 accepit,
1428 2259 1549 2304 cum
1575 2253 2002 2317 przutergressus
2026 2244 2179 2316 pcdi-

566 2338 671 2395 bus
703 2326 875 2400 mare,
909 2337 1109 2399 servati
1155 2338 1340 2410 μοι)ιηί
1382 2336 1576 2396 ductor
1614 2338 2037 2419 iustiﬁcationes
2066 2339 2174 2397 Do-

572 2431 705 2486 mini
739 2427 1082 2500 praedicaret.

638 2525 731 2583 30.
762 2523 943 2596 (Vers.
974 2521 1093 2595 55.)
1139 2523 1404 2595 Superest
1431 2524 1611 2589 adhuc
1650 2525 1989 2598 propositum
2015 2541 2177 2597 egre-.-

567 2620 721 2692 gium
750 2619 855 2677 viri
880 2619 1046 2689 justi,
1072 2620 1195 2692 quia
1224 2620 1373 2677 omni
1406 2629 1653 2699 tempore
1679 2623 1824 2693 circa
1852 2622 1949 2681 Dei
1990 2622 2180 2685 laudes

562 2730 686 2774 esse
712 2714 877 2772 debet
908 2716 1171 2789 intentus,
1207 2731 1314 2777 non
1337 2716 1514 2773 solum
1537 2716 1645 2787 die,
1671 2716 1767 2785 sed
1796 2717 1961 2775 etiam
1991 2729 2174 2777 noete.

564 2808 800 2882 ideoque
825 2808 1031 2865 addidit
1062 2826 1077 2881 ε
1127 2807 1331 2883 Memor
1360 2809 1437 2882 [ui
1479 2820 1628 2869 nocte
1657 2811 1881 2875 nominis
1920 2810 2028 2877 tui,
2069 2807 2179 2869 Do,-

566 2904 726 2969 mine,
772 2911 821 2958 et
863 2901 1117 2958 custodiri
1166 2902 1328 2974 legem
1372 2912 1535 2967 tuam.
1587 2903 1883 2973 Videamus
1926 2905 1973 2962 si
2001 2911 2061 2961 et
2088 2903 2183 2961 ille

567 3010 781 3050 memor
806 3005 913 3061 est,
943 2995 1035 3067 qui
1064 3005 1224 3050 vocat
1252 2995 1543 3055 Dominum
1576 2999 1770 3064 verbo,
1808 3014 1914 3059 non
1942 2997 2182 3055 custodit

569 3098 750 3142 autem
785 3086 1035 3142 mandata
1066 3086 1269 3144 divina.
1298 3088 1373 3153 De
1395 3105 1504 3158 quo
1532 3088 1742 3147 dictum
1760 3098 1847 3145 est
1875 3090 2029 3151 satis.
2054 3088 2178 3159 quia

568 3194 679 3236 non
725 3181 1050 3253 quicumque
1098 3179 1231 3234 dicit
1265 3197 1279 3234 :
1327 3179 1591 3251 Domine,
1626 3182 1852 3238 Domine
1875 3225 1889 3245 .
1922 3190 2178 3251 acceptus

2283 1960 2374 2025 tit;
2416 1967 2472 2017 et
2500 1975 2622 2017 cum
2646 1964 2716 2016 sit
2744 1960 2862 2030 ipse
2887 1960 3288 2031 lacrymahilis,
3313 1960 3344 2001 δ
3373 1977 3481 2016 non
3513 1960 3683 2017 liabet
3715 1975 3890 2029 omne

2283 2052 2553 2125 lacrymas
2579 2068 2714 2109 suae.
2756 2052 2828 2111 At
2867 2054 2965 2110 ille
3004 2054 3096 2124 qui
3125 2056 3353 2124 castigat
3377 2070 3575 2124 corpus
3602 2070 3771 2111 suum
3791 2096 3808 2119 ,
3837 2063 3891 2111 et

2281 2147 2366 2201 sui
2409 2146 2678 2203 sollicitus
2712 2147 3044 2219 gubernator
3069 2158 3188 2213 est,
3236 2159 3402 2220 atque
3429 2148 3800 2219 ingemiscens
3836 2157 3889 2203 et

2281 2238 2473 2295 dolens
2522 2239 2709 2311 lapsus
2752 2240 3054 2311 superioris
3096 2240 3318 2299 uﬂ'ensa:
3361 2242 3557 2312 quaerit
3608 2243 3886 2313 quomodo

2281 2332 2468 2390 abluat
2495 2349 2615 2389 eam
2643 2332 2861 2393 ﬂetibus
2890 2336 3247 2405 pmttitentite,
3280 2335 3370 2391 hic
3394 2334 3541 2390 lavat
3564 2349 3665 2405 per
3705 2336 3887 2406 singuc

2282 2426 2365 2482 las
2389 2433 2580 2483 noctes
2611 2427 2813 2491 lectum
2851 2441 3032 2485 suum.
3063 2426 3182 2487 Non
3216 2426 3554 2482 dormiamus
3587 2442 3726 2499 ergo
3766 2427 3885 2482 totis

2281 2520 2578 2579 noctibus:
2623 2520 2722 2579 sed
2760 2522 3054 2578 maximam
3096 2532 3307 2592 partem
3350 2535 3541 2577 earum
3584 2520 3807 2577 lectioni
3833 2526 3886 2576 et

2282 2616 2623 2675 orationibus
2648 2615 2994 2687 deputemus.

2353 2709 2447 2771 35s
2488 2707 2626 2767 Audi
2657 2707 2923 2766 Ecclesia:
2950 2722 3141 2767 vocem
3165 2706 3457 2778 quaerentis
3496 2707 3664 2764 etiam
3694 2705 3751 2761 in
3792 2721 3883 2761 uo-

2286 2801 2471 2857 ctibus
2496 2799 2796 2857 Christum.
2830 2800 2899 2855 In
2927 2799 3083 2857 cubiti
3106 2840 3121 2866 ,
3150 2800 3355 2870 inquit,
3384 2814 3534 2864 meo,
3565 2798 3623 2865 in
3656 2797 3883 2853 noctibus

2282 2895 2495 2966 «μεθείω
2531 2910 2681 2965 quem
2713 2892 2896 2949 dilexit
2925 2894 3102 2949 anima
3128 2908 3243 2949 mea
3270 2889 3443 2960 (Cant.
3473 2906 3555 2955 tu,
3581 2889 3663 2963 1).
3687 2889 3882 2961 Accipe

2283 2989 2581 3049 secundum
2619 2989 2878 3045 litteram.
2924 2988 3186 3058 Quaesivit
3230 2987 3285 3043 in
3335 2988 3591 3042 noctibus
3638 2986 3876 3051 orando,

2284 3083 2660 3154 deprecando,
2707 3084 2873 3145 etiam
2924 3083 3181 3155 lacrymis
3224 3080 3583 3152 deplorando.
3630 3080 3883 3148 Quasivit

2286 3177 2344 3232 in
2372 3178 2650 3244 noctibus;
2682 3178 2810 3248 quia
2839 3178 3022 3248 posuit
3052 3177 3307 3234 tenebras
3351 3176 3639 3233 latibulum
3690 3190 3877 3240 suum;

570 3283 656 3328 est
688 3272 905 3327 Christo
931 3290 944 3327 :
993 3271 1091 3333 sed
1122 3273 1210 3344 qui
1259 3274 1515 3342 operibus
1561 3274 1720 3333 bonis
1769 3274 1986 3339 ﬁdelem
2018 3289 2177 3331 suum
2201 3260 2250 3323 C
2283 3277 2346 3343 ut
2370 3284 2617 3343 qumrcre
2640 3285 2764 3326 eum
2794 3270 3081 3329 sollicitius
3106 3270 3461 3333 disceremus.
3491 3268 3755 3338 Quaesivit
3782 3267 3879 3339 igi-

569 3365 803 3435 probare
853 3366 1088 3433 potuerit
1136 3364 1392 3425 allectum
1445 3366 1681 3441 (Matth.
1713 3384 1810 3435 vn,
1841 3366 1975 3439 21).
2016 3366 2182 3425 Fides

572 3470 739 3527 ergo,
772 3456 1045 3525 probitas,
1073 3456 1382 3531 innocentia
1413 3474 1711 3517 memorem
1742 3460 1993 3531 probant.
2026 3460 2182 3529 Quod

570 3561 755 3605 autem
782 3550 892 3604 ait:
926 3549 1123 3604 Memor
1156 3551 1234 3623 [ui
1255 3552 1481 3606 nominis
1509 3553 1603 3618 tui,
1631 3553 1788 3624 plena
1817 3552 2040 3611 devotio
2061 3563 2179 3621 est;

571 3641 697 3714 quia
741 3658 900 3698 nemo
930 3641 1062 3700 dicit
1108 3642 1396 3701 Dominum
1446 3645 1668 3712 Jesum,
1723 3647 1827 3703 nisi
1873 3651 1929 3703 in
1975 3646 2184 3718 Spiritu

573 3745 786 3792 sancto.
836 3735 948 3791 Hoc
987 3752 1185 3793 nomen
1231 3737 1515 3793 invncetnr
1555 3737 1750 3807 diebus
1791 3754 1855 3796 ac
1902 3740 2181 3808 noctibus,

576 3829 782 3884 nullum
807 3836 1021 3901 tempus
1045 3829 1306 3901 precandi
1326 3845 1557 3901 vacuum
1583 3832 1728 3890 sinat
1754 3842 1940 3903 sancta
1963 3833 2183 3897 devotio

576 3924 881 3994 praeterire.

644 4016 737 4073 5|.
777 4015 835 4073 Si
865 4015 1144 4075 studentes
1176 4016 1340 4097 igitur
1368 4017 1633 4093 doctrinis
1661 4018 2017 4089 saacularihus
2056 4035 2181 4091 per—

570 4123 763 4182 parum
806 4124 1000 4166 somno
1052 4110 1367 4193 indulgent,
1415 4122 1622 4187 quanto
1667 4113 1837 4185 magis
1886 4114 1975 4185 qui
2007 4112 2181 4181 Deum

567 4204 798 4274 cupiunt
825 4218 1181 4274 cognoscere,
1221 4221 1326 4261 non
1353 4207 1558 4261 debent
1580 4222 1774 4264 somno
1805 4208 2055 4277 corporis
2081 4209 2182 4265 im-

516 4300 517 4303 “
569 4295 780 4369 pediri,
828 4295 934 4353 nisi
981 4307 1241 4368 quantum
1292 4305 1502 4354 natura:
1554 4302 1686 4355 satis
1716 4300 1837 4361 cst?
1883 4300 2051 4363 David
2085 4316 2181 4371 per

569 4390 815 4459 singulas
871 4401 1061 4444 noctes
1127 4390 1327 4444 lectum
1380 4405 1536 4444 suum
1597 4389 1856 4461 lacrymis
1900 4390 2179 4447 dilucbat:

569 4480 825 4550 surgebat
850 4483 1013 4536 etiam
1040 4482 1217 4537 noctis
1236 4482 1439 4551 medio,
1467 4498 1523 4536 ιιι
1542 4483 1776 4538 Domino
1797 4483 2178 4555 conﬁteretur:

571 4581 629 4629 et
675 4586 728 4629 tu
769 4582 934 4629 totam
980 4588 1196 4632 noctem
1227 4575 1415 4651 sopori
1461 4579 1745 4649 existimas
1778 4579 2183 4653 deputandam?

2284 3373 2371 3425 tur
2401 3366 2454 3420 in
2483 3364 2762 3436 prophetis
2793 3365 3039 3427 Ecclesia
3070 3381 3139 3422 es
3167 3365 3430 3437 gentibus
3456 3371 3805 3435 congregata,
3832 3372 3881 3417 et

2285 3460 2411 3519 ideo
2435 3459 2689 3518 credidit.
2725 3460 2969 3531 Denique
2992 3460 3261 3517 adventus
3282 3457 3549 3514 Dominici
3583 3456 3879 3519 testimonia

2285 3552 2355 3608 de
2402 3552 2685 3624 prophetis
2736 3562 2761 3593 ⁸
2810 3553 3162 3625 evangelista:
3205 3551 3517 3621 Paulusque
3569 3557 3878 3621 pasuerunt.

2288 3644 2445 3703 Unde
2470 3646 2735 3715 scriptum
2761 3653 2875 3711 est,
2909 3647 3035 3716 quia
3075 3660 3181 3701 nos
3207 3645 3351 3700 nocti
3389 3644 3589 3699 indicat
3625 3643 3883 3698 scientiam

2287 3732 2648 3813 (Psatfxvut,
2677 3742 2756 3811 5).
2784 3740 3050 3809 Quaesivit
3079 3741 3132 3795 in
3166 3740 3441 3804 noctibus,
3469 3739 3523 3794 in
3554 3737 3879 3808 persecutio-

2287 3834 2450 3895 nibus
2492 3844 2548 3893 et
2592 3834 2868 3901 adversis,
2920 3833 2976 3890 in
3026 3832 3469 3890 tribulationibus
3510 3841 3567 3887 et
3613 3829 3880 3888 laboribus

2287 3926 2461 3983 duris.
2486 3924 2602 3987 Nos
2624 3935 2709 3983 est
2734 3926 2991 3985 omnibus
3010 3927 3206 3996 quibus
3227 3943 3335 3982 non
3352 3933 3438 3983 est
3471 3922 3713 3995 perfecta
3736 3939 3881 3979 secu-

2290 4022 2454 4088 ritas;
2487 4020 2628 4079 unde
2656 4020 2735 4077 ait
2774 4020 3079 4077 Dominus:
3122 4019 3293 4076 Veniet
3334 4034 3470 4086 nox,
3499 4017 3708 4089 quando
3745 4033 3881 4073 uento

2289 4125 2458 4187 potest
2482 4114 2686 4187 θρεπτινὶ
2712 4112 2892 4185 (Joau.
2926 4130 3003 4181 ις,
3038 4111 3127 4184 4);
3152 4129 3277 4169 cum
3308 4112 3362 4169 in
3397 4114 3500 4169 hoc
3521 4111 3725 4168 mundo
3744 4128 3875 4178 sum,

2288 4210 2380 4266 lux
2413 4209 2572 4280 hujus
2602 4208 2788 4267 mundi
2819 4223 2962 4267 sum.
3008 4206 3126 4264 Non
3155 4221 3289 4278 ergo
3317 4221 3608 4278 operemur
3648 4206 3707 4262 in
3741 4214 3878 4262 tene-

2290 4300 2424 4361 bris.
2461 4301 2517 4357 Si
2548 4301 2692 4357 enim
2722 4300 2906 4361 lucent
2935 4316 3103 4371 Opera
3133 4311 3352 4364 nostra,
3378 4314 3491 4356 non
3520 4314 3805 4370 operamur
3829 4301 3878 4354 in

2290 4396 2557 4461 tenebris,
2587 4395 2683 4452 sed
2711 4394 2775 4453 in
2801 4395 3021 4453 lumine.
3059 4396 3183 4452 Dies
3215 4404 3295 4451 cst
3336 4395 3539 4466 quibus
3560 4395 3715 4452 adest
3732 4392 3877 4450 Chri-

2289 4498 2448 4545 stus:
2479 4505 2588 4549 uox
2616 4498 2703 4545 est
2728 4491 2924 4560 quibus
2948 4505 3008 4546 se
3035 4489 3285 4560 denegat.
3753 4531 3757 4534 μ

2363 4581 2455 4639 54.
2504 4581 2620 4638 Neu
2669 4597 2923 4652 magnum
2966 4598 3101 4653 ergo.
3146 4582 3195 4639 si
3243 4591 3372 4639 tunc
3413 4581 3647 4637 Domino
3691 4580 3876 4651 gratias

572 4666 727 4723 Tunc
757 4668 927 4737 magis
956 4666 1052 4721 tibi
1084 4668 1321 4741 orandus
1343 4676 1427 4729 est
1461 4672 1739 4743 Dominus,
1778 4682 1906 4741 tunc
1930 4674 2180 4747 praesidia
2211 4656 2267 4718 Ῑ)
2291 4690 2444 4746 agas,
2490 4672 2708 4743 quando
2751 4675 2806 4728 in
2840 4674 3117 4743 prOSperis
3158 4683 3217 4732 et
3261 4674 3517 4731 secundis
3563 4689 3625 4730 es
3660 4690 3675 4728 :
3716 4674 3806 4727 sed
3832 4669 3875 4726 si

571 4762 931 4832 postulanda,
964 4761 1120 4833 culpa
1167 4764 1440 4836 cavenda,
1485 4768 1704 4840 quando
1750 4768 1960 4841 videtur
1988 4768 2181 4837 haberi

571 4864 844 4911 secretum
878 4870 893 4907 :
924 4867 1051 4909 tunc
1093 4857 1327 4923 maxime
1356 4861 1572 4928 quando
1601 4862 1837 4929 tenebrae
1866 4862 1924 4935 in
1947 4865 2183 4929 circuitu

572 4962 716 5005 meo.
746 4957 801 5001 et
844 4948 1083 5017 parit-tes
1126 4962 1211 5005 nte
1239 4950 1491 5014 operiunt
1514 4992 1529 5017 ,
1557 4953 2013 5029 coitsiderandnm
2051 4956 2179 5028 quia

572 5040 837 5097 Dominus
862 5041 1041 5094 omnia
1069 5039 1312 5096 intuetur
1333 5044 1673 5100 abscondita.
1696 5046 1772 5101 Ne
1792 5046 1995 5105 dixeris
2014 5065 2177 5121 ergo:

567 5131 943 5188 Circumfusns
968 5149 1086 5189 sum
1124 5135 1365 5190 tenebris
1386 5178 1401 5203 ,
1442 5137 1563 5206 quis
1593 5155 1679 5196 tne
1705 5140 1885 5196 videt?
1918 5143 1984 5197 Et
2011 5159 2173 5212 quem

578 5224 796 5300 1055
821 5242 1012 5283 vereor
1055 5239 1244 5299 septus
1288 5231 1589 5301 parietibus
1633 5243 1687 5289 ct
1734 5235 2013 5291 inclusus?
2039 5237 2180 5308 Quia

574 5317 767 5374 Vultus
791 5318 1001 5374 honuni
1027 5338 1182 5393 super
1206 5324 1452 5393 facientes
1473 5328 1613 5391 mala
1634 5325 1809 5398 (Paul.
1839 5346 2032 5397 χχχιιι,
2060 5332 2172 5400 17).

568 5411 777 5467 Deinde
820 5414 866 5467 si
909 5414 1177 5487 arbitrum
1208 5432 1319 5483 non,
1343 5418 1495 5475 vides
1516 5461 1531 5485 ,
1560 5429 1614 5475 te
1645 5422 1823 5492 ipsum
1848 5440 1956 5479 non
1984 5425 2183 5481 vides?

568 5502 701 5564 Tuae
748 5506 1099 5563 conscientiae
1145 5510 1513 5566 testimOnium
1553 5528 1661 5570 non
1706 5517 1954 5573 vereris?
1982 5517 2179 5579 Nescis

640 5680 666 5708 ει
701 5669 852 5747 liciis.
882 5676 989 5747 yet.
1017 5684 1082 5725 ac
1104 5685 1241 5747 mss.
1275 5671 1479 5742 aliquot
1505 5690 1520 5726 :
1551 5683 1672 5747 tune
1696 5676 2031 5747 perturbatur
2054 5695 2167 5747 cor,

560 5741 855 5823 squalorem
883 5742 1223 5823 immunditiis
1246 5741 1597 5823 nonseretur.
1629 5746 1783 5823 Alii:
1813 5762 1935 5805 tunc
1962 5741 2171 5823 ρει-ιιινέ

565 5812 718 5868 batur
752 5830 843 5870 cor
868 5814 1106 5885 squalore
1142 5816 1490 5873 immunditia:
1516 5835 1536 5873 :
1566 5836 1670 5875 non
1703 5821 1905 5877 videtur
1933 5812 2160 5880 c'astitas.

566 5884 720 5940 Rom.
753 5888 885 5943 edit.
910 5884 936 5941 ⁷.
966 5926 981 5940 .
1016 5924 1029 5940 .
1071 5926 1083 5941 .
1118 5887 1328 5957 squalor
1367 5890 1747 5950 immunditiam
1778 5910 1883 5951 non
1921 5907 2167 5967 veretur;

2294 4778 2424 4831 tunc
2447 4766 2732 4824 adbwreas
2774 4766 3024 4833 Christo,
3057 4767 3273 4837 quando
3316 4778 3369 4824 te
3400 4777 3719 4838 persecutor
3751 4783 3870 4823 exa-

2290 4863 2458 4935 gitat,
2494 4862 2728 4932 'quando
2777 4861 2957 4933 aliqua
3005 4862 3247 4933 procella
3297 4862 3596 4933 perturbat.
3649 4859 3875 4918 Amisisti

2293 4956 2465 5013 tilium
2486 4956 2508 5010 ?
2531 4955 2587 5012 In
2607 4955 2702 5012 illo
2723 4956 2932 5020 dolore,
2960 4955 3011 5010 in
3036 4955 3126 5012 illa
3149 4964 3330 5013 nocte.
3351 4958 3405 5010 in
3428 4956 3521 5012 illa
3540 4954 3877 5012 destitutione

2293 5061 2566 5106 memento
2600 5049 2810 5111 Domini
2858 5048 2956 5107 Dei
3002 5052 3108 5114 tui;
3142 5064 3211 5106 ne
3246 5050 3400 5119 quasi
3434 5064 3545 5105 non
3583 5047 3873 5117 esauditus,

2290 5144 2537 5216 ingratus
2566 5144 2663 5210 sis,
2696 5153 2751 5200 ct
2778 5147 2831 5199 in
2862 5154 2950 5198 tua
2984 5144 3360 5215 prtevariceris
3402 5159 3669 5199 aerumna.
3701 5142 3874 5201 Pulsus

2290 5255 2353 5296 es
2380 5242 2432 5295 in
2465 5239 2756 5297 exsilium?
2786 5239 3058 5296 Memento
3090 5238 3307 5295 Domini
3330 5237 3430 5294 Dei
3476 5238 3581 5307 uti;
3613 5254 3685 5296 ne
3705 5235 3879 5308 patriai

2292 5332 2599 5405 interdicta:
2628 5334 2758 5399 tibi,
2808 5332 3129 5389 charitalem
3182 5332 3293 5389 Deo
3322 5330 3604 5405 pra-feras.
3653 5330 3878 5401 Alicujus
3954 5336 3957 5339 '

2289 5427 2477 5484 divitis
2506 5442 2800 5499 oppressus
2840 5425 3080 5497 potentia
3111 5427 3343 5482 amisisti
3390 5426 3643 5498 proprias
3672 5425 3878 5480 laculla-

2290 5531 2406 5591 tes,
2440 5522 2648 5594 indiges
2679 5522 2937 5594 sumptu?
2980 5522 3256 5580 Memento
3284 5520 3502 5578 Domini
3532 5521 3631 5578 Dei
3676 5520 3779 5587 tui,
3813 5534 3878 5576 ne

2291 5683 2564 5740 castitatis.
2584 5689 2689 5741 etc.
2707 5680 2815 5739 Sed
2835 5682 3074 5738 omnium
3100 5682 3305 5752 Optime
3330 5680 3545 5752 Remig.
3568 5678 3695 5743 eod.
3724 5686 3773 5735 et
3790 5677 3873 5735 alii

2292 5753 2543 5827 nontmtli
2562 5795 2577 5817 ,
2612 5769 2749 5827 quos
2778 5755 2981 5827 idcirco
3021 5753 3111 5810 hic
3139 5754 3295 5823 sequi
3321 5754 3483 5827 nttbis
3509 5755 3689 5809 visunt
3716 5761 3805 5808 est.

2362 5822 2391 5863 ι’
2433 5823 2591 5898 Boni.
2619 5822 2750 5898 edit.
2770 5868 2783 5889 ,
2817 5842 2919 5882 non
2942 5825 3094 5882 habet
3114 5827 3281 5898 culpo:
3311 5824 3569 5898 lucrytuas
3593 5838 3722 5883 suat.

2367 5908 2389 5935 ε
2431 5894 2637 5975 omnes
2664 5895 2829 5973 εξαὶιἸ
2853 5898 3179 5973 euangelista:
3201 5894 3548 5969 'Psaltitisque
3589 5902 3869 5969 posuerunt.
