4070 6536
164 437 306 495 ηυξ,
1259 423 1325 481 IN
1366 416 1698 481 PSALMUM
1734 368 1952 476 cxvut
1992 418 2376 482 EXPOSITIO.
3323 427 3467 484 teat

164 565 275 607 nox
305 559 358 606 te
387 547 650 621 egestatis
692 544 924 600 abducat
968 555 999 597 a
1027 539 1334 596 devotionis
1381 537 1597 592 attactu.
1651 535 1762 590 Hoc
1789 533 1952 592 Aest
2007 537 2232 606 pallium
2307 531 2659 610 posteaquam
2733 538 2897 609 cmpit
2957 553 3078 596 esse
3150 540 3465 611 perfectior.

165 651 251 700 est
277 644 422 700 enim
448 640 757 697 mandatum
785 638 964 708 Legis,
986 645 1042 690 ut
1063 634 1116 690 in
1143 642 1302 688 nocte
1330 633 1499 700 magis
1519 642 1756 701 quaeras,
1935 628 2024 683 57.
2061 628 2252 701 (Vers.
2279 631 2396 702 56.)
2447 631 2629 686 Simus
2659 646 2788 702 ergo
2819 646 3091 688 memores
3118 632 3468 703 jnstilicatio-

169 738 386 809 quando
407 735 578 806 magis
607 732 818 806 1055
844 727 1153 787 exaudiaris
1175 742 1205 781 a
1227 724 1479 787 Domino,
1508 729 1565 778 et
1587 720 1760 792 possis
1863 737 1992 776 num
2023 723 2326 778 caelestium
2350 767 2366 794 ,
2416 734 2474 779 ut
2521 724 2649 780 dum
2691 740 2786 781 eas
2836 733 3047 782 secreta
3093 728 3291 781 mentis
3339 741 3474 782 voce

168 831 350 898 dicere
377 848 388 884 :
415 827 481 883 In
502 829 831 883 tribulatione
866 825 1092 880 invocavi
1113 819 1415 886 Dominum,
1434 829 1484 874 et
1503 815 1763 873 exaudivit
1865 825 2168 883 cantamus,
2204 833 2477 874 memores
2505 819 2676 874 simus
2707 819 2758 874 in
2786 828 2942 874 nocte
2973 819 3208 874 nominis
3235 819 3474 887 Domini,

167 943 246 981 me
275 927 331 980 in
358 924 632 980 latitudine
663 920 840 991 (Ptol.
869 934 1042 1003 cxvtt,
1074 918 1154 988 5).
1866 918 1922 967 et
1963 909 2238 977 dicamus,
2273 919 2330 965 ut
2375 911 2637 982 scriptum
2681 921 2765 968 est
2795 932 2808 966 :
2861 911 2988 967 Ha-c
3030 915 3168 984 facta
3197 923 3271 968 est
3314 912 3476 978 mihi;

237 1019 336 1074 55.
373 1017 483 1075 Sed
528 1030 630 1073 nec
677 1000 927 1086 quaerere
988 1009 1354 1081 perfunctorie
1402 1003 1646 1062 abundat
1697 1000 1766 1057 ad
1867 1003 2114 1073 quoniam
2149 1002 2554 1076 justiﬁcationes
2585 1014 2701 1058 tuas
2741 1006 3026 1076 exquisivi;
3073 1005 3176 1061 hoc
3207 1016 3326 1072 est,
3359 1004 3479 1059 hinc

170 1113 426 1184 gratiam,
453 1109 550 1165 sed
572 1120 630 1164 ιιι
656 1108 878 1165 insistas
905 1115 960 1162 et
985 1103 1234 1160 intendas
1261 1101 1492 1156 muneri.
1523 1097 1767 1168 Denique
1871 1096 2134 1151 memoria
2160 1095 2300 1152 facta
2335 1105 2418 1151 est
2447 1095 2602 1164 mihi,
2632 1106 2690 1151 ut
2718 1113 2927 1153 memor
2949 1114 3126 1154 essem
3155 1107 3210 1154 et
3241 1103 3293 1154 in
3321 1108 3482 1153 nocte

169 1207 276 1263 ista
313 1207 400 1261 vel
430 1204 671 1260 Ecclesia
700 1203 785 1258 vel
814 1203 1012 1267 anima,
1045 1215 1165 1266 qua:
1189 1196 1468 1269 requisivit
1497 1194 1552 1251 in
1580 1191 1768 1259 cubili,
1873 1189 2108 1246 nominis
2137 1189 2234 1255 tui,
2271 1206 2376 1247 non
2410 1190 2676 1246 ebrietate
2716 1191 2960 1260 sopitus,
2993 1209 3098 1246 non
3126 1191 3300 1262 epulis
3332 1205 3482 1246 reso-

172 1299 427 1372 quaesivit
473 1299 526 1352 in
562 1295 842 1360 noctibus,
876 1295 1050 1361 primo
1080 1306 1186 1346 non
1225 1290 1463 1353 invenit;
1511 1288 1632 1357 quia
1665 1285 1774 1341 for—
1875 1286 2018 1366 lotus
2047 1287 2100 1340 in
2128 1301 2377 1341 somnum
2401 1327 2416 1354 ,
2451 1301 2555 1340 non
2595 1285 2742 1340 curis
2775 1285 3122 1342 saecularibus
3148 1293 3481 1356 occupatus;

175 1401 322 1448 tasse
350 1391 404 1447 in
434 1390 598 1446 cubili
629 1389 878 1460 qutesivit
908 1385 1090 1458 (Cant.
1115 1401 1196 1449 ιιι.
1224 1383 1360 1455 2-4)
1389 1401 1399 1438 :
1433 1381 1528 1437 sed
1561 1392 1775 1452 postea-
1875 1387 1936 1434 ut
1964 1377 2163 1434 oblivia
2197 1379 2329 1434 mihi
2360 1390 2462 1434 tuac
2491 1378 2860 1434 venerationis
2887 1379 3195 1450 irreperent
3224 1398 3236 1433 :
3272 1380 3486 1454 1056

176 1501 338 1559 quam
371 1485 640 1552 surrexit,
671 1491 728 1539 et
762 1482 894 1538 abiit
923 1481 978 1537 in
1017 1480 1292 1537 civitatem
1327 1477 1482 1550 (vide
1514 1492 1580 1531 ne
1625 1474 1773 1530 illam
1876 1475 1974 1532 sed
2015 1475 2329 1546 quotidiana
2375 1475 2724 1531 meditatione
2771 1473 3013 1531 membra
3066 1475 3377 1542 castigans,
3431 1483 3489 1528 et

178 1581 457 1638 civitatem
507 1579 560 1634 in
611 1592 769 1650 quam
819 1576 1082 1631 Dominus
1129 1573 1501 1629 celebraturus
1554 1569 1774 1640 pascha,
1879 1568 2238 1624 intentionem
2297 1569 2496 1623 mentis
2549 1583 2850 1633 exercens,
2904 1576 2961 1621 ut
3015 1566 3334 1622 assiduitate
3393 1564 3493 1619 liat

181 1674 480 1746 discipulos
499 1671 794 1728 destinavit
820 1669 1008 1725 dicens
1030 1667 1248 1739 (Matth.
1274 1680 1428 1732 xxvi,
1456 1661 1544 1734 18)
1570 1659 1702 1718 :-Ite
1722 1662 1778 1714 in
1882 1663 2038 1718 nobis
2059 1679 2252 1718 cursus
2273 1662 2375 1718 iste
2394 1663 2688 1730 solemnis;
2718 1673 2775 1718 ut
2801 1661 3091 1718 Dominum
3113 1660 3141 1718 ,Ι
3151 1677 3301 1718 esum
3324 1660 3490 1717 etiam

182 1768 441 1824 ciuitatem
468 1765 535 1819 ad
574 1762 904 1834 quemdam),
940 1774 1291 1832 poSteaquam
1320 1758 1373 1812 in
1407 1755 1621 1821 fero,ut
1645 1753 1777 1820 dixi,
1881 1757 1936 1813 in
1969 1757 2222 1813 noctibus
2271 1770 2384 1814 tcto
2410 1775 2740 1815 veneremur
2768 1757 2995 1826 all'eCIu,
3037 1757 3124 1813 cui
3167 1764 3252 1814 est
3293 1757 3492 1828 gloria,

183 1861 450 1933 qumsivit,
478 1859 687 1914 invenit
711 1872 870 1929 quem
901 1855 1120 1921 dilexit,
1154 1851 1245 1909 ubi
1284 1851 1463 1908 oleum
1504 1847 1778 1913 venditur,
1883 1850 2025 1915 laus,
2050 1851 2384 1921 perpetuitas
2405 1865 2434 1905 a
2463 1850 2700 1915 sarculis,
2727 1861 2782 1907 et
2813 1867 2980 1921 nunc,
3005 1859 3062 1908 et
3085 1865 3326 1923 semper,
3355 1858 3411 1908 et
3439 1849 3494 1906 in

182 1953 324 2027 quod
342 1961 721 2026 eXSpectatttes
734 1953 1006 2020 Sponsum
1021 1940 1779 2012 emereconsuerunt(Mat¢h.
1812 1933 1864 2000 Β
1891 1945 2077 2000 omnia
2104 1944 2303 2003 saecula
2336 1945 2686 2003 smculorum.
2715 1947 2909 2003 Amen.

185 2064 319 2114 xxv,
343 2049 425 2147 ll),
454 2047 543 2103 ubi
566 2045 804 2147 Ajuspubi
826 2045 998 2147 leges.
1031 2043 1088 2100 Si
1114 2043 1201 2098 lex
1224 2041 1506 2147 spiritalis,
1531 2039 1784 2147 etlorum
2382 2087 2621 2145 suum
2657 2087 2982 2147 OCTAVUS

182 2151 268 2199 est
296 2143 483 2210 utique
500 2140 768 2212 spiritale,
789 2139 880 2194 ubi
903 2137 1179 2204 disputant
1207 2136 1364 2207 periti
1390 2135 1523 2206 legis
1544 2145 1782 2188 aeternae.
2382 2129 2618 2145 ""“""'
2660 2129 2839 2145 “¹“““
2861 2129 2876 2145 '
2895 2129 3004 2147 ‘“"

183 2232 341 2259 n..,..a
369 2231 543 2259 rm“...
575 2246 682 2259 ..λη
716 2229 897 2259 tua“...
923 2227 1312 2259 ...ωηιηιηεηηη
1339 2235 1418 2259 me
1468 2224 1562 2259 ηαδ
1588 2221 1788 2259 Ωιι-μίαιῖ
2533 2210 2595 2259 Π.
2639 2201 2796 2259 Hetlt.

2533 2210 2595 2259 Π.
2639 2210 2796 2259 Hem.

183 2232 342 2302 Quod
368 2231 544 2286 forum
575 2246 682 2285 non
716 2229 899 2286 litibus
923 2227 1314 2284 tumultuosum
1337 2235 1443 2294 est,
1467 2224 1563 2280 sed
1588 2221 1790 2279 Christi

185 2325 549 2381 tribunalibus
580 2323 900 2394 gloriosum.
951 2321 1052 2376 Ubi
1097 2319 1375 2391 quaesivit,
1422 2315 1686 2388 inquam?
1732 2313 1789 2369 in
1966 2320 2018 2376 1.
2061 2319 2259 2375 Octava
2287 2315 2462 2373 littera
2498 2316 2672 2384 Heth,
2704 2333 2824 2390 quae
2849 2317 3304 2388 interpretatione
3331 2316 3504 2373 latina

181 2418 345 2474 toro:
374 2426 430 2473 et
458 2427 578 2485 post
602 2415 852 2488 qttaesivit
879 2415 932 2468 in
959 2413 1177 2486 plateis
1209 2412 1276 2468 de
1303 2411 1500 2478 quibus
1529 2410 1583 2464 hi
1607 2408 1697 2479 ttui
1725 2407 1791 2463 ad
1893 2412 2094 2470 dicitur
2123 2429 2282 2483 pavor
2306 2431 2324 2468 .-
2355 2424 2669 2470 sanctorum
2706 2429 2873 2478 pavor
2912 2429 3034 2471 esse
3063 2414 3365 2470 consuevit.
3401 2415 3508 2472 De-

184 2509 602 2584 patrisl‘amilias
666 2509 978 2580 Evangelici
1055 2507 1338 2579 prandium
1393 2504 1789 2570 convenirent,
1896 2507 2058 2577 nique
2090 2522 2258 2575 pavor
2284 2507 2481 2562 Cecidit
2513 2505 2564 2561 in
2601 2506 2874 2563 Abraham
2917 2507 3072 2580 (Gen.
3102 2524 3201 2575 xv,
3240 2509 3352 2582 12),
3381 2525 3511 2565 cum

183 2604 584 2673 colligebantur
607 2644 622 2669 ,
651 2603 742 2673 qui
773 2603 952 2657 vocati
1001 2609 1369 2657 excusnuuum
1401 2615 1462 2654 se
1490 2599 1560 2652 ab
1611 2597 1797 2666 hujus-
1897 2600 2223 2655 sacriﬁcium
2270 2599 2490 2657 offerret
2534 2601 2751 2670 plenum
2799 2601 3044 2672 mysterii
3074 2602 3356 2672 spiritalis.
3387 2602 3512 2672 ipse

183 2696 333 2753 modi
357 2697 538 2766 epulis
561 2711 667 2752 non
693 2702 952 2764 putarunt
977 2693 1128 2764 (Luc.
1155 2691 1402 2764 mpii).
1438 2692 1797 2761 Posteaquam
1900 2708 2115 2762 quoque
2142 2692 2311 2747 David
2341 2693 2414 2745 ait
2447 2708 2460 2743 :
2507 2691 2622 2766 Ego
2654 2692 2765 2748 dixi
2810 2695 2864 2747 in
2909 2709 3099 2764 pavore
3137 2710 3294 2750 meo:
3331 2695 3515 2749 Omnis

181 2789 240 2846 in
269 2789 425 2855 foro,
469 2791 690 2858 inquam
714 2830 728 2855 ,
763 2798 817 2843 et
851 2789 1041 2857 plateis
1069 2786 1349 2858 quaesivit,
1382 2784 1574 2840 incidit
1605 2782 1658 2836 in
1706 2795 1801 2835 eos
1905 2786 2054 2839 homo
2099 2784 2322 2839 mendax
2359 2784 2376 2853 (
2394 2783 2544 2839 Psal.
2572 2801 2696 2854 cxv,
2723 2786 2802 2855 2).
2850 2785 3151 2856 Religionis
3179 2789 3320 2842 enim
3356 2802 3515 2843 reve-

178 2885 272 2956 qui
317 2883 673 2939 circumeunt
717 2883 991 2938 civitatem
1039 2881 1236 2951 (Cant.
1301 2897 1380 2941 tu,
1416 2879 1525 2948 5):
1576 2888 1630 2932 et
1677 2886 1805 2932 tunc
1906 2879 2136 2933 rentiam
2180 2878 2448 2947 signiﬁcat
2485 2878 2694 2945 magis,
2745 2894 2909 2948 quam
2956 2879 3326 2937 inﬁrmitatem
3358 2881 3518 2936 titno-

182 2979 408 3035 demum
463 2979 635 3047 potuit
678 2975 922 3032 invenire
967 2976 1110 3046 quod
1153 2974 1432 3042 qumsivit,
1477 2971 1710 3026 fortasse
1740 2984 1806 3023 eo
1909 2972 2018 3036 ris;
2059 2971 2188 3025 licet
2227 2971 2387 3026 etiam
2429 2971 2546 3042 ipse
2574 2973 2735 3026 timor
2763 2971 3060 3027 secundum
3092 2973 3262 3028 Deum
3296 2981 3521 3030 sanctus

195 3076 427 3149 quodin
455 3074 808 3129 tribulatione
854 3083 910 3129 et
937 3080 1080 3126 metu
1119 3073 1292 3140 posita
1347 3069 1518 3140 magis
1569 3067 1809 3123 inveniat
1909 3063 2018 3118 sit:
2052 3061 2270 3142 Initium
2312 3064 2455 3119 enim
2499 3064 2768 3132 sapientia:
2798 3064 2951 3119 timor
2974 3063 3188 3119 Domini
3220 3063 3399 3138 (Psal.
3425 3083 3518 3134 cx,

193 3169 453 3239 gratiam.
481 3166 722 3235 Denique
753 3165 806 3220 in
834 3164 1223 3231 posterioribus
1250 3164 1360 3217 ait:
1397 3160 1709 3215 Invenerunt
1733 3176 1810 3212 me
1914 3157 2014 3229 10)
2071 3157 2216 3227 Ergo
2244 3157 2332 3227 qui
2387 3159 2577 3212 timent
2627 3157 2823 3224 Deum,
2857 3159 3169 3230 sapientes:
3209 3161 3300 3230 qui
3337 3169 3520 3216 autem

193 3263 286 3334 qui
328 3263 653 3316 circumeunt
691 3261 949 3314 civitatem
985 3301 997 3313 .
1028 3300 1040 3313 .
1071 3299 1083 3311 .
1111 3299 1125 3313 .
1159 3257 1384 3312 tulerunt
1420 3256 1545 3310 mihi
1591 3256 1807 3326 pallium
1839 3318 1881 3334 Α
1912 3254 2205 3321 sapientes,
2236 3249 2418 3315 beati;
2451 3249 2644 3306 Beatus
2667 3252 2810 3306 enim
2837 3269 2986 3323 quem
3017 3264 3072 3308 tu
3102 3253 3379 3322 erudierit,
3414 3253 3525 3312 Do-

195 3318 377 3431 (Cant.
409 3371 464 3423 v,
492 3351 567 3427 7).
607 3352 801 3408 Habuit
832 3367 963 3420 ergo
991 3359 1266 3405 certamen
1292 3367 1304 3403 :
1339 3349 1433 3404 sed
1462 3363 1565 3418 qua
1599 3347 1806 3402 ratione
1836 3318 1883 3384 α
1916 3347 2083 3411 mine,
2117 3355 2165 3399 et
2195 3344 2258 3398 de
2298 3345 2408 3416 lege
2451 3353 2538 3398 tua
2568 3345 2810 3400 docueris
2840 3318 2956 3401 eum
2985 3344 3175 3414 (Paul.
3213 3318 3374 3413 scm,
3397 3347 3521 3419 12).

196 3463 366 3520 supra
417 3462 526 3501 non
569 3447 792 3501 tulerint
842 3443 1061 3515 pallium
1087 3485 1101 3509 ,
1150 3442 1330 3498 haereo
1377 3443 1651 3510 reperire;
1707 3441 1809 3494 nisi
1914 3438 1980 3494 Hi
2011 3454 2227 3510 quoque
2253 3437 2343 3508 qui
2373 3439 2568 3493 timent
2595 3437 2790 3504 Deum,
2818 3437 2960 3494 beati
2991 3448 3139 3502 sunt.
3173 3441 3315 3497 sicut
3340 3457 3530 3496 exem-

197 3542 346 3598 forte
375 3540 505 3611 quia
551 3537 624 3594 ibi
668 3539 1038 3607 interrogasse
1067 3550 1126 3591 se
1152 3534 1287 3590 dixit
1312 3554 1323 3587 τ
1363 3533 1635 3603 Numquid
1664 3547 1813 3603 quem
1915 3531 1990 3604 pii
2013 3542 2187 3587 exsmt
2220 3532 2537 3600 auctoritas,
2565 3531 2688 3602 quia
2711 3529 2860 3587 Βοαιὶ
2889 3549 3064 3587 omnes
3092 3533 3183 3604 qui
3209 3534 3387 3588 timent
3416 3531 3530 3588 Do-

199 3634 392 3689 dilexit
419 3632 599 3687 animo
626 3647 769 3695 mea,
799 3629 1002 3685 uidistis
1030 3627 1218 3702 (Cant.
1249 3643 1328 3694 ιιι,
1358 3629 1470 3699 5)?
1501 3628 1632 3695 Qua:
1658 3627 1816 3682 Chri-
1919 3628 2118 3682 minam
2141 3625 2326 3696 (Ptol.
2359 3642 2538 3683 cxxvtt
2562 3669 2575 3693 ,
2611 3625 2684 3698 l).
2714 3624 2791 3681 Ita
2819 3626 3092 3698 colligitur
3119 3627 3245 3696 quia
3272 3630 3531 3685 timentes

199 3740 348 3786 stum
379 3727 730 3799 loquebatur,
761 3741 864 3782 nec
885 3733 1048 3781 exuta
1076 3732 1161 3781 est
1189 3723 1374 3795 pallio,
1405 3731 1459 3780 et
1482 3738 1639 3794 quem
1669 3738 1819 3794 qua»
1921 3720 2088 3776 Deum
2110 3764 2123 3787 ,
2172 3731 2225 3775 et
2254 3721 2530 3792 sapientes
2576 3729 2740 3782 sunt,
2785 3727 2841 3774 et
2882 3719 3045 3774 beati.
3103 3720 3336 3776 Sanctus
3367 3723 3531 3793 igitur

201 3823 386 3885 rebat,
415 3821 648 3876 invenit.
1924 3815 2086 3871 timor
2107 3815 2353 3881 Domini;
2383 3815 2505 3885 quia
2536 3829 2664 3869 vere
2687 3821 3003 3871 sanctorum
3030 3822 3112 3869 est
3141 3831 3329 3884 pavor.

277 3913 372 3970 36.
418 3909 583 3967 Disce
625 3908 1082 3982 quemadmodum
1131 3915 1404 3978 qumratur
1431 3905 1705 3962 Christus.
1740 3905 1822 3962 Ab

202 4007 294 4064 bis
323 4006 518 4077 utique
557 4005 647 4075 qui
693 4018 800 4059 non
851 4001 1220 4074 perfunctorie
1259 4009 1540 4069 quierunt,
1584 4001 1677 4056 sed
1708 3999 1826 4054 vio-

201 4099 387 4156 lenter
416 4097 681 4161 retinent,
711 4095 853 4152 sicut
882 4096 980 4150 ista
1005 4111 1124 4166 qua:
1146 4094 1257 4149 ait:
1293 4092 1458 4148 Tenui
1487 4111 1623 4160 eum,
1655 4104 1701 4147 et
1726 4110 1829 4146 non

203 4191 386 4246 dimisi
418 4205 544 4244 eum
575 4185 771 4261 (Ibid.,
799 4187 889 4259 4),
923 4187 1027 4242 llde
1052 4187 1291 4251 invenit,
1321 4187 1671 4241 meditatione
1701 4201 1833 4240 cou-

203 4285 454 4343 strinxit.
491 4284 551 4340 Si
587 4282 760 4337 bonos
786 4281 1040 4336 custodes
1077 4280 1375 4349 accipimus
1397 4321 1411 4339 .
1443 4277 1626 4348 utique
1653 4276 1834 4346 angeli

206 4389 364 4440 sunt.
401 4379 510 4447 Qui
559 4392 693 4446 ergo
723 4377 947 4446 angelos
987 4373 1266 4435 transivit,
1306 4371 1540 4428 Verbum
1579 4372 1833 4438 invenit;

209 4476 339 4534 ideo
369 4489 482 4530 non
516 4471 754 4525 multum
801 4468 1076 4524 intervalli
1127 4467 1256 4533 fuit,
1303 4482 1424 4521 cum
1473 4465 1722 4521 transivit
1768 4467 1836 4521 ab

209 4571 334 4637 bis,
366 4579 424 4625 et
458 4567 680 4623 invenit
707 4563 916 4620 Jesum.
948 4562 1231 4630 Quomodo
1261 4577 1390 4631 ergo
1423 4561 1555 4615 infra
1599 4563 1840 4616 tulerunt

209 4665 488 4738 pallium;
541 4659 653 4714 nisi
703 4659 842 4713 ferte
873 4665 898 4694 α
928 4658 1052 4728 quia
1095 4671 1348 4726 hrocessu
1386 4670 1660 4724 oppressae
1713 4654 1840 4710 lldci

212 4758 470 4815 Ecclesia
501 4753 639 4810 dum
688 4750 959 4816 nudatur,
993 4766 1021 4805 a
1053 4749 1283 4804 Domino
1313 4749 1434 4818 plus
1461 4759 1674 4804 amatur
1695 4792 1709 4815 ,
1741 4765 1835 4805 ex-

214 4849 467 4923 speli'ans
517 4861 584 4903 se
636 4853 876 4898 veterem
929 4842 1234 4908 hominem,
1285 4855 1345 4896 ut
1392 4858 1588 4896 novum
1634 4842 1836 4909 induat,

1996 3910 2051 3964 2.
2082 3909 2265 3982 (Vers.
2287 3906 2404 3981 57.)
2437 3908 2678 3979 Denique
2702 3911 2979 3978 prtemissa
3001 3910 3099 3963 bac
3124 3909 3323 3976 littera,
3347 3909 3536 3966 statim

1929 4006 2174 4076 sequitur
2205 4019 2438 4074 persona
2464 4003 2596 4073 justi
2633 4002 2821 4058 dicens
2850 4021 2864 4058 :
2893 4001 3076 4057 Portio
3105 4020 3239 4070 mea,
3272 4002 3534 4060 Domine:

1931 4100 2040 4152 dixi
2080 4097 2337 4152 custodire
2367 4097 2529 4167 legem
2571 4105 2733 4148 tuam.
2769 4094 2798 4133 δ
2826 4095 3056 4150 Codices
3103 4096 3346 4165 plerique
3394 4099 3538 4153 hunc

1935 4189 2286 4256 versiculum,
2314 4188 2404 4255 qui
2455 4187 2660 4256 primus
2706 4197 2791 4244 est
2840 4187 3037 4241 litterae
3066 4196 3306 4254 octavae,
3348 4189 3542 4245 ultimo

1936 4286 2056 4341 loco
2082 4284 2277 4338 littera:
2300 4281 2500 4336 habent
2526 4281 2768 4352 septima:
2796 4299 2807 4335 :
2839 4280 2933 4336 sed
2959 4281 3256 4337 secundum
3283 4282 3541 4340 llehrteos

1939 4380 2260 4436 emendatus
2295 4377 2437 4448 apud
2467 4377 2686 4433 Gra'cos
2720 4377 3049 4446 pSaItnorum
3083 4377 3219 4432 liber
3249 4378 3392 4434 hunc
3419 4394 3544 4433 ver-

1939 4487 2058 4528 sum
2098 4471 2282 4526 docuit
2311 4486 2410 4525 nos
2442 4481 2646 4525 octavae
2690 4469 2885 4525 littora:
2921 4470 3304 4540 copulandum.
3336 4471 3544 4530 Deinde

1942 4565 2078 4622 ordo
2105 4567 2220 4636 ipse
2244 4577 2298 4620 et
2329 4580 2589 4620 numerus
2611 4579 2864 4620 versuum
2888 4566 2961 4620 ita
2984 4567 3264 4636 convenit,
3299 4578 3358 4623 ut
3381 4567 3450 4624 ab
3475 4581 3546 4624 eo

1945 4661 2167 4732 incipiat
2197 4671 2386 4716 octava
2420 4659 2621 4714 littera.

2019 4755 2072 4811 5.
2116 4753 2331 4819 Portio,
2366 4753 2575 4822 inqttit,
2621 4769 2734 4808 mea
2776 4752 3049 4809 Dominus.
3092 4757 3264 4822 Quam
3301 4772 3458 4813 rarus
3491 4758 3547 4813 in

1953 4848 2112 4904 terris
2135 4847 2223 4916 qui
2257 4846 2428 4916 possit
2458 4845 2638 4902 dicere
2666 4865 2680 4901 :
2719 4847 2899 4901 Portio
2931 4865 3042 4903 mea
3069 4847 3356 4906 Dominus:
3385 4867 3547 4920 quam

217 4964 384 5019 quem
419 4961 536 5001 non
571 4941 833 5013 operiunt
874 4940 1223 5004 indumenta,
1256 4941 1351 4995 sed
1394 4940 1589 4996 mentis
1633 4954 1841 4998 secreta

219 5041 536 5100 clarificant
569 5054 585 5093 :
621 5049 712 5092 aut
755 5037 878 5106 quia
928 5037 1186 5092 amictum
1231 5035 1514 5103 sapientiae
1569 5036 1844 5091 smcularis

222 5138 292 5193 ad
347 5136 639 5192 Christum
722 5142 948 5186 ventura
1009 5129 1296 5202 deposuit?
1358 5130 1424 5184 Et
1482 5129 1593 5185 Noe
1648 5141 1844 5187 exutus

1951 4943 2162 4996 alienus
2189 4956 2218 4994 a
2247 4938 2389 4994 vitiis
2409 4979 2422 5002 .
2450 4954 2609 5009 quam
2639 4951 2960 5011 segregatus
2986 4943 3055 4997 ab
3093 4943 3241 4997 omni
3273 4943 3394 4998 labe
3426 4959 3550 5013 pec-

1951 5035 2080 5100 cati,
2127 5034 2214 5104 qui
2246 5032 2380 5088 nihil
2413 5031 2608 5088 habcat
2652 5049 2938 5089 commune
2967 5051 3089 5090 cum
3133 5037 3372 5103 smculo,
3415 5037 3554 5095 nihil

1953 5127 2139 5186 mundi
2192 5128 2352 5199 hujus
2381 5126 2623 5184 vindicet
2671 5129 2814 5196 sibi,
2855 5141 2875 5168 ο
2921 5146 3030 5186 non
3071 5132 3142 5185 sit
3184 5132 3553 5202 corporalium

302 5283 330 5312 ιι
362 5271 514 5327 Ειιῑι,
534 5267 734 5327 Rom.,
758 5266 904 5330 quasi
927 5282 1167 5335 processu
1187 5267 1380 5327 oneris.
1405 5266 1509 5320 sive
1531 5267 1669 5334 ﬁdei.
1706 5267 1856 5334 νει..

227 5348 352 5418 quia
392 5355 651 5409 processu
695 5353 850 5418 Opere
886 5354 994 5391 sum
1037 5339 1176 5402 ﬁdei.
1217 5339 1371 5418 Mss_.,
1401 5340 1522 5405 quia
1573 5354 1855 5406 processu;

230 5409 360 5481 alii,
405 5427 667 5484 operum;
711 5409 1135 5484 :ilii._operoaa3,
1189 5410 1372 5484 multi,
1406 5426 1694 5482 Oppl'essw;
1750 5427 1857 5466 ηοη

232 5480 552 5563 ιιιιιὸὶηὲωε,
577 5494 808 5538 ost-euut:
833 5480 979 5563 ﬁdei.
1003 5481 1208 5563 Rursus
1226 5481 1415 5534 eodem
1444 5480 1576 5563 tum,
1588 5492 1692 5537 νει,
1725 5484 1857 5538 ed“.

236 5547 362 5618 cum
415 5566 573 5629 parte
608 5569 745 5629 mss.
775 5547 1079 5629 ,_Dom_inus
1121 5553 1236 5618 plus
1279 5565 1504 5608 amatur.
1539 5554 1697 5609 Rom.
1736 5570 1858 5610 cum

235 5635 343 5693 alia
377 5623 570 5702 parte,
602 5624 889 5702 optimine
917 5623 1035 5702 plus
1063 5633 1287 5677 amatur.

310 5705 340 5745 b
379 5696 466 5760 Ex
495 5712 615 5758 toto
648 5696 812 5766 hujus
837 5696 1019 5762 oneris
1040 5708 1321 5758 contextu,
1363 5704 1420 5751 et
1449 5713 1516 5751 ex
1547 5697 1651 5750 hoc
1686 5699 1861 5763 potis.

240 5779 444 5837 simum
479 5775 607 5830 loco
641 5767 1054 5824 evidentissime
1085 5767 1353 5839 colligitur
1394 5770 1552 5822 talem
1589 5769 1866 5826 Ambrosii

243 5861 498 5922 tempore
522 5846 702 5922 fuisse
732 5840 1104 5922 huiuspsaltrti
1129 5838 1193 5920 in.
1211 5838 1614 5922 exemplaribus
1643 5840 1867 5922 Hebrai-

244 5910 635 5990 cis,'Graecis,
685 5929 752 5968 ac
785 5910 992 5990 Latinis
1031 5910 1393 5990 divisionem,
1441 5913 1656 5990 qualem
1702 5915 1865 5990 etiam

250 5982 397 6054 nunc
431 5994 489 6050 in
530 5990 614 6048 eis
658 5984 984 6056 reperimus.
1031 5982 1202 6038 Porro
1245 5983 1648 6041 observandum
1696 5985 1870 6041 obiter

1958 5282 2174 5324 versum
2204 5266 2490 5321 Ambrosio
2517 5265 2658 5320 idem
2689 5281 2811 5323 esse
2839 5283 2902 5323 ac
2931 5270 3279 5336 sententiam,
3309 5271 3422 5326 sive
3461 5270 3556 5325 ab-

1962 5341 2120 5396 Sttltlli
2145 5339 2929 5410 sensuscomprehensionem;
2959 5357 3079 5396 cum
3111 5344 3332 5410 smpius,
3369 5345 3456 5396 tthi
3487 5342 3557 5396 de

1964 5412 2134 5469 sacris
2181 5409 2384 5478 pagin'b
2407 5413 2627 5483 agitur,
2659 5427 2848 5466 versus
2890 5413 3020 5467 nihil
3069 5409 3219 5468 aliud
3264 5414 3556 5483 signiticet,

1968 5485 2068 5538 uisi
2095 5497 2282 5535 vocum
2313 5481 2509 5535 seriem
2535 5499 2692 5548 quam
2720 5501 2816 5536 nos
2843 5483 2980 5540 Galli
3013 5487 3208 5540 lineam
3234 5481 3556 5540 vocitamus.

1972 5557 2095 5610 llaec
2122 5563 2304 5627 autem
2331 5553 2552 5606 omnino
2581 5569 2673 5627 sex
2702 5555 3027 5613 dictionibus
3055 5557 3354 5618 constabat.
3386 5572 3563 5627 eoque

1969 5624 2196 5682 coasilio
2244 5627 2544 5697 excogitata
2594 5625 2796 5694 fuerat,
2849 5645 2914 5680 ne
2960 5629 3085 5695 quid
3135 5632 3426 5697 Scriptum
3470 5624 3566 5681 aut

1970 5697 2240 5821 ἀθιιιὶἳὲὂιιῐ
2271 5696 2434 5767 adjici
2479 5706 2682 5767 posset.
2723 5697 2857 5752 Vide
2895 5699 3135 5756 Criticen
3174 5696 3282 5757 vet.
3318 5700 3560 5756 Testam.

1973 5783 2094 5821 can.
2195 5811 2208 5821 .

1973 5783 2094 5837 cap.
2116 5783 2208 5823 zu.

2050 5851 2072 5879 ε
2114 5839 2240 5913 Mss.
2276 5848 2406 5901 tres.
2433 5856 2536 5894 non
2562 5840 2628 5894 sit
2649 5840 2996 5913 corporalium
3018 5844 3397 5910 possessionum
3416 5842 3570 5913 cupi-

1977 5913 2129 5985 ditas.
2162 5912 2359 5985 Decem
2379 5925 2501 5968 cum
2528 5920 2639 5985 ant.
2670 5912 2830 5985 edit.,
2855 5928 2957 5967 non
2975 5913 3042 5985 ait
3066 5915 3418 5982 corporalium
3445 5912 3570 5985 pas—

1981 5983 2138 6040 sessio
2166 5983 2524 6053 cupiditatum.
2551 5983 2592 6038 A
2624 5981 2822 6053 quibus
2843 5999 2949 6041 non
2980 5983 3092 6042 abit
3117 5985 3248 6044 odit.
3279 5981 3572 6045 Romlnisi
