4070 6480
562 354 700 415 1295
1881 348 2129 407 SANCTI
2170 347 2500 407 AMBROSII
3765 343 3910 401 £296

560 482 847 540 possessor
874 467 1268 537 cupiditatum,
1300 480 1458 538 quem
1492 479 1598 520 non
1627 463 1930 520 inllammet
1959 464 2153 531 libido,
2185 467 2232 525 Α
2261 479 2410 518 cruce
2433 462 2643 518 Domini
2673 459 2833 516 nostri
2855 461 2984 517 Jesu
3007 460 3233 527 Christi,
3258 476 3356 533 per
3395 475 3554 527 quem
3584 457 3721 512 mihi
3749 475 3908 511 mun-

558 579 664 616 non
709 561 950 616 stimulet
987 561 1214 615 avaritia
1235 602 1247 618 .
1282 574 1387 614 non
1425 558 1643 614 lascivia
1684 557 1994 622 effeminet,
2042 574 2149 611 non
2259 557 2358 612 dus
2383 557 2665 626 cruciﬁxus
2688 565 2759 611 est
2783 599 2799 624 ,
2835 567 2883 611 et
2912 572 3006 628 ego
3049 557 3245 611 mundo
3275 554 3488 628 (Galat.
3521 569 3608 618 vr,
3640 552 3702 623 4)
3727 555 3755 605 2
3787 552 3904 607 Non

556 655 768 710 luxuria
792 653 1090 714 decoloret.
1132 670 1235 707 non
1271 661 1478 706 sternat
1505 651 1751 714 ambitio,
1782 666 1889 706 non
1918 660 2156 705 maceret
2259 658 2442 720 potest
2471 649 2526 704 in
2560 650 2662 704 hoc
2692 648 2946 718 princeps
2972 648 3159 704 mundi
3208 648 3376 718 hujus
3404 647 3513 703 sibi
3546 646 3904 701 consortium

556 747 782 811 invidia,
809 763 914 800 non
942 746 1116 812 aliqua
1147 746 1484 814 negatiorum
1515 743 1862 797 smcttlarium
1891 756 2022 796 cura
2047 741 2155 796 sol-
2262 741 2563 810 vindicare,
2593 741 2648 796 in
2679 756 2787 811 quo
2816 739 2952 796 nihil
2977 757 3136 798 suum
3164 741 3404 796 invenit.

555 839 747 903 llcitet,
783 854 945 895 verus
975 838 1222 892 minister
1245 836 1458 899 altaris,
1489 835 1624 902 Deo,
1655 849 1760 890 non
1791 835 1893 889 sibi
1921 846 2097 888 natus.
2333 830 2386 886 6.
2420 830 2654 903 Ideoque
2683 831 2942 888 Dominus
2965 835 3056 903 qui
3083 833 3231 888 venit
3259 833 3500 898 docere,
3534 840 3592 886 ut
3615 831 3789 889 ﬁeret
3813 846 3904 886 no—

627 933 682 987 4.
727 931 854 987 Levi
898 933 1070 998 enim,
1131 939 1186 983 ut
1227 931 1390 984 habet
1445 929 1856 995 interpretatio,
1890 926 2158 998 signiﬁcat
2260 925 2344 982 bis
2383 925 2526 982 Deus
2565 927 2774 996 portio,
2804 929 2922 981 ait:
2965 925 3112 981 Venit
3150 927 3292 982 enim
3321 927 3488 998 hujus
3516 926 3717 979 mundi
3759 926 3906 996 prin-

555 1025 672 1098 ipse
703 1025 831 1079 mihi
864 1032 1204 1093 assumptus,
1232 1023 1507 1094 signiﬁcat
1536 1035 1589 1079 et
1621 1023 1739 1093 ipse
1767 1037 1954 1088 meus,
1992 1022 2160 1093 signi—
2261 1037 2404 1092 ceps,
2427 1030 2474 1075 et
2500 1023 2554 1074 in
2591 1037 2670 1075 me
2696 1021 2888 1076 invenit
2915 1021 3046 1076 nihil
3067 1019 3251 1093 (Joan.
3283 1036 3398 1090 xiv,
3430 1020 3553 1091 δυ).
3588 1019 3906 1089 Meritoque

555 1116 682 1172 ﬁeat
719 1127 773 1172 et
817 1124 1022 1170 tantum
1054 1123 1391 1186 assumptus,
1437 1113 1706 1182 signiﬁcat
1749 1123 1804 1170 et
1851 1123 2160 1185 assumptus
2263 1128 2364 1169 nos
2395 1113 2698 1169 imitatores
2733 1112 2816 1169 sui
2854 1127 2975 1169 esse
3009 1114 3200 1169 volens
3229 1112 3311 1167 ait
3351 1131 3365 1165 :
3402 1111 3592 1166 Nolite
3627 1113 3906 1184 possidere

553 1209 706 1265 mihi.
733 1209 853 1279 Ipse
880 1209 1023 1264 idem
1056 1217 1113 1263 et
1139 1209 1272 1263 mihi
1304 1207 1435 1262 Levi
1457 1247 1472 1272 ,
1496 1219 1552 1264 et
1580 1207 1693 1264 Deo
1730 1218 1849 1272 est;
1888 1207 2160 1279 quomodo
2262 1224 2473 1270 aurum,
2497 1224 2656 1280 neque
2684 1217 2976 1279 argentum,
2997 1225 3160 1278 neque
3181 1208 3464 1280 pecuniam
3481 1205 3718 1278 (Matth.
3744 1223 3805 1271 x,
3826 1205 3902 1273 9).

551 1301 696 1357 idem
723 1311 777 1356 et
807 1300 944 1356 mihi
973 1300 1264 1367 sacerdos,
1294 1311 1348 1357 et
1385 1301 1496 1357 Deo
1522 1311 1607 1356 est
1633 1321 1646 1356 :
1674 1311 1728 1356 et
1765 1301 1896 1356 mibi
1928 1300 2158 1356 advoca-
2265 1299 2423 1356 Unde
2450 1299 2645 1356 Petrus
2681 1301 2974 1357 ostendens
3005 1301 3059 1356 in
3093 1302 3205 1355 Deo
3234 1301 3549 1370 portionem
3581 1297 3696 1354 sibi
3736 1313 3901 1364 esse,

549 1405 657 1459 tus,
687 1404 743 1451 et
768 1395 985 1451 Domini
1031 1395 1360 1466 deprecator
1388 1415 1400 1450 :
1443 1412 1544 1468 pro
1573 1412 1659 1452 me
1689 1397 1930 1454 offerens
1956 1396 2163 1452 sacriﬁ—
2267 1410 2376 1451 non
2421 1396 2476 1450 iu
2511 1395 2743 1464 saeculo,
2778 1397 2856 1450 ait
2883 1411 2896 1449 :
2932 1396 3213 1466 Argentum
3246 1404 3298 1450 et
3329 1411 3524 1448 aurum
3553 1410 3670 1448 non
3699 1393 3898 1458 habeo,

549 1489 732 1554 cium,
764 1497 820 1544 et
857 1489 1002 1543 idem
1029 1504 1090 1544 se
1117 1487 1354 1544 oll'erens
1387 1489 1657 1545 Domino?
1684 1490 1929 1562 Denique
1954 1502 2007 1546 et
2035 1489 2161 1544 alibi
2265 1488 2358 1542 sed
2397 1488 2534 1558 quod
2576 1488 2758 1556 habeo,
2789 1489 2888 1543 hoc
2922 1489 3013 1543 tibi
3056 1489 3147 1555 do,
3185 1489 3243 1542 in
3280 1488 3496 1543 nomine
3528 1486 3668 1542 λεια
3713 1486 3903 1541 Christi

550 1580 684 1636 Levi
709 1581 1164 1650 interpretatione
1186 1580 1408 1650 dicitur,
1437 1599 1536 1650 pro
1567 1598 1674 1638 me.
1707 1583 1918 1638 Etenim
1947 1583 1991 1637 si
2016 1597 2046 1638 a
2074 1596 2164 1637 me
2270 1579 2532 1636 Nazareni
2573 1597 2727 1653 surge
2759 1591 2806 1636 et
2845 1581 3054 1636 ambula
3077 1581 3219 1651 (Act.
3253 1597 3313 1636 Ill
3332 1623 3350 1648 ,
3375 1581 3434 1652 6)
3463 1597 3478 1634 :
3511 1581 3635 1636 haec
3661 1589 3756 1636 est
3785 1594 3900 1649 por-

553 1673 866 1732 nomiuetur
891 1674 1044 1741 Levi,
1077 1691 1176 1744 pro
1207 1691 1293 1730 me
1316 1685 1437 1730 est:
1485 1676 1530 1730 si
1566 1692 1664 1746 pro
1693 1691 1780 1731 me
1817 1675 2034 1742 offerat,
2065 1690 2164 1746 pro

552 1782 645 1824 me
673 1776 755 1822 est
779 1784 793 1820 :
839 1767 883 1822 si
921 1782 1020 1836 pro
1050 1783 1136 1822 me
1165 1767 1525 1829 interveniat,
1563 1783 1662 1836 pro
1689 1783 1776 1822 me
1803 1777 1906 1824 est.
1946 1769 2039 1824 Sin
2067 1783 2165 1823 au—

555 1871 665 1918 tem
707 1868 938 1915 vocetur
965 1875 993 1912 a
1027 1859 1292 1924 Domino,
1341 1860 1459 1927 ipse
1490 1859 1622 1914 mihi
1657 1859 1890 1926 dicitur,
1925 1860 2025 1914 hoc
2052 1869 2160 1928 est,

2269 1673 2345 1729 tio
2366 1688 2484 1730 mea
2515 1691 2528 1728 :
2563 1675 2680 1729 haec
2707 1683 2790 1730 est
2818 1689 2939 1731 sors
2969 1689 3124 1730 mea:
3151 1675 3333 1743 portio
3357 1689 3480 1730 mea
3510 1671 3778 1729 Christus
3803 1683 3897 1727 est.

2270 1763 2338 1820 In
2365 1767 2569 1821 nomine
2591 1808 2605 1832 ,
2638 1767 2801 1838 igitur
2821 1809 2835 1833 ,
2865 1766 3058 1822 Christi
3095 1771 3225 1823 Iesu
3246 1784 3412 1840 surge
3442 1777 3493 1822 et
3516 1767 3742 1822 ambula
3762 1810 3777 1832 ,
3804 1767 3898 1822 hoc

2268 1867 2388 1923 est,
2426 1858 2480 1912 in
2528 1859 2778 1928 portione
2816 1873 2933 1915 mea
2977 1857 3130 1915 dives
3173 1872 3295 1914 sum
3321 1900 3338 1924 ,
3373 1859 3427 1914 in
3475 1860 3742 1931 portione
3789 1873 3896 1914 mea

553 1969 665 2009 non
698 1953 788 2008 alii
818 1952 1160 2015 tributarius,
1195 1967 1304 2007 non
1333 1951 1682 2020 decimarius,
1713 1953 1920 2026 1057
1958 1970 2065 2008 non
2092 1952 2161 2009 de
2190 1977 2239 2037 Β
2267 1960 2460 2021 potens
2506 1965 2625 2005 sum
2659 1967 2675 2008 :
2719 1950 2914 2007 merito
2965 1954 3103 2007 tales
3149 1967 3432 2024 praesumo
3480 1955 3701 2008 fructus
3752 1951 3897 2006 istius

551 2047 908 2119 possessione
935 2046 1223 2101 munitlcns
1250 2063 1263 2100 :
1297 2047 1413 2117 ipse
1435 2046 1594 2112 mihi,
1620 2048 1723 2102 hoc
1753 2061 1856 2113 cst,
1886 2058 2158 2119 tamquam

553 2139 838 2195 abundans
868 2155 966 2210 pro
994 2139 1079 2194 his
1098 2141 1374 2206 omnibus,
1405 2156 1514 2194 non
1537 2142 1607 2196 ab
1638 2139 1741 2195 hoc
1767 2140 2024 2205 decimas,
2051 2157 2160 2198 non

549 2234 783 2298 fructus,
813 2248 918 2288 non
944 2232 1085 2288 dona
1113 2248 1322 2302 quarm,
1357 2249 1462 2287 non
1488 2249 1736 2294 munera.
1764 2235 1878 2304 ipse
1903 2234 2033 2289 mihi
2063 2249 2161 2305 pro

552 2340 782 2382 munere
811 2335 917 2393 est,
950 2326 1065 2396 ipse
1091 2335 1173 2381 est
1200 2340 1300 2396 pro
1326 2326 1562 2382 tributo:
1593 2341 1699 2381 non
1729 2327 1782 2381 in
1813 2327 2164 2398 possessione

556 2434 656 2474 sua
702 2418 989 2474 muniﬁcus
1029 2419 1196 2485 mihi,
1230 2418 1324 2474 sed
1369 2419 1484 2488 ipse
1532 2418 1668 2474 mihi
1718 2421 2012 2488 possessio,
2049 2420 2165 2490 ipse

557 2527 719 2569 mens
750 2512 978 2578 fructus,
1015 2513 1132 2583 ipse
1161 2529 1316 2569 meus
1343 2528 1541 2569 census
1569 2523 1880 2584 assumptus
1899 2514 2056 2578 mihi,
2081 2514 2164 2570 vel

557 2613 871 2674 assumptus
900 2619 932 2660 a
979 2619 1088 2660 me.
1137 2603 1254 2660 Non
1298 2616 1477 2676 poteSt
1523 2605 1628 2661 hoc
1670 2606 1789 2660 sine
1829 2607 2011 2661 divina
2044 2622 2168 2664 esse

553 2699 754 2769 gratia.
801 2699 954 2756 Sicut
985 2698 1132 2754 enim
1183 2697 1461 2770 possessio
1500 2714 1612 2754 non
1644 2707 1824 2769 potest
1871 2714 1988 2754 mea
2021 2714 2164 2766 esse,

557 2791 664 2847 nisi
687 2807 876 2848 emero
903 2808 1058 2858 eam;
1086 2793 1166 2848 sic
1194 2807 1302 2847 non
1332 2801 1513 2863 potest
1540 2808 1665 2848 esse
1691 2792 1844 2859 Levi,
1875 2792 1981 2849 nisi
2010 2792 2172 2848 fuerit

555 2893 868 2955 assumptus
906 2901 935 2939 a
968 2885 1230 2952 Domino;
1279 2899 1402 2940 eum
1431 2886 1578 2940 enim
1625 2894 1941 2954 assumptus
1980 2886 2166 2950 fuerit,

555 2985 714 3035 recte
741 2977 936 3032 dicitur
974 2977 1094 3047 ipse
1124 2992 1299 3033 mens.
1333 2978 1581 3049 Denique
1610 2993 1731 3032 cum
1762 2978 1934 3049 Moysi
1963 2977 2167 3033 dictum

561 3080 714 3127 esset
744 3079 801 3126 ut
829 3069 1028 3141 pepulo
1057 3069 1371 3124 Jndasorum
1417 3085 1516 3138 per
1562 3070 1736 3124 tribus
1763 3071 2006 3140 singulas
2034 3068 2172 3123 divi-

563 3165 725 3221 deret
775 3163 1082 3227 incolatus,
1133 3170 1189 3216 et
1236 3160 1591 3216 distribueret
1637 3160 1866 3228 singulis
1922 3159 2172 3215 tribubus

564 3255 874 3328 portionem
897 3294 911 3318 ,
957 3253 1156 3307 tribuni
1188 3251 1483 3308 Leviticam
1510 3254 1726 3322 excepit
1773 3251 1914 3306 Deus
1942 3250 2170 3306 dicens:

2268 2041 2568 2113 partionis,
2605 2051 2663 2097 ut
2689 2042 2835 2099 salus
2865 2051 2920 2098 et
2951 2044 3058 2098 vita
3085 2043 3356 2099 donetur:
3384 2044 3516 2116 quia
3558 2044 3668 2100 hoc
3704 2056 3793 2100 est
3830 2045 3892 2098 is-

2267 2134 2373 2190 tius
2406 2135 2792 2206 patrimonium
2833 2136 3101 2206 portionis
3138 2153 3306 2208 quam
3356 2138 3502 2209 elegi
3545 2137 3710 2193 mihi.
3757 2136 3891 2193 Dixit

2268 2227 2373 2282 hoc
2410 2227 2638 2292 claudo,
2671 2237 2724 2284 et
2771 2229 3009 2284 surrexit
3049 2229 3140 2300 qui
3182 2239 3304 2284 erat
3343 2230 3585 2286 claudus
3633 2230 3708 2286 ab
3754 2239 3893 2284 utero

2268 2321 2462 2376 matris
2493 2336 2622 2376 sum.
2655 2321 2942 2389 Quomodo
2977 2337 3110 2392 ergo
3146 2322 3348 2378 Petrus
3383 2333 3607 2394 poterat
3638 2323 3890 2394 partionis

2268 2429 2383 2470 sua:
2411 2413 2607 2469 damna
2630 2416 2856 2482 sentire,
2887 2416 2976 2486 qui
3009 2425 3220 2472 natura:
3249 2417 3460 2473 damna
3495 2415 3832 2488 reparabat?

2342 2512 2395 2563 '7.
2429 2511 2609 2578 Quare
2640 2526 2745 2565 non
2783 2510 2986 2567 habeas
3023 2519 3312 2582 argentum
3347 2521 3523 2583 atque
3547 2527 3744 2567 aurum
3765 2552 3782 2579 ,
3803 2509 3886 2565 Pe-

2273 2614 2376 2672 tre,
2401 2605 2487 2660 dic
2519 2606 2675 2661 nobis
2706 2623 2719 2659 :
2746 2604 2837 2662 dic
2878 2606 3045 2662 etiam
3077 2606 3204 2676 quid
3233 2607 3308 2662 sit
3339 2607 3490 2662 istud
3523 2606 3674 2678 quod
3707 2604 3887 2660 habere

2273 2707 2324 2753 te
2345 2698 2503 2765 dicis,
2535 2699 2627 2770 qui
2650 2700 2835 2754 omnia
2856 2715 2974 2766 quae
2999 2698 3259 2767 habebas,
3289 2709 3344 2755 te
3374 2699 3678 2772 reliquisse
3701 2695 3881 2754 dixisti.

2272 2791 2363 2847 Sic
2389 2792 2533 2847 enim
2558 2793 2774 2848 locutus
2788 2808 2848 2848 es
2876 2793 3108 2848 Domino
3141 2811 3154 2846 :
3191 2791 3336 2849 Ecce
3365 2811 3468 2849 nos
3488 2795 3671 2849 omnia
3687 2790 3883 2861 reliqui-

2276 2902 2413 2952 mus,
2446 2895 2494 2938 et
2516 2887 2674 2940 secuti
2700 2902 2880 2940 sumus
2906 2896 2955 2941 te
2983 2885 3204 2958 (Matth.
3235 2901 3353 2953 χιι,
3384 2887 3511 2958 27),
3541 2887 3646 2942 hoc
3668 2894 3771 2948 est,
3793 2897 3882 2938 non

2282 2980 2496 3053 1058
2515 2980 2864 3050 qusesivimus
2885 2994 3006 3048 quae
3025 2979 3210 3034 szeeuli
3239 2987 3399 3045 sunt,
3414 2995 3528 3034 non
3555 2977 3883 3051 quasivituus

2274 3087 2486 3142 partem
2528 3071 2595 3126 de
2635 3071 3122 3143 possessionibus:
3154 3071 3252 3126 sed
3298 3080 3354 3128 te
3398 3071 3674 3142 elegimus
3705 3067 3883 3141 portio-

2276 3178 2423 3218 nem.
2463 3162 2746 3233 Reliquisti
2777 3178 2911 3234 ergo
2952 3173 3080 3219 ante
3120 3163 3333 3226 omnia,
3365 3163 3559 3229 Petre,
3587 3178 3708 3234 qua!
3734 3159 3880 3214 babe-

2276 3254 2411 3319 bas;
2449 3253 2591 3309 unde
2621 3254 2788 3310 habes
2817 3255 2963 3327 quod
2995 3254 3199 3310 habere
3235 3264 3294 3310 te
3323 3253 3514 3310 dicis?
3545 3253 3732 3324 Surgit
3757 3250 3883 3306 clau-

565 3350 617 3405 Γ
620 3350 725 3403 iliis
755 3346 876 3402 Levi
903 3363 1008 3401 non
1047 3346 1143 3400 erit
1178 3346 1382 3414 portio,
1409 3361 1571 3416 neque
1596 3362 1709 3400 sors
1749 3347 1805 3400 in
1845 3346 2015 3401 medio
2059 3351 2172 3419 [ra-
2202 3367 2248 3431 ρ
2282 3347 2407 3412 dus,
2451 3357 2506 3404 et
2543 3363 2678 3404 sono
2715 3350 2792 3404 tui
2832 3349 3103 3405 sermonis
3143 3346 3398 3418 erigitur.
3441 3347 3746 3404 Sanitatem
3780 3342 3882 3398 aliis

567 3453 708 3496 trum
758 3454 1004 3503 suorum;
1056 3438 1178 3508 quia
1225 3435 1483 3492 Dominus
1528 3436 1670 3492 Deus
1711 3453 1833 3508 pars
1882 3455 2058 3493 eorum
2104 3448 2178 3494 est

570 3531 773 3606 (Deut.
806 3547 862 3592 χ.
891 3531 980 3601 9).
1012 3528 1080 3584 Ει
1125 3529 1250 3585 alibi
1283 3546 1297 3584 :
1331 3528 1448 3601 Ego
1490 3527 1748 3584 Dominus
1792 3531 1961 3600 portio
1997 3548 2178 3587 eorum

568 3623 776 3696 (Num.
809 3639 966 3685 xvm.
999 3623 1127 3692 ΞΟ).

641 3721 698 3778 5.
729 3718 965 3790 Negatnr
999 3717 1084 3773 his
1109 3725 1323 3773 terrena
1353 3717 1586 3778 divisio:
1620 3727 1680 3773 ut
1724 3718 1824 3789 ipsi
1854 3718 1981 3775 dum
2009 3735 2184 3776 saecu-

565 3815 741 3869 larem
789 3812 890 3867 sibi
932 3826 1037 3867 non
1072 3809 1349 3865 vindicant
1391 3810 1695 3880 portionem
1721 3853 1736 3876 ,
1770 3811 1898 3867 ﬁant
1941 3813 2181 3870 (‘t‘BlcSllS

565 3904 846 3979 possessio
871 3919 885 3956 :
914 3903 997 3958 vel
1022 3903 1125 3958 hoc
1147 3903 1323 3959 solum
1347 3904 1597 3958 noverint
1622 3905 1922 3973 possidere,
1948 3907 2050 3963 hoc
2072 3917 2178 3976 est,

571 3999 701 4057 ﬁdei
740 4010 794 4056 et
821 3997 1126 4056 devotionis
1163 3999 1522 4070 obsequium;
1555 4001 1725 4055 multo
1752 3999 1975 4057 ditiores
2018 4018 2180 4073 quam

569 4096 662 4166 qui
713 4093 1118 4163 possessionum
1160 4109 1379 4148 suarum
1413 4095 1586 4164 spatia
1629 4094 1808 4166 ampla
1851 4094 2179 4153 diﬂ'nndunt.

568 4185 980 4254 Quantumlibet
1005 4183 1152 4240 enim
1180 4184 1316 4242 ﬁnes
1338 4199 1469 4240 suos
1493 4185 1811 4250 extendant.
1831 4196 1886 4243 et
1914 4198 2057 4244 terra
2087 4189 2184 4245 de-

565 4280 700 4336 ﬁcit.
729 4289 780 4334 et
829 4294 976 4332 mare
1005 4276 1233 4332 includit
1278 4278 1501 4333 insanas
1547 4277 1876 4348 cupiditates
1902 4321 1918 4346 ,
1949 4289 2007 4335 et
2051 4296 2184 4350 pen-

571 4374 712 4430 duot
743 4373 939 4428 tributa
980 4371 1185 4441 majora
1213 4387 1374 4441 quam
1407 4368 1616 4425 fructus
1645 4383 1790 4426 sunt.
1821 4372 1892 4426 At
1920 4387 2053 4428 vero
2081 4374 2186 4429 iste

575 4465 716 4523 nihil
763 4466 863 4521 sibi
904 4465 1226 4535 possidens,
1267 4463 1403 4520 nulli
1447 4462 1549 4516 nisi
1602 4463 1716 4518 Deo
1760 4465 1991 4528 militat,
2024 4480 2186 4536 supra

573 4571 780 4615 terram
811 4558 926 4625 ejus
969 4567 1054 4615 est
1097 4558 1308 4626 portio,
1343 4571 1452 4611 non
1493 4569 1618 4611 eum
1660 4563 1802 4611 terra
1835 4557 2045 4624 deﬁcit,
2078 4575 2188 4615 non

579 4651 719 4708 mari
750 4648 1034 4704 clauditur.
1070 4647 1166 4704 Cui
1198 4650 1374 4718 portio
1404 4648 1547 4702 Deus
1571 4656 1675 4716 est,
1711 4649 1876 4705 totius
1903 4666 2190 4722 possessor

2283 3441 2456 3498 donas
2477 3482 2492 3508 ,
2523 3441 2615 3512 qui
2645 3440 2922 3514 indigebas
2955 3442 3075 3513 ipse
3113 3449 3221 3496 tuae
3248 3439 3451 3496 salutis
3492 3438 3718 3496 auxilio.
3755 3434 3882 3492 Beli-

2287 3536 2452 3608 quisti
2483 3551 2613 3608 ergo
2642 3552 2762 3607 qua:
2799 3536 3042 3593 habebas
3066 3576 3080 3601 ,
3109 3544 3166 3591 et
3197 3535 3396 3605 cepisti
3434 3550 3562 3606 quae
3590 3549 3698 3590 non
3739 3530 3883 3585 habe.

2285 3630 2404 3686 bas.
2429 3628 2678 3685 Christus
2709 3629 2802 3686 tibi
2835 3629 3034 3699 portio,
3059 3626 3312 3684 Christus
3341 3627 3443 3684 tibi
3487 3625 3761 3699 possessio
3787 3631 3878 3679 est.

2286 3727 2438 3783 Illius
2472 3741 2667 3780 nomen
2693 3734 2720 3763 ελ
2745 3725 2840 3781 tibi
2872 3723 3211 3790 muniﬁcum,
3237 3723 3390 3779 illius
3436 3737 3639 3779 mmen
3681 3719 3772 3776 tibi
3810 3725 3881 3772 est

2285 3819 2656 3884 fructuosum,
2684 3817 2830 3874 illius
2881 3832 3080 3873 nomen
3128 3815 3223 3871 tibi
3267 3815 3475 3870 tributa
3525 3810 3881 3884 dependit,et

2287 3913 2432 3970 bona
2475 3912 2672 3967 tributa
2693 3955 2707 3980 ,
2741 3926 2849 3968 non
2887 3910 3130 3983 pecuniae
3154 3950 3170 3977 ,
3199 3907 3295 3964 sed
3327 3907 3545 3979 gratiae.
3589 3904 3769 3962 Portio
3802 3908 3879 3956 tua

2288 4022 2398 4064 non
2421 4005 2670 4062 ariditate
2695 4007 2948 4072 siccatur,
2981 4020 3092 4062 non
3121 4003 3298 4058 imbre
3323 4002 3582 4069 diluitur,
3612 4015 3718 4056 non
3743 3996 3770 4037 δ
3794 3994 3878 4051 iri-

2288 4116 2422 4174 gore
2443 4099 2634 4167 uritur,
2659 4115 2765 4156 non
2795 4105 3115 4172 tempestate
3138 4107 3457 4169 quassatur.
3490 4097 3600 4154 Per
3633 4094 3772 4150 diem
3809 4086 3878 4144 sol

2289 4210 2401 4251 non
2430 4201 2552 4249 uret
2582 4201 2634 4250 te
2656 4235 2672 4263 ,
2704 4209 2881 4264 neque
2910 4193 3036 4249 luna
3066 4207 3162 4263 per
3194 4198 3442 4248 noctem.
3488 4190 3666 4248 Serva
3692 4185 3878 4259 portio-

2289 4302 2419 4344 nem
2468 4301 2629 4356 quam
2670 4286 2919 4358 elegisti;
2951 4300 3015 4343 ea
3054 4291 3139 4340 est
3165 4284 3315 4339 enim
3345 4283 3562 4355 portio,
3593 4295 3746 4355 quam
3780 4287 3876 4334 ter-

2298 4393 2446 4435 rena:
2490 4387 2670 4447 partes
2716 4393 2930 4450 aequare
2969 4393 3075 4434 non
3129 4385 3379 4442 possunt.
3435 4375 3579 4446 Quid
3627 4373 3762 4432 enim
3805 4375 3878 4424 est

2292 4470 2442 4543 quod
2474 4470 2708 4526 conferri
2753 4473 2922 4542 possit
2952 4472 3039 4528 his
3061 4513 3078 4539 ,
3107 4471 3176 4527 de
3205 4469 3408 4541 quibus
3459 4470 3606 4526 Deus
3635 4467 3757 4523 dicit
3780 4481 3793 4519 :
3816 4459 3874 4516 Et

2291 4561 2587 4618 inltabitabo
2615 4563 2670 4618 in
2698 4563 2801 4620 illis
2831 4563 3020 4635 (Leuit.
3053 4577 3202 4626 xxvr,
3230 4560 3346 4631 19).
3377 4559 3524 4629 Quid
3554 4557 3875 4631 magniﬁcen-

2297 4657 2404 4712 tius
2429 4655 2666 4722 bospitio
2695 4657 2902 4712 caelesti
2929 4655 3112 4725 “(Quid
3155 4651 3375 4710 beatius
3427 4654 3769 4725 possessione
3805 4646 3872 4703 di-

580 4751 668 4800 est
702 4748 928 4796 naturae.
970 4740 1078 4796 Pro
1106 4742 1248 4808 agris
1276 4741 1445 4811 igitur
1484 4740 1601 4809 ipse
1630 4740 1734 4796 sibi
1777 4742 1908 4797 satis
1937 4756 2020 4800 est
2044 4787 2059 4812 ,
2092 4744 2189 4800 ha-
2214 4764 2271 4826 ι)
2296 4748 2469 4805 vina?
2526 4746 2594 4802 Et
2621 4750 2981 4817 deambulabo,
3013 4749 3205 4819 inquit,
3238 4748 3296 4802 in
3325 4747 3408 4802 Itis
3439 4746 3513 4820 (ιι
3538 4746 3664 4804 Cor.
3686 4761 3752 4813 γι,
3780 4741 3871 4812 l6).

579 4835 723 4890 beus
748 4835 948 4888 bonum
992 4831 1224 4888 fructum
1247 4873 1263 4896 ,
1289 4834 1378 4900 qui
1409 4847 1704 4902 numquam
1750 4837 1922 4903 possit
1967 4839 2184 4908 perire:

578 4941 683 4996 pro
715 4923 961 4977 domibus
987 4923 1124 4980 satis
1162 4931 1249 4978 est
1281 4923 1423 4984 sibi.
1451 4933 1511 4977 ut
1553 4925 1624 4978 sit
1651 4925 1907 4981 habitatio
1937 4928 2149 4987 Domini
2171 4975 2188 5001 ,

579 5027 638 5074 et
690 5015 946 5086 templum
1000 5014 1114 5079 llei,
1145 5030 1253 5083 quo
1300 5015 1436 5070 nihil
1475 5023 1654 5084 potest
1694 5032 1816 5072 esse
1871 5023 2182 5087 pretiosius.

581 5106 725 5175 Quid
757 5109 899 5159 enim
926 5105 1216 5176 pretiosius
1246 5106 1391 5162 Deo?
1415 5107 1523 5161 Aul
1549 5107 1674 5176 quid
1703 5107 1854 5164 deost
1879 5112 1926 5165 ei
1951 5114 2064 5168 viro
2093 5118 2186 5187 qui

582 5208 767 5274 putest
801 5196 982 5253 dicere
1029 5216 1042 5250 :
1099 5194 1223 5252 Non
1261 5200 1524 5270 contingat
1569 5199 1696 5253 uti/ti
1735 5201 1953 5272 gloriari
1983 5209 2084 5262 nisi
2128 5210 2184 5265 in

580 5379 737 5453 quod,
751 5393 816 5432 ex
848 5393 954 5432 uno
980 5379 1104 5434 cod.
1132 5376 1254 5453 _Vat.
1287 5379 1490 5453 habet:
1531 5376 1626 5433 Cui
1647 5382 1747 5448 sit,
1783 5390 1891 5438 etc.
1919 5385 2024 5442 Sed
2054 5405 2177 5446 cum

578 5449 870 5509 relativum
920 5467 1094 5513 neque
1131 5449 1185 5504 in
1234 5451 1364 5506 etlit.
1413 5460 1530 5505 aut.
1565 5467 1737 5514 neque
1785 5453 1837 5508 in
1887 5473 2015 5512 tttSs.
2053 5463 2179 5516 ullis

579 5523 727 5596 Gali.
761 5523 1000 5596 reperire
1042 5525 1145 5583 sit,
1180 5520 1466 5578 lectionem
1509 5521 1630 5576 cod.
1660 5523 1873 5596 Retnig.
1919 5545 1982 5584 ac
2015 5530 2174 5590 Vind.

579 5593 1170 5668 pOIli'I'tHll-tlthlllllls.

650 5677 675 5702 ιι
698 5661 1011 5743 Μ.ς..Βιιῐη.
1032 5705 1049 5730 ,
1084 5663 1229 5743 Fuso.
1263 5673 1313 5718 et
1349 5664 1514 5721 Sorb.
1544 5663 1654 5743 duo
1675 5708 1690 5728 .
1718 5669 1824 5743 tibi
1851 5673 2172 5743 muniﬁcum.

578 5737 646 5793 Et
683 5734 847 5808 secuti
868 5750 1041 5808 sumus
1062 5745 1113 5791 te
1139 5775 1154 5801 ,
1178 5731 1275 5790 hoc
1300 5747 1372 5792 est
1393 5777 1410 5805 ,
1444 5737 1771 5808 quaesivimus
1791 5731 2177 5803 Iesum.'ltlius

577 5822 767 5865 nanten
789 5804 898 5870 tibi,
927 5818 1032 5863 etc.

654 5877 680 5917 υ
706 5875 888 5948 Urere,
912 5893 1016 5936 non
1045 5876 1211 5936 modo
1236 5881 1454 5939 noxiam
1486 5879 1597 5937 vim
1629 5883 1826 5944 caloris
1870 5901 1934 5944 ac
1961 5886 2178 5963 frigoris

2295 4842 2404 4901 Alii
2437 4851 2740 4913 queruntur
2766 4843 2834 4899 de
2859 4843 2940 4899 sui
2969 4842 3111 4899 ruris
3149 4841 3420 4913 angustiis
3449 4862 3465 4898 :
3500 4843 3558 4899 in
3590 4850 3647 4899 te
3686 4841 3784 4898 Deo
3806 4844 3872 4894 est

2291 4938 2470 5009 ampla
2497 4938 2792 5008 possessio,
2817 4938 2870 4993 in
2894 4953 3001 5008 quo
3021 4936 3375 4993 deambulare
3400 4951 3463 4993 se
3492 4935 3654 5004 dicit,
3679 4937 3766 4992 hoc
3786 4937 3872 4994 est.

2289 5035 2410 5089 laxa
2439 5033 2609 5103 spatia
2633 5033 2983 5088 habitationis
3025 5032 3307 5088 inveniens
3332 5073 3348 5099 ,
3370 5032 3469 5104 qui
3502 5040 3707 5088 terram
3729 5027 3874 5085 inclito

2291 5123 2371 5180 dit
2411 5138 2568 5179 manu
2595 5141 2609 5190 ;
2639 5125 2718 5180 sic
2752 5125 2894 5181 enim
2939 5125 3194 5196 scriptum
3240 5132 3326 5179 est
3360 5143 3372 5177 :
3419 5124 3558 5193 Quis
3596 5138 3786 5180 mensus
3815 5127 3873 5175 est

2289 5233 2449 5270 manu
2501 5233 2699 5286 aquas,
2732 5229 2780 5272 et
2826 5216 3008 5272 cretum
3050 5216 3258 5287 palmo,
3281 5226 3332 5270 et
3379 5217 3684 5274 universam
3719 5225 3872 5271 terrain

2293 5395 2493 5478 passim
2526 5395 2827 5478 signiﬁcat,
2861 5411 3048 5478 verum
3079 5397 3245 5455 etiam
3273 5396 3523 5470 cujusvis
3549 5399 3766 5458 alterius
3788 5397 3870 5456 rei.

2289 5465 2383 5523 Sic
2410 5465 2597 5522 Horat.
2629 5465 2726 5523 lib.
2755 5483 2796 5536 ι,
2819 5483 2908 5540 ep.
2945 5469 3013 5524 10
3042 5485 3055 5523 :
3096 5495 3098 5498 ν

3098 5579 3164 5630 Ut
3183 5580 3386 5632 calceus
3407 5580 3534 5633 olim

2555 5641 2608 5690 Si
2631 5639 2763 5704 pede
2787 5642 2938 5706 major
2962 5643 3060 5694 erit
3081 5644 3360 5706 subvertet,
3392 5646 3436 5695 si
3459 5647 3631 5697 minor
3654 5652 3768 5697 uret.

2288 5749 2346 5827 l_d
2388 5755 2503 5827 est,
2529 5746 2710 5802 lmdet.
2745 5746 3057 5827 lloc__etiam
3102 5747 3268 5806 modo
3309 5751 3564 5810 locutum
3604 5752 3876 5827 reperimus

2289 5821 2352 5878 Β.
2388 5819 2611 5876 llieroo.
2642 5829 2803 5890 atque
2832 5821 2990 5879 alios.
