4070 6462
176 374 202 429 1
216 370 324 429 197

1286 367 1351 425 ΙΝ
1391 366 1717 427 PSALMUM
1754 366 1966 427 CXVIII
2005 368 2394 428 EXPOSITIO.

3354 374 3503 431 1298

160 490 360 545 clausa
409 504 566 544 manu
604 486 752 559 (Esai
798 502 886 554 ιι,
935 486 1025 558 19)
1050 487 1072 541 ?
1100 485 1199 542 Cui
1251 486 1486 543 mundus
1529 496 1790 558 angustus
1815 492 1869 552 Α
1894 501 2085 542 manas
2112 487 2442 560 cupiditates
2471 531 2485 553 ,
2519 486 2621 544 hoc
2655 502 2753 560 per
2781 486 3020 543 divinam
3056 490 3286 561 gratiam
3326 489 3500 546 solam

177 592 306 651 est,
341 590 396 637 tu
423 582 474 638 ei
512 580 690 651 ampla
720 594 781 636 es
809 578 1021 635 domus.
1055 578 1272 648 Portio,
1301 580 1506 651 inquit,
1541 596 1655 635 mea
1683 578 1791 633 Do-

180 677 385 731 minus.
418 674 556 730 Dicit
585 674 687 729 hoc
712 683 937 745 martyr.
966 674 1069 744 Ipsi
1094 689 1224 745 ergo
1249 674 1515 740 vivamus,
1546 676 1630 729 cui
1652 672 1791 729 mori

176 779 271 825 est
296 768 615 840 gloriosum.
644 767 782 822 Aliis
809 766 989 821 verbis
1018 782 1180 837 quam
1207 768 1345 823 bene
1370 766 1507 822 dixit
1530 766 1631 823 hoc
1650 765 1793 821 Pau-

176 861 296 926 lus,
326 860 619 916 ostendens
642 858 843 914 nullam
874 857 1074 914 habere
1106 874 1164 915 se
1194 860 1246 913 in
1290 858 1393 914 hoc
1423 858 1623 913 sacculo
1665 872 1790 928 por-

175 954 394 1011 tionem
427 955 439 1009 !
470 955 562 1010 Sic
600 954 744 1010 enim
776 953 1038 1023 scriptum
1067 964 1150 1008 est
1182 970 1195 1006 :
1232 952 1403 1025 Usque
1441 956 1509 1007 ad
1540 954 1672 1008 hanc
1693 952 1792 1007 ho-

175 1065 303 1103 ram
324 1058 370 1104 et
396 1050 672 1116 esurimus,
702 1057 748 1103 et
778 1048 999 1115 sitimus,
1026 1057 1073 1101 et
1095 1036 1219 1101 nudi
1248 1064 1427 1101 smnus
1448 1090 1461 1115 ,
1492 1059 1538 1101 et
1561 1047 1795 1113 colaphis

175 1158 242 1196 va
253 1144 523 1213 pulamus,
549 1153 594 1197 et
618 1140 883 1196 instabiles
903 1157 1100 1207 sumus,
1125 1149 1174 1193 et
1202 1139 1497 1195 laboramus
1521 1149 1794 1210 operantes

180 1236 428 1291 manibus
455 1236 670 1290 nostris.
700 1232 1081 1299 Haledicimur,
1113 1242 1159 1286 et
1188 1232 1539 1288 benedicimus
1568 1249 1586 1287 :
1617 1247 1792 1302 perse—

183 1330 447 1384 cntionem
490 1328 748 1399 patimur,
781 1336 830 1383 et
864 1326 1174 1381 sustinemus
1207 1343 1226 1380 :
1261 1326 1676 1395 blasphemamur
1698 1366 1714 1391 ,
1746 1333 1795 1380 et

183 1424 542 1479 obsecramus.
584 1421 865 1493 Tamquam
893 1422 1231 1476 lustramenta
1261 1422 1418 1494 hujus
1451 1421 1631 1475 mundi
1669 1420 1796 1491 facti

186 1532 409 1581 sumus,
456 1515 685 1571 omnium
725 1524 1064 1587 purgamenta
1110 1530 1270 1585 usque
1308 1514 1477 1571 adhuc
1497 1512 1541 1587 (l
1568 1511 1688 1570 Cor.
1717 1529 1791 1583 tv,

188 1612 415 1683 tl-l3).

248 1706 322 1762 -8.
368 1706 619 1761 Fortasse
671 1712 887 1761 moveat
918 1703 1065 1777 quod
1114 1711 1525 1776 purgamentum
1571 1718 1630 1759 se
1673 1716 1795 1758 esse

184 1800 349 1856 dixit.
389 1799 506 1856 Non
548 1799 692 1855 enim
738 1809 841 1857 est.
881 1799 989 1856 Sed
1036 1799 1138 1854 hoc
1177 1799 1529 1855 saecularibus
1558 1797 1792 1860 videtur,

1894 596 2056 653 posse
2081 598 2204 637 esse
2235 583 2514 654 possibile.

1968 678 2057 734 10.
2092 680 2233 734 Alibi
2265 694 2482 749 quoque
2510 680 2587 735 ait
2615 697 2628 733 :
2658 678 2981 749 Quicumque
3006 678 3275 748 reliquerit
3302 687 3503 749 patrem

1894 782 1982 826 aut
2004 782 2217 825 matrem
2242 814 2255 836 ,
2287 773 2517 838 domum,
2546 784 2637 827 anl
2657 778 2868 845 fratres,
2903 783 2992 826 aut
3032 789 3352 827 sorores”...
3384 788 3505 825 cen-

1894 868 2093 937 tuplum
2119 867 2334 935 accipiet
2360 868 2411 920 in
2441 869 2537 921 hoc
2558 869 2770 933 stet-nlo,
2798 880 2845 923 et
2869 870 3026 921 vitam
3056 879 3299 922 (sternam
3332 866 3503 936 possi-

1895 960 2031 1014 debit
2059 958 2273 1028 (ΜηειΙι.
2327 974 2450 1023 χιι,
2481 958 2600 1030 29).
2644 958 2891 1013 Forsitan
2935 972 3117 1013 autem
3158 960 3306 1013 dit-as
3336 976 3349 1011 :
3384 956 3506 1014 Uti-

1895 1068 1999 1122 que
2028 1053 2119 1122 qui
2161 1052 2520 1121 relinquendo
2548 1052 2766 1104 domum
2798 1051 2923 1121 (per
2950 1051 3171 1105 domum
3203 1061 3382 1107 autem
3420 1060 3503 1105 to-

1896 1155 2009 1199 tum
2061 1159 2285 1199 censum
2312 1142 2600 1214 intellige),
2639 1144 2730 1213 qui
2784 1145 3146 1213 relinquendo
3174 1146 3505 1215 propinquos

1895 1239 2065 1294 Deum
2106 1252 2325 1294 secutus
2356 1239 2550 1305 fuerit,
2590 1238 2770 1309 portio
2811 1238 3023 1293 Domini
3064 1250 3182 1305 est,
3225 1255 3279 1296 et
3328 1244 3505 1311 portio

1899 1330 2041 1387 Deus
2082 1332 2157 1386 illi
2198 1340 2316 1395 est;
2347 1330 2508 1386 habet
2551 1330 2717 1384 etiam
2747 1332 2909 1383 vitam
2960 1339 3335 1397 a-ternam;et
3375 1331 3505 1401 quia

1897 1435 2118 1495 accepto
2144 1425 2401 1494 centuplo
2430 1422 2488 1477 lit
2521 1424 2575 1477 in
2608 1422 2713 1479 hoc
2754 1423 2956 1477 Saecula
2985 1422 3137 1477 dives
3160 1465 3174 1488 ,
3202 1424 3351 1478 dives
3370 1465 3385 1490 ,
3423 1424 3507 1478 in-

1895 1520 2048 1589 quies
2070 1559 2087 1585 ,
2118 1519 2285 1573 intrat
2321 1519 2372 1572 in
2403 1532 2628 1587 regnum
2661 1515 2950 1572 rtelorum.
2992 1514 3199 1570 Deinde
3234 1515 3277 1569 si
3316 1526 3509 1570 centu-

1898 1611 2043 1682 plum
2074 1610 2162 1665 dat
2197 1611 2456 1665 Dominus
2483 1625 2673 1664 eorum
2697 1653 2709 1676 ,
2739 1624 2863 1679 quae
2899 1608 3066 1663 etiam
3102 1608 3295 1677 simpla
3333 1607 3504 1673 impe-

1896 1704 2195 1761 dimentum
2232 1703 2431 1759 all‘erre
2467 1712 2807 1759 consuerunt
2842 1702 2909 1757 ad
2948 1702 3351 1772 perceptionem
3395 1700 3509 1753 ba:-

1897 1796 2142 1852 reditatis
2184 1804 2400 1851 aeterna:
2444 1812 2456 1849 :
2490 1804 2708 1850 ceutmn
2746 1809 2877 1865 ergo
2915 1792 3286 1864 possessiones
3326 1790 3509 1845 reddit

183 1892 280 1963 qui
314 1901 503 1963 putant
530 1906 797 1948 summam
828 1892 881 1947 in
914 1892 1119 1947 divitiis
1149 1906 1273 1947 esse
1299 1892 1548 1963 gloriam,
1580 1890 1665 1946 vel
1696 1889 1791 1944 de-
1822 1902 1870 1963 Β
1900 1904 1996 1960 pro
2034 1904 2139 1944 una
2181 1887 2529 1961 pessessioue
2555 1929 2567 1953 ,
2595 1895 2812 1942 centum
2862 1886 3042 1957 pondo
3086 1883 3207 1940 auri
3252 1897 3350 1953 pro
3396 1897 3508 1937 uno

182 1999 397 2041 corem.
444 1984 635 2041 Nonne
678 1986 765 2040 isti
807 1985 1091 2040 universos
1134 1992 1485 2055 purgamenta
1526 1998 1648 2039 esse
1689 1997 1791 2052 pu-

184 2085 325 2143 tant,
355 2078 682 2149 quicumque
702 2077 811 2135 illis
838 2078 1210 2149 obsequuntur
1232 2087 1455 2149 propter
1474 2077 1711 2142 divitias,
1736 2086 1791 2133 et

183 2169 458 2225 mirantur
502 2186 599 2227 eos
640 2181 863 2242 propter
905 2185 1066 2241 opes,
1098 2172 1290 2226 timent
1333 2179 1555 2242 propter
1601 2178 1791 2241 poten-

182 2263 319 2318 tiam
346 2303 362 2328 ,
392 2262 611 2318 laudant
640 2273 860 2335 propter
885 2264 1268 2320 nobilitatem?
1298 2264 1405 2320 Sed
1452 2264 1567 2319 haec
1609 2263 1790 2320 omnia

182 2350 389 2409 Paulus
415 2353 741 2410 detrimenta
784 2356 956 2426 magis
993 2355 1218 2425 putabat
1253 2370 1405 2423 esse,
1436 2371 1597 2427 quam
1641 2370 1791 2410 com-

180 2446 369 2501 moda.
430 2445 668 2520 Ideoque
714 2447 790 2503 ait
833 2467 844 2502 :
879 2449 1006 2517 Quae
1039 2450 1164 2503 mihi
1211 2450 1357 2504 lucra
1392 2450 1639 2519 fuerunt,
1682 2450 1791 2503 [nec

178 2541 312 2595 duxi
358 2554 571 2616 propter
616 2543 879 2599 Christum
924 2545 1229 2599 detrimenta
1253 2560 1385 2609 esse,
1414 2554 1625 2616 propter
1664 2544 1793 2597 emi-

176 2641 383 2687 nentem
438 2634 707 2689 scientiam
743 2634 934 2689 Christi
977 2632 1105 2689 Jesu
1146 2633 1359 2688 Domini
1406 2634 1503 2688 mei
1529 2674 1544 2701 ,
1588 2643 1793 2705 prapter

173 2739 325 2795 quem
348 2725 591 2779 omnium
616 2726 975 2780 detrimentum
998 2742 1180 2797 passus
1196 2742 1332 2792 sum,
1351 2734 1400 2779 et
1423 2726 1650 2780 wstimor
1665 2736 1795 2779 ster—

168 2834 292 2873 cora
316 2860 331 2885 ,
361 2827 436 2872 ul
493 2818 757 2873 Christum
804 2818 1130 2888 lucrifaciam
1181 2817 1409 2889 (Philip.
1456 2833 1535 2882 ιιι,
1561 2818 1591 2871 7
1628 2826 1674 2871 et
1712 2816 1789 2885 8).

174 2914 477 2981 Estimor,
509 2913 687 2984 inquit
716 2930 731 2968 :
765 2929 873 2969 non
911 2922 966 2969 et
1003 2915 1119 2967 haec
1154 2927 1308 2979 mea,
1332 2913 1427 2968 sed
1465 2912 1641 2968 aliena
1672 2925 1797 2965 sen-

183 3007 378 3063 tentia.
427 3004 767 3076 Frequenter
806 3006 952 3061 enim
989 3005 1287 3059 aestimatur
1314 3019 1520 3074 pauper
1550 3003 1641 3057 ille
1677 3001 1796 3057 irri-

186 3098 403 3154 dendus
424 3109 479 3153 et
505 3098 876 3154 exsecrandus
898 3104 1118 3168 propter
1143 3096 1382 3151 illuviem
1411 3095 1641 3151 vestium
1661 3138 1676 3162 ,
1702 3103 1797 3149 aut

187 3193 476 3247 vulnerum
514 3192 829 3258 cicatrices;
860 3207 927 3247 eo
967 3190 1111 3262 quod
1152 3190 1208 3245 in
1254 3199 1397 3246 terra
1444 3189 1644 3244 nullam
1699 3190 1795 3242 ba-

1897 1984 2158 2057 pondere.

1966 2080 2053 2134 11.
2087 2078 2283 2133 Multos
2312 2076 2529 2148 quidem
2557 2077 2608 2131 in
2640 2076 2742 2131 hoc
2772 2074 2975 2129 sarculo
2997 2074 3087 2145 qui
3119 2087 3215 2129 sua
3246 2071 3505 2143 pauperi-

1894 2172 1995 2228 bus
2019 2172 2358 2227 donaveruut
2384 2170 2638 2225 uberiore
2662 2169 2921 2224 thesauro
2952 2167 3311 2238 locupletatos
3336 2165 3508 2220 fuisse

1895 2264 2268 2336 cognovimus.
2307 2263 2371 2317 Et
2397 2260 2797 2332 pulcherrimus
2820 2260 2993 2326 locus,
3027 2269 3084 2313 ut
3114 2262 3275 2313 etiam
3308 2258 3376 2313 ad
3410 2257 3512 2311 mi-

1893 2359 2245 2416 sericordiam
2279 2366 2663 2429 provocentnr.
2696 2355 2805 2411 Sed
2840 2370 2945 2409 non
2973 2353 3173 2409 debent
3199 2368 3228 2407 a
3268 2351 3503 2407 Domino

1893 2452 2210 2508 saecularem
2261 2448 2575 2519 hujusmodi
2623 2450 2842 2520 exigere
2884 2447 3219 2512 mercedem,
3244 2460 3346 2501 nec
3388 2459 3505 2515 spe-

1895 2563 2019 2603 rare
2047 2562 2166 2616 quae
2194 2543 2381 2599 mundi
2407 2553 2533 2597 sunt
2562 2560 2575 2596 :
2607 2542 2703 2597 sed
2746 2542 2917 2613 magis
2947 2541 3071 2611 quia
3108 2541 3175 2595 iis
3202 2540 3292 2609 qui
3321 2538 3507 2593 omnia

1894 2641 2234 2711 reliquerint,
2268 2637 2414 2693 Deus
2446 2637 2625 2708 portio
2651 2644 2755 2690 est.
2802 2636 2919 2704 Ipse
2954 2643 3039 2689 est
3070 2633 3254 2701 utique
3294 2645 3512 2687 merces

1898 2732 2136 2804 perlecta
2172 2732 2429 2784 virtutum
2454 2771 2468 2794 ,
2501 2730 2590 2798 qui
2623 2744 2731 2783 non
2772 2725 3016 2796 centupli
3051 2723 3471 2779 enumeratione
3494 2763 3509 2786 ,

1897 2827 1992 2883 sed
2018 2826 2272 2895 perfectae
2299 2822 2658 2892 plenitudinis
2682 2821 3048 2876 aestimatione
3070 2831 3349 2874 censetur.
3370 2814 3506 2888 Ego,

1899 2919 2095 2987 inquit,
2120 2916 2262 2971 Deus
2284 2926 2402 2970 tuus
2430 2931 2542 2969 sum
2568 2912 2721 2983 (Gen.
2757 2929 2887 2981 xvu,
2924 2913 2995 2987 l).
3032 2912 3147 2968 Non
3178 2910 3344 2971 dixit.
3369 2924 3466 2965 ero
3495 2956 3509 2976 ,

1898 3010 1993 3066 sed
2040 3008 2151 3079 jam
2187 3023 2305 3062 sum
2329 3048 2341 3071 ,
2368 3006 2479 3075 jam
2516 3005 2795 3071 inbabito,
2822 3005 2934 3075 jam
2974 3002 3249 3074 possideo.
3308 2999 3506 3056 Aufert

1898 3104 2215 3160 dilationem
2244 3145 2257 3166 ,
2304 3101 2392 3155 ubi
2444 3099 2650 3154 invenit
2691 3100 2824 3169 justi
2878 3096 3300 3154 confessionem.
3358 3092 3506 3148 Sane

1899 3196 2025 3250 alibi
2058 3194 2131 3249 ait
2163 3211 2176 3247 :
2215 3192 2385 3247 Hodie
2408 3208 2606 3247 mecum
2634 3192 2734 3245 eris
2765 3191 2818 3244 in
2857 3190 3103 3261 paradiso
3143 3185 3298 3259 (Luc.
3330 3201 3462 3242 χχιιι
3488 3228 3505 3254 ,

184 3286 315 3343 heat
354 3285 699 3355 portionem;
728 3294 783 3341 et
821 3292 998 3340 tamen
1038 3285 1216 3353 portio
1254 3283 1371 3353 ejus
1412 3282 1463 3337 in
1506 3282 1647 3338 coelo
1684 3290 1787 3337 est.

1901 3288 2011 3358 45).
2059 3286 2323 3342 Futurum
2364 3286 2632 3356 promittit
2665 3300 2678 3337 :
2712 3283 2805 3338 sed
2837 3282 2888 3337 id
2931 3282 3072 3352 quod
3104 3283 3343 3335 futurum
3376 3290 3459 3334 est
3486 3322 3500 3348 ,

185 3380 383 3435 Anima
434 3378 555 3449 ejus
610 3378 681 3433 ibi
724 3377 826 3433 sibi
877 3377 1257 3449 patrimonium
1308 3376 1625 3442 collocavit,
1664 3376 1789 3445 quia

185 3472 397 3527 audivit
446 3470 632 3527 Iesum
693 3470 964 3527 dicentem
1012 3492 1025 3527 :
1071 3468 1251 3525 Nolite
1304 3468 1600 3523 thesaurum
1650 3468 1791 3523 vobis

186 3564 405 3619 condere
448 3564 507 3618 in
559 3574 867 3618 terra.......
909 3564 999 3619 sed
1048 3562 1381 3628 thesaurum,
1415 3560 1619 3630 inquit,
1648 3560 1790 3614 vobis

188 3657 392 3712 condite
418 3658 473 3711 in
494 3656 618 3711 cozlo
638 3655 852 3727 (Matth.
884 3672 964 3721 vr,
1000 3655 1065 3711 19
1094 3665 1141 3709 et
1168 3654 1284 3725 ΞΟ).

257 3752 311 3805 9.
336 3749 442 3806 Sed
472 3750 573 3803 hoc
602 3748 795 3805 divites
821 3749 1011 3803 audire
1038 3762 1143 3803 non
1172 3756 1418 3819 possunt.
1447 3746 1670 3802 Clausas
1690 3761 1789 3801 au-

187 3859 277 3900 res
301 3844 541 3911 habent,
570 3852 624 3898 et
648 3857 783 3898 sono
808 3844 934 3897 aeris
957 3842 1177 3898 obtusas
1210 3859 1222 3894 :
1256 3856 1508 3896 nummus
1534 3841 1704 3911 magis
1730 3840 1792 3895 il-

186 3936 255 3992 lis
286 3946 539 4003 resonat,
577 3951 737 4007 quam
766 3935 928 3991 verba
957 3934 1158 3989 divina.
1190 3934 1435 4005 Denique
1468 3933 1681 4005 1059
1704 3948 1791 3988 ac-

183 4032 349 4087 cessit
396 4029 619 4102 quidam
661 4030 815 4085 dives
852 4027 930 4083 ad
983 4028 1269 4082 Dominum
1294 4069 1308 4095 ,
1340 4029 1429 4097 qui
1486 4028 1790 4096 portionem

190 4123 479 4179 Dominum
520 4138 628 4177 nou
672 4122 923 4178 habebat.
969 4120 1209 4175 Habebat
1248 4120 1392 4175 enim
1436 4123 1635 4173 multas
1671 4134 1793 4186 pos-

185 4220 464 4273 sessiones
493 4235 505 4269 :
535 4216 631 4271 sed
660 4216 921 4270 Dominus
948 4229 1054 4268 non
1086 4215 1225 4268 inter
1252 4213 1418 4266 multa
1443 4219 1788 4277 numeratur,

186 4326 296 4367 non
331 4310 477 4366 enim
516 4310 769 4380 dignatur
797 4308 997 4362 habere
1036 4322 1157 4361 cum
1199 4304 1399 4359 saeculo
1429 4306 1789 4359 consortium.

184 4404 319 4472 Qua:
348 4401 496 4457 enim
538 4400 717 4472 portio
738 4400 966 4470 justitize
995 4414 1119 4454 cum
1149 4397 1469 4467 iniquitate?
1504 4396 1639 4451 Dicit
1666 4411 1792 4467 ergo

185 4499 274 4553 hic
324 4496 478 4551 dives
524 4512 537 4548 :
589 4494 726 4561 Quid
770 4493 964 4563 faciens
1018 4493 1173 4545 vitam
1230 4501 1475 4544 aeternam
1520 4488 1791 4558 possidebo

185 4590 340 4664 (Luc.
387 4604 520 4643 xvnt
544 4629 557 4651 ,
594 4586 733 4656 i8)?
768 4584 1068 4656 Respondit
1102 4585 1153 4638 ei
1186 4583 1449 4638 Dominus
1486 4600 1501 4639 :
1536 4582 1791 4637 Mandata

1895 3380 2053 3435 unius
2082 3380 2189 3434 diei
2221 3380 2397 3450 spatio
2429 3394 2536 3433 non
2570 3376 2769 3448 patitur
2804 3374 3083 3445 protelari.
3127 3373 3373 3443 Denique
3401 3386 3504 3437 po-

1895 3474 1996 3528 tuit
2030 3471 2212 3527 dicere
2252 3489 2265 3525 :
2302 3471 2506 3525 Mecum
2541 3473 2642 3525 eris
2682 3470 2737 3523 in
2771 3468 3015 3541 paradiso
3051 3483 3069 3521 :
3106 3464 3201 3520 sed
3252 3462 3501 3529 addidit,

1894 3564 2085 3632 hodie,
2115 3580 2183 3621 ne
2215 3564 2479 3619 dilatione
2509 3564 2682 3634 gratia
2714 3565 3069 3617 minueretur.

1969 3660 2055 3713 12.
2100 3658 2207 3716 Sed
2234 3674 2343 3713 non
2374 3657 2449 3712 illi
2478 3657 2583 3712 soli
2612 3656 2747 3712 dicit
2785 3656 3052 3710 Dominus
3089 3651 3248 3708 Iesus
3282 3668 3295 3704 :
3334 3648 3505 3704 Hodie

1893 3768 2092 3807 mecum
2113 3753 2217 3806 eris
2244 3752 2297 3805 in
2320 3751 2565 3822 paradiso
2589 3767 2607 3805 :
2636 3748 2731 3805 sed
2760 3758 2815 3804 et
2838 3749 2933 3803 tibi
2963 3747 3100 3802 dicit
3124 3765 3139 3801 :
3166 3745 3371 3800 Mecum
3401 3747 3504 3799 eris

1892 3846 1946 3899 in
1976 3844 2221 3916 paradiso
2246 3884 2261 3910 ,
2287 3844 2332 3897 si
2373 3844 2687 3897 conlitearis
2731 3842 3018 3895 Dominmn
3051 3838 3261 3903 Iesum,
3295 3837 3344 3891 si
3385 3838 3506 3908 ejus

1895 3937 2257 4007 patrocinium
2297 3934 2392 3989 tibi
2429 3949 2657 4003 poscas,
2686 3934 2733 3987 si
2777 3943 2831 3988 et
2859 3934 2975 4003 ipse
3015 3931 3209 3985 dicas:
3245 3930 3505 3984 Memento

1893 4034 2015 4098 mei,
2042 4031 2283 4093 Domine,
2309 4032 2431 4085 dum
2458 4030 2653 4084 veneris
2682 4030 2734 4082 in
2761 4046 2980 4100 regnum
3003 4038 3144 4081 tuum
3166 4025 3354 4100 (Ibid.,
3380 4026 3502 4097 42).

1895 4124 2003 4180 Sed
2032 4126 2124 4179 tibi
2150 4140 2257 4177 non
2280 4123 2411 4177 dicit
2439 4140 2452 4175 :
2486 4121 2661 4175 Hodie
2680 4138 2876 4175 mecum
2902 4121 3003 4175 eris
3034 4136 3052 4173 :
3074 4120 3206 4173 dicit
3233 4117 3461 4189 martyri
3487 4137 3501 4171 :

1900 4219 2072 4273 Hodie
2110 4235 2305 4272 mecum
2350 4218 2449 4272 eris
2486 4218 2541 4271 in
2575 4217 2836 4285 paradiso.
2867 4216 2987 4269 Tibi
3033 4228 3140 4269 non
3185 4212 3344 4277 dicit,
3374 4210 3502 4282 quia

1900 4312 2079 4368 adhuc
2110 4312 2323 4385 1060
2352 4327 2411 4367 es
2440 4311 2494 4366 in
2539 4310 2642 4366 hoc
2674 4309 2922 4365 lebrieuli
2961 4320 3193 4377 corpore
3231 4304 3504 4359 constitu-

1895 4412 2002 4469 tus,
2030 4403 2083 4459 in
2112 4405 2214 4459 hoc
2244 4401 2655 4472 concupiscenti
2675 4444 2688 4463 .
2721 4400 2777 4455 in
2818 4400 2920 4454 hoc
2949 4407 3161 4453 terrena
3194 4396 3375 4451 adlmc
3403 4395 3500 4450 de-

1893 4497 2152 4553 sideranti
2196 4515 2209 4551 :
2243 4496 2341 4552 sed
2388 4511 2511 4551 cum
2555 4496 2794 4564 potueris
2837 4492 3019 4548 dicere
3052 4510 3065 4545 :
3102 4488 3362 4561 Dirnpisti
3390 4489 3502 4541 vin-

1894 4592 2015 4645 cula
2056 4607 2168 4645 mea
2206 4589 2379 4663 (Psal.
2416 4605 2546 4650 cxv.
2582 4586 2705 4658 16),
2741 4586 2845 4641 hoc
2874 4597 2993 4647 est,
3027 4582 3241 4640 solviSii
3279 4596 3498 4638 cursum

184 4682 367 4737 nosti?
394 4680 519 4735 Non
566 4678 899 4734 homicidium
940 4678 1099 4747 facies
1129 4720 1142 4744 ,
1168 4694 1271 4732 non
1306 4676 1622 4731 adulterabis
1644 4719 1657 4743 ,
1682 4693 1786 4731 non
1815 4680 1863 4742 D
1892 4685 2050 4740 istius
2080 4686 2232 4749 vine,
2261 4682 2502 4738 liberasti
2533 4696 2618 4735 me
2647 4696 2711 4735 ex
2746 4681 2849 4734 hoc
2875 4677 3066 4733 mortis
3085 4691 3339 4749 corpore,
3373 4684 3501 4731 tunc

187 4774 377 4846 falsum
421 4773 771 4827 testimonium
825 4770 962 4825 dices
1005 4769 1197 4841 (lbid.,
1225 4769 1296 4824 20
1335 4779 1383 4825 et
1425 4770 1519 4841 21)
1554 4788 1568 4826 :
1606 4778 1790 4825 osten-

187 4870 322 4923 dens
362 4869 527 4923 vitam
575 4878 836 4921 aeternam
879 4864 933 4919 in
977 4864 1061 4919 his
1105 4878 1227 4920 esse
1274 4864 1562 4919 mandatis.
1593 4867 1662 4920 At
1700 4862 1791 4917 ille

184 4960 482 5031 justilicare
508 4975 568 5017 se
598 4958 791 5015 volens
817 4958 969 5013 dicit.
1003 4956 1130 5011 Haec
1159 4956 1330 5012 omnia
1354 4958 1452 5029 feci
1479 4998 1492 5023 ,
1519 4955 1644 5027 quid
1666 4953 1793 5008 mihi

188 5055 385 5108 restat?
411 5054 492 5109 Ad
539 5069 701 5124 quem
736 5052 996 5107 Dominus
1035 5051 1144 5119 ait,
1182 5051 1371 5106 volens
1410 5050 1460 5105 ei
1504 5050 1791 5105 Dominum

188 5147 302 5204 lieri
344 5149 651 5221 portionem
677 5186 692 5209 ,
723 5161 830 5200 non
865 5147 1186 5215 pecuniam,
1220 5158 1327 5198 non
1368 5142 1747 5213 possessiones
1775 5183 1790 5209 ,

190 5244 283 5298 sed
313 5258 499 5299 verum
534 5242 703 5297 Deum
739 5258 752 5295 :
794 5240 855 5295 Si
886 5241 959 5293 vis
1000 5238 1258 5310 perfectus
1283 5254 1423 5303 esse,
1447 5237 1605 5305 vade,
1633 5236 1795 5291 vende

191 5336 361 5390 omnia
381 5352 494 5404 quae
520 5334 677 5390 habes
700 5374 714 5399 ,
740 5342 785 5386 et
808 5332 875 5385 da
916 5332 1246 5401 pauperibus,
1277 5340 1327 5384 et
1354 5330 1561 5384 habebis
1589 5330 1791 5385 thesau-

190 5444 305 5481 rum
336 5429 389 5481 in
426 5428 553 5482 caelo
573 5468 590 5496 ,
613 5436 660 5481 et
698 5424 845 5489 veni,
878 5439 1086 5493 sequere
1113 5440 1192 5477 me
1220 5421 1386 5493 (Ibid.
1413 5463 1428 5485 ,
1451 5421 1565 5493 22).
1590 5420 1793 5477 Verum

194 5518 284 5574 ille
303 5520 388 5576 eui
421 5521 598 5589 portio
628 5532 818 5575 aurum
846 5524 1006 5586 atque
1036 5525 1321 5585 argentum
1352 5525 1470 5571 erat
1489 5556 1504 5582 ,
1531 5515 1647 5571 sine
1673 5514 1797 5585 qui-

197 5607 295 5665 bus
332 5626 455 5667 esse
500 5626 607 5667 non
641 5619 887 5681 p0terat,
918 5617 975 5663 et
1011 5623 1133 5662 eum
1169 5611 1365 5679 quibus
1410 5610 1672 5665 Dominus
1716 5610 1796 5664 illi

199 5702 377 5771 portio
403 5718 525 5758 esse
553 5719 657 5758 non
688 5709 937 5774 poterat,
966 5700 1324 5757 centristatus
1360 5713 1465 5758 est.
1500 5702 1651 5759 Unde
1690 5702 1797 5757 Do-

201 5794 379 5849 minus
407 5796 779 5865 pronuntiavit
810 5793 1146 5865 impossibile
1176 5809 1297 5850 esse
1317 5836 1333 5863 ,
1364 5804 1421 5849 nt
1449 5796 1602 5851 dives
1635 5796 1799 5851 intret

208 5884 259 5941 in
301 5874 521 5958 regnum
554 5890 813 5946 scelerum
840 5928 854 5954 ,
884 5887 977 5944 sed
1007 5888 1149 5959 quod
1201 5884 1534 5959 impossibile
1565 5905 1661 5959 per
1699 5888 1797 5943 hu-

1890 4778 1991 4833 tibi
2024 4777 2157 4832 dicit
2188 4796 2200 4830 :
2236 4775 2403 4830 Hodie
2425 4791 2620 4829 mecum
2646 4773 2745 4827 eris
2767 4774 2820 4826 in
2853 4772 3120 4842 paradiso.

1968 4870 2055 4925 15.
2085 4869 2262 4924 Habes
2286 4868 2467 4937 igitur,
2492 4866 2677 4933 homo,
2704 4868 2842 4921 inter
2859 4866 3024 4919 multa
3044 4863 3318 4935 proposita
3334 4861 3501 4917 etiam

1895 4964 2205 5034 hujusmodi
2268 4964 2593 5033 portionem.
2646 4962 2937 5030 Pmposnit
2981 4960 3078 5013 tibi
3127 4957 3391 5012 Dominus
3443 4956 3499 5010 in

1895 5061 2148 5130 portione
2194 5056 2570 5127 possessiones
2592 5098 2604 5119 ,
2654 5055 2706 5110 in
2748 5056 3001 5126 portione
3030 5068 3220 5107 aurum
3246 5094 3261 5117 ,
3295 5053 3346 5104 in
3377 5064 3503 5119 por-

1899 5154 2046 5210 tione
2086 5161 2369 5224 argentum
2398 5194 2412 5216 ,
2447 5152 2497 5207 in
2548 5150 2797 5221 portione
2848 5149 3117 5210 honores,
3148 5148 3203 5201 in
3250 5145 3501 5215 portione

1899 5246 2240 5301 nobilitatem
2268 5264 2281 5297 :
2314 5242 2603 5314 proposuit
2644 5242 2806 5297 etiam
2837 5242 2891 5296 in
2921 5241 3167 5312 portione
3204 5252 3266 5293 se
3295 5241 3497 5306 ipsum.

1899 5338 2076 5394 [Iabes
2101 5336 2364 5404 plurimas
2397 5335 2697 5405 portiones.
2730 5334 2868 5404 elige
2896 5348 3055 5404 quam
3086 5340 3263 5402 putas.
3298 5328 3414 5384 Non
3449 5338 3506 5385 te

1899 5444 2158 5483 numerus
2199 5428 2510 5499 perturbet,
2544 5426 2637 5482 sed
2684 5426 2885 5481 excitet
2933 5424 3101 5494 gratia
3135 5441 3148 5477 :
3187 5438 3294 5477 non
3346 5422 3503 5476 labor

1895 5530 2128 5585 avertat,
2159 5520 2252 5575 sed
2282 5519 2488 5575 fructus
2514 5518 2724 5574 invitet.
2756 5516 2812 5572 In
2843 5518 3087 5586 portione
3117 5513 3295 5569 divina
3326 5514 3503 5583 gemi-

1898 5622 1982 5669 tus
2013 5622 2069 5666 et
2106 5613 2321 5667 labores
2358 5620 2504 5665 sunt.
2539 5609 2691 5665 Unde
2731 5619 2783 5663 et
2824 5615 3045 5661 sanctus
3073 5604 3500 5672 Apostolus,cni

1899 5708 2077 5777 portio
2110 5706 2249 5759 Deus
2276 5714 2418 5769 erat,
2442 5704 2551 5755 ait:
2580 5700 2825 5755 Hreredes
2851 5714 3026 5751 sumus
3057 5697 3150 5751 Dei
3169 5739 3184 5759 .
3210 5694 3503 5749 cohrrredes

1900 5812 2069 5855 autem
2096 5798 2322 5861 Christi;
2347 5796 2389 5848 si
2420 5807 2586 5849 tamen
2627 5792 2994 5866 compatimur,
3023 5800 3078 5845 ut
3116 5788 3269 5844 simul
3291 5784 3499 5865 glori/i-

1902 5906 2074 5945 cemnr
2134 5889 2311 5959 (Rom.
2366 5901 2481 5949 vttt,
2514 5887 2629 5957 17).
2684 5885 2849 5941 Vides
2898 5883 3022 5955 quia
3077 5880 3163 5934 ubi
3209 5877 3497 5934 hmredilas
