4124 6346
565 291 703 349 1999

1881 283 2126 343 SANCTI
2165 283 2490 344 AMBROSII

3723 294 3866 351 l3tt0

555 408 755 468 Christi
804 418 907 481 est,
941 409 1015 466 ibi
1065 408 1260 466 debeat
1303 422 1426 464 esse
1467 405 1798 476 compassio.
1826 403 1930 474 Qui
1969 412 2151 459 autem
2179 409 2233 470 Α
2258 417 2376 467 rao,
2407 400 2503 458 sed
2527 401 2666 458 deus
2691 417 2800 460 non
2829 414 2948 462 erat
2973 423 2986 460 :
3013 406 3226 479 Moyses
3270 407 3446 463 factus
3469 415 3554 463 est
3577 407 3656 464 illi
3683 408 3822 464 deus
3845 450 3862 475 .

554 504 905 573 compatitur,
940 519 1048 558 non
1079 500 1444 574 perfunctorie
1473 498 1820 570 compatitur,
1845 495 1940 553 sed
1971 507 2029 551 ut
2061 496 2160 554 tri-

554 596 862 653 bulationes
889 595 1092 654 Christi
1126 599 1178 650 in
1209 609 1440 663 corpore
1468 609 1570 648 suo
1595 592 1838 662 impleat,
1870 591 2017 646 sicut
2053 591 2160 644 im-

555 691 739 762 plebat
764 699 821 746 et
850 691 1073 754 Paulus.
1099 689 1361 760 implebat
1389 697 1444 743 et
1473 687 1796 752 Hieremias,
1832 685 1925 755 qui
1957 685 2034 740 ait
2055 685 2156 740 sub

557 791 659 842 hac
703 788 822 856 ipsa
852 787 1038 842 littera
1068 805 1079 840 :
1111 784 1476 841 Misericordia
1508 781 1724 838 Domini
1765 791 1837 836 est
1876 781 2015 851 quod
2055 795 2158 834 non

557 881 884 954 defecimus;
914 888 938 916 ε
964 881 1086 950 quia
1122 894 1225 932 non
1261 886 1379 932 sunt
1409 885 1780 932 consummatae
1808 874 2160 928 miserationes

554 977 668 1047 ejus
691 989 710 1028 .'
736 971 994 1028 renovabtt
1017 972 1140 1026 illas
1165 972 1296 1026 sicut
1325 971 1418 1023 lua:
1447 969 1696 1023 matutina
1723 967 1945 1038 (Coloss.
1970 982 2010 1031 ι,

555 1065 714 1121 Multi
743 1075 862 1120 sunt
884 1065 1102 1138 gemitus
1132 1064 1250 1128 mei,
1282 1072 1330 1117 et
1356 1078 1443 1115 cor
1474 1077 1641 1115 meum
1668 1060 1863 1129 deﬁcit.
1897 1059 2026 1115 Sors
2046 1075 2160 1112 mea

556 1160 831 1224 Dominus,
863 1161 1016 1224 dixi;
1055 1159 1169 1214 ideo
1208 1156 1470 1212 sustinebo
1497 1173 1612 1209 eum
1640 1153 1856 1228 (Tltren.
1893 1170 1970 1219 ttt,
1995 1153 2066 1208 2‘2
2112 1161 2162 1212 et

555 1257 716 1322 seq.).
742 1254 843 1324 Qui
868 1270 1002 1325 ergo
1030 1255 1264 1310 sustinet
1296 1251 1587 1307 Dominum
1607 1293 1622 1317 ,
1651 1266 1773 1306 sors
1800 1251 2016 1306 Domini
2049 1260 2156 1307 est.

556 1349 714 1405 Unde
755 1357 811 1404 et
852 1345 1022 1402 Datid
1059 1347 1150 1417 qui
1195 1348 1314 1402 ait:
1348 1344 1586 1401 Sustinui
1636 1343 1936 1407 Dominum,
1986 1352 2035 1398 et
2081 1360 2164 1398 re-

551 1447 720 1513 spexit
758 1459 836 1497 nte
870 1441 1044 1514 (Psal.
1083 1457 1266 1509 xxxtx,
1298 1440 1358 1513 2)
1379 1482 1396 1509 ,
1423 1439 1529 1496 hoc
1567 1440 1688 1495 loco
1719 1439 2029 1510 portionem
2060 1437 2162 1494 sibi

554 1539 728 1594 Deum
755 1553 876 1594 esse
905 1538 1212 1608 profitetur.

630 1632 719 1686 M.
754 1631 924 1700 Quam
956 1645 1110 1686 rarus
1137 1631 1226 1701 qui
1263 1630 1400 1684 istud
1434 1636 1662 1697 usurpet
1681 1627 1784 1683 sibi
1821 1645 1832 1680 :
1867 1641 1974 1682 non
2008 1626 2164 1682 nobi-

553 1722 737 1787 litate,
759 1739 867 1778 non
895 1723 1098 1777 divitiis
1131 1730 1442 1790 usurpatur.
1478 1719 1726 1790 Denique
1757 1733 1853 1773 rex
1892 1717 1986 1772 ille
2008 1717 2163 1772 dives

2261 495 2365 552 hoc
2395 507 2510 564 est,
2539 499 2651 569 regi
2683 498 2787 570 ipsi
2834 499 3130 568 terribilis,
3169 502 3378 576 1061
3411 517 3571 574 quem
3613 518 3708 558 rex
3753 518 3869 559 me-

2263 600 2440 649 tueret
2467 605 2521 648 et
2553 594 2787 650 timeret.
2823 594 2929 652 Sed
2962 597 3078 652 haec
3109 609 3229 653 erat
3263 600 3503 666 potentia
3534 599 3866 656 sanctitatis.

2260 685 2317 742 In
2368 687 2556 742 talium
2606 690 3029 760 coitgregatione
3075 696 3303 747 deorum
3353 693 3496 748 Deus
3547 701 3660 748 stat
3705 706 3871 764 atque

2259 781 2538 838 discernit.
2573 793 2593 821 ο
2629 783 2698 838 Ει
2725 793 2779 838 tu
2802 786 2846 838 si
2881 786 2961 839 vis
2986 786 3121 842 deos
3159 787 3536 855 peccatoribus
3559 803 3720 854 e~se,
3753 798 3870 844 ter-

2261 874 2371 930 rori
2404 877 2656 946 regibus,
2688 879 3012 932 reverentiae
3041 879 3198 944 aliis;
3229 891 3285 933 ut
3317 893 3590 951 tamquam
3630 881 3740 937 Deo
3769 881 3870 937 tibi

2261 967 2547 1024 videantur
2567 984 2690 1025 esse
2712 970 2966 1038 subjecti,
2992 974 3114 1041 quia
3136 972 3390 1042 operaris
3414 973 3467 1026 in
3496 972 3589 1027 Dei
3614 972 3865 1029 nomine:

2260 1073 2550 1118 contemne
2579 1079 2701 1134 quae
2743 1065 2928 1118 stet-uli
2961 1074 3130 1130 sunt,
3160 1075 3218 1120 et
3260 1065 3559 1120 Dominicte
3600 1066 3872 1135 passionis

2261 1157 2614 1226 opprobrium
2641 1159 2914 1213 contende
2943 1159 3200 1215 omnibus
3226 1158 3483 1228 praeferre
3507 1158 3731 1215 divitiis.
3760 1157 3873 1229 0p-

2263 1250 2544 1319 probriutn
2575 1251 2722 1313 dico,
2751 1253 2892 1322 quod
2924 1252 3034 1308 illis
3062 1254 3314 1308 videatur
3343 1254 3696 1324 opprobrium
3715 1294 3732 1319 ,
3765 1254 3874 1310 hoc

2261 1353 2347 1400 est
2368 1385 2384 1409 ,
2409 1343 2614 1400 ludatis
2638 1346 2954 1402 scandalum
2975 1387 2992 1411 .
3015 1350 3272 1418 gentibus
3301 1349 3528 1404 Stultitia
3545 1391 3560 1410 .
3591 1350 3750 1404 nobis
3773 1365 3874 1405 au-

2267 1444 2374 1490 tem
2407 1435 2582 1491 virtus
2611 1437 2704 1492 Dei
2739 1449 2902 1509 atque
2929 1440 3219 1507 sapientia.
3248 1440 3355 1496 Sed
3383 1439 3488 1496 hoc
3531 1440 3741 1497 Pharao
3767 1456 3873 1512 op-

2263 1527 2544 1596 prohrium
2576 1539 2799 1600 putans,
2838 1531 2940 1586 hoc
2972 1542 3089 1599 est,
3125 1531 3358 1602 inopiam
3385 1533 3822 1602 .‘ignobilitatem
3852 1575 3869 1602 ,

2261 1622 2620 1676 contumelias
2647 1663 2660 1687 ,
2688 1623 2879 1678 maluit
2905 1623 3108 1679 diaboli
3137 1641 3291 1693 esse,
3325 1642 3486 1695 quam
3519 1627 3612 1682 Dei
3641 1628 3818 1698 portio
3853 1645 3867 1683 :

2269 1722 2326 1770 et
2354 1715 2474 1770 ideo
2503 1718 2593 1785 qui
2628 1717 2737 1772 Deo
2765 1717 3043 1786 subjectus
3069 1733 3190 1774 esse
3214 1719 3454 1786 nolebat,
3486 1719 3872 1776 intercessioni

551 1816 628 1870 ait
662 1833 674 1868 :
708 1815 841 1872 Sum
870 1815 1074 1886 quidem
1100 1824 1147 1869 et
1167 1829 1259 1884 ego
1290 1813 1524 1867 mortalis
1566 1811 1741 1876 homo,
1769 1810 1956 1866 similis
1984 1809 2153 1863 omni-
2185 1807 2232 1868 Β
2263 1806 2501 1863 hominis
2529 1824 2591 1864 se
2631 1807 2747 1879 ipse
2787 1810 3040 1879 subjecit.
3082 1811 3224 1881 Ergo
3257 1812 3380 1883 quia
3411 1813 3587 1884 portio
3621 1813 3719 1868 Dei
3750 1821 3873 1870 erat

553 1910 646 1962 bus
667 1950 682 1975 ,
712 1918 762 1962 et
784 1924 847 1962 ea:
865 1925 1048 1978 genere
1079 1918 1278 1962 terreno
1308 1907 1450 1961 illius
1475 1907 1563 1978 qui
1607 1906 1748 1974 prior
1777 1908 1945 1977 [actus
1979 1913 2085 1969 est,
2109 1912 2158 1958 et

550 2002 606 2056 iu
643 2010 814 2056 ventre
840 2003 1018 2056 matris
1056 2000 1314 2070 ﬁguratus
1353 2014 1471 2056 sunt
1499 2013 1620 2052 caro
1646 2014 1665 2052 :
1691 1995 1866 2051 decem
1907 1995 2163 2050 mensium

552 2103 776 2166 tetnpore
795 2096 1100 2164 coagulatus
1141 2111 1255 2148 sum
1283 2094 1336 2148 in
1360 2093 1632 2165 sanguine,
1666 2108 1733 2148 ea:
1761 2092 1955 2146 semine
1993 2089 2164 2144 homi-

553 2188 661 2251 nis,
691 2196 739 2242 et
774 2187 1146 2242 delectamento
1180 2187 1348 2242 somni
1374 2185 1702 2241 conveniente
1739 2199 1757 2239 :
1795 2194 1842 2238 et
1884 2199 1977 2256 ego
2011 2191 2162 2237 natus

553 2280 704 2334 hausi
730 2295 1053 2335 communem
1076 2296 1270 2345 aerem,
1303 2289 1352 2335 et
1387 2278 1628 2334 similiter
1656 2277 1711 2331 in
1741 2286 1929 2331 terram
1970 2275 2161 2343 decidi,

553 2384 601 2430 et
642 2377 864 2446 primam
894 2391 1069 2431 vocem
1103 2374 1322 2429 similent
1367 2373 1604 2428 omnibus
1642 2372 1787 2428 emisi
1821 2371 2035 2444 plorans
2065 2386 2082 2423 :
2108 2370 2163 2422 in

551 2468 918 2525 involumentis
957 2469 1184 2523 nutritus
1206 2485 1353 2533 sum,
1384 2477 1431 2522 et
1469 2467 1611 2521 curis
1637 2466 1860 2537 magnis.
1913 2466 1980 2522 Et
2011 2463 2164 2519 addi-

554 2559 637 2615 dit
664 2577 678 2614 :
710 2558 879 2614 Nemo
910 2560 1046 2616 enim
1072 2576 1140 2616 ea:
1165 2560 1367 2630 regibus
1397 2557 1654 2616 diversum
1683 2558 1858 2612 [tabuit
1881 2555 2164 2612 nativitatis

556 2653 782 2708 initium.
823 2651 968 2707 Unus
997 2669 1116 2726 ergo
1146 2652 1387 2708 omnibus
1407 2661 1482 2710 est
1514 2653 1760 2706 introitus
1791 2650 2071 2706 nativitatis
2093 2649 2165 2702 ad

556 2745 736 2812 vitam,
764 2756 811 2800 et
839 2745 1025 2801 similis
1057 2747 1248 2802 exitus.
1275 2745 1432 2818 (Sap.
1466 2744 1611 2810 vu,i
1659 2753 1704 2798 et
1742 2745 1894 2815 seq.).
1935 2744 1999 2800 Et
2040 2741 2165 2811 quia

555 2836 693 2894 vidit
720 2853 1011 2893 commune
1037 2853 1159 2893 esse
1201 2839 1499 2894 nativitatis
1527 2837 1834 2905 exordium,
1859 2834 2165 2894 elaboravit

555 2943 676 2984 esse
707 2931 885 2998 portio
913 2931 1030 2995 Dei,
1066 2939 1122 2986 et
1149 2930 1459 2993 invocavit,
1490 2940 1544 2986 et
1577 2932 1723 2986 venit
1756 2931 1806 2986 in
1850 2947 1972 2986 eum
2003 2931 2166 3002 spiri-

559 3031 644 3076 tus
674 3023 962 3092 sapientiae
987 3022 1177 3093 (Ibid.,
1213 3026 1289 3092 7).
1329 3025 1433 3080 Sed
1463 3025 1728 3079 luxuriosi
1759 3027 1920 3080 aliam
1956 3037 2161 3095 partem

558 3115 795 3184 eligunt,
830 3116 918 3185 qui
965 3114 1198 3172 dicunt:
1244 3117 1372 3172 Vino
1403 3118 1625 3186 pretiosa
1667 3126 1715 3174 et
1758 3121 2030 3191 unguentis
2071 3136 2164 3174 nos

2266 1911 2488 1958 sanctus
2532 1903 2790 1973 propheta
2841 1903 3040 1967 David,
3073 1915 3225 1961 recte
3270 1905 3348 1959 ait
3389 1923 3402 1958 :
3446 1902 3574 1960 Dixi
3610 1905 3875 1962 custodire

2267 1997 2429 2070 legem
2457 2007 2600 2051 tuam
2631 2013 2650 2052 :
2679 1997 2977 2066 Spiritalem
3009 1999 3196 2068 utique
3237 1999 3408 2068 legem
3432 1997 3596 2066 dicit,
3630 1997 3774 2053 sicut
3809 2007 3871 2055 et

2267 2087 2464 2144 Paulus
2494 2088 2753 2145 ostendit.
2786 2088 2922 2144 Nam
2950 2092 3040 2161 qui
3065 2091 3427 2160 corporaliter
3459 2091 3659 2161 Legem
3703 2089 3873 2146 inter-

2268 2183 2462 2254 pretati
2511 2194 2678 2250 sunt,
2709 2199 2816 2240 non
2858 2183 3170 2240 custodiunt
3211 2183 3440 2257 Legem',
3471 2183 3569 2242 sed
3615 2184 3874 2255 praevari-

2266 2285 2480 2333 Cantur.

2338 2372 2425 2428 16.
2465 2370 2654 2442 (Vers.
2687 2369 2808 2442 58.)
2844 2370 3129 2426 Veniamus
3164 2369 3231 2424 ad
3271 2369 3568 2426 secundum
3603 2383 3867 2438 versum,

2266 2463 2358 2535 qui
2388 2465 2458 2518 ita
2483 2473 2570 2519 est
2599 2481 2612 2518 :
2643 2461 2970 2534 Deprecabar
2991 2463 3188 2518 vultum
3211 2471 3389 2530 tuum,
3412 2459 3664 2529 Domine,
3687 2461 3740 2514 in
3764 2468 3873 2515 toto

2265 2559 2422 2615 corde
2457 2575 2572 2614 meo
2609 2576 2627 2613 :
2678 2559 2920 2612 miserere
2951 2557 3050 2612 mei
3083 2556 3362 2611 secundum
3404 2555 3664 2627 eloquium
3699 2564 3869 2608 tuum.

2267 2654 2520 2723 Legimus
2559 2654 2612 2710 in
2654 2653 2826 2708 veteri
2860 2651 3213 2708 Testamento
3246 2650 3390 2720 quod
3426 2649 3754 2719 deprecatus
3800 2646 3876 2704 sit

2267 2749 2476 2820 Moyses
2509 2757 2567 2803 ut
2588 2749 2795 2804 vultum
2822 2749 2913 2802 Dei
2947 2747 3193 2814 videret,
3219 2755 3275 2801 et
3302 2759 3625 2814 reSpousum
3663 2743 3733 2798 sit
3767 2743 3820 2798 ei
3853 2759 3868 2798 :
3939 2806 3953 2822 .

2273 2843 2437 2898 Nemo
2454 2843 2640 2898 videbit
2673 2843 2855 2914 faciem
2882 2857 3072 2904 meum,
3091 2851 3138 2896 et
3157 2842 3282 2895 vivet
3307 2839 3504 2911 (Exod.
3528 2853 3695 2894 xxsttt
3711 2876 3730 2904 ,
3751 2835 3870 2907 20).

2268 2938 2493 3010 Mystice
2527 2937 2628 2992 hoc
2663 2938 2893 3006 primum
2936 2934 3325 3002 intelligamus.
3365 2932 3576 3002 Moyses
3616 2929 3771 3000 Legis
3804 2927 3872 2982 li-

2265 3049 2454 3105 guram
2506 3033 2719 3102 accepit
2759 3048 2772 3085 :
2807 3029 2919 3085 Lex
2963 3044 3058 3099 per
3097 3028 3308 3084 occulta
3362 3025 3615 3098 mysteria
3660 3021 3874 3078 nuntiat

2268 3128 2540 3182 Christum
2565 3167 2579 3192 ,
2613 3141 2719 3178 non
2761 3135 2942 3179 autem
2975 3122 3113 3179 faeie
3152 3122 3218 3176 ad
3265 3119 3456 3176 faciem
3488 3119 3828 3175 demonstrat
3850 3157 3867 3184 ,

555 3214 884 3283 impleamus,
915 3225 1088 3271 etnon
1113 3225 1380 3288 prwtereat
1401 3233 1494 3272 nos
1520 3218 1620 3288 ﬂos
1643 3219 1906 3288 temporis.
1934 3217 2163 3274 Coroue-
2191 3198 2236 3262 C
2269 3222 2409 3275 sicut
2431 3218 2782 3288 Evangelium
2808 3216 3223 3272 demonstravit.
3246 3216 3302 3270 In
3330 3215 3450 3284 ipso
3472 3216 3614 3269 enim
3641 3211 3779 3268 facie
3800 3210 3868 3267 ad

558 3323 672 3360 mus
710 3323 802 3360 nos
848 3308 1006 3373 rosis,
1038 3319 1314 3378 antequam
1356 3321 1672 3364 marcescant
1703 3308 1857 3381 (Sap.
1887 3325 1925 3365 tt
1947 3349 1962 3374 ,
1999 3311 2051 3375 7,
2082 3308 2161 3381 8).

558 3398 628 3454 Et
675 3399 810 3455 infra
859 3417 872 3454 :
926 3400 1185 3468 Quoniam
1235 3402 1346 3456 lucc
1383 3418 1506 3470 pars
1553 3411 1760 3468 nostra,
1801 3414 1848 3457 et
1897 3403 2006 3458 lucc
2051 3419 2165 3458 sors

558 3492 748 3562 una,
774 3493 856 3561 9).

633 3587 720 3646 ili.
749 3586 922 3654 Quam
947 3603 1197 3657 magnum
1223 3599 1580 3647 contemnere
1602 3590 1822 3648 divitias
1846 3609 1859 3648 :
1879 3591 1971 3648 sed
2001 3607 2160 3663 quam

557 3695 744 3737 rarum
777 3679 879 3736 hoc
902 3680 1077 3749 ipatm
1104 3683 1220 3736 est!
1255 3681 1452 3753 Utique
1479 3690 1534 3737 et
1572 3683 1784 3754 Moyses
1819 3685 1990 3753 potuit
2015 3685 2160 3755 regis

559 3785 684 3830 esse
730 3785 1054 3838 successor,
1083 3774 1326 3829 nutritus
1363 3791 1393 3830 a
1437 3777 1579 3846 regis
1619 3776 1750 3830 ﬁlia.
1797 3776 1978 3833 Potuit
2028 3794 2160 3850 ergo

558 3879 683 3919 esse
715 3878 823 3920 non
855 3865 1030 3922 solum
1059 3863 1088 3906 ι)
1114 3867 1267 3936 quasi
1299 3867 1510 3924 Pharao
1538 3910 1554 3934 ,
1579 3869 1674 3924 sed
1712 3870 1876 3925 etiam
1908 3870 2155 3940 Pharao,

559 3966 615 4012 et
655 3956 870 4016 Pharao
914 3961 1086 4028 potuit
1131 3975 1249 4016 esse
1279 3963 1424 4018 sicut
1465 3963 1712 4036 Moyses;
1746 3973 1974 4037 uterque
2012 3967 2158 4022 enim

560 4049 725 4110 homo
759 4070 772 4110 :
814 4053 911 4109 sed
953 4055 1135 4112 omnis
1165 4057 1408 4125 potentia
1447 4055 1684 4114 hominis
1725 4059 1776 4114 in
1817 4059 2013 4115 atl‘ectu
2049 4068 2158 4116 est.

558 4143 775 4217 Moyses
803 4145 976 4204 noluit
1005 4162 1097 4203 rex
1123 4161 1268 4215 eSse,
1293 4165 1414 4204 cum
1437 4159 1621 4218 posset
1649 4167 1662 4206 :
1694 4151 1788 4206 sed
1810 4151 2158 4221 opprobrium

557 4237 761 4296 Christi
814 4239 1083 4296 thesauris
1122 4240 1345 4314 [Egypti
1394 4243 1688 4298 arbitratus
1730 4253 1818 4298 est
1869 4244 2162 4313 prtuferen-

557 4333 683 4390 dum
717 4352 730 4388 ε
763 4333 858 4390 sed
902 4333 1159 4406 fugiendo
1191 4337 1520 4404 potentiam.
1554 4338 1826 4406 potentior
1849 4337 2019 4394 factus
2046 4348 2160 4404 est;

558 4429 738 4486 factus
766 4438 850 4488 est
875 4429 1024 4486 enim
1057 4429 1111 4486 in
1143 4429 1302 4486 deum
1329 4429 1445 4500 regi
1472 4428 1709 4486 Pharao.
1736 4429 1851 4488 lies
1873 4441 1990 4486 erat
2015 4430 2161 4486 Pha-

2269 3313 2458 3368 faeietn
2492 3311 2850 3381 loquebatur;
2879 3311 3007 3366 licet
3032 3312 3085 3363 in
3114 3308 3408 3377 Evangelia
3432 3307 3596 3362 homo
3623 3315 3780 3359 natus
3801 3319 3869 3360 ex

2269 3408 2490 3479 Virgine
2511 3406 2842 3478 apparuerit.
2873 3403 3112 3460 Verbum
3143 3413 3324 3457 autem
3353 3416 3415 3456 se
3447 3415 3543 3470 per
3578 3383 3748 3468 Opera.
3773 3398 3868 3454 de-

2269 3502 2673 3557 monstraverit.
2707 3500 2776 3555 Et
2804 3500 3032 3554 fortasse
3063 3497 3166 3553 hoc
3199 3495 3536 3552 declaratum
3564 3493 3630 3548 sit
3655 3491 3822 3563 Moysi
3849 3531 3866 3558 ,

2265 3594 2408 3666 quod
2441 3594 2677 3664 poltulus
2720 3589 3032 3646 Iudaeorum
3075 3589 3378 3646 moriturus
3406 3593 3587 3650 esset,
3631 3594 3685 3640 et
3723 3582 3868 3653 quod

2267 3688 2404 3741 facie
2433 3685 2500 3740 ad
2530 3685 2720 3740 faciem
2739 3684 3015 3738 Christum
3042 3681 3288 3746 vidisset,
3309 3689 3366 3736 et
3388 3694 3495 3734 non
3518 3675 3864 3733 credidisset.

2265 3779 2420 3849 Quod
2449 3779 2495 3833 si
2521 3777 2586 3832 ad
2609 3777 2808 3843 Legem
2840 3775 3068 3841 referas,
3099 3775 3262 3829 etiam
3298 3774 3418 3828 linis
3441 3771 3597 3842 Legis
3613 3769 3867 3826 Christus

2263 3883 2379 3941 est,
2406 3871 2705 3930 secundum
2734 3870 2864 3926 illud
2891 3869 3258 3940 Apostolicum
3286 3887 3299 3924 :
3324 3863 3351 3906 δ
3376 3866 3525 3922 Finis
3549 3865 3686 3920 enim
3713 3863 3869 3919 Chri-

2264 3978 2376 4022 stus
2406 3975 2480 4020 est
2509 3964 2790 4020 secundum
2821 3962 3008 4033 Legem
3039 3962 3180 4016 omni
3207 3959 3433 4016 credenti
3459 3959 3639 4030 (Rom.
3670 3972 3706 4013 κ
3726 3999 3739 4019 .
3779 3956 3864 4026 4).

2268 4060 2333 4114 Et
2358 4070 2571 4114 mortua
2601 4064 2690 4112 est
2712 4055 2870 4127 Legis
2893 4054 3274 4125 interpretatio
3295 4052 3614 4122 corporalis.
3650 4049 3738 4105 ubi
3760 4049 3867 4104 Do-

2270 4153 2448 4209 minus
2491 4152 2744 4207 Christus
2788 4149 2947 4206 Jesus
2987 4148 3288 4217 spiritalem
3337 4146 3457 4216 ejus
3495 4145 3725 4216 gratiam
3767 4142 3868 4198 de-

2269 4245 2608 4300 monstravit.
2634 4242 2733 4299 Vel
2759 4251 2908 4299 eerte
2931 4241 3055 4312 quia
3084 4253 3276 4297 omnes
3306 4239 3398 4308 qui
3428 4237 3706 4294 Christum
3733 4234 3868 4289 vidi-
3910 4254 3912 4256 ν

2270 4355 2414 4404 mus,
2459 4347 2514 4393 et
2556 4337 2812 4406 baptizati
2858 4337 2911 4391 in
2948 4334 3401 4399 Christosumus,
3446 4331 3643 4387 mortui
3674 4343 3865 4386 sumus

2271 4442 2535 4504 peccato;
2577 4433 2703 4503 quia
2751 4432 3003 4486 viventes
3043 4430 3202 4502 Legis
3247 4427 3479 4484 vinculis
3520 4425 3858 4482 tenebamur.

631 4617 657 4645 ει
681 4607 841 4686 Rom.
869 4606 1028 4673 edit.,
1048 4607 1170 4675 quia
1191 4623 1295 4686 no_n
1315 4616 1434 4662 sunt
1457 4619 1775 4686 consttntptte
1800 4610 2151 4686 miserationes
2175 4625 2229 4686 ι)
2255 4628 2375 4670 eum
2408 4614 2542 4669 Lmt.
2587 4622 2644 4670 et
2689 4614 2821 4671 Nav.
2882 4613 3136 4682 alterius,
3167 4631 3288 4686 quas
3342 4612 3595 4686 proinde,
3620 4613 3674 4668 in
3722 4627 3860 4686 cono

556 4681 688 4751 ejus.
729 4679 863 4733 Aliae
898 4686 950 4751 et
995 4689 1231 4751 mss_._n_t_
1255 4678 1308 4732 in
1354 4680 1670 4751 texttt.'Sed
1717 4690 1946 4750 utraque
1990 4682 2151 4739 lectio

556 4748 757 4804 exoriri
789 4749 962 4812 potuit
996 4765 1060 4803 ex
1092 4748 1259 4811 LXX,
1288 4751 1374 4818 qui
1407 4749 1484 4805 sic
1513 4752 1781 4817 scribunt,
1815 4748 1892 4809 6+.
1919 4755 1974 4809 οὐ
2001 4777 2152 4811 συνε-

555 4823 868 4897 egissem»
888 4822 935 4875 el
962 4824 1212 4897 οἰκειρμοὶ
1235 4823 1426 4897 aeros;
1457 4824 1848 4897 quod_utroqtte
1874 4826 2036 4897 modo
2059 4843 2154 4881 ex-

557 4893 768 4964 plicari
800 4903 997 4964 potest.
1041 4890 1306 4947 Cit-terum
1351 4894 1396 4948 si
1441 4895 1563 4959 quis
1605 4890 1776 4959 hujus
1797 4896 1902 4952 loci
1941 4898 2103 4952 verba
2134 4938 2150 4964 ,

557 4975 718 5032 prout
758 4962 845 5036 hic
864 4963 1094 5036 iacent,
1125 4978 1248 5036 cum
1283 4963 1347 5017 iis
1366 4965 1578 5036 quibus
1610 4967 1931 5036 exprimitur
1976 4969 2026 5022 in
2069 4962 2158 5022 sa-

555 5031 663 5089 eris
685 5033 984 5098 codicibus,
1014 5034 1262 5089 conferre
1291 5031 1542 5104 voluerit,
1579 5031 1992 5094 non'minimam
2018 5041 2156 5096 inter

555 5105 651 5159 illa
682 5107 915 5172 reperiet
943 5106 1383 5173 discrepantiam.

625 5176 653 5218 δ
677 5178 749 5251 lt_a
773 5189 776 5192 ‘
798 5192 930 5234 mss.
971 5193 1182 5251 omnes.
1212 5177 1355 5251 Edjt.
1375 5219 1391 5244 ,
1420 5193 1554 5235 vero
1598 5182 1747 5251 quasi
1786 5181 1996 5237 Pharao
2021 5223 2036 5248 ,
2063 5183 2153 5237 sed

551 5248 664 5317 ipse
691 5245 896 5304 Pharao
922 5250 1088 5322 potuit
1119 5248 1533 5322 esse.A_Uterque.
1567 5245 1672 5310 etc.
1715 5253 1825 5310 Sed
1864 5245 2152 5312 lectio-nem

552 5332 795 5374 nOStratn
827 5319 1084 5388 praestare
1118 5319 1461 5376 manifestum
1485 5333 1588 5380 est.

626 5418 648 5445 '-
679 5407 814 5483 _Atn.
847 5416 1007 5478 atque
1033 5410 1157 5464 Era.
1181 5427 1302 5483 cum
1342 5413 1574 5468 maxima
1606 5429 1735 5468 mss.
1773 5422 1924 5483 parte
1953 5432 1965 5468 :
2001 5412 2071 5468 Et
2099 5425 2153 5469 tu

551 5481 599 5532 si
642 5480 717 5554 vis
754 5479 882 5533 deus
923 5481 1275 5550 peccatoribus
1315 5499 1422 5537 esse
1463 5486 1674 5539 terroris
1706 5479 1900 5554 (ll-15%.,
1947 5486 2155 5554 terrori)

550 5551 759 5623 regibus
786 5553 1192 5623 reverentiretut
1215 5595 1228 5619 ,
1259 5563 1364 5608 etc.
1397 5554 1537 5608 Edit.
1581 5551 1724 5611 Gill.
1742 5573 1805 5611 ac
1837 5557 2031 5621 Rom.,
2078 5551 2148 5611 Et

553 5621 676 5697 tusi
706 5623 778 5697 nis
808 5632 1066 5687 tamquam
1095 5621 1236 5697 Deus
1258 5627 1608 5694 peccatoribus
1633 5644 1743 5697 esse
1775 5628 1984 5690 terrori,
2012 5629 2148 5697 regi-

552 5695 678 5762 bus;
704 5692 899 5756 Rom.,
944 5703 990 5746 et
1028 5695 1229 5762 regibus
1260 5692 1579 5752 reverentiae.
1624 5695 1823 5752 Verum
1861 5715 1982 5753 eum
2032 5692 2148 5755 hinc

549 5766 712 5820 lectio
753 5779 882 5820 mss.
931 5764 1188 5835 suﬂ'ragio
1227 5764 1580 5832 destituatur,
1624 5780 1678 5823 et
1730 5770 1817 5824 illa
1862 5786 1970 5825 non
2014 5773 2144 5826 Satis

548 5835 769 5918 plenum
801 5834 994 5890 offerat
1021 5834 1274 5905 sensum,
1309 5838 1479 5910 magis
1516 5839 1769 5910 placuere
1800 5841 1963 5904 verba
1994 5842 2146 5904 codi-

2257 4694 2476 4767 textumr
2519 4687 2978 4767 transcripsimus.
3045 4687 3157 4742 Nec
3188 4685 3385 4767 tamen
3440 4685 3694 4767 diSpIicet
3731 4685 3858 4742 cod.

2256 4757 2391 4842 Reg:
2445 4759 2516 4812 ita
2567 4760 2882 4832 przel'erens.
2912 4801 2925 4814 .
3109 4759 3313 4830 regibus
3368 4757 3550 4812 terrori
3598 4772 3661 4810 ac
3716 4773 3860 4810 rere-

2257 4841 2458 4884 rentur.

2327 4917 2355 4957 δ
2395 4923 2551 4978 Rom.
2603 4923 2768 4991 edit.,
2819 4921 2967 4977 Finis
3017 4923 3152 4976 enim
3192 4920 3344 4990 Legis
3389 4931 3462 4974 est
3507 4917 3742 4973 Christus
3787 4919 3856 4973 ad

2249 4995 2508 5065 justitiam
2534 4997 2674 5049 omni
2704 4998 2950 5050 credenti.
2977 4995 3046 5048 Et
3065 4995 3150 5048 hic
3171 4993 3394 5065 quidem
3417 4992 3463 5045 ei
3488 4991 3670 5046 favent
3695 5001 3857 5065 quot-

2258 5076 2390 5136 quot
2420 5082 2562 5123 nttnc
2589 5077 2802 5122 exstant
2837 5066 3178 5122 Paulinarum
3201 5064 3557 5136 epistolarum
3582 5063 3858 5136 exempla-

2257 5135 2358 5207 ria,
2389 5139 2553 5191 immo
2581 5149 2634 5194 et
2661 5138 2978 5192 Ambrosius
3024 5138 3136 5207 ipse
3167 5153 3329 5206 supra
3379 5135 3555 5189 Serm.
3591 5135 3655 5194 5,
3701 5150 3850 5207 num.

2254 5205 2360 5272 2‘2,
2412 5220 2572 5278 atque
2623 5208 2788 5272 alibi;
2835 5205 3249 5275 placuittamen
3286 5222 3419 5260 mss.
3453 5220 3515 5259 ac
3562 5214 3668 5259 vet.
3719 5205 3850 5278 edit.

2256 5276 2497 5334 omnium
2544 5282 2831 5334 lectionem
2865 5295 2969 5332 non
2999 5278 3275 5333 deserere.
3315 5278 3510 5332 lterum
3555 5285 3677 5344 post
3719 5276 3856 5330 duos

2257 5367 2468 5408 versus.
2501 5367 2633 5408 mss.
2667 5362 2875 5419 septem
2897 5389 2914 5413 ,
2941 5351 3028 5421 qui
3056 5353 3107 5406 in
3137 5350 3399 5405 Christum
3424 5349 3702 5421 credimus.
3743 5347 3871 5408 Sed-

2255 5421 2436 5477 forsan
2469 5423 2603 5477 alios
2635 5439 2765 5477 mss.
2795 5433 2848 5476 et
2872 5419 3094 5478 cunctas
3120 5423 3252 5480 edit.
3287 5421 3365 5476 sic
3386 5419 3668 5476 emendari
3691 5435 3855 5489 opor-

2257 5503 2372 5549 tere
2403 5496 2575 5548 visum
2607 5493 2962 5559 scriptoribus
2983 5537 2998 5559 ,
3044 5493 3186 5565 quod
3224 5511 3327 5546 non
3359 5492 3852 5565 cogitarent_supe-

2251 5567 2362 5620 rius
2393 5566 2626 5634 positum
2651 5609 2665 5629 ,
2700 5568 2750 5618 in
2779 5561 3075 5636 Evangelia
3097 5567 3373 5636 Christum,
3399 5563 3538 5636 faeie
3563 5563 3628 5615 ad
3659 5561 3852 5636 faciem

2250 5632 2631 5692 demonstrari.
2663 5637 2850 5706 Itaque
2881 5632 3006 5704 post
3048 5638 3211 5691 verba
3243 5654 3258 5692 :
3289 5635 3376 5706 qui
3415 5632 3680 5690 Christum
3720 5633 3854 5687 vidi-

2251 5725 2391 5780 mus.
2449 5705 2793 5780 sultintellige.
2855 5711 2906 5765 in
2953 5709 3273 5778 Ev:utgelio.
3317 5705 3437 5763 Non
3483 5706 3626 5764 male
3670 5716 3850 5780 tamen

2250 5779 2385 5852 Reg.
2417 5780 2541 5837 cod.
2577 5782 2663 5854 qui
2691 5779 2897 5859 Christo
2922 5783 3158 5837 vivimus.
