4070 6464
203 329 230 383 1
245 327 363 384 50!

1326 326 1394 382 lN
1434 323 1762 385 PSALMUM
1799 317 2016 387 CXVIII
2056 319 2438 390 Exrosmo.

3397 340 3542 398 1502

197 443 320 500 Ubi
354 453 543 502 autem
575 446 627 501 in
656 443 876 502 Christo
902 444 1103 499 mortui
1132 455 1351 511 sumus,
1387 444 1700 500 mortiﬁcati
1728 446 1834 502 uti-
1859 451 1905 513 Α
1939 450 1989 504 in
2017 449 2213 521 gloria,
2244 453 2429 524 surget
2457 453 2509 509 in
2545 449 2779 522 trirtute,
2819 455 3007 529 surget
3035 459 3236 531 Corpus
3267 453 3539 530 spiritale.

197 553 321 609 que
367 553 560 595 sumus
601 539 727 611 Legi
778 553 872 609 per
910 551 1110 608 corpus
1153 537 1390 604 Christi;
1435 547 1494 592 ut
1539 538 1710 592 simus
1751 538 1830 594 alt

200 634 396 687 terius
427 633 522 704 qui
559 648 624 688 ex
677 631 906 687 mortuis
945 633 1271 688 resurrexit.
1324 630 1433 688 Sed
1484 631 1587 687 hoc
1640 632 1832 704 mysti-

197 740 340 783 cum
398 738 509 784 εει.

280 822 382 876 17.
434 824 638 879 Morale
665 832 847 878 autem
869 863 883 889 ,
925 821 1166 877 historiae
1197 821 1398 876 veteris
1428 817 1557 876 facit
1583 834 1682 876 nos
1719 833 1832 877 me-

193 913 459 971 minisse
485 915 708 983 debere,
740 929 865 982 qum
893 925 976 969 est
1005 914 1073 968 de
1100 923 1287 968 sancto
1314 913 1498 984 Moyse
1517 956 1532 979 ,
1558 914 1648 984 qui
1676 927 1832 984 roga-

194 1009 284 1062 vit
318 1007 504 1065 Deum
535 1021 592 1064 ιιι
620 1024 680 1064 se
706 1009 1105 1064 demonstraret
1132 1009 1180 1063 ei
1213 1007 1354 1061 Deus
1375 1047 1390 1070 ,
1419 1013 1475 1060 et
1501 1017 1556 1059 ut
1599 1004 1735 1060 facie
1763 1005 1829 1059 ad

196 1100 416 1159 faciem
461 1120 582 1158 eum
609 1102 840 1158 videret.
875 1103 1041 1157 Norat
1079 1102 1263 1170 utique
1293 1111 1512 1154 sanctus
1543 1111 1695 1155 vates
1728 1099 1832 1154 Do-

197 1195 350 1250 mini
386 1195 536 1266 quod
573 1195 900 1250 invisibiletn
931 1196 1096 1247 Deutn
1139 1191 1277 1248 facie
1311 1191 1377 1246 ad
1409 1191 1604 1247 [aciem
1645 1190 1831 1246 videre

200 1303 323 1342 non
359 1297 553 1358 pas-set
582 1305 595 1342 :
629 1289 724 1343 sed
756 1286 972 1341 devotio
995 1296 1180 1340 sancta
1207 1300 1516 1340 mensuram
1545 1297 1833 1353 supergreu

201 1381 388 1444 ditur,
425 1391 480 1436 et
526 1379 730 1448 putavit
769 1381 879 1434 Deo
920 1378 1084 1433 etiam
1118 1377 1222 1432 hoc
1268 1391 1391 1432 esse
1436 1376 1728 1446 possibtle,
1771 1384 1831 1430 ut

204 1477 512 1546 corporeis
554 1474 726 1530 oculis
773 1474 972 1528 faceret
1020 1473 1069 1526 id
1104 1473 1248 1541 quod
1291 1481 1374 1526 est
1421 1473 1826 1542 incorporeum,

206 1566 639 1638 comprehendi.
669 1565 784 1621 Non
819 1573 902 1619 est
932 1564 1140 1637 1062
1165 1564 1606 1632 reprehensihilis
1629 1563 1717 1618 hic
1744 1577 1830 1618 er-

206 1675 335 1723 ror,
393 1659 491 1714 sed
538 1661 698 1714 etiam
743 1666 896 1727 grata
944 1658 1211 1728 cupiditas
1259 1664 1420 1727 atque
1464 1655 1826 1722 inexitiabilis,

206 1753 364 1824 quod
413 1754 694 1807 Dominum
734 1766 893 1807 suum
932 1753 1082 1806 velut
1111 1767 1272 1806 manu
1303 1761 1522 1814 tenere,
1553 1760 1607 1804 et
1635 1752 1827 1805 obtutu

1935 541 2034 609 Qui
2068 557 2197 615 ergo
2229 545 2344 602 haec
2390 547 2530 603 scire
2559 553 2798 615 poterat.
2832 550 3030 604 merito
3074 547 3438 622 praesumebat
3478 561 3539 608 ut

1931 636 2140 690 vultum
2171 635 2264 692 Dei
2293 639 2478 696 videre
2510 651 2753 710 cuperet,
2784 651 2944 714 quem
2973 649 3118 700 esset
3159 644 3304 699 obita
3342 655 3540 718 corpo-

1931 730 2008 785 ris
2037 741 2212 786 morte
2238 733 2475 789 visurus.
2514 728 2699 790 ΤειΙιιηι
2730 749 2879 793 certe
2909 738 3072 793 etiam
3124 737 3353 794 fortnam
3386 755 3540 797 rece-

1932 836 2103 897 perat,
2140 826 2300 881 talem
2337 826 2595 884 Dominus
2621 831 2730 899 jam
2763 829 3060 902 probabat,
3090 843 3145 888 ut
3169 847 3276 888 non
3309 833 3541 888 distaret

1930 919 1998 973 ab
2024 919 2227 989 angelis
2257 919 2493 976 cmlestis
2522 919 2772 978 minister
2799 938 2854 980 et
2877 934 3168 981 exsecutor
3189 928 3416 982 oraculi.
3465 927 3536 982 Et

1931 1011 2055 1068 ideo
2083 1027 2204 1067 cum
2233 1012 2400 1067 sciret
2443 1014 2568 1084 quia
2600 1016 2774 1086 angeli
2821 1019 3144 1086 pusillorum
3179 1019 3419 1088 quotidie
3452 1019 3531 1072 vi-

1935 1103 2126 1160 derent
2154 1105 2346 1161 faciem
2392 1105 2567 1161 Patris
2595 1109 2684 1178 qtti
2720 1109 2772 1164 in
2822 1111 2977 1166 ctelis
3007 1120 3118 1176 est,
3155 1113 3357 1182 putavit
3393 1109 3537 1183 quod

1927 1200 2038 1272 jam
2071 1216 2188 1256 eam
2212 1200 2396 1255 videre
2423 1201 2678 1266 deberet,
2713 1211 2986 1274 tamquam
3018 1205 3220 1260 oblitus
3261 1205 3532 1272 corporis,

1932 1305 1988 1352 et
2018 1309 2180 1349 carne
2223 1293 2505 1363 deposita,
2540 1295 2682 1350 sicut
2726 1291 2817 1350 ille
2860 1295 2951 1365 qui
2984 1297 3038 1351 in
3085 1311 3316 1368 corpore
3361 1295 3538 1351 adhuc

1932 1389 2162 1458 positus,
2193 1402 2313 1442 cum
2341 1398 2628 1458 raperetur
2655 1388 2706 1442 in
2741 1387 3077 1458 paradisum,
3108 1400 3286 1443 utrum
3324 1389 3377 1444 in
3413 1403 3539 1444 cor-

1933 1497 2087 1552 pore,
2119 1482 2234 1537 sive
2261 1491 2410 1536 extra
2453 1493 2652 1552 corpus
2682 1489 2866 1546 raptus
2900 1494 3038 1536 esset
3071 1483 3136 1536 ad
3169 1486 3384 1536 tertium
3425 1498 3541 1539 etn-

1931 1576 2064 1638 ium,
2093 1575 2305 1629 nescire
2331 1589 2390 1630 se
2419 1571 2554 1630 dixit
2599 1574 2682 1642 (ll
2716 1573 2836 1629 Cor.
2868 1589 2942 1630 xu
2965 1618 2978 1636 ,
3028 1573 3115 1645 5).
3162 1573 3344 1629 Sancti
3389 1575 3536 1629 enim

1933 1671 2094 1725 etiam
2123 1683 2246 1724 cum
2274 1677 2471 1737 gerunt
2497 1683 2718 1736 corpus,
2752 1683 2860 1722 non
2887 1676 3014 1722 sunt
3043 1680 3221 1722 tamen
3254 1669 3306 1721 in
3349 1679 3538 1734 carne,

1932 1761 2026 1816 sed
2062 1763 2113 1814 itt
2147 1759 2370 1831 spiritu;
2404 1761 2660 1828 quoniam
2694 1760 2784 1828 qui
2818 1760 2870 1813 in
2892 1759 3192 1824 cupiditate
3217 1763 3273 1813 et
3301 1773 3536 1814 conver-

204 1845 506 1900 oculorum
545 1845 730 1900 videre
771 1844 1044 1911 cupiebat.
1080 1843 1300 1900 Sciebat
1341 1844 1407 1898 ad
1451 1844 1741 1914 imaginem
1771 1852 1827 1898 et
1858 1861 1902 1928 Β
1931 1855 2141 1909 satione
2191 1862 2319 1907 sunt
2366 1850 2592 1914 carnali,
2641 1852 2750 1907 Deo
2797 1851 3011 1920 placere
3053 1860 3159 1906 non
3208 1859 3454 1921 possunt.
3511 1863 3533 1889 ο

202 1938 632 1993 similitudinem
677 1938 769 1994 Dei
834 1939 1033 1992 factum
1075 1953 1198 1993 esse
1248 1937 1544 1992 hominem.
1597 1937 1827 2004 Quando

203 2033 365 2087 enim
400 2033 610 2088 electus
635 2048 665 2086 a
692 2032 924 2088 Domino
954 2032 1064 2086 Deo
1093 2042 1178 2086 est
1207 2032 1272 2086 ad
1305 2033 1563 2102 pupulum
1596 2031 1828 2087 liberan-

204 2124 372 2190 dum,
400 2125 656 2194 impletus
673 2135 755 2179 est
778 2124 971 2194 spiritu
991 2125 1294 2192 sapientiae.
1323 2124 1541 2180 Viderat
1571 2125 1825 2196 angelum
1876 2112 1885 2124 ’

204 2217 371 2272 illum
401 2227 458 2273 et
483 2218 672 2273 faciem
701 2218 820 2288 ejus
847 2218 1118 2289 ingloria.
1156 2218 1398 2290 Denique
1426 2219 1670 2291 fulgente
1709 2219 1827 2289 ejus

204 2312 450 2374 lumine.
487 2312 799 2382 pavefactus
819 2324 927 2374 est,
959 2323 1014 2367 et
1053 2314 1187 2368 vidit
1219 2317 1412 2368 rubum
1456 2316 1574 2382 uri,
1623 2323 1677 2369 et
1717 2329 1823 2370 non

205 2405 395 2460 exuri.
437 2413 463 2442 α
498 2404 680 2460 Visum
713 2405 882 2476 cmpit
913 2405 1291 2475 fulgoremque
1319 2405 1500 2460 mirari
1545 2421 1561 2462 :
1595 2405 1828 2462 accessit

207 2499 519 2569 cupiditate
547 2508 603 2554 et
627 2499 797 2568 gratia
825 2509 1184 2569 provocatus,
1223 2513 1277 2554 ut
1307 2500 1622 2570 diligentius
1653 2499 1827 2571 fulgm

207 2607 332 2646 rem
365 2591 519 2646 illum
555 2593 606 2646 in
639 2592 773 2647 rubo
800 2592 1194 2647 consideraret.
1224 2593 1410 2658 Itaque
1433 2594 1478 2646 si
1509 2602 1713 2646 tantum
1738 2606 1829 2647 ac-

211 2687 366 2751 cepit
391 2683 664 2746 ardorem,
689 2691 889 2736 tantam
913 2683 1076 2738 subiit
1106 2683 1483 2753 cupiditatem,
1509 2699 1631 2736 cum
1663 2697 1827 2752 angea

213 2776 331 2829 lum
367 2774 594 2830 vidisset
623 2775 676 2828 in
706 2773 922 2828 ﬂamma
953 2775 1090 2844 ignis
1117 2775 1185 2829 de
1209 2776 1372 2841 rubo,
1397 2785 1458 2829 ιιι
1478 2776 1604 2829 licet
1625 2789 1827 2844 pavore

213 2865 604 2935 apprehensus
643 2866 996 2920 coosiderare
1028 2882 1137 2920 noti
1167 2865 1430 2930 auderet,
1478 2866 1828 2921 considerare

218 2969 408 3013 tamen
439 2959 604 3014 vellet
635 2973 650 3012 :
683 2967 887 3027 quanto
918 2959 1087 3027 magis
1129 2957 1334 3012 vultum
1385 2958 1597 3012 Domini
1635 2971 1830 3028 corpo-

215 3052 415 3106 raliter
444 3051 628 3106 videre
657 3050 1026 3112 desiderabat.
1053 3050 1241 3105 dicens
1269 3052 1406 3105 intra
1437 3067 1498 3106 se
1528 3052 1734 3106 vultum
1766 3053 1828 3107 il-

211 3144 330 3198 lum
368 3143 590 3211 plenum
623 3143 792 3206 lucis,
828 3144 1046 3212 plenum
1077 3143 1301 3212 gloria,
1336 3143 1552 3211 plenum
1586 3145 1822 3210 virtutis,

1931 1946 2114 2002 Sancti
2145 1951 2326 2000 autem
2358 1945 2702 1999 conversatio
2732 1941 2784 1998 lu
2814 1957 2979 1998 carne
3025 1953 3131 1998 non
3159 1947 3298 2006 erat.
3332 1943 3427 1999 sed
3477 1941 3533 1998 in

1929 2039 2100 2104 cutio,
2134 2037 2271 2091 sicut
2302 2035 2508 2091 Paulus
2533 2035 2779 2090 ostendit
2809 2033 3036 2106 (Philip.
3075 2043 3166 2099 ιιι,
3196 2034 3312 2097 20).

2002 2129 2090 2186 l9.
2136 2129 2201 2184 Et
2231 2129 2355 2199 quid
2383 2127 2627 2182 dicamus
2657 2123 2724 2182 dc
2749 2126 3009 2195 probabili
3033 2127 3312 2182 desiderio
3343 2126 3554 2180 vultus.

1928 2221 2134 2278 divini?
2169 2221 2427 2276 Homines
2467 2221 2630 2274 etiam
2671 2219 2715 2274 si
2759 2231 2919 2289 quem
2953 2219 3230 2284 nobilem,
3280 2218 3324 2272 si
3370 2232 3536 2288 quem

1928 2314 2147 2378 fortem,
2200 2311 2246 2366 si
2292 2326 2449 2381 quem
2496 2309 2797 2380 sapientem
2845 2319 2968 2365 esse
3018 2310 3274 2375 audiunt,
3323 2305 3535 2382 1033

1928 2413 2203 2472 tamquam
2244 2417 2403 2474 supra
2433 2402 2707 2458 hominem
2739 2403 3105 2466 arbitrantes,
3136 2406 3534 2473 conettpiscuni

1927 2499 2134 2553 videre.
2170 2497 2420 2552 Procedit
2451 2497 2776 2566 imperator,
2817 2493 2843 2531 ά
2884 2498 3041 2563 cujus
3081 2495 3245 2566 regite
3277 2494 3534 2563 potestati

1928 2594 2220 2650 commissa
2252 2606 2375 2662 pars
2415 2602 2496 2646 est
2529 2591 2679 2645 orbis
2712 2601 3002 2656 terrarum,
3049 2599 3384 2645 concurrunt
3417 2605 3535 2642 om-

1930 2700 2046 2751 nes,
2101 2694 2158 2739 et
2203 2687 2254 2738 in
2304 2693 2454 2739 tanta
2496 2684 2844 2739 multitudine
2885 2684 3034 2738 illum
3067 2686 3243 2738 solum
3291 2685 3541 2752 aspicere

1929 2776 2192 2844 gestiunt,
2223 2784 2280 2830 et
2305 2775 2372 2828 de
2401 2774 2608 2845 fulgore
2632 2789 2883 2843 purpura:
2912 2775 3032 2842 plus
3052 2773 3307 2843 quiddam
3336 2787 3456 2827 esse
3481 2773 3537 2827 in

1931 2867 2082 2920 vultu
2133 2864 2477 2936 imperatoris
2517 2867 2853 2920 existimant.
2903 2865 3116 2919 Miraris
3161 2866 3205 2918 si
3255 2863 3350 2918 Dei
3394 2864 3543 2918 desi-

1931 2958 2188 3013 derabilis
2219 2959 2398 3011 vultus
2442 2965 2556 3024 est,
2587 2972 2711 3012 cum
2742 2958 3078 3012 conformem
3121 2957 3202 3010 sui
3255 2956 3533 3011 hominem

1934 3050 2202 3105 humanus
2246 3049 2426 3104 omnis
2457 3050 2687 3104 miretur
2717 3049 2982 3104 affectus?
3011 3048 3146 3102 Hine
3189 3046 3347 3101 datur
3378 3047 3542 3102 intele

1932 3143 2021 3212 ligi
2050 3142 2214 3197 etiam
2249 3142 2403 3202 illud,
2453 3142 2593 3212 quod
2637 3141 2950 3209 imperatori
2996 3142 3369 3209 unusquisque
3415 3140 3537 3194 nul.

212 3237 444 3307 plenum
495 3236 812 3290 divinitatis.
848 3233 874 3273 δ
922 3235 1040 3290 Non
1091 3235 1209 3305 plus
1254 3251 1470 3304 possunt
1521 3236 1703 3291 dicere
1743 3236 1822 3290 vel
1854 3252 1899 3323 ο
1934 3237 2035 3291 lius
2063 3251 2188 3291 reus
2209 3236 2452 3292 criminis
2481 3235 2644 3304 gestit
2673 3248 2986 3288 occurrere.
3016 3231 3151 3286 Nunt
3191 3233 3292 3286 etsi
3324 3232 3533 3285 crimen

211 3332 430 3386 sentire
457 3330 525 3384 de
553 3330 694 3395 Deo;
729 3327 856 3384 Cum
883 3329 1027 3385 enim
1057 3332 1486 3384 consummaverit
1508 3331 1681 3395 homo,
1707 3338 1826 3386 tunc

211 3423 400 3494 incipit
426 3438 446 3478 :
479 3432 662 3477 etcum
693 3423 916 3492 ﬁnierit,
962 3432 1081 3477 tunc
1119 3422 1440 3492 aporiabitnr
1472 3421 1642 3494 (Eccl.
1674 3439 1820 3488 xvut,

215 3515 274 3586 6)
305 3557 320 3581 ,
355 3525 414 3568 ut
444 3516 704 3583 scriptum
730 3523 844 3580 est,
873 3514 997 3585 quia
1025 3513 1593 3583 incomprehensibilis
1623 3524 1706 3569 est
1729 3515 1822 3570 Dei

217 3615 429 3662 mterna
465 3622 544 3659 ma
547 3605 740 3676 jestas.

1934 3331 2134 3384 habeat
2175 3329 2528 3392 conscientia,
2562 3337 2754 3399 tegunt
2796 3327 2931 3383 illud
2983 3337 3160 3382 tamen
3209 3325 3395 3382 cordis
3440 3337 3540 3382 oc-

1931 3425 2096 3491 culta,
2127 3421 2423 3477 dummodo
2452 3424 2668 3494 publico
2694 3437 2801 3476 non
2834 3423 2904 3476 sit
2930 3421 3206 3476 introlatus
3228 3432 3404 3484 reatu,
3436 3434 3541 3475 nec

1931 3518 2002 3572 sit
2027 3517 2246 3586 aliquod
2285 3516 2405 3586 ejus
2433 3517 2638 3570 crimen
2666 3528 2994 3584 expressum
3027 3529 3040 3565 :
3075 3512 3311 3582 denique
3339 3513 3428 3566 tthi
3458 3509 3542 3565 rei

1928 3612 2099 3681 aliqui
2137 3611 2338 3666 fuerint
2382 3619 2405 3647 θ
2437 3609 2708 3674 advocati,
2758 3617 2813 3664 et
2856 3607 3174 3678 imperatori
3207 3622 3267 3661 se
3310 3615 3366 3661 et
3407 3605 3542 3674 ipsis

293 3701 384 3756 18.
430 3699 624 3758 Irritus
651 3699 870 3769 quidem
901 3710 1019 3756 erat
1046 3701 1425 3771 postulationis
1455 3701 1700 3770 effectus,
1729 3703 1824 3759 sed
1921 3702 2196 3772 judicibus
2219 3701 2414 3757 oﬂ'erre
2435 3701 2792 3772 prohibentur
2817 3719 2829 3755 t
2855 3697 3315 3770 quemadmodum
3344 3707 3534 3767 turpes

216 3796 453 3851 allectus
483 3795 778 3865 probabilis
805 3797 982 3860 servi;
1029 3795 1149 3865 quia
1191 3796 1330 3850 ultra
1375 3806 1624 3851 naturam
1670 3812 1822 3852 suam

218 3887 516 3942 devotione
547 3901 864 3957 progressus
891 3885 960 3941 de
1004 3887 1218 3942 Domini
1250 3889 1457 3959 angelis
1498 3890 1826 3956 aestimabat,

218 3978 489 4052 quantum
519 3981 570 4035 in
596 3980 806 4035 Domini
836 3982 1044 4036 vultum
1078 3983 1196 4051 plus
1222 3983 1579 4050 desideraret,
1605 4000 1712 4055 quo
1735 4000 1826 4040 cu-

219 4073 512 4143 piditatem
557 4088 708 4126 suam
757 4074 984 4142 gestiret
1025 4075 1270 4142 explere.
1322 4075 1556 4130 Noverat
1605 4078 1657 4130 in
1711 4078 1827 4146 ipso

221 4165 452 4220 homine
482 4165 642 4218 aliam
673 4174 792 4233 post
839 4174 1067 4219 mortem
1101 4164 1336 4220 futuram
1369 4167 1599 4236 gloriam
1621 4206 1635 4231 ,
1665 4167 1826 4221 aliam

220 4257 556 4312 claritatem.
587 4256 742 4311 Sicut
767 4257 909 4311 enim
941 4257 1093 4310 stella
1125 4273 1154 4310 a
1186 4258 1340 4311 stella
1368 4257 1421 4312 in
1444 4259 1692 4313 claritate
1721 4269 1825 4324 est,

222 4352 299 4406 ita
331 4359 387 4406 et
411 4349 743 4405 resurrectio
767 4361 1102 4404 mortuorum
1133 4367 1146 4404 :
1176 4365 1296 4420 quae
1319 4351 1418 4405 etsi
1449 4351 1746 4408 seminatur
1773 4353 1824 4408 itt

223 4444 607 4516 corruptione,
636 4452 822 4516 surget
855 4452 1029 4500 tamen
1058 4444 1110 4500 in
1156 4446 1602 4516 incorruptione,
1644 4456 1828 4518 surget

1927 3797 2183 3852 lenonum
2225 3797 2683 3866 merctricumque
2732 3809 2980 3864 persona)
3023 3809 3053 3846 a
3098 3801 3395 3860 conspectu
3447 3791 3534 3845 vel

1925 3892 2142 3961 jttdicis,
2175 3891 2257 3944 vel
2293 3890 2638 3956 imperatoris
2665 3897 2958 3951 arcentur;
2994 3901 3060 3940 ne
3092 3885 3532 3954 turpissimarum

1931 3986 2080 4040 visus
2131 3983 2371 4038 offendat
2413 3984 2596 4038 vultus
2647 3983 2780 4053 regii
2827 3981 3151 4037 claritatem.
3203 3979 3306 4045 Qui
3350 3990 3534 4033 autem

1935 4077 2074 4132 bene
2105 4077 2205 4131 sibi
2233 4077 2483 4131 conscius
2509 4085 2625 4141 est,
2660 4075 2861 4129 nullius
2898 4074 3142 4132 criminis
3171 4088 3335 4136 reus.
3381 4075 3534 4142 quasi

1938 4171 2200 4224 innocens
2231 4167 2407 4236 prodit
2441 4169 2491 4220 itt
2527 4167 2782 4220 medium.

2005 4259 2097 4315 20.
2141 4261 2218 4315 Ex
2256 4258 2341 4313 his
2376 4274 2506 4329 ergo
2549 4259 2722 4313 sancti
2765 4258 2964 4330 Moysis
3006 4257 3538 4328 comprehendAmus

1935 4353 2212 4409 alfectum.
2242 4351 2443 4408 Videre
2474 4353 2568 4407 Dei
2597 4350 2851 4407 vttltum‘
2887 4350 3042 4422 quasi
3085 4352 3346 4405 iunocen
3388 4352 3540 4410 velut

1934 4447 2169 4520 quodam
2209 4446 2360 4501 vultu
2400 4446 2750 4502 conscientia:
2790 4445 3142 4502 desiderabat
3184 4463 3196 4498 :
3231 4447 3446 4517 aperire
3485 4449 3539 4504 oi

301 4634 326 4661 α
371 4625 464 4682 Sic
491 4639 624 4680 mss.
654 4621 894 4692 exceptis
919 4621 1159 4687 duobus,
1194 4623 1282 4677 ubi
1317 4624 1513 4691 legitur
1545 4642 1558 4679 :
1599 4624 1728 4679 Visa
1749 4641 1827 4680 ce-
1857 4631 1910 4694 1)
1935 4623 2018 4678 his
2045 4639 2181 4695 quos
2207 4639 2304 4695 per
2325 4624 2626 4680 absentiam
2646 4634 2931 4680 accttsstos
2955 4639 3154 4694 prases
3175 4624 3537 4696 requirendos

225 4697 304 4769 pit
333 4698 594 4768 fulgorem
618 4711 812 4769 ,“qnem
834 4696 1029 4769 mirari
1045 4696 1277 4769 accessit.
1309 4696 1388 4750 Ab
1416 4696 1501 4750 his
1533 4697 1692 4769 etiam
1724 4713 1828 4750 non

226 4765 544 4852 discrepant
579 4767 710 4823 edit.
750 4765 853 4820 nisi
890 4767 1032 4837 quod
1075 4765 1403 4836 praeferunt,
1434 4783 1578 4834 quem
1617 4767 1831 4822 miratus

227 4850 466 4895 accessit.

300 4911 329 4951 δ
375 4913 522 4966 Edit.
555 4926 744 4966 omnes
777 4909 882 4965 hoc
910 4909 1013 4965 loci
1045 4908 1318 4964 addebant
1361 4927 1374 4964 :
1410 4912 1574 4976 Quem
1595 4909 1711 4980 Iesse
1751 4912 1834 4965 di-

229 4983 383 5067 cam_?
427 4983 718 5054 Elcganter
760 4982 1015 5053 quidem,
1063 4991 1120 5036 at
1159 4981 1290 5037 nihil
1347 4981 1450 5036 tale
1491 4982 1541 5035 itt
1576 4998 1706 5037 mss.
1751 4985 1833 5038 itt-

230 5068 444 5110 νοιιιίις.

307 5158 330 5185 ο
377 5146 522 5200 Edit.
546 5188 560 5211 ,
605 5146 785 5201 Sancti
821 5154 990 5199 antem
1029 5145 1412 5198 conversatione
1448 5145 1500 5198 in
1541 5162 1694 5199 carne
1738 5163 1839 5201 non

233 5228 370 5273 sunt.
407 5220 524 5272 lluo
551 5235 681 5272 mss.
714 5233 816 5270 non
841 5227 1008 5270 erant.
1051 5219 1153 5270 Alii
1182 5231 1315 5272 vero
1343 5231 1534 5269 omnes
1576 5230 1626 5269 tt:
1676 5233 1838 5284 supra

236 5291 290 5344 in
321 5307 574 5360 corpore.
607 5289 864 5344 Putatnus
886 5299 1064 5341 autem
1093 5302 1279 5342 vocem
1299 5328 1312 5352 ,
1341 5290 1536 5352 sancti,
1568 5287 1636 5342 de
1659 5289 1838 5361 illoyse

237 5358 678 5432 intelligendam,
707 5362 861 5428 cujus
904 5361 1376 5432 conversationem
1419 5361 1470 5412 in
1503 5361 1644 5412 cmlo
1672 5358 1840 5417 fuisse

240 5429 436 5486 noster
458 5450 525 5488 eo
559 5435 773 5500 probat,
817 5429 958 5499 quod
989 5432 1148 5483 talem
1187 5445 1310 5485 esse
1348 5441 1664 5484 sanctorum
1708 5446 1838 5486 con-

241 5505 605 5560 versationem
649 5504 845 5556 doceat
877 5501 1190 5567 Apostolus.

310 5595 336 5634 ει
377 5598 542 5680 Rom.
565 5597 695 5651 edit.
717 5637 730 5662 ,
757 5597 840 5650 cui
857 5596 950 5667 jus
967 5594 1147 5648 datum
1169 5606 1242 5650 est
1266 5598 1424 5667 regia:
1443 5597 1726 5668 potestatis,
1755 5601 1840 5653 cui

244 5679 518 5724 commissa
539 5712 554 5733 ,
587 5679 697 5723 etc.

321 5773 346 5800 °
389 5762 596 5817 Eadem
630 5762 787 5816 Rom.
812 5759 977 5825 edit.,
1010 5757 1264 5814 adnotari.
1297 5760 1541 5817 Sumitttr
1569 5771 1746 5816 autem
1778 5777 1842 5818 ea

253 5850 356 5918 vox
391 5835 443 5892 in
487 5834 640 5913 jure,
671 5834 1013 5912 putissimutn
1042 5831 1245 5900 duplici
1275 5833 1440 5892 modo
1479 5851 1492 5890 :
1529 5832 1706 5911 primo
1744 5849 1843 5917 pro

1937 4697 1988 4751 in
2019 4708 2135 4750 acta
2169 4697 2350 4778 retulit
2382 4697 2668 4778 :sectmdo
2696 4712 2810 4778 .pro
2838 4697 2946 4778 illis
2990 4712 3125 4765 quos
3167 4697 3538 4778 deportandos

1937 4783 2143 4836 prmses
2172 4767 2472 4830 adnotavit,
2499 4769 2581 4822 vel
2605 4767 2672 4821 de
2696 4765 2883 4838 iisdem
2913 4765 3262 4838 deportandis
3297 4765 3361 4822 ad
3389 4771 3536 4837 prin-

1934 4835 2110 4906 cipem
2139 4839 2396 4908 scripsit;
2433 4847 2490 4893 ttt
2521 4837 2677 4893 docet
2707 4835 2875 4893 Driss.
2912 4835 3152 4895 ad’hanc
3182 4835 3400 4894 vocem.
3423 4839 3534 4894 Sed

1935 4927 2056 4965 cum
2079 4921 2324 4964 neutram
2349 4925 2416 4964 ex
2440 4913 2522 4966 his
2543 4911 3080 4976 interpretationibus
3101 4913 3232 4964 satis
3248 4912 3538 4967 commode

1937 4982 2186 5036 admittat
2228 4984 2398 5036 scries
2441 4984 2733 5046 orationis,
2782 4999 3014 5052 cumque
3059 4997 3248 5036 omnes
3292 4998 3537 5052 tnss._ac

1938 5062 2045 5108 vet.
2081 5053 2213 5109 edit.
2260 5052 2382 5107 huic
2414 5053 2531 5107 voci
2575 5045 2950 5122 rcfragcntut",
2985 5045 3271 5106 dicendum
3307 5068 3400 5105 ens
3432 5047 3538 5107 hoc.

1943 5125 2063 5178 loco
2089 5125 2194 5178 dici
2223 5125 2546 5185 advocatos,
2579 5126 2669 5192 qui
2710 5127 2914 5177 crimen
2959 5139 3113 5176 suum
3149 5126 3323 5192 palam
3358 5123 3535 5178 faten-

1941 5206 2045 5250 tur.
2068 5195 2200 5250 Nam
2229 5197 2496 5248 advocare
2516 5194 2786 5247 interdum
2810 5194 3059 5262 usurpari
3086 5211 3180 5260 pro
3205 5209 3316 5248 rem
3338 5198 3536 5250 tactam

1943 5281 2262 5336 agnoscere,
2297 5274 2352 5318 et
2378 5264 2501 5319 hinc
2523 5275 2701 5319 ortum
2731 5270 2964 5319 traxisse
2989 5265 3254 5320 Gallicum
3284 5266 3536 5330 verbum,

1942 5355 2165 5401 attoner,
2201 5339 2462 5405 scriptum
2517 5339 2760 5404 reperies
2807 5339 2858 5390 in
2905 5337 3190 5392 Glossarlo
3239 5337 3540 5392 doctissimi

1941 5409 2129 5473 Canuii
2147 5409 2212 5462 ad
2233 5409 2372 5462 idem
2398 5410 2644 5460 verbum.
2667 5406 2939 5461 Cati-crum
2969 5411 3060 5462 lib.
3084 5423 3150 5460 xv
3168 5408 3300 5460 Cod.
3322 5406 3533 5460 'l'heod.

1945 5483 2026 5534 tit.
2062 5482 2090 5533 7
2119 5482 2180 5532 de
2209 5479 2458 5537 Scenicis,
2495 5481 2597 5548 leg.
2633 5480 2699 5532 12
2723 5520 2737 5541 ,
2784 5490 3004 5532 cautum
3042 5489 3154 5542 est,
3202 5494 3269 5531 ne
3300 5477 3538 5548 turpium

1947 5563 2304 5621 personarum
2353 5547 2588 5620 picturas
2629 5552 2686 5621 in
2718 5552 2849 5603 locis
2880 5551 2970 5603 ulti
3001 5559 3392 5603 consecrantur
3426 5547 3534 5621 im:

1948 5616 2252 5690 peratornm
2285 5616 2570 5689 imagines,
2605 5620 2762 5675 liceat
2788 5621 3042 5674 adnotare
3064 5637 3083 5674 .t
3117 5622 3261 5689 quod
3289 5616 3541 5673 ncnniltil

1945 5693 2130 5748 Atnbr.
2167 5694 2344 5745 locum
2381 5694 2640 5746 illustrat.

2023 5763 2042 5803 ¹
2088 5765 2164 5818 Ita
2201 5779 2332 5817 mss.
2372 5759 2517 5818 Edit.
2558 5778 2812 5829 γει-ονε..
2851 5763 3008 5831 quasi
3036 5763 3280 5831 innocens
3316 5756 3534 5831 valebat,

1946 5837 2081 5899 velut
2125 5835 2443 5910 σπόρων..
2485 5835 2672 5896 mentis
2708 5830 2937 5891 intenta.
2974 5830 3263 5906 Cognoui,
3312 5837 3421 5885 διεδ
3469 5830 3543 5897 At
