4124 6346
525 255 660 313 1505

1841 251 2088 312 SANCTI
2127 253 2446 315 AMBROSII

3676 277 3813 337 i504

511 373 709 428 faciem
759 373 956 430 mentis
999 375 1252 440 internae,
1295 373 1552 444 cognosci
1596 373 1806 444 plenius
1847 373 2113 444 gestiebat
2140 388 2193 450 Α
2218 390 2379 434 mune
2425 378 2683 437 collatum
2715 392 2827 454 est,
2861 385 3055 443 saltem
3085 386 3290 461 aliquid
3329 391 3458 449 inde
3486 397 3813 467 pauperibus

514 477 571 525 et
598 467 836 538 Moyses,
861 477 915 525 el
936 467 1053 540 ipse
1073 478 1295 525 sanctus
1317 467 1510 535 David,
1533 467 1624 539 qui
1645 467 1773 523 alibi
1797 469 1874 524 ait
1902 485 1915 521 :
1943 466 2118 523 Proba

515 577 627 627 me,
660 562 908 628 Domine,
942 572 986 617 et
1015 572 1153 617 tenta
1192 579 1271 616 me
1312 560 1485 634 (Psal.
1518 577 1654 628 xxv,
1685 559 1766 633 2).
1808 561 1926 616 Non
1970 563 2114 618 enim

515 655 684 710 vellet
713 655 931 726 probari
962 657 1008 710 si
1059 656 1111 710 in
1141 670 1199 710 se
1229 655 1435 710 crimen
1469 663 1790 723 agnosceret
1817 671 1830 708 :
1863 671 1963 710 nec
1995 665 2115 712 teu-

515 749 650 814 tari,
699 750 744 803 si
792 749 1132 818 paSsionibns
1180 750 1437 820 gravibus
1483 763 1544 803 se
1589 749 1754 804 sciret
1796 748 2112 804 obnoxium.

516 840 682 896 Liber
709 843 872 911 igitur
896 856 925 895 a
947 850 1190 910 peccato,
1223 842 1332 897 Deo
1358 856 1418 898 se
1442 840 1672 911 cupidus
1698 841 1982 898 offerebat.
2007 843 2114 898 Sed

516 933 748 989 fortasse
767 935 891 1005 quia
918 934 1096 988 adhuc
1121 933 1580 1004 frequentioribus
1594 934 1686 989 Dei
1715 935 2117 990 visitationibus

517 1030 751 1085 mundus
792 1043 821 1082 a
872 1029 1003 1083 vitio
1034 1044 1141 1084 non
1192 1027 1354 1096 foret,
1404 1045 1510 1084 non
1558 1031 1717 1084 fuerit
1757 1029 1814 1085 in
1847 1030 2117 1101 principio

516 1125 789 1195 perfectus
818 1165 833 1188 ,
867 1133 1057 1192 utpote
1086 1124 1170 1178 cui
1211 1134 1342 1179 ante
1384 1123 1659 1194 paululum
1705 1123 1906 1178 dictum
1952 1134 2070 1180 erat
2102 1145 2113 1178 ε

514 1218 672 1274 Solve
713 1218 1112 1273 calceamentum
1157 1217 1347 1288 pedum
1393 1226 1598 1271 tuorum
1630 1215 1842 1286 (Exod.
1885 1232 1971 1285 ιιι,
2005 1217 2112 1286 5);

513 1311 648 1368 illud
680 1313 869 1385 utique
899 1314 1327 1368 calceamentum
1359 1311 1504 1383 quod
1548 1313 1616 1367 de
1642 1311 1881 1384 IEgypto
1909 1313 2118 1368 detule-

509 1418 618 1472 rat,
651 1407 751 1462 hoc
781 1415 888 1473 est,
932 1421 1215 1478 corporeae
1259 1406 1690 1462 conversationis
1730 1407 2114 1473 involucrum;

511 1503 636 1559 ideo
663 1503 801 1557 dicit
824 1501 872 1556 ei
905 1501 1163 1558 Dominus
1189 1519 1201 1554 :
1230 1499 1398 1557 Nemo
1421 1501 1688 1556 hominum
1711 1501 1899 1557 videbit
1931 1503 2117 1572 faciem

515 1614 681 1652 meam
702 1639 716 1665 ,
746 1606 794 1652 et
814 1596 966 1651 vivet.

583 1689 676 1744 21.
716 1688 943 1756 Quando
974 1697 1154 1744 autem
1187 1688 1238 1742 id
1266 1687 1474 1744 dictum
1503 1689 1608 1758 sit,
1639 1690 1946 1746 considera.
1973 1690 2119 1746 Non.

2217 486 2514 544 aspergas:
2551 488 2606 530 ut
2636 476 2831 548 quibus
2855 479 2995 550 juris
3025 483 3100 537 tui
3125 486 3458 543 consortium
3490 488 3657 547 debes
3681 534 3696 559 ,
3728 495 3814 550 his

2217 565 2472 622 alimenta
2500 583 2605 624 non
2636 569 2893 643 deneges.

2286 659 2376 716 25.
2414 663 2508 718 Est
2533 666 2695 721 etiam
2724 669 3114 728 misericordiae
3140 673 3347 732 donare
3372 687 3657 749 peccatum
3696 699 3709 736 :
3757 693 3819 740 et

2218 752 2608 814 misericordia:
2637 769 2753 828 est,
2802 773 2856 818 et
2890 765 3118 835 justitite
3157 778 3260 826 est.
3307 772 3548 844 Denique
3590 776 3816 846 justitize

2218 851 2438 907 ascribit
2481 852 2760 925 Scriptura
2803 858 2982 915 divina
3024 862 3236 920 veniam
3290 876 3680 939 peccatorum,
3726 886 3819 930 se-

2217 945 2450 1000 cundum
2494 949 2620 1003 illud
2663 951 2808 1020 quod
2839 953 3001 1011 hodie
3042 955 3236 1012 lectum
3291 973 3374 1016 est
3419 980 3432 1016 :
3481 961 3816 1020 Benedictum

2218 1038 2414 1110 lignum
2455 1039 2482 1080 ι)
2511 1045 2650 1107 quod
2693 1047 2753 1116 ﬁt
2797 1065 2887 1119 per
2904 1050 3166 1119 justitiam
3193 1069 3212 1107 :
3261 1055 3594 1112 maledictum
3641 1070 3817 1116 autem

2219 1129 2416 1203 lignum
2443 1136 2579 1204 quod
2617 1137 2676 1206 ﬁt
2703 1155 2792 1208 per
2820 1156 3002 1198 manus
3029 1145 3291 1199 [taurinum
3333 1147 3500 1221 (Sap.
3537 1167 3626 1206 Χιν
3645 1194 3661 1221 ,
3705 1154 3736 1210 7
3766 1164 3819 1210 et

2219 1221 2296 1295 8).
2331 1225 2594 1298 Superius
2621 1232 2686 1286 ad
2725 1248 2941 1292 crucem
2971 1238 3184 1294 Domini
3212 1242 3418 1308 retulit,
3453 1248 3726 1315 posterius
3746 1249 3815 1304 ad

2219 1333 2464 1376 errorem
2511 1326 2794 1394 gentilium
2822 1370 2837 1395 ,
2883 1331 2973 1402 qui
3021 1331 3162 1400 ligna
3203 1345 3554 1395 venerantur.
3600 1339 3816 1398 Justitia

2219 1421 2399 1469 autem
2430 1431 2548 1486 quae
2577 1428 2661 1474 est
2689 1420 2866 1477 crucis
2886 1463 2899 1488 ,
2932 1425 3034 1480 nisi
3063 1427 3206 1497 quod
3236 1430 3535 1488 ascendens
3559 1433 3689 1488 illud
3720 1451 3818 1506 pa-

2221 1507 2449 1564 tibulum
2480 1513 2736 1571 Dominus
2751 1515 2906 1572 Jesus
2934 1517 3204 1586 Christus,
3232 1534 3577 1592 peccatorum
3599 1539 3816 1586 nostro-

2221 1615 2338 1656 rum
2356 1602 2780 1690 chirographum
2796 1610 3082 1680 crucifixit,
3109 1622 3163 1668 et
3184 1616 3512 1686 totiusorbis
3536 1631 3816 1690 peccatum

2219 1709 2320 1750 suo
2345 1682 2540 1754 cruore
2569 1701 2889 1758 mundavit?
2910 1703 2969 1761 ln
3001 1723 3106 1777 quo
3134 1724 3261 1781 ergo
3288 1711 3466 1780 justus
3498 1714 3644 1772 Deus
3668 1759 3684 1786 ,
3714 1719 3819 1773 nisi

515 1782 642 1836 dum
671 1781 719 1836 ei
748 1781 950 1835 dictum
983 1789 1104 1836 erat
1134 1799 1147 1836 :
1182 1778 1402 1834 Faciam
1426 1790 1473 1834 te
1502 1782 1556 1835 in
1583 1780 1736 1836 deum
1766 1783 1872 1854 regi
1902 1782 2116 1838 Pharao
2146 1784 2195 1847 B
2221 1787 2274 1844 in
2306 1803 2372 1844 eo
2398 1791 2520 1861 quia
2559 1795 2715 1850 scivit
2742 1797 2884 1867 quod
2933 1799 3000 1856 de
3031 1799 3159 1856 limo
3190 1816 3352 1860 terrm
3383 1806 3656 1865 hominem
3685 1812 3820 1882 figu-

518 1871 719 1948 (Exod.
752 1889 855 1939 vn,
885 1871 960 1945 l).
999 1882 1025 1910 ει
1076 1873 1269 1929 Adhuc
1301 1873 1467 1929 homo
1495 1881 1640 1943 erat,
1671 1883 1726 1932 et
1756 1875 1878 1930 ideo
1908 1875 2039 1931 illud
2065 1875 2116 1932 ei

513 1969 648 2024 dicit
681 1985 694 2024 :
742 1981 1033 2038 processus
1073 1968 1123 2022 ei
1163 1967 1507 2036 debebatur,
1535 1969 1679 2024 utin
1718 1969 1879 2025 deum
1922 1970 2113 2037 fieret;

515 2071 571 2116 et
600 2061 722 2115 ideo
748 2059 955 2115 dictum
996 2068 1081 2116 est
1107 2058 1158 2115 ei
1190 2077 1202 2113 :
1240 2062 1312 2116 De
1359 2061 1578 2116 homine
1621 2061 1752 2129 dixi,
1782 2062 1988 2120 desiste
2018 2063 2118 2119 lto-

517 2153 678 2209 minis
709 2153 909 2210 habere
939 2163 1155 2225 peccata
1176 2196 1191 2221 ,
1223 2163 1279 2210 et
1307 2153 1516 2211 videbis
1551 2154 1744 2212 faciem
1771 2173 1969 2214 meam.
2014 2157 2117 2227 Qui

513 2246 660 2301 enim
693 2246 886 2302 faciem
926 2261 1102 2301 meam
1147 2246 1317 2315 videt,
1362 2246 1525 2304 debet
1555 2263 1679 2305 esse
1708 2250 1828 2305 sine
1867 2260 2113 2321 peccato.

513 2338 621 2395 Sed
647 2340 771 2410 quia
806 2341 970 2394 homo
999 2339 1117 2396 sine
1145 2349 1371 2410 peccato
1397 2356 1519 2398 esse
1545 2358 1655 2397 non
1680 2351 1881 2412 potest,
1914 2343 2038 2399 ideo
2061 2353 2119 2400 ut

517 2440 573 2492 in
595 2439 680 2495 dei
703 2439 1121 2509 appellationem
1143 2443 1314 2511 possit
1344 2456 1685 2512 excrescere,
1715 2455 2115 2500 commonetur.

515 2534 583 2589 Et
626 2534 755 2605 quid
798 2534 867 2589 de
894 2535 980 2590 dei
1021 2536 1388 2606 appellatione
1429 2537 1645 2592 dicam?
1689 2537 1819 2593 Esto
1867 2540 2112 2610 angelus,

513 2626 619 2682 hoc
646 2638 751 2691 est,
783 2627 952 2682 divini
980 2628 1227 2684 minister
1254 2629 1494 2700 imperii,
1521 2630 1823 2702 obsequere
1851 2632 2119 2689 mandatis

513 2721 750 2776 Domini.
781 2720 914 2777 Cum
940 2720 1107 2788 fueris
1134 2722 1366 2792 angelus
1388 2763 1402 2788 ,
1424 2721 1633 2777 videbis
1654 2721 1846 2778 faciem
1877 2724 2114 2780 Domini.

520 2813 770 2884 Magnum
821 2823 906 2868 est
947 2813 1134 2869 videre
1189 2814 1279 2869 Dei
1332 2813 1559 2869 vultum.
1595 2813 1707 2870 Lex
1752 2815 1848 2870 tibi
1894 2815 2026 2871 dicit
2064 2825 2122 2872 ut

514 2908 678 2963 tertio
709 2920 760 2963 te
786 2907 986 2963 offeras
1018 2907 1071 2961 in
1109 2906 1473 2963 Hierusalem.
1524 2908 1643 2978 Ipse
1676 2908 1933 2965 Dominus
1962 2910 2119 2967 Jesus

515 3001 589 3054 ait
637 3020 650 3055 :
700 2998 847 3055 Beati
894 2999 1088 3053 mundo
1132 2999 1320 3065 corde;
1370 3001 1470 3070 ipsi
1512 3003 1647 3056 enim
1672 3000 1841 3057 Deum
1878 3004 2121 3059 videbunt

515 3092 746 3166 (Matth.
782 3110 843 3161 v,
889 3090 977 3164 8).
1023 3092 1279 3149 Advertis
1317 3093 1448 3164 quid
1479 3109 1509 3148 a
1543 3102 1597 3150 te
1630 3095 1912 3166 exigatur,
1947 3106 2004 3152 ut
2039 3098 2121 3152 vi-

2219 1882 2386 1950 ravit,
2418 1900 2541 1954 qua:
2565 1894 2708 1943 terra
2740 1890 2928 1962 utique
2956 1896 3280 1964 corruptelae
3325 1899 3557 1956 obnoxia
3603 1913 3726 1971 est,
3755 1920 3818 1961 ac

2219 1974 2350 2031 vitio
2380 1977 2601 2035 lubrica:
2641 1982 2958 2051 passionis?
3001 1986 3293 2058 Propterea
3341 2007 3474 2064 ergo
3516 1995 3776 2052 Dominus
3801 2039 3816 2064 ,

2219 2067 2309 2138 qui
2339 2072 2638 2129 secundum
2661 2076 2895 2132 animam
2929 2086 2980 2134 te
3007 2080 3072 2134 ad
3105 2081 3394 2154 imaginem
3421 2096 3476 2143 et
3505 2089 3810 2147 similitudi-

2221 2177 2342 2218 nem
2373 2166 2457 2221 sui
2482 2165 2638 2234 fecit,
2667 2171 2769 2226 hoc
2797 2182 2919 2240 est,
2945 2175 3320 2234 rationabilem
3345 2224 3360 2248 ,
3386 2181 3590 2250 justum
3618 2227 3633 2253 ,
3668 2188 3821 2257 pudi-

2220 2273 2344 2314 cum
2372 2260 2391 2329 (
2419 2260 2470 2316 in
2498 2277 2565 2318 eo
2590 2264 2735 2319 enim
2763 2265 2831 2321 ad
2860 2265 3151 2340 imaginem
3187 2272 3277 2328 Dei
3305 2289 3398 2342 es,
3423 2275 3469 2331 si
3499 2277 3574 2331 sis
3599 2278 3779 2348 justus
3805 2323 3819 2348 ,

2221 2363 2278 2407 ut
2299 2353 2374 2408 sis
2401 2355 2580 2426 imago
2603 2355 2828 2427 justitize
2854 2378 2866 2413 :
2911 2361 2955 2416 si
2983 2362 3059 2416 sis
3086 2374 3289 2433 castus,
3315 2375 3373 2421 ut
3403 2368 3732 2427 immaculati
3767 2373 3820 2429 in

2221 2453 2275 2501 te
2307 2445 2473 2515 figura
2505 2448 2847 2523 praefulgeat)
2877 2454 3056 2510 sciens
3082 2472 3214 2528 ergo
3241 2461 3537 2518 secundum
3575 2468 3824 2537 corporis

2220 2537 2566 2610 fragilitatem
2590 2546 2914 2616 corruptela:
2939 2559 3125 2620 patere
3145 2550 3438 2622 hominem,
3465 2559 3619 2627 quasi
3641 2558 3824 2630 justus

2221 2629 2394 2702 fragili
2426 2634 2757 2709 lubriczeqtte
2789 2649 2996 2697 natura:
3025 2643 3222 2701 delicta
3251 2650 3538 2709 concessit.

2291 2725 2382 2780 24.
2415 2729 2490 2783 Ac
2521 2745 2590 2784 ne
2613 2731 2751 2788 forte
2779 2732 2922 2790 dicat
2952 2736 3148 2808 aliquis
3173 2758 3187 2795 :
3217 2739 3327 2795 Cur
3349 2757 3481 2814 ergo
3511 2744 3680 2800 Adam
3709 2761 3823 2802 ma-

2221 2818 2421 2877 ledicto
2465 2824 2856 2897 sententiaeque
2904 2828 3216 2899 subjacuit?
3265 2832 3538 2906 Numquid
3587 2835 3824 2908 jnjttstus

2220 2912 2408 2969 Deus?
2437 2914 2553 2972 Non
2581 2918 2786 2988 utique.
2814 2918 2923 2975 Sed
2949 2922 3072 2992 quia
3090 2925 3240 2993 quasi
3274 2925 3450 2997 fragili
3481 2938 3641 3000 atque
3670 2929 3824 2987 infir-

2222 3022 2312 3062 mo
2339 3009 2467 3079 quid
2494 3021 2714 3068 caveret
2743 3022 2869 3070 ante
2895 3017 3226 3088 prtescripslt
3255 3020 3524 3092 (infirmus
3547 3025 3690 3080 enim
3715 3041 3821 3082 non

2222 3114 2484 3169 usurpare
2515 3103 2714 3171 debet,
2749 3107 2845 3162 sed
2875 3108 3100 3167 obedire
3127 3112 3443 3188 mandatis),
3474 3126 3496 3154 ο
3534 3117 3658 3173 ideo
3680 3133 3821 3189 pra:-

516 3185 648 3241 dcas
681 3187 881 3251 Deum;
915 3185 1005 3239 cui
1051 3185 1177 3240 vitae
1215 3186 1495 3255 proposita
1535 3185 1607 3240 sit
1647 3189 2002 3259 praerogativa
2045 3193 2125 3245 vi-
2151 3172 2196 3238 (ἶ
2229 3194 2577 3251 varicationis
2618 3199 2788 3270 magis
2835 3216 2987 3257 reum
3031 3206 3236 3273 tenuit,
3281 3223 3442 3279 quam
3490 3211 3823 3281 prolapsioni

520 3280 683 3336 dendi
732 3278 942 3353 1m
982 3279 1188 3333 Deum?
1223 3278 1474 3334 Emunda
1503 3280 1663 3351 igitur
1703 3297 1800 3337 cor
1843 3291 2023 3352 tuum,
2066 3295 2124 3340 ut

519 3375 676 3446 quasi
718 3389 892 3427 novus
928 3373 1136 3428 crceris
1165 3382 1432 3428 renovato
1462 3374 1682 3444 spiritu.
1711 3374 1915 3433 Omnes
1949 3378 2124 3447 pollu-

521 3479 606 3524 tas
629 3468 991 3537 cogitationes
1015 3466 1084 3522 de
1109 3466 1275 3522 corde
1295 3476 1387 3521 tuo
1411 3467 1607 3538 abjice,
1633 3467 1766 3523 nihil
1784 3470 1976 3540 sitquo
2002 3481 2123 3528 tuus

519 3561 835 3631 inquinetur
865 3558 1094 3615 affectus
1134 3577 1145 3611 :
1189 3559 1419 3630 simplex
1466 3575 1641 3627 mens,
1674 3576 1806 3632 pura
1837 3564 2122 3621 sinceritas

519 3657 610 3710 sit.
643 3655 870 3710 Talibus
911 3672 971 3711 se
1012 3654 1274 3711 Dominus
1319 3671 1442 3712 cum
1491 3657 1832 3714 involucrum
1877 3661 2123 3731 corporis

520 3746 899 3816 deposuerint,
929 3746 1310 3808 demonstrare
1335 3749 1610 3818 dignatur.

590 3838 684 3894 2‘2.
727 3838 881 3895 Nunc
912 3840 981 3896 de
1011 3841 1217 3911 reliqua
1251 3842 1422 3912 ipsius
1452 3857 1642 3898 versus
1670 3853 1825 3914 parte
1855 3845 2118 3905 dicamus.

523 3930 805 4000 Miserere,
840 3933 1043 4003 inquit,
1077 3933 1176 3987 mei
1212 3933 1498 3988 secundum
1526 3937 1732 3989 verbum
1761 3946 1924 3992 tuum.
1957 3939 2122 3997 Mise-

519 4023 754 4080 ricordia
787 4024 1002 4094 quidem
1041 4025 1264 4095 justitia:
1305 4025 1485 4096 portio
1519 4036 1635 4092 est;
1669 4036 1727 4082 ut
1764 4030 1808 4083 si
1851 4030 1983 4086 velis
2028 4031 2124 4088 do-

520 4132 651 4173 nare
679 4116 1039 4188 pauperibus,
1089 4116 1206 4172 lucc
1243 4118 1616 4174 misericordia
1650 4121 1860 4190 justitia
1899 4132 2004 4190 est,
2039 4139 2124 4181 se-

518 4211 753 4266 cundum
787 4210 916 4265 illttd
948 4229 960 4266 :
995 4210 1286 4280 Dispersit,
1333 4211 1474 4266 dedit
1511 4214 1824 4286 pauperibus
1861 4233 1878 4270 :
1914 4219 2124 4290 justitia

517 4307 632 4376 ejus
671 4314 836 4359 manet
878 4305 933 4358 in
969 4314 1215 4359 teterimm
1249 4304 1434 4375 (Psal.
1474 4321 1561 4361 CXI
1584 4349 1598 4373 ,
1632 4305 1720 4377 9).
1765 4309 1969 4366 Deinde
1997 4313 2120 4383 quia

516 4397 817 4452 conformis
851 4407 973 4453 tuus
1011 4397 1272 4468 iniustum
1299 4409 1381 4453 est
1412 4407 1471 4453 ut
1500 4414 1609 4454 non
1639 4400 1928 4471 adjuvetur
1967 4421 1998 4458 a
2033 4420 2122 4461 so-

515 4489 635 4556 cio;
680 4505 802 4545 cum
851 4493 1150 4560 przesertim
1205 4493 1461 4547 Dominus
1506 4494 1649 4550 Deus
1690 4507 1876 4552 noster
1919 4507 2119 4556 terram

2225 3286 2450 3343 addixit.
2501 3289 2561 3344 In
2610 3291 2760 3347 illum
2817 3295 2978 3365 igitur
3016 3298 3162 3369 justa
3209 3303 3516 3360 severitatis
3556 3307 3825 3376 processit

2225 3385 2493 3440 sententia
2520 3403 2534 3452 ;
2563 3387 2687 3458 quia
2717 3389 2859 3446 scire
2888 3392 3076 3461 voluit,
3115 3396 3259 3465 quod
3289 3399 3431 3455 scire
3457 3415 3564 3455 non
3595 3402 3819 3472 profuit.

2226 3476 2392 3535 Nobis
2408 3491 2587 3537 autem
2601 3483 2690 3553 qui
2713 3481 3056 3542 haereditario
3077 3488 3294 3546 vinculo
3323 3502 3569 3549 tenemur
3589 3496 3822 3563 astricti,

2226 3571 2316 3642 qui
2350 3572 2402 3626 in
2447 3572 2547 3628 hac
2591 3589 2755 3632 carne
2780 3591 3009 3646 sumus,
3055 3596 3176 3652 qua:
3223 3583 3461 3653 priorum
3513 3586 3823 3658 praeiudicio

2227 3663 2422 3720 detrita
2474 3669 2683 3744 1065
2718 3671 2829 3741 jam
2869 3682 3031 3744 atque
3079 3677 3376 3734 assuefacta
3425 3683 3664 3752 peccatis
3711 3673 3820 3739 non

2227 3767 2442 3828 poterat
2471 3777 2748 3834 emergere
2770 3805 2786 3830 ,
2837 3766 2990 3836 quasi
3009 3767 3190 3837 justus
3219 3769 3478 3839 indulsit,
3507 3773 3650 3843 juste
3674 3776 3821 3830 enim

2227 3850 2431 3921 ignovit
2455 3852 2679 3928 haredi,
2713 3858 2799 3927 qui
2832 3859 3144 3929 praijudicio
3167 3862 3449 3919 laborabat
3467 3867 3723 3923 auctoris.

2296 3945 2386 3998 25.
2426 3945 2522 4001 Est
2545 3964 2674 4020 ergo
2696 3951 2838 4020 justa
2870 3953 3277 4025 misericordia,
3314 3958 3410 4015 sed
3441 3972 3520 4014 est
3544 3964 3706 4017 etiarn
3740 3963 3821 4018 in-

2223 4041 2368 4109 justa
2400 4040 2766 4100 misericordia
2804 4046 2944 4117 (25,
2972 4059 3154 4119 qurest.
3196 4050 3260 4118 4,
3301 4069 3417 4120 cap.
3458 4053 3547 4110 Est
3569 4056 3816 4131 iniusta).

2227 4135 2470 4206 Denique
2490 4138 2541 4192 in
2567 4138 2710 4210 Lege
2735 4141 2993 4211 scriptum
3020 4154 3101 4199 est
3123 4144 3190 4200 de
3217 4148 3449 4217 quodam
3472 4147 3500 4186 ἀ
3526 4167 3539 4203 :
3569 4149 3688 4206 Non
3717 4153 3817 4206 mi-

2226 4230 2467 4285 sereberis
2489 4232 2631 4288 illius
2661 4232 2840 4306 (Deut.
2871 4252 2978 4304 χιιι,
3015 4237 3128 4309 15).
3155 4240 3219 4295 Ει
3247 4241 3300 4295 in
3328 4241 3479 4300 lihris
3505 4243 3814 4315 Regnorum

2228 4321 2364 4392 legis
2389 4325 2517 4392 quia
2556 4324 2683 4382 Saul
2721 4337 3009 4398 propterea
3047 4334 3321 4388 contraxit
3347 4334 3607 4392 offensam
3633 4382 3647 4405 ,
3693 4341 3816 4410 quia

2227 4415 2519 4471 miseratus
2548 4428 2630 4473 est
2660 4422 2806 4490 Agag
2832 4421 3066 4479 hosﬁum
3099 4441 3304 4493 regem,
3336 4443 3492 4498 quem
3525 4430 3813 4500 prohibue-

2227 4515 2310 4561 rat
2335 4509 2598 4562 sententia
2620 4509 2801 4566 divina
2831 4514 3048 4569 servari
3073 4515 3126 4588 (l
3156 4515 3284 4591 Reg.
3315 4533 3406 4586 xv,
3429 4519 3506 4590 9).
3535 4520 3604 4576 Ut
3628 4521 3674 4576 si
3697 4523 3819 4593 quis

517 4580 660 4635 hanc
701 4583 1100 4651 pos.~essionem
1132 4585 1375 4639 omnium
1413 4584 1692 4640 hominum
1736 4587 1968 4645 voluerit
1999 4606 2120 4648 esse
2149 4574 2202 4635 Ῐ)
2226 4598 2450 4654 latronis
2479 4599 2602 4655 ﬁliis
2632 4602 3053 4673 deprecantibus
3084 4618 3263 4663 motus
3286 4651 3300 4676 ,
3326 4619 3382 4665 et
3404 4611 3660 4690 lacrymis
3680 4629 3814 4669 cono

517 4688 894 4738 communem,
947 4684 1001 4729 et
1047 4674 1256 4732 fructus
1302 4678 1554 4735 omnibus
1599 4681 1912 4740 ministrare
1934 4685 1969 4755 ξε
2021 4686 2117 4742 sed

515 4767 743 4822 avaritia
800 4769 1203 4837 possessionum
1250 4771 1371 4839 jura
1415 4771 1718 4829 distribuit.
1761 4776 1974 4833 Justum
2036 4791 2120 4835 est

515 4861 674 4931 igitur
703 4869 763 4914 ut
791 4860 838 4914 si
868 4859 1071 4928 aliquid
1101 4861 1197 4916 tibi
1226 4861 1493 4932 privatum
1534 4867 1801 4933 vindicas,
1842 4872 1984 4940 quod
2024 4888 2118 4943 ge-

514 4956 630 5010 neri
659 4953 927 5020 humano,
965 4954 1128 5009 immo
1158 4956 1412 5013 omnibus
1452 4959 1823 5017 animantibus
1868 4965 1920 5019 in
1953 4982 2117 5038 com-

510 5139 777 5211 potiorem
804 5151 927 5211 esse
971 5143 1215 5211 nostram
1242 5151 1307 5193 ac
1339 5151 1470 5192 mss.
1503 5139 1794 5206 lectionem
1827 5159 1936 5198 non
1965 5144 2108 5200 diffi-

512 5209 736 5268 tebitnr.
765 5210 854 5277 qui
890 5210 1067 5262 locum
1093 5209 1253 5276 paulo
1282 5212 1586 5266 accuratius
1614 5217 2034 5271 examinaverit.

583 5287 611 5317 ⁸
653 5279 799 5334 Edit.
835 5280 993 5357 Rom.
1027 5281 1180 5357 sola,
1218 5279 1403 5357 adhuc
1431 5282 1584 5357 homo
1613 5293 1741 5357 erat,
1782 5303 2025 5357 processu
2063 5291 2108 5344 ei

511 5352 805 5417 debebatur,
831 5361 885 5402 ut
920 5351 973 5404 in
1019 5349 1172 5403 deum
1201 5352 1374 5416 ﬁeret,
1416 5362 1464 5406 et
1499 5354 1616 5408 ideo
1657 5349 1854 5411 dictum
1899 5369 1972 5413 est
2011 5363 2058 5415 ei
2091 5377 2109 5414 :

511 5425 668 5480 Solve
707 5420 1255 5496 calcea_mentum._De
1290 5421 1494 5478 homine
1531 5426 1703 5496 dixit,
1747 5441 1853 5486 etc.
1895 5430 2109 5487 Rursus

512 5495 700 5563 paucis
729 5493 1030 5571 interiectis
1058 5493 1246 5571 eadem
1279 5497 1444 5571 etiam
1476 5497 1622 5561 sola,
1653 5493 1707 5553 ut
1728 5504 1876 5557 tertio
1912 5513 1959 5557 te
1981 5502 2110 5571 θιγε-

508 5583 596 5620 ras
616 5580 791 5619 coram
818 5563 1057 5619 Domino.
1094 5563 1205 5620 Sed
1239 5565 1519 5638 utriusque
1558 5570 1812 5628 lcetionis
1843 5591 1980 5630 unus
2013 5563 2110 5632 ἐει

509 5651 728 5693 SCIISIIS.

506 5764 509 5768 ,
579 5708 606 5747 δ
647 5707 808 5781 Rom.
840 5706 1006 5773 edit.,
1041 5725 1131 5778 per
1162 5710 1300 5781 quod
1330 5710 1388 5781 ﬁt
1420 5711 1747 5781 justitia..Ex
1777 5713 1923 5772 LXX
1951 5716 2110 5771 nimi-

499 5794 621 5834 rum
670 5777 814 5850 apud
843 5794 981 5849 quos
1008 5777 1191 5851 legas,
1226 5780 1293 5834 δι’
1320 5777 1379 5835 ὸῦ
1406 5777 1602 5855 ﬂvere:
1638 5783 1949 5846 δικαιοσύνη.
2000 5788 2107 5846 Sed

2221 4691 2364 4763 jngis
2400 4693 2517 4761 ejus
2562 4695 2791 4752 inflexus
2814 4739 2831 4764 ,
2863 4698 3252 4758 absolvendum
3287 4713 3468 4773 putet,
3499 4706 3584 4760 cui
3637 4705 3816 4764 adhuc

2219 4783 2578 4840 latrocinandi
2607 4787 2809 4858 aspiret
2846 4789 3110 4847 afl‘ectus:
3148 4807 3328 4850 nonne
3359 4795 3677 4854 innocentes
3708 4809 3818 4853 tra-

2221 4877 2311 4933 det
2337 4878 2504 4935 exitio
2526 4919 2541 4945 ,
2573 4881 2663 4951 qui
2696 4882 2989 4939 multorum
3031 4885 3225 4942 liberat
3253 4888 3416 4944 exitia
3447 4891 3817 4961 cogitantem!

2221 4966 2382 5026 Certe
2421 4971 2465 5027 si
2489 4971 2728 5044 gladium
2771 4977 3059 5047 reprimit,
3089 4978 3300 5035 vincula
3340 4980 3626 5053 dissolvit,
3655 4994 3679 5023 θ
3719 5000 3818 5044 cur

2211 5166 2249 5226 ag
2273 5168 2401 5208 mss.
2427 5155 2714 5226 omnibus,
2750 5165 2805 5213 et
2844 5169 2957 5213 ant.
2989 5158 3120 5216 edit.
3151 5142 3274 5218 cum
3313 5163 3451 5220 inter
3491 5179 3551 5222 se
3576 5180 3813 5226 consen-

2216 5224 2356 5280 tiunt
2379 5241 2524 5297 mgre
2552 5224 2885 5284 divellimur.

2286 5327 2307 5354 ο
2333 5315 2494 5399 .Edit.
2530 5334 2757 5401 omnes,
2805 5329 2860 5374 et
2901 5337 3032 5378 mss.
3067 5324 3310 5401 aliquot,
3354 5328 3468 5401 ideo
3502 5332 3814 5401 pramarica—

2214 5387 2370 5470 tionis
2399 5405 2543 5443 reum
2568 5391 2728 5444 tenuit
2749 5433 2762 5450 ,
2794 5408 2973 5476 quem,
3003 5403 3108 5451 ctc.
3141 5387 3329 5454 Melius
3354 5399 3446 5454 alii
3467 5441 3483 5468 ,
3502 5387 3602 5472 'qui
3623 5412 3680 5457 et
3701 5387 3810 5460 ma-

2209 5473 2318 5527 ]OI'I
2350 5475 2601 5524 numero,
2633 5472 2690 5516 ιιι
2718 5478 2820 5517 1108
2849 5472 2900 5519 ll]
2935 5477 3106 5522 textu.

2219 5621 2231 5632 .
2287 5547 2314 5585 ά
2354 5549 2452 5675 lfllo
2497 5551 2750 5607 nimirum
2794 5553 2887 5624 qui
2917 5558 3226 5626 proximum
3259 5574 3416 5617 suum
3450 5579 3546 5634 per
3585 5563 3813 5626 insidias

2220 5632 2359 5675 tnter
2386 5627 2578 5675 ccerit.
3775 5666 3780 5674 .

2220 5627 2578 5677 interfecerit.
3450 5627 3462 5634 ’
3775 5666 3780 5674 ι

2293 5725 2315 5753 ε
2359 5715 2502 5794 Edit.
2548 5717 2807 5775 κοσμεῖ
2839 5729 2953 5778 ant.
2991 5721 3124 5779 edit.
3155 5723 3437 5794 Gratiani,
3487 5732 3629 5786 laxat
3670 5735 3810 5789 cini-

2218 5789 2363 5842 li‘um.
2397 5786 2534 5844 Aliae
2556 5803 2747 5845 omnes
2775 5807 2898 5848 cum
2937 5796 3067 5850 mss.
3095 5796 3215 5851 cod.
3241 5835 3256 5863 ,
3291 5786 3436 5855 (τιπαὶ
3465 5786 3804 5861 ρωείιὶοξςε-
