  <div class='ocr_page' id='page_1' title='image "/cluster/home/n/w/nwhite01/storage/ocr_20150623/15/hvd.32044015471311/066.png"; bbox 0 0 4070 6466; ppageno 0'>
   <div class='ocr_carea' id='block_1_1' title="bbox 205 355 349 411">
    <p class='ocr_par' dir='ltr' id='par_1_1' title="bbox 205 355 349 411">
     <span class='ocr_line' id='line_1_1' title="bbox 205 355 349 411; baseline 0.007 -1"><span class='ocrx_word' id='word_1_1' title='bbox 205 355 349 411; x_wconf 74' lang='grc'><strong>1505</strong></span> 
     </span>
    </p>
   </div>
   <div class='ocr_carea' id='block_1_2' title="bbox 1308 348 2416 411">
    <p class='ocr_par' dir='ltr' id='par_1_2' title="bbox 1308 348 2416 411">
     <span class='ocr_line' id='line_1_2' title="bbox 1308 348 2416 411; baseline 0.002 -6"><span class='ocrx_word' id='word_1_2' title='bbox 1308 349 1374 406; x_wconf 84' lang='grc' dir='ltr'><strong>ΙΝ</strong></span> <span class='ocrx_word' id='word_1_3' title='bbox 1411 348 1745 406; x_wconf 76' lang='lat' dir='ltr'><strong>I’SALMUM</strong></span> <span class='ocrx_word' id='word_1_4' title='bbox 1781 349 1994 410; x_wconf 78' lang='lat' dir='ltr'><strong>CXVIII</strong></span> <span class='ocrx_word' id='word_1_5' title='bbox 2034 348 2416 411; x_wconf 80' lang='lat' dir='ltr'><strong>EXPOSITIU.</strong></span> 
     </span>
    </p>
   </div>
   <div class='ocr_carea' id='block_1_3' title="bbox 3353 354 3494 411">
    <p class='ocr_par' dir='ltr' id='par_1_3' title="bbox 3353 354 3494 411">
     <span class='ocr_line' id='line_1_3' title="bbox 3353 354 3494 411; baseline 0.014 -1"><span class='ocrx_word' id='word_1_6' title='bbox 3353 354 3494 411; x_wconf 69' lang='grc'><strong>1506</strong></span> 
     </span>
    </p>
   </div>
   <div class='ocr_carea' id='block_1_4' title="bbox 203 459 3498 540">
    <p class='ocr_par' dir='ltr' id='par_1_4' title="bbox 203 459 3498 540">
     <span class='ocr_line' id='line_1_4' title="bbox 203 459 3498 540; baseline -0 -12"><span class='ocrx_word' id='word_1_7' title='bbox 203 472 360 529; x_wconf 91' lang='lat' dir='ltr'><strong>laxat</strong></span> <span class='ocrx_word' id='word_1_8' title='bbox 398 471 629 529; x_wconf 82' lang='lat' dir='ltr'><strong>exsilio?</strong></span> <span class='ocrx_word' id='word_1_9' title='bbox 656 470 764 527; x_wconf 90' lang='lat' dir='ltr'><strong>Cur</strong></span> <span class='ocrx_word' id='word_1_10' title='bbox 800 466 1161 526; x_wconf 78' lang='lat' dir='ltr'><strong>latrocinandi</strong></span> <span class='ocrx_word' id='word_1_11' title='bbox 1204 482 1310 540; x_wconf 90' lang='lat' dir='ltr'><strong>qua</strong></span> <span class='ocrx_word' id='word_1_12' title='bbox 1341 475 1520 538; x_wconf 87' lang='lat' dir='ltr'><strong>potest</strong></span> <span class='ocrx_word' id='word_1_13' title='bbox 1558 459 1798 523; x_wconf 57' lang='lat' dir='ltr'><strong>clemen4</strong></span> <span class='ocrx_word' id='word_1_14' title='bbox 1824 473 1876 534; x_wconf 81' lang='grc' dir='ltr'>Α</span> <span class='ocrx_word' id='word_1_15' title='bbox 1903 467 2173 540; x_wconf 91' lang='lat' dir='ltr'><strong>Propheta</strong></span> <span class='ocrx_word' id='word_1_16' title='bbox 2201 489 2214 526; x_wconf 91' lang='lat'><strong>:</strong></span> <span class='ocrx_word' id='word_1_17' title='bbox 2240 470 2488 527; x_wconf 74' lang='lat' dir='ltr'><strong>Miserere</strong></span> <span class='ocrx_word' id='word_1_18' title='bbox 2506 471 2605 526; x_wconf 87' lang='lat' dir='ltr'><strong>mei</strong></span> <span class='ocrx_word' id='word_1_19' title='bbox 2631 471 2911 526; x_wconf 78' lang='lat' dir='ltr'><strong>secundum</strong></span> <span class='ocrx_word' id='word_1_20' title='bbox 2933 470 3139 526; x_wconf 79' lang='lat' dir='ltr'><strong>verbum</strong></span> <span class='ocrx_word' id='word_1_21' title='bbox 3163 470 3344 526; x_wconf 76' lang='lat' dir='ltr'><strong>tuum?</strong></span> <span class='ocrx_word' id='word_1_22' title='bbox 3362 469 3498 527; x_wconf 83' lang='lat' dir='ltr'><strong>Ver-</strong></span> 
     </span>
    </p>
   </div>
   <div class='ocr_carea' id='block_1_5' title="bbox 203 560 1801 634">
    <p class='ocr_par' dir='ltr' id='par_1_5' title="bbox 203 560 1801 634">
     <span class='ocr_line' id='line_1_5' title="bbox 203 560 1801 634; baseline -0.004 -12"><span class='ocrx_word' id='word_1_23' title='bbox 203 566 347 623; x_wconf 92' lang='lat' dir='ltr'><strong>tiore</strong></span> <span class='ocrx_word' id='word_1_24' title='bbox 372 566 454 622; x_wconf 87' lang='lat' dir='ltr'><strong>via</strong></span> <span class='ocrx_word' id='word_1_25' title='bbox 479 580 584 622; x_wconf 92' lang='lat' dir='ltr'><strong>non</strong></span> <span class='ocrx_word' id='word_1_26' title='bbox 608 564 770 634; x_wconf 86' lang='lat' dir='ltr'><strong>eripit</strong></span> <span class='ocrx_word' id='word_1_27' title='bbox 797 562 1128 630; x_wconf 76' lang='lat' dir='ltr'><strong>facultatem,</strong></span> <span class='ocrx_word' id='word_1_28' title='bbox 1153 562 1243 632; x_wconf 89' lang='lat' dir='ltr'><strong>qui</strong></span> <span class='ocrx_word' id='word_1_29' title='bbox 1263 560 1594 617; x_wconf 88' lang='lat' dir='ltr'><strong>voluntatem</strong></span> <span class='ocrx_word' id='word_1_30' title='bbox 1616 569 1801 615; x_wconf 87' lang='lat' dir='ltr'><strong>extor-</strong></span> 
     </span>
    </p>
   </div>
   <div class='ocr_carea' id='block_1_6' title="bbox 203 653 1799 732">
    <p class='ocr_par' dir='ltr' id='par_1_6' title="bbox 203 653 1799 732">
     <span class='ocr_line' id='line_1_6' title="bbox 203 653 1799 732; baseline -0.006 -15"><span class='ocrx_word' id='word_1_31' title='bbox 203 675 379 732; x_wconf 89' lang='lat' dir='ltr'><strong>quere</strong></span> <span class='ocrx_word' id='word_1_32' title='bbox 407 675 512 716; x_wconf 86' lang='lat' dir='ltr'><strong>non</strong></span> <span class='ocrx_word' id='word_1_33' title='bbox 543 657 754 730; x_wconf 86' lang='lat' dir='ltr'><strong>potuit?</strong></span> <span class='ocrx_word' id='word_1_34' title='bbox 779 656 983 713; x_wconf 91' lang='lat' dir='ltr'><strong>Deinde</strong></span> <span class='ocrx_word' id='word_1_35' title='bbox 1006 655 1150 711; x_wconf 87' lang='lat' dir='ltr'><strong>inter</strong></span> <span class='ocrx_word' id='word_1_36' title='bbox 1170 655 1306 711; x_wconf 92' lang='lat' dir='ltr'><strong>duos</strong></span> <span class='ocrx_word' id='word_1_37' title='bbox 1327 697 1342 720; x_wconf 92' lang='lat'><strong>,</strong></span> <span class='ocrx_word' id='word_1_38' title='bbox 1374 653 1480 709; x_wconf 87' lang='lat' dir='ltr'><strong>hoc</strong></span> <span class='ocrx_word' id='word_1_39' title='bbox 1504 663 1608 720; x_wconf 93' lang='lat' dir='ltr'><strong>est,</strong></span> <span class='ocrx_word' id='word_1_40' title='bbox 1638 666 1799 708; x_wconf 84' lang='lat' dir='ltr'><strong>accu—</strong></span> 
     </span>
    </p>
   </div>
   <div class='ocr_carea' id='block_1_7' title="bbox 201 746 1800 821">
    <p class='ocr_par' dir='ltr' id='par_1_7' title="bbox 201 746 1800 821">
     <span class='ocr_line' id='line_1_7' title="bbox 201 746 1800 821; baseline -0.004 -12"><span class='ocrx_word' id='word_1_41' title='bbox 201 762 445 809; x_wconf 85' lang='lat' dir='ltr'><strong>satorem</strong></span> <span class='ocrx_word' id='word_1_42' title='bbox 476 792 491 819; x_wconf 94' lang='lat'><strong>,</strong></span> <span class='ocrx_word' id='word_1_43' title='bbox 539 761 594 808; x_wconf 91' lang='lat' dir='ltr'><strong>et</strong></span> <span class='ocrx_word' id='word_1_44' title='bbox 637 767 789 806; x_wconf 93' lang='lat' dir='ltr'><strong>reum</strong></span> <span class='ocrx_word' id='word_1_45' title='bbox 832 750 948 821; x_wconf 92' lang='lat' dir='ltr'><strong>pari</strong></span> <span class='ocrx_word' id='word_1_46' title='bbox 980 749 1225 820; x_wconf 88' lang='lat' dir='ltr'><strong>periculo</strong></span> <span class='ocrx_word' id='word_1_47' title='bbox 1247 757 1274 786; x_wconf 74' lang='grc' dir='ltr'>ει</span> <span class='ocrx_word' id='word_1_48' title='bbox 1306 746 1372 803; x_wconf 90' lang='lat' dir='ltr'><strong>de</strong></span> <span class='ocrx_word' id='word_1_49' title='bbox 1410 747 1587 818; x_wconf 89' lang='lat' dir='ltr'><strong>capite</strong></span> <span class='ocrx_word' id='word_1_50' title='bbox 1612 746 1800 802; x_wconf 87' lang='lat' dir='ltr'><strong>decer-</strong></span> 
     </span>
    </p>
   </div>
   <div class='ocr_carea' id='block_1_8' title="bbox 201 843 1800 919">
    <p class='ocr_par' dir='ltr' id='par_1_8' title="bbox 201 843 1800 919">
     <span class='ocr_line' id='line_1_8' title="bbox 201 843 1800 919; baseline -0.003 -17"><span class='ocrx_word' id='word_1_51' title='bbox 201 859 402 903; x_wconf 89' lang='lat' dir='ltr'><strong>nentes</strong></span> <span class='ocrx_word' id='word_1_52' title='bbox 424 891 437 915; x_wconf 92' lang='lat'><strong>,</strong></span> <span class='ocrx_word' id='word_1_53' title='bbox 468 848 701 903; x_wconf 87' lang='lat' dir='ltr'><strong>alterum</strong></span> <span class='ocrx_word' id='word_1_54' title='bbox 730 848 774 903; x_wconf 87' lang='lat' dir='ltr'><strong>si</strong></span> <span class='ocrx_word' id='word_1_55' title='bbox 816 864 921 904; x_wconf 92' lang='lat' dir='ltr'><strong>non</strong></span> <span class='ocrx_word' id='word_1_56' title='bbox 967 847 1284 919; x_wconf 84' lang='lat' dir='ltr'><strong>probasset,</strong></span> <span class='ocrx_word' id='word_1_57' title='bbox 1327 846 1551 901; x_wconf 88' lang='lat' dir='ltr'><strong>alterum</strong></span> <span class='ocrx_word' id='word_1_58' title='bbox 1581 843 1626 898; x_wconf 83' lang='lat' dir='ltr'><strong>si</strong></span> <span class='ocrx_word' id='word_1_59' title='bbox 1654 852 1800 900; x_wconf 88' lang='lat' dir='ltr'><strong>esset</strong></span> 
     </span>
    </p>
   </div>
   <div class='ocr_carea' id='block_1_9' title="bbox 199 937 1796 1011">
    <p class='ocr_par' dir='ltr' id='par_1_9' title="bbox 199 937 1796 1011">
     <span class='ocr_line' id='line_1_9' title="bbox 199 937 1796 1011; baseline -0.003 -16"><span class='ocrx_word' id='word_1_60' title='bbox 199 939 271 996; x_wconf 89' lang='lat' dir='ltr'><strong>ab</strong></span> <span class='ocrx_word' id='word_1_61' title='bbox 299 951 619 998; x_wconf 89' lang='lat' dir='ltr'><strong>accusatore</strong></span> <span class='ocrx_word' id='word_1_62' title='bbox 641 942 951 1008; x_wconf 87' lang='lat' dir='ltr'><strong>convictus,</strong></span> <span class='ocrx_word' id='word_1_63' title='bbox 985 956 1093 996; x_wconf 91' lang='lat' dir='ltr'><strong>non</strong></span> <span class='ocrx_word' id='word_1_64' title='bbox 1143 939 1195 994; x_wconf 88' lang='lat' dir='ltr'><strong>id</strong></span> <span class='ocrx_word' id='word_1_65' title='bbox 1242 938 1383 1011; x_wconf 91' lang='lat' dir='ltr'><strong>quod</strong></span> <span class='ocrx_word' id='word_1_66' title='bbox 1409 937 1632 1009; x_wconf 66' lang='lat' dir='ltr'><strong>iustitiae</strong></span> <span class='ocrx_word' id='word_1_67' title='bbox 1675 944 1796 1002; x_wconf 91' lang='lat' dir='ltr'><strong>est,</strong></span> 
     </span>
    </p>
   </div>
   <div class='ocr_carea' id='block_1_10' title="bbox 194 1031 1801 1106">
    <p class='ocr_par' dir='ltr' id='par_1_10' title="bbox 194 1031 1801 1106">
     <span class='ocr_line' id='line_1_10' title="bbox 194 1031 1801 1106; baseline -0.001 -18"><span class='ocrx_word' id='word_1_68' title='bbox 194 1033 368 1104; x_wconf 87' lang='lat' dir='ltr'><strong>judex</strong></span> <span class='ocrx_word' id='word_1_69' title='bbox 392 1045 683 1106; x_wconf 84' lang='lat' dir='ltr'><strong>sequatur;</strong></span> <span class='ocrx_word' id='word_1_70' title='bbox 716 1035 811 1091; x_wconf 89' lang='lat' dir='ltr'><strong>sed</strong></span> <span class='ocrx_word' id='word_1_71' title='bbox 842 1034 968 1090; x_wconf 93' lang='lat' dir='ltr'><strong>dum</strong></span> <span class='ocrx_word' id='word_1_72' title='bbox 995 1035 1284 1090; x_wconf 88' lang='lat' dir='ltr'><strong>miseretur</strong></span> <span class='ocrx_word' id='word_1_73' title='bbox 1303 1033 1404 1097; x_wconf 88' lang='lat' dir='ltr'><strong>rei.</strong></span> <span class='ocrx_word' id='word_1_74' title='bbox 1425 1031 1646 1087; x_wconf 85' lang='lat' dir='ltr'><strong>damnet</strong></span> <span class='ocrx_word' id='word_1_75' title='bbox 1675 1044 1801 1101; x_wconf 89' lang='lat' dir='ltr'><strong>pro-</strong></span> 
     </span>
    </p>
   </div>
   <div class='ocr_carea' id='block_1_11' title="bbox 200 1126 1799 1198">
    <p class='ocr_par' dir='ltr' id='par_1_11' title="bbox 200 1126 1799 1198">
     <span class='ocr_line' id='line_1_11' title="bbox 200 1126 1799 1198; baseline -0.003 -15"><span class='ocrx_word' id='word_1_76' title='bbox 200 1127 426 1184; x_wconf 87' lang='lat' dir='ltr'><strong>bantem</strong></span> <span class='ocrx_word' id='word_1_77' title='bbox 462 1147 475 1183; x_wconf 89' lang='lat'><strong>:</strong></span> <span class='ocrx_word' id='word_1_78' title='bbox 503 1137 599 1184; x_wconf 88' lang='lat' dir='ltr'><strong>aut</strong></span> <span class='ocrx_word' id='word_1_79' title='bbox 627 1129 755 1185; x_wconf 91' lang='lat' dir='ltr'><strong>dum</strong></span> <span class='ocrx_word' id='word_1_80' title='bbox 781 1128 1082 1185; x_wconf 86' lang='lat' dir='ltr'><strong>accusatori</strong></span> <span class='ocrx_word' id='word_1_81' title='bbox 1127 1127 1271 1182; x_wconf 90' lang='lat' dir='ltr'><strong>favet</strong></span> <span class='ocrx_word' id='word_1_82' title='bbox 1308 1127 1400 1198; x_wconf 90' lang='lat' dir='ltr'><strong>qui</strong></span> <span class='ocrx_word' id='word_1_83' title='bbox 1427 1126 1661 1198; x_wconf 90' lang='lat' dir='ltr'><strong>probare</strong></span> <span class='ocrx_word' id='word_1_84' title='bbox 1690 1139 1799 1180; x_wconf 89' lang='lat' dir='ltr'><strong>non</strong></span> 
     </span>
    </p>
   </div>
   <div class='ocr_carea' id='block_1_12' title="bbox 202 1219 1800 1293">
    <p class='ocr_par' dir='ltr' id='par_1_12' title="bbox 202 1219 1800 1293">
     <span class='ocr_line' id='line_1_12' title="bbox 202 1219 1800 1293; baseline -0.003 -15"><span class='ocrx_word' id='word_1_85' title='bbox 202 1223 416 1293; x_wconf 89' lang='lat' dir='ltr'><strong>possit,</strong></span> <span class='ocrx_word' id='word_1_86' title='bbox 445 1222 662 1278; x_wconf 85' lang='lat' dir='ltr'><strong>addicat</strong></span> <span class='ocrx_word' id='word_1_87' title='bbox 691 1222 992 1280; x_wconf 83' lang='lat' dir='ltr'><strong>innoxium.</strong></span> <span class='ocrx_word' id='word_1_88' title='bbox 1018 1222 1132 1277; x_wconf 83' lang='lat' dir='ltr'><strong>Non</strong></span> <span class='ocrx_word' id='word_1_89' title='bbox 1161 1231 1344 1292; x_wconf 87' lang='lat' dir='ltr'><strong>potest</strong></span> <span class='ocrx_word' id='word_1_90' title='bbox 1365 1221 1527 1292; x_wconf 91' lang='lat' dir='ltr'><strong>igitur</strong></span> <span class='ocrx_word' id='word_1_91' title='bbox 1547 1219 1666 1277; x_wconf 67' lang='lat' dir='ltr'><strong>haec</strong></span> <span class='ocrx_word' id='word_1_92' title='bbox 1691 1219 1800 1275; x_wconf 91' lang='lat' dir='ltr'><strong>dici</strong></span> 
     </span>
    </p>
   </div>
   <div class='ocr_carea' id='block_1_13' title="bbox 196 1313 776 1385">
    <p class='ocr_par' dir='ltr' id='par_1_13' title="bbox 196 1313 776 1385">
     <span class='ocr_line' id='line_1_13' title="bbox 196 1313 776 1385; baseline 0 -16"><span class='ocrx_word' id='word_1_93' title='bbox 196 1313 347 1385; x_wconf 88' lang='lat' dir='ltr'><strong>justa</strong></span> <span class='ocrx_word' id='word_1_94' title='bbox 379 1316 776 1372; x_wconf 83' lang='lat' dir='ltr'><strong>misericordia.</strong></span> 
     </span>
    </p>
   </div>
   <div class='ocr_carea' id='block_1_14' title="bbox 275 1406 1796 1480">
    <p class='ocr_par' dir='ltr' id='par_1_14' title="bbox 275 1406 1796 1480">
     <span class='ocr_line' id='line_1_14' title="bbox 275 1406 1796 1480; baseline 0.001 -19"><span class='ocrx_word' id='word_1_95' title='bbox 275 1406 371 1463; x_wconf 73' lang='lat'><strong>26.</strong></span> <span class='ocrx_word' id='word_1_96' title='bbox 416 1407 472 1463; x_wconf 86' lang='lat' dir='ltr'><strong>In</strong></span> <span class='ocrx_word' id='word_1_97' title='bbox 503 1410 614 1480; x_wconf 91' lang='lat' dir='ltr'><strong>ipsa</strong></span> <span class='ocrx_word' id='word_1_98' title='bbox 645 1408 910 1475; x_wconf 86' lang='lat' dir='ltr'><strong>Ecclesia,</strong></span> <span class='ocrx_word' id='word_1_99' title='bbox 943 1407 1032 1464; x_wconf 90' lang='lat' dir='ltr'><strong>ubi</strong></span> <span class='ocrx_word' id='word_1_100' title='bbox 1060 1408 1292 1464; x_wconf 83' lang='lat' dir='ltr'><strong>maxime</strong></span> <span class='ocrx_word' id='word_1_101' title='bbox 1325 1408 1572 1464; x_wconf 89' lang='lat' dir='ltr'><strong>misereri</strong></span> <span class='ocrx_word' id='word_1_102' title='bbox 1599 1407 1756 1463; x_wconf 91' lang='lat' dir='ltr'><strong>decet</strong></span> <span class='ocrx_word' id='word_1_103' title='bbox 1783 1449 1796 1473; x_wconf 90' lang='lat'><strong>,</strong></span> 
     </span>
    </p>
   </div>
   <div class='ocr_carea' id='block_1_15' title="bbox 205 1501 1800 1573">
    <p class='ocr_par' dir='ltr' id='par_1_15' title="bbox 205 1501 1800 1573">
     <span class='ocr_line' id='line_1_15' title="bbox 205 1501 1800 1573; baseline 0.001 -18"><span class='ocrx_word' id='word_1_104' title='bbox 205 1502 382 1556; x_wconf 86' lang='lat' dir='ltr'><strong>teneri</strong></span> <span class='ocrx_word' id='word_1_105' title='bbox 407 1517 568 1572; x_wconf 91' lang='lat' dir='ltr'><strong>quam</strong></span> <span class='ocrx_word' id='word_1_106' title='bbox 597 1502 829 1557; x_wconf 79' lang='lat' dir='ltr'><strong>maxime</strong></span> <span class='ocrx_word' id='word_1_107' title='bbox 858 1501 1020 1557; x_wconf 89' lang='lat' dir='ltr'><strong>debet</strong></span> <span class='ocrx_word' id='word_1_108' title='bbox 1049 1501 1220 1558; x_wconf 88' lang='lat' dir='ltr'><strong>forma</strong></span> <span class='ocrx_word' id='word_1_109' title='bbox 1245 1502 1502 1572; x_wconf 60' lang='lat' dir='ltr'><strong>iustitiae;</strong></span> <span class='ocrx_word' id='word_1_110' title='bbox 1535 1516 1602 1556; x_wconf 88' lang='lat' dir='ltr'><strong>ne</strong></span> <span class='ocrx_word' id='word_1_111' title='bbox 1629 1502 1747 1573; x_wconf 86' lang='lat' dir='ltr'><strong>quis</strong></span> <span class='ocrx_word' id='word_1_112' title='bbox 1769 1515 1800 1556; x_wconf 89' lang='lat' dir='ltr'><strong>a</strong></span> 
     </span>
    </p>
   </div>
   <div class='ocr_carea' id='block_1_16' title="bbox 203 1595 1795 1668">
    <p class='ocr_par' dir='ltr' id='par_1_16' title="bbox 203 1595 1795 1668">
     <span class='ocr_line' id='line_1_16' title="bbox 203 1595 1795 1668; baseline 0.001 -20"><span class='ocrx_word' id='word_1_113' title='bbox 203 1595 608 1651; x_wconf 90' lang='lat' dir='ltr'><strong>communionis</strong></span> <span class='ocrx_word' id='word_1_114' title='bbox 632 1596 910 1652; x_wconf 91' lang='lat' dir='ltr'><strong>consortio</strong></span> <span class='ocrx_word' id='word_1_115' title='bbox 933 1595 1216 1652; x_wconf 87' lang='lat' dir='ltr'><strong>abstentus</strong></span> <span class='ocrx_word' id='word_1_116' title='bbox 1234 1639 1249 1665; x_wconf 94' lang='lat'><strong>,</strong></span> <span class='ocrx_word' id='word_1_117' title='bbox 1275 1596 1426 1652; x_wconf 85' lang='lat' dir='ltr'><strong>brevi</strong></span> <span class='ocrx_word' id='word_1_118' title='bbox 1465 1596 1758 1668; x_wconf 83' lang='lat' dir='ltr'><strong>lacrymula</strong></span> <span class='ocrx_word' id='word_1_119' title='bbox 1781 1639 1795 1665; x_wconf 95' lang='lat'><strong>,</strong></span> 
     </span>
    </p>
   </div>
   <div class='ocr_carea' id='block_1_17' title="bbox 205 1687 1798 1759">
    <p class='ocr_par' dir='ltr' id='par_1_17' title="bbox 205 1687 1798 1759">
     <span class='ocr_line' id='line_1_17' title="bbox 205 1687 1798 1759; baseline 0.002 -18"><span class='ocrx_word' id='word_1_120' title='bbox 205 1695 372 1758; x_wconf 88' lang='lat' dir='ltr'><strong>atque</strong></span> <span class='ocrx_word' id='word_1_121' title='bbox 399 1687 464 1743; x_wconf 89' lang='lat' dir='ltr'><strong>ad</strong></span> <span class='ocrx_word' id='word_1_122' title='bbox 497 1697 708 1759; x_wconf 90' lang='lat' dir='ltr'><strong>tempus</strong></span> <span class='ocrx_word' id='word_1_123' title='bbox 750 1699 934 1759; x_wconf 89' lang='lat' dir='ltr'><strong>parata</strong></span> <span class='ocrx_word' id='word_1_124' title='bbox 957 1731 972 1756; x_wconf 96' lang='lat'><strong>,</strong></span> <span class='ocrx_word' id='word_1_125' title='bbox 1001 1690 1085 1746; x_wconf 85' lang='lat' dir='ltr'><strong>vel</strong></span> <span class='ocrx_word' id='word_1_126' title='bbox 1127 1690 1288 1745; x_wconf 89' lang='lat' dir='ltr'><strong>etiam</strong></span> <span class='ocrx_word' id='word_1_127' title='bbox 1321 1688 1664 1745; x_wconf 86' lang='lat' dir='ltr'><strong>uberioribus</strong></span> <span class='ocrx_word' id='word_1_128' title='bbox 1704 1689 1798 1744; x_wconf 85' lang='lat' dir='ltr'><strong>ile-</strong></span> 
     </span>
    </p>
   </div>
   <div class='ocr_carea' id='block_1_18' title="bbox 204 1779 1799 1854">
    <p class='ocr_par' dir='ltr' id='par_1_18' title="bbox 204 1779 1799 1854">
     <span class='ocr_line' id='line_1_18' title="bbox 204 1779 1799 1854; baseline 0.004 -20"><span class='ocrx_word' id='word_1_129' title='bbox 204 1779 354 1835; x_wconf 89' lang='lat' dir='ltr'><strong>tibus</strong></span> <span class='ocrx_word' id='word_1_130' title='bbox 380 1784 818 1837; x_wconf 89' lang='lat' dir='ltr'><strong>communionem</strong></span> <span class='ocrx_word' id='word_1_131' title='bbox 858 1797 1022 1854; x_wconf 88' lang='lat' dir='ltr'><strong>quam</strong></span> <span class='ocrx_word' id='word_1_132' title='bbox 1055 1782 1301 1854; x_wconf 90' lang='lat' dir='ltr'><strong>plurimis</strong></span> <span class='ocrx_word' id='word_1_133' title='bbox 1328 1783 1492 1838; x_wconf 80' lang='lat' dir='ltr'><strong>debet</strong></span> <span class='ocrx_word' id='word_1_134' title='bbox 1523 1783 1799 1854; x_wconf 88' lang='lat' dir='ltr'><strong>postulare</strong></span> 
     </span>
    </p>
   </div>
   <div class='ocr_carea' id='block_1_19' title="bbox 203 1873 1878 1969">
    <p class='ocr_par' dir='ltr' id='par_1_19' title="bbox 203 1873 1878 1969">
     <span class='ocr_line' id='line_1_19' title="bbox 203 1873 1878 1969; baseline 0.002 -41"><span class='ocrx_word' id='word_1_135' title='bbox 203 1873 568 1944; x_wconf 86' lang='lat' dir='ltr'><strong>temporibus,</strong></span> <span class='ocrx_word' id='word_1_136' title='bbox 603 1875 858 1932; x_wconf 90' lang='lat' dir='ltr'><strong>facilitate</strong></span> <span class='ocrx_word' id='word_1_137' title='bbox 895 1875 1198 1932; x_wconf 79' lang='lat' dir='ltr'><strong>sacerdotis</strong></span> <span class='ocrx_word' id='word_1_138' title='bbox 1235 1884 1577 1946; x_wconf 84' lang='lat' dir='ltr'><strong>extorqueat.</strong></span> <span class='ocrx_word' id='word_1_139' title='bbox 1609 1874 1799 1932; x_wconf 84' lang='lat' dir='ltr'><strong>Nonne</strong></span> <span class='ocrx_word' id='word_1_140' title='bbox 1831 1909 1878 1969; x_wconf 82' lang='grc' dir='ltr'><strong>Β</strong></span> 
     </span>
    </p>
   </div>
   <div class='ocr_carea' id='block_1_20' title="bbox 201 1967 1799 2040">
    <p class='ocr_par' dir='ltr' id='par_1_20' title="bbox 201 1967 1799 2040">
     <span class='ocr_line' id='line_1_20' title="bbox 201 1967 1799 2040; baseline -0.001 -18"><span class='ocrx_word' id='word_1_141' title='bbox 201 1981 328 2022; x_wconf 90' lang='lat' dir='ltr'><strong>cum</strong></span> <span class='ocrx_word' id='word_1_142' title='bbox 357 1971 450 2022; x_wconf 91' lang='lat' dir='ltr'><strong>uni</strong></span> <span class='ocrx_word' id='word_1_143' title='bbox 475 1968 721 2040; x_wconf 83' lang='lat' dir='ltr'><strong>indulget</strong></span> <span class='ocrx_word' id='word_1_144' title='bbox 753 1968 995 2040; x_wconf 85' lang='lat' dir='ltr'><strong>indigno,</strong></span> <span class='ocrx_word' id='word_1_145' title='bbox 1029 1969 1295 2040; x_wconf 88' lang='lat' dir='ltr'><strong>plurimos</strong></span> <span class='ocrx_word' id='word_1_146' title='bbox 1322 1967 1450 2025; x_wconf 89' lang='lat' dir='ltr'><strong>facit</strong></span> <span class='ocrx_word' id='word_1_147' title='bbox 1488 1968 1554 2024; x_wconf 90' lang='lat' dir='ltr'><strong>ad</strong></span> <span class='ocrx_word' id='word_1_148' title='bbox 1585 1967 1799 2039; x_wconf 89' lang='lat' dir='ltr'><strong>prolap-</strong></span> 
     </span>
    </p>
   </div>
   <div class='ocr_carea' id='block_1_21' title="bbox 203 2063 1800 2134">
    <p class='ocr_par' dir='ltr' id='par_1_21' title="bbox 203 2063 1800 2134">
     <span class='ocr_line' id='line_1_21' title="bbox 203 2063 1800 2134; baseline 0 -16"><span class='ocrx_word' id='word_1_149' title='bbox 203 2063 379 2118; x_wconf 87' lang='lat' dir='ltr'><strong>sionis</strong></span> <span class='ocrx_word' id='word_1_150' title='bbox 419 2063 728 2134; x_wconf 83' lang='lat' dir='ltr'><strong>contagium</strong></span> <span class='ocrx_word' id='word_1_151' title='bbox 776 2063 1093 2134; x_wconf 88' lang='lat' dir='ltr'><strong>provocari?</strong></span> <span class='ocrx_word' id='word_1_152' title='bbox 1136 2063 1391 2119; x_wconf 87' lang='lat' dir='ltr'><strong>Facilitas</strong></span> <span class='ocrx_word' id='word_1_153' title='bbox 1435 2065 1580 2119; x_wconf 89' lang='lat' dir='ltr'><strong>enim</strong></span> <span class='ocrx_word' id='word_1_154' title='bbox 1627 2063 1800 2119; x_wconf 74' lang='lat' dir='ltr'><strong>venite</strong></span> 
     </span>
    </p>
   </div>
   <div class='ocr_carea' id='block_1_22' title="bbox 205 2152 1796 2226">
    <p class='ocr_par' dir='ltr' id='par_1_22' title="bbox 205 2152 1796 2226">
     <span class='ocr_line' id='line_1_22' title="bbox 205 2152 1796 2226; baseline 0.001 -19"><span class='ocrx_word' id='word_1_155' title='bbox 205 2152 538 2209; x_wconf 80' lang='lat' dir='ltr'><strong>incentivum</strong></span> <span class='ocrx_word' id='word_1_156' title='bbox 571 2154 758 2219; x_wconf 79' lang='lat' dir='ltr'><strong>tribuit</strong></span> <span class='ocrx_word' id='word_1_157' title='bbox 786 2154 1154 2226; x_wconf 90' lang='lat' dir='ltr'><strong>delinquendi.</strong></span> <span class='ocrx_word' id='word_1_158' title='bbox 1191 2155 1303 2212; x_wconf 91' lang='lat' dir='ltr'><strong>Hoc</strong></span> <span class='ocrx_word' id='word_1_159' title='bbox 1341 2171 1406 2212; x_wconf 89' lang='lat' dir='ltr'><strong>eo</strong></span> <span class='ocrx_word' id='word_1_160' title='bbox 1443 2155 1648 2210; x_wconf 92' lang='lat' dir='ltr'><strong>dictum</strong></span> <span class='ocrx_word' id='word_1_161' title='bbox 1677 2166 1796 2223; x_wconf 75' lang='grc' dir='ltr'><strong>εει,</strong></span> 
     </span>
    </p>
   </div>
   <div class='ocr_carea' id='block_1_23' title="bbox 203 2248 1801 2315">
    <p class='ocr_par' dir='ltr' id='par_1_23' title="bbox 203 2248 1801 2315">
     <span class='ocr_line' id='line_1_23' title="bbox 203 2248 1801 2315; baseline 0.003 -14"><span class='ocrx_word' id='word_1_162' title='bbox 203 2257 264 2301; x_wconf 83' lang='grc' dir='ltr'><strong>ιιι</strong></span> <span class='ocrx_word' id='word_1_163' title='bbox 293 2248 531 2304; x_wconf 89' lang='lat' dir='ltr'><strong>sciamus</strong></span> <span class='ocrx_word' id='word_1_164' title='bbox 557 2250 853 2305; x_wconf 89' lang='lat' dir='ltr'><strong>secundum</strong></span> <span class='ocrx_word' id='word_1_165' title='bbox 885 2251 1109 2306; x_wconf 87' lang='lat' dir='ltr'><strong>verbum</strong></span> <span class='ocrx_word' id='word_1_166' title='bbox 1145 2250 1272 2315; x_wconf 92' lang='lat' dir='ltr'><strong>Dei,</strong></span> <span class='ocrx_word' id='word_1_167' title='bbox 1305 2250 1599 2306; x_wconf 89' lang='lat' dir='ltr'><strong>secundum</strong></span> <span class='ocrx_word' id='word_1_168' title='bbox 1637 2251 1801 2306; x_wconf 83' lang='lat' dir='ltr'><strong>ratio-</strong></span> 
     </span>
    </p>
   </div>
   <div class='ocr_carea' id='block_1_24' title="bbox 204 2340 1796 2412">
    <p class='ocr_par' dir='ltr' id='par_1_24' title="bbox 204 2340 1796 2412">
     <span class='ocr_line' id='line_1_24' title="bbox 204 2340 1796 2412; baseline 0 -16"><span class='ocrx_word' id='word_1_169' title='bbox 204 2355 354 2408; x_wconf 90' lang='lat' dir='ltr'><strong>nem,</strong></span> <span class='ocrx_word' id='word_1_170' title='bbox 385 2340 805 2412; x_wconf 87' lang='lat' dir='ltr'><strong>dispensandam</strong></span> <span class='ocrx_word' id='word_1_171' title='bbox 835 2357 956 2398; x_wconf 89' lang='lat' dir='ltr'><strong>esse</strong></span> <span class='ocrx_word' id='word_1_172' title='bbox 984 2343 1408 2398; x_wconf 88' lang='lat' dir='ltr'><strong>miscricordiam</strong></span> <span class='ocrx_word' id='word_1_173' title='bbox 1442 2342 1796 2398; x_wconf 84' lang='lat' dir='ltr'><strong>debitoribus.</strong></span> 
     </span>
    </p>
   </div>
   <div class='ocr_carea' id='block_1_25' title="bbox 205 2432 1801 2506">
    <p class='ocr_par' dir='ltr' id='par_1_25' title="bbox 205 2432 1801 2506">
     <span class='ocr_line' id='line_1_25' title="bbox 205 2432 1801 2506; baseline 0 -18"><span class='ocrx_word' id='word_1_174' title='bbox 205 2432 445 2489; x_wconf 83' lang='lat' dir='ltr'><strong>Medicus</strong></span> <span class='ocrx_word' id='word_1_175' title='bbox 487 2435 603 2506; x_wconf 89' lang='lat' dir='ltr'><strong>ipse</strong></span> <span class='ocrx_word' id='word_1_176' title='bbox 633 2435 678 2490; x_wconf 92' lang='lat' dir='ltr'><strong>si</strong></span> <span class='ocrx_word' id='word_1_177' title='bbox 708 2437 976 2506; x_wconf 83' lang='lat' dir='ltr'><strong>serpentis</strong></span> <span class='ocrx_word' id='word_1_178' title='bbox 1022 2437 1252 2491; x_wconf 84' lang='lat' dir='ltr'><strong>interius</strong></span> <span class='ocrx_word' id='word_1_179' title='bbox 1283 2437 1528 2491; x_wconf 87' lang='lat' dir='ltr'><strong>inveniat</strong></span> <span class='ocrx_word' id='word_1_180' title='bbox 1560 2436 1801 2490; x_wconf 90' lang='lat' dir='ltr'><strong>vulneris</strong></span> 
     </span>
    </p>
   </div>
   <div class='ocr_carea' id='block_1_26' title="bbox 205 2526 1801 2595">
    <p class='ocr_par' dir='ltr' id='par_1_26' title="bbox 205 2526 1801 2595">
     <span class='ocr_line' id='line_1_26' title="bbox 205 2526 1801 2595; baseline 0 -13"><span class='ocrx_word' id='word_1_181' title='bbox 205 2526 516 2584; x_wconf 86' lang='lat' dir='ltr'><strong>cicatricem</strong></span> <span class='ocrx_word' id='word_1_182' title='bbox 541 2571 555 2594; x_wconf 91' lang='lat'><strong>,</strong></span> <span class='ocrx_word' id='word_1_183' title='bbox 583 2543 705 2584; x_wconf 90' lang='lat' dir='ltr'><strong>cum</strong></span> <span class='ocrx_word' id='word_1_184' title='bbox 744 2528 942 2584; x_wconf 84' lang='lat' dir='ltr'><strong>debeat</strong></span> <span class='ocrx_word' id='word_1_185' title='bbox 969 2544 1216 2584; x_wconf 84' lang='lat' dir='ltr'><strong>resecare</strong></span> <span class='ocrx_word' id='word_1_186' title='bbox 1248 2529 1444 2584; x_wconf 90' lang='lat' dir='ltr'><strong>ulceris</strong></span> <span class='ocrx_word' id='word_1_187' title='bbox 1475 2531 1702 2595; x_wconf 91' lang='lat' dir='ltr'><strong>vitium,</strong></span> <span class='ocrx_word' id='word_1_188' title='bbox 1732 2543 1801 2582; x_wconf 91' lang='lat' dir='ltr'><strong>ne</strong></span> 
     </span>
    </p>
   </div>
   <div class='ocr_carea' id='block_1_27' title="bbox 207 2620 1803 2692">
    <p class='ocr_par' dir='ltr' id='par_1_27' title="bbox 207 2620 1803 2692">
     <span class='ocr_line' id='line_1_27' title="bbox 207 2620 1803 2692; baseline 0 -18"><span class='ocrx_word' id='word_1_189' title='bbox 207 2620 366 2675; x_wconf 90' lang='lat' dir='ltr'><strong>latius</strong></span> <span class='ocrx_word' id='word_1_190' title='bbox 396 2631 612 2692; x_wconf 87' lang='lat' dir='ltr'><strong>serpat;</strong></span> <span class='ocrx_word' id='word_1_191' title='bbox 647 2632 826 2676; x_wconf 89' lang='lat' dir='ltr'><strong>tamen</strong></span> <span class='ocrx_word' id='word_1_192' title='bbox 856 2637 884 2675; x_wconf 92' lang='lat' dir='ltr'><strong>a</strong></span> <span class='ocrx_word' id='word_1_193' title='bbox 928 2621 1146 2677; x_wconf 87' lang='lat' dir='ltr'><strong>secandi</strong></span> <span class='ocrx_word' id='word_1_194' title='bbox 1179 2620 1477 2692; x_wconf 89' lang='lat' dir='ltr'><strong>urendique</strong></span> <span class='ocrx_word' id='word_1_195' title='bbox 1521 2621 1803 2691; x_wconf 88' lang='lat' dir='ltr'><strong>proposito</strong></span> 
     </span>
    </p>
   </div>
   <div class='ocr_carea' id='block_1_28' title="bbox 205 2712 1803 2786">
    <p class='ocr_par' dir='ltr' id='par_1_28' title="bbox 205 2712 1803 2786">
     <span class='ocr_line' id='line_1_28' title="bbox 205 2712 1803 2786; baseline 0.001 -20"><span class='ocrx_word' id='word_1_196' title='bbox 205 2712 466 2784; x_wconf 86' lang='lat' dir='ltr'><strong>lacrymis</strong></span> <span class='ocrx_word' id='word_1_197' title='bbox 506 2714 737 2770; x_wconf 85' lang='lat' dir='ltr'><strong>inflexus</strong></span> <span class='ocrx_word' id='word_1_198' title='bbox 775 2716 996 2786; x_wconf 74' lang='lat' dir='ltr'><strong>aegroti,</strong></span> <span class='ocrx_word' id='word_1_199' title='bbox 1031 2715 1441 2770; x_wconf 88' lang='lat' dir='ltr'><strong>medicamentis</strong></span> <span class='ocrx_word' id='word_1_200' title='bbox 1487 2723 1631 2784; x_wconf 84' lang='lat' dir='ltr'><strong>tegat</strong></span> <span class='ocrx_word' id='word_1_201' title='bbox 1659 2715 1803 2783; x_wconf 86' lang='lat' dir='ltr'><strong>quod</strong></span> 
     </span>
    </p>
   </div>
   <div class='ocr_carea' id='block_1_29' title="bbox 202 2805 1806 2877">
    <p class='ocr_par' dir='ltr' id='par_1_29' title="bbox 202 2805 1806 2877">
     <span class='ocr_line' id='line_1_29' title="bbox 202 2805 1806 2877; baseline 0.001 -17"><span class='ocrx_word' id='word_1_202' title='bbox 202 2805 349 2862; x_wconf 91' lang='lat' dir='ltr'><strong>ferro</strong></span> <span class='ocrx_word' id='word_1_203' title='bbox 393 2823 419 2861; x_wconf 89' lang='lat' dir='ltr'><strong>a</strong></span> <span class='ocrx_word' id='word_1_204' title='bbox 441 2807 762 2877; x_wconf 91' lang='lat' dir='ltr'><strong>periendum</strong></span> <span class='ocrx_word' id='word_1_205' title='bbox 805 2810 904 2863; x_wconf 89' lang='lat' dir='ltr'><strong>fuit</strong></span> <span class='ocrx_word' id='word_1_206' title='bbox 933 2826 946 2861; x_wconf 91' lang='lat'><strong>:</strong></span> <span class='ocrx_word' id='word_1_207' title='bbox 975 2824 1157 2863; x_wconf 88' lang='lat' dir='ltr'><strong>nonne</strong></span> <span class='ocrx_word' id='word_1_208' title='bbox 1205 2810 1306 2862; x_wconf 85' lang='lat' dir='ltr'><strong>ista</strong></span> <span class='ocrx_word' id='word_1_209' title='bbox 1361 2809 1565 2863; x_wconf 89' lang='lat' dir='ltr'><strong>inutilis</strong></span> <span class='ocrx_word' id='word_1_210' title='bbox 1594 2808 1806 2863; x_wconf 91' lang='lat' dir='ltr'><strong>miseri-</strong></span> 
     </span>
    </p>
   </div>
   <div class='ocr_carea' id='block_1_30' title="bbox 204 2899 1806 2970">
    <p class='ocr_par' dir='ltr' id='par_1_30' title="bbox 204 2899 1806 2970">
     <span class='ocr_line' id='line_1_30' title="bbox 204 2899 1806 2970; baseline 0.001 -17"><span class='ocrx_word' id='word_1_211' title='bbox 204 2899 392 2955; x_wconf 87' lang='lat' dir='ltr'><strong>cordia</strong></span> <span class='ocrx_word' id='word_1_212' title='bbox 418 2908 533 2965; x_wconf 82' lang='lat' dir='ltr'><strong>est,</strong></span> <span class='ocrx_word' id='word_1_213' title='bbox 565 2901 608 2954; x_wconf 91' lang='lat' dir='ltr'><strong>si</strong></span> <span class='ocrx_word' id='word_1_214' title='bbox 635 2909 857 2970; x_wconf 84' lang='lat' dir='ltr'><strong>prepter</strong></span> <span class='ocrx_word' id='word_1_215' title='bbox 887 2901 1106 2955; x_wconf 83' lang='lat' dir='ltr'><strong>brevem</strong></span> <span class='ocrx_word' id='word_1_216' title='bbox 1137 2901 1418 2955; x_wconf 88' lang='lat' dir='ltr'><strong>incisionis</strong></span> <span class='ocrx_word' id='word_1_217' title='bbox 1449 2900 1532 2955; x_wconf 86' lang='lat' dir='ltr'><strong>vel</strong></span> <span class='ocrx_word' id='word_1_218' title='bbox 1569 2900 1806 2955; x_wconf 90' lang='lat' dir='ltr'><strong>exustio-</strong></span> 
     </span>
    </p>
   </div>
   <div class='ocr_carea' id='block_1_31' title="bbox 213 2991 1806 3062">
    <p class='ocr_par' dir='ltr' id='par_1_31' title="bbox 213 2991 1806 3062">
     <span class='ocr_line' id='line_1_31' title="bbox 213 2991 1806 3062; baseline 0.003 -19"><span class='ocrx_word' id='word_1_219' title='bbox 213 2991 299 3044; x_wconf 91' lang='lat' dir='ltr'><strong>nis</strong></span> <span class='ocrx_word' id='word_1_220' title='bbox 323 2991 568 3047; x_wconf 85' lang='lat' dir='ltr'><strong>dolorem</strong></span> <span class='ocrx_word' id='word_1_221' title='bbox 610 3007 810 3062; x_wconf 91' lang='lat' dir='ltr'><strong>corpus</strong></span> <span class='ocrx_word' id='word_1_222' title='bbox 835 3007 996 3047; x_wconf 90' lang='lat' dir='ltr'><strong>omne</strong></span> <span class='ocrx_word' id='word_1_223' title='bbox 1037 2994 1314 3060; x_wconf 79' lang='lat' dir='ltr'><strong>tabescat,</strong></span> <span class='ocrx_word' id='word_1_224' title='bbox 1350 2995 1468 3048; x_wconf 70' lang='lat' dir='ltr'><strong>vitae</strong></span> <span class='ocrx_word' id='word_1_225' title='bbox 1505 3007 1633 3048; x_wconf 90' lang='lat' dir='ltr'><strong>usus</strong></span> <span class='ocrx_word' id='word_1_226' title='bbox 1665 2992 1806 3048; x_wconf 85' lang='lat' dir='ltr'><strong>inte-</strong></span> 
     </span>
    </p>
   </div>
   <div class='ocr_carea' id='block_1_32' title="bbox 213 3081 1808 3155">
    <p class='ocr_par' dir='ltr' id='par_1_32' title="bbox 213 3081 1808 3155">
     <span class='ocr_line' id='line_1_32' title="bbox 213 3081 1808 3155; baseline -0.001 -17"><span class='ocrx_word' id='word_1_227' title='bbox 213 3081 372 3138; x_wconf 86' lang='lat' dir='ltr'><strong>rcat?</strong></span> <span class='ocrx_word' id='word_1_228' title='bbox 407 3082 573 3140; x_wconf 74' lang='lat' dir='ltr'><strong>llecte</strong></span> <span class='ocrx_word' id='word_1_229' title='bbox 602 3083 764 3154; x_wconf 91' lang='lat' dir='ltr'><strong>igitur</strong></span> <span class='ocrx_word' id='word_1_230' title='bbox 789 3093 843 3139; x_wconf 91' lang='lat' dir='ltr'><strong>et</strong></span> <span class='ocrx_word' id='word_1_231' title='bbox 886 3084 1144 3139; x_wconf 89' lang='lat' dir='ltr'><strong>sacerdos</strong></span> <span class='ocrx_word' id='word_1_232' title='bbox 1177 3085 1370 3138; x_wconf 87' lang='lat' dir='ltr'><strong>vulnus</strong></span> <span class='ocrx_word' id='word_1_233' title='bbox 1406 3099 1601 3155; x_wconf 90' lang='lat' dir='ltr'><strong>grave,</strong></span> <span class='ocrx_word' id='word_1_234' title='bbox 1634 3099 1701 3138; x_wconf 91' lang='lat' dir='ltr'><strong>ne</strong></span> <span class='ocrx_word' id='word_1_235' title='bbox 1728 3083 1808 3138; x_wconf 83' lang='lat' dir='ltr'><strong>la-</strong></span> 
     </span>
    </p>
   </div>
   <div class='ocr_carea' id='block_1_33' title="bbox 213 3174 1806 3246">
    <p class='ocr_par' dir='ltr' id='par_1_33' title="bbox 213 3174 1806 3246">
     <span class='ocr_line' id='line_1_33' title="bbox 213 3174 1806 3246; baseline 0.002 -18"><span class='ocrx_word' id='word_1_236' title='bbox 213 3174 320 3228; x_wconf 92' lang='lat' dir='ltr'><strong>tius</strong></span> <span class='ocrx_word' id='word_1_237' title='bbox 368 3185 588 3244; x_wconf 73' lang='lat' dir='ltr'><strong>serpat,</strong></span> <span class='ocrx_word' id='word_1_238' title='bbox 636 3191 665 3229; x_wconf 90' lang='lat' dir='ltr'><strong>a</strong></span> <span class='ocrx_word' id='word_1_239' title='bbox 713 3182 825 3232; x_wconf 90' lang='lat' dir='ltr'><strong>toto</strong></span> <span class='ocrx_word' id='word_1_240' title='bbox 878 3191 1109 3246; x_wconf 91' lang='lat' dir='ltr'><strong>corpore</strong></span> <span class='ocrx_word' id='word_1_241' title='bbox 1152 3175 1410 3231; x_wconf 72' lang='lat' dir='ltr'><strong>Ecclesize</strong></span> <span class='ocrx_word' id='word_1_242' title='bbox 1438 3178 1587 3246; x_wconf 88' lang='lat' dir='ltr'><strong>quasi</strong></span> <span class='ocrx_word' id='word_1_243' title='bbox 1631 3175 1806 3231; x_wconf 90' lang='lat' dir='ltr'><strong>bonus</strong></span> 
     </span>
    </p>
   </div>
   <div class='ocr_carea' id='block_1_34' title="bbox 211 3266 1877 3363">
    <p class='ocr_par' dir='ltr' id='par_1_34' title="bbox 211 3266 1877 3363">
     <span class='ocr_line' id='line_1_34' title="bbox 211 3266 1877 3363; baseline 0 -43"><span class='ocrx_word' id='word_1_244' title='bbox 211 3266 454 3322; x_wconf 90' lang='lat' dir='ltr'><strong>medicus</strong></span> <span class='ocrx_word' id='word_1_245' title='bbox 475 3266 639 3324; x_wconf 89' lang='lat' dir='ltr'><strong>debet</strong></span> <span class='ocrx_word' id='word_1_246' title='bbox 661 3267 1004 3332; x_wconf 89' lang='lat' dir='ltr'><strong>abscindere,</strong></span> <span class='ocrx_word' id='word_1_247' title='bbox 1039 3277 1094 3324; x_wconf 92' lang='lat' dir='ltr'><strong>et</strong></span> <span class='ocrx_word' id='word_1_248' title='bbox 1126 3267 1358 3338; x_wconf 84' lang='lat' dir='ltr'><strong>prodere</strong></span> <span class='ocrx_word' id='word_1_249' title='bbox 1390 3269 1533 3323; x_wconf 88' lang='lat' dir='ltr'><strong>virus</strong></span> <span class='ocrx_word' id='word_1_250' title='bbox 1559 3266 1803 3322; x_wconf 89' lang='lat' dir='ltr'><strong>criminis</strong></span> <span class='ocrx_word' id='word_1_251' title='bbox 1833 3301 1877 3363; x_wconf 78' lang='lat' dir='ltr'>C</span> 
     </span>
    </p>
   </div>
   <div class='ocr_carea' id='block_1_35' title="bbox 209 3358 1802 3430">
    <p class='ocr_par' dir='ltr' id='par_1_35' title="bbox 209 3358 1802 3430">
     <span class='ocr_line' id='line_1_35' title="bbox 209 3358 1802 3430; baseline -0.001 -17"><span class='ocrx_word' id='word_1_252' title='bbox 209 3358 352 3430; x_wconf 91' lang='lat' dir='ltr'><strong>quod</strong></span> <span class='ocrx_word' id='word_1_253' title='bbox 383 3359 610 3426; x_wconf 84' lang='lat' dir='ltr'><strong>latebat,</strong></span> <span class='ocrx_word' id='word_1_254' title='bbox 661 3375 767 3414; x_wconf 90' lang='lat' dir='ltr'><strong>non</strong></span> <span class='ocrx_word' id='word_1_255' title='bbox 799 3360 1012 3425; x_wconf 86' lang='lat' dir='ltr'><strong>fovere;</strong></span> <span class='ocrx_word' id='word_1_256' title='bbox 1050 3376 1117 3415; x_wconf 91' lang='lat' dir='ltr'><strong>ne</strong></span> <span class='ocrx_word' id='word_1_257' title='bbox 1151 3360 1279 3414; x_wconf 90' lang='lat' dir='ltr'><strong>dum</strong></span> <span class='ocrx_word' id='word_1_258' title='bbox 1311 3375 1472 3414; x_wconf 90' lang='lat' dir='ltr'><strong>unum</strong></span> <span class='ocrx_word' id='word_1_259' title='bbox 1505 3359 1802 3416; x_wconf 87' lang='lat' dir='ltr'><strong>excluden-</strong></span> 
     </span>
    </p>
   </div>
   <div class='ocr_carea' id='block_1_36' title="bbox 209 3449 1803 3525">
    <p class='ocr_par' dir='ltr' id='par_1_36' title="bbox 209 3449 1803 3525">
     <span class='ocr_line' id='line_1_36' title="bbox 209 3449 1803 3525; baseline 0.001 -19"><span class='ocrx_word' id='word_1_260' title='bbox 209 3449 336 3506; x_wconf 88' lang='lat' dir='ltr'><strong>dum</strong></span> <span class='ocrx_word' id='word_1_261' title='bbox 369 3467 476 3506; x_wconf 90' lang='lat' dir='ltr'><strong>non</strong></span> <span class='ocrx_word' id='word_1_262' title='bbox 507 3462 688 3522; x_wconf 85' lang='lat' dir='ltr'><strong>putat,</strong></span> <span class='ocrx_word' id='word_1_263' title='bbox 722 3453 904 3524; x_wconf 85' lang='lat' dir='ltr'><strong>plures</strong></span> <span class='ocrx_word' id='word_1_264' title='bbox 939 3453 1100 3508; x_wconf 88' lang='lat' dir='ltr'><strong>faciat</strong></span> <span class='ocrx_word' id='word_1_265' title='bbox 1135 3453 1328 3525; x_wconf 87' lang='lat' dir='ltr'><strong>dignos</strong></span> <span class='ocrx_word' id='word_1_266' title='bbox 1371 3467 1507 3523; x_wconf 91' lang='lat' dir='ltr'><strong>quos</strong></span> <span class='ocrx_word' id='word_1_267' title='bbox 1547 3453 1803 3509; x_wconf 84' lang='lat' dir='ltr'><strong>excludat</strong></span> 
     </span>
    </p>
   </div>
   <div class='ocr_carea' id='block_1_37' title="bbox 209 3543 562 3600">
    <p class='ocr_par' dir='ltr' id='par_1_37' title="bbox 209 3543 562 3600">
     <span class='ocr_line' id='line_1_37' title="bbox 209 3543 562 3600; baseline -0.003 -1"><span class='ocrx_word' id='word_1_268' title='bbox 209 3544 278 3600; x_wconf 90' lang='lat' dir='ltr'><strong>ab</strong></span> <span class='ocrx_word' id='word_1_269' title='bbox 300 3543 562 3600; x_wconf 81' lang='lat' dir='ltr'><strong>Ecclesia.</strong></span> 
     </span>
    </p>
   </div>
   <div class='ocr_carea' id='block_1_38' title="bbox 281 3637 1802 3710">
    <p class='ocr_par' dir='ltr' id='par_1_38' title="bbox 281 3637 1802 3710">
     <span class='ocr_line' id='line_1_38' title="bbox 281 3637 1802 3710; baseline 0.001 -18"><span class='ocrx_word' id='word_1_270' title='bbox 281 3638 544 3695; x_wconf 69' lang='lat' dir='ltr'><strong>27.1ure</strong></span> <span class='ocrx_word' id='word_1_271' title='bbox 592 3653 722 3709; x_wconf 86' lang='lat' dir='ltr'><strong>ergo</strong></span> <span class='ocrx_word' id='word_1_272' title='bbox 774 3639 1070 3710; x_wconf 88' lang='lat' dir='ltr'><strong>Apostolus</strong></span> <span class='ocrx_word' id='word_1_273' title='bbox 1133 3639 1317 3694; x_wconf 86' lang='lat' dir='ltr'><strong>divino</strong></span> <span class='ocrx_word' id='word_1_274' title='bbox 1388 3653 1488 3695; x_wconf 89' lang='lat' dir='ltr'><strong>nos</strong></span> <span class='ocrx_word' id='word_1_275' title='bbox 1556 3637 1802 3694; x_wconf 89' lang='lat' dir='ltr'><strong>hortatur</strong></span> 
     </span>
    </p>
   </div>
   <div class='ocr_carea' id='block_1_39' title="bbox 210 3730 1804 3805">
    <p class='ocr_par' dir='ltr' id='par_1_39' title="bbox 210 3730 1804 3805">
     <span class='ocr_line' id='line_1_39' title="bbox 210 3730 1804 3805; baseline 0.001 -20"><span class='ocrx_word' id='word_1_276' title='bbox 210 3731 465 3801; x_wconf 85' lang='lat' dir='ltr'><strong>exemplo</strong></span> <span class='ocrx_word' id='word_1_277' title='bbox 489 3730 714 3787; x_wconf 87' lang='lat' dir='ltr'><strong>dicens:</strong></span> <span class='ocrx_word' id='word_1_278' title='bbox 749 3731 880 3787; x_wconf 83' lang='lat' dir='ltr'><strong>Vide</strong></span> <span class='ocrx_word' id='word_1_279' title='bbox 911 3749 1030 3805; x_wconf 83' lang='lat' dir='ltr'><strong>ergo</strong></span> <span class='ocrx_word' id='word_1_280' title='bbox 1067 3732 1376 3795; x_wconf 80' lang='lat' dir='ltr'><strong>bonitatem,</strong></span> <span class='ocrx_word' id='word_1_281' title='bbox 1419 3740 1466 3786; x_wconf 87' lang='lat' dir='ltr'><strong>et</strong></span> <span class='ocrx_word' id='word_1_282' title='bbox 1490 3733 1804 3788; x_wconf 73' lang='lat' dir='ltr'><strong>severitatem</strong></span> 
     </span>
    </p>
   </div>
   <div class='ocr_carea' id='block_1_40' title="bbox 215 3820 1804 3896">
    <p class='ocr_par' dir='ltr' id='par_1_40' title="bbox 215 3820 1804 3896">
     <span class='ocr_line' id='line_1_40' title="bbox 215 3820 1804 3896; baseline 0.004 -21"><span class='ocrx_word' id='word_1_283' title='bbox 215 3820 308 3877; x_wconf 85' lang='lat' dir='ltr'><strong>Dei</strong></span> <span class='ocrx_word' id='word_1_284' title='bbox 331 3838 350 3878; x_wconf 88' lang='lat'><strong><em>:</em></strong></span> <span class='ocrx_word' id='word_1_285' title='bbox 377 3825 429 3878; x_wconf 81' lang='lat' dir='ltr'><strong>in</strong></span> <span class='ocrx_word' id='word_1_286' title='bbox 450 3841 534 3879; x_wconf 76' lang='lat' dir='ltr'><strong>eos</strong></span> <span class='ocrx_word' id='word_1_287' title='bbox 563 3825 767 3896; x_wconf 76' lang='lat' dir='ltr'><strong>quidem</strong></span> <span class='ocrx_word' id='word_1_288' title='bbox 791 3826 876 3896; x_wconf 85' lang='lat' dir='ltr'><strong>qui</strong></span> <span class='ocrx_word' id='word_1_289' title='bbox 908 3826 1235 3892; x_wconf 84' lang='lat' dir='ltr'><strong>ceciderunt,</strong></span> <span class='ocrx_word' id='word_1_290' title='bbox 1281 3827 1597 3881; x_wconf 78' lang='lat' dir='ltr'><strong>seueritatem</strong></span> <span class='ocrx_word' id='word_1_291' title='bbox 1625 3843 1644 3880; x_wconf 90' lang='lat'><strong><em>:</em></strong></span> <span class='ocrx_word' id='word_1_292' title='bbox 1673 3827 1727 3880; x_wconf 85' lang='lat' dir='ltr'><strong>in</strong></span> <span class='ocrx_word' id='word_1_293' title='bbox 1758 3837 1804 3882; x_wconf 87' lang='lat' dir='ltr'><strong>te</strong></span> 
     </span>
    </p>
   </div>
   <div class='ocr_carea' id='block_1_41' title="bbox 210 3913 1799 3989">
    <p class='ocr_par' dir='ltr' id='par_1_41' title="bbox 210 3913 1799 3989">
     <span class='ocr_line' id='line_1_41' title="bbox 210 3913 1799 3989; baseline 0.004 -22"><span class='ocrx_word' id='word_1_294' title='bbox 210 3922 380 3968; x_wconf 84' lang='lat' dir='ltr'><strong>autem</strong></span> <span class='ocrx_word' id='word_1_295' title='bbox 402 3913 700 3980; x_wconf 82' lang='lat' dir='ltr'><strong>bonitatem,</strong></span> <span class='ocrx_word' id='word_1_296' title='bbox 723 3917 767 3970; x_wconf 78' lang='lat' dir='ltr'><strong>si</strong></span> <span class='ocrx_word' id='word_1_297' title='bbox 797 3918 1135 3984; x_wconf 76' lang='lat' dir='ltr'><strong>permanseris</strong></span> <span class='ocrx_word' id='word_1_298' title='bbox 1157 3918 1212 3971; x_wconf 84' lang='lat' dir='ltr'><strong>in</strong></span> <span class='ocrx_word' id='word_1_299' title='bbox 1233 3917 1458 3971; x_wconf 81' lang='lat' dir='ltr'><strong>bonitate</strong></span> <span class='ocrx_word' id='word_1_300' title='bbox 1490 3917 1678 3989; x_wconf 88' lang='lat' dir='ltr'><strong>(Rom.</strong></span> <span class='ocrx_word' id='word_1_301' title='bbox 1711 3935 1762 3974; x_wconf 77' lang='grc' dir='ltr'><strong>ιιι</strong></span> <span class='ocrx_word' id='word_1_302' title='bbox 1786 3959 1799 3984; x_wconf 91' lang='grc'><em>,</em></span> 
     </span>
    </p>
   </div>
   <div class='ocr_carea' id='block_1_42' title="bbox 211 4009 1804 4086">
    <p class='ocr_par' dir='ltr' id='par_1_42' title="bbox 211 4009 1804 4086">
     <span class='ocr_line' id='line_1_42' title="bbox 211 4009 1804 4086; baseline 0.006 -22"><span class='ocrx_word' id='word_1_303' title='bbox 211 4009 304 4082; x_wconf 68' lang='lat'><strong>22)</strong></span> <span class='ocrx_word' id='word_1_304' title='bbox 338 4029 351 4064; x_wconf 89' lang='lat'><strong>:</strong></span> <span class='ocrx_word' id='word_1_305' title='bbox 383 4013 680 4068; x_wconf 79' lang='lat' dir='ltr'><strong>Ostendens</strong></span> <span class='ocrx_word' id='word_1_306' title='bbox 701 4012 1013 4069; x_wconf 74' lang='lat' dir='ltr'><strong>Judzeorum</strong></span> <span class='ocrx_word' id='word_1_307' title='bbox 1044 4016 1300 4086; x_wconf 88' lang='lat' dir='ltr'><strong>populum</strong></span> <span class='ocrx_word' id='word_1_308' title='bbox 1322 4017 1446 4086; x_wconf 86' lang='lat' dir='ltr'><strong>jure</strong></span> <span class='ocrx_word' id='word_1_309' title='bbox 1466 4031 1588 4073; x_wconf 88' lang='lat' dir='ltr'><strong>esse</strong></span> <span class='ocrx_word' id='word_1_310' title='bbox 1617 4033 1646 4075; x_wconf 86' lang='lat' dir='ltr'><strong>a</strong></span> <span class='ocrx_word' id='word_1_311' title='bbox 1687 4033 1804 4073; x_wconf 86' lang='lat' dir='ltr'><strong>cor-</strong></span> 
     </span>
    </p>
   </div>
   <div class='ocr_carea' id='block_1_43' title="bbox 213 4103 1802 4179">
    <p class='ocr_par' dir='ltr' id='par_1_43' title="bbox 213 4103 1802 4179">
     <span class='ocr_line' id='line_1_43' title="bbox 213 4103 1802 4179; baseline 0.003 -20"><span class='ocrx_word' id='word_1_312' title='bbox 213 4119 344 4173; x_wconf 89' lang='lat' dir='ltr'><strong>pore</strong></span> <span class='ocrx_word' id='word_1_313' title='bbox 374 4103 636 4161; x_wconf 74' lang='lat' dir='ltr'><strong>Ecclesiaa</strong></span> <span class='ocrx_word' id='word_1_314' title='bbox 681 4117 1023 4177; x_wconf 87' lang='lat' dir='ltr'><strong>separatum,</strong></span> <span class='ocrx_word' id='word_1_315' title='bbox 1065 4124 1134 4164; x_wconf 84' lang='lat' dir='ltr'><strong>ne</strong></span> <span class='ocrx_word' id='word_1_316' title='bbox 1171 4109 1411 4179; x_wconf 77' lang='lat' dir='ltr'><strong>perfidia:</strong></span> <span class='ocrx_word' id='word_1_317' title='bbox 1434 4110 1581 4164; x_wconf 88' lang='lat' dir='ltr'><strong>virus</strong></span> <span class='ocrx_word' id='word_1_318' title='bbox 1612 4119 1802 4164; x_wconf 79' lang='lat' dir='ltr'><strong>conta-</strong></span> 
     </span>
    </p>
   </div>
   <div class='ocr_carea' id='block_1_44' title="bbox 211 4197 1806 4270">
    <p class='ocr_par' dir='ltr' id='par_1_44' title="bbox 211 4197 1806 4270">
     <span class='ocr_line' id='line_1_44' title="bbox 211 4197 1806 4270; baseline 0.004 -20"><span class='ocrx_word' id='word_1_319' title='bbox 211 4197 445 4252; x_wconf 88' lang='lat' dir='ltr'><strong>minaret</strong></span> <span class='ocrx_word' id='word_1_320' title='bbox 478 4198 774 4253; x_wconf 82' lang='lat' dir='ltr'><strong>Ecelesiam</strong></span> <span class='ocrx_word' id='word_1_321' title='bbox 813 4218 826 4254; x_wconf 90' lang='lat'><strong>:</strong></span> <span class='ocrx_word' id='word_1_322' title='bbox 867 4201 1121 4269; x_wconf 83' lang='lat' dir='ltr'><strong>populum</strong></span> <span class='ocrx_word' id='word_1_323' title='bbox 1155 4209 1335 4255; x_wconf 92' lang='lat' dir='ltr'><strong>autem</strong></span> <span class='ocrx_word' id='word_1_324' title='bbox 1366 4202 1607 4270; x_wconf 88' lang='lat' dir='ltr'><strong>gentium</strong></span> <span class='ocrx_word' id='word_1_325' title='bbox 1652 4201 1806 4257; x_wconf 84' lang='lat' dir='ltr'><strong>boni-</strong></span> 
     </span>
    </p>
   </div>
   <div class='ocr_carea' id='block_1_45' title="bbox 211 4289 1804 4361">
    <p class='ocr_par' dir='ltr' id='par_1_45' title="bbox 211 4289 1804 4361">
     <span class='ocr_line' id='line_1_45' title="bbox 211 4289 1804 4361; baseline 0.003 -19"><span class='ocrx_word' id='word_1_326' title='bbox 211 4299 319 4344; x_wconf 89' lang='lat' dir='ltr'><strong>tate</strong></span> <span class='ocrx_word' id='word_1_327' title='bbox 351 4289 560 4344; x_wconf 89' lang='lat' dir='ltr'><strong>Domini</strong></span> <span class='ocrx_word' id='word_1_328' title='bbox 605 4299 921 4359; x_wconf 88' lang='lat' dir='ltr'><strong>receptum,</strong></span> <span class='ocrx_word' id='word_1_329' title='bbox 972 4302 1027 4347; x_wconf 90' lang='lat' dir='ltr'><strong>et</strong></span> <span class='ocrx_word' id='word_1_330' title='bbox 1066 4293 1390 4347; x_wconf 75' lang='lat' dir='ltr'><strong>obedientia:</strong></span> <span class='ocrx_word' id='word_1_331' title='bbox 1439 4308 1662 4348; x_wconf 88' lang='lat' dir='ltr'><strong>munere</strong></span> <span class='ocrx_word' id='word_1_332' title='bbox 1692 4294 1804 4361; x_wconf 81' lang='lat' dir='ltr'><strong>glo-</strong></span> 
     </span>
    </p>
   </div>
   <div class='ocr_carea' id='block_1_46' title="bbox 210 4379 1802 4455">
    <p class='ocr_par' dir='ltr' id='par_1_46' title="bbox 210 4379 1802 4455">
     <span class='ocr_line' id='line_1_46' title="bbox 210 4379 1802 4455; baseline 0.003 -19"><span class='ocrx_word' id='word_1_333' title='bbox 210 4380 361 4436; x_wconf 87' lang='lat' dir='ltr'><strong>riari.</strong></span> <span class='ocrx_word' id='word_1_334' title='bbox 415 4379 548 4436; x_wconf 84' lang='lat' dir='ltr'><strong>Jure</strong></span> <span class='ocrx_word' id='word_1_335' title='bbox 581 4381 744 4452; x_wconf 79' lang='lat' dir='ltr'><strong>igitur</strong></span> <span class='ocrx_word' id='word_1_336' title='bbox 785 4381 909 4436; x_wconf 88' lang='lat' dir='ltr'><strong>huic</strong></span> <span class='ocrx_word' id='word_1_337' title='bbox 957 4381 1144 4436; x_wconf 89' lang='lat' dir='ltr'><strong>divina</strong></span> <span class='ocrx_word' id='word_1_338' title='bbox 1195 4382 1408 4437; x_wconf 87' lang='lat' dir='ltr'><strong>bonitas</strong></span> <span class='ocrx_word' id='word_1_339' title='bbox 1435 4384 1802 4455; x_wconf 80' lang='lat' dir='ltr'><strong>suﬂ‘ragatur,</strong></span> 
     </span>
    </p>
   </div>
   <div class='ocr_carea' id='block_1_47' title="bbox 207 4473 1807 4546">
    <p class='ocr_par' dir='ltr' id='par_1_47' title="bbox 207 4473 1807 4546">
     <span class='ocr_line' id='line_1_47' title="bbox 207 4473 1807 4546; baseline 0.006 -21"><span class='ocrx_word' id='word_1_340' title='bbox 207 4473 470 4544; x_wconf 87' lang='lat' dir='ltr'><strong>quamdiu</strong></span> <span class='ocrx_word' id='word_1_341' title='bbox 517 4475 571 4530; x_wconf 92' lang='lat' dir='ltr'><strong>in</strong></span> <span class='ocrx_word' id='word_1_342' title='bbox 617 4475 797 4529; x_wconf 88' lang='lat' dir='ltr'><strong>divina</strong></span> <span class='ocrx_word' id='word_1_343' title='bbox 844 4475 1084 4532; x_wconf 88' lang='lat' dir='ltr'><strong>bonitate</strong></span> <span class='ocrx_word' id='word_1_344' title='bbox 1119 4485 1450 4546; x_wconf 88' lang='lat' dir='ltr'><strong>permaneat.</strong></span> <span class='ocrx_word' id='word_1_345' title='bbox 1495 4477 1549 4532; x_wconf 92' lang='lat' dir='ltr'><strong>Si</strong></span> <span class='ocrx_word' id='word_1_346' title='bbox 1591 4493 1720 4533; x_wconf 91' lang='lat' dir='ltr'><strong>vero</strong></span> <span class='ocrx_word' id='word_1_347' title='bbox 1751 4487 1807 4534; x_wconf 90' lang='lat' dir='ltr'><strong>et</strong></span> 
     </span>
    </p>
   </div>
   <div class='ocr_carea' id='block_1_48' title="bbox 209 4569 1804 4641">
    <p class='ocr_par' dir='ltr' id='par_1_48' title="bbox 209 4569 1804 4641">
     <span class='ocr_line' id='line_1_48' title="bbox 209 4569 1804 4641; baseline 0.004 -18"><span class='ocrx_word' id='word_1_348' title='bbox 209 4570 326 4638; x_wconf 88' lang='lat' dir='ltr'><strong>ipse</strong></span> <span class='ocrx_word' id='word_1_349' title='bbox 353 4569 658 4638; x_wconf 79' lang='lat' dir='ltr'><strong>desciscat,</strong></span> <span class='ocrx_word' id='word_1_350' title='bbox 693 4585 791 4640; x_wconf 89' lang='lat' dir='ltr'><strong>pro</strong></span> <span class='ocrx_word' id='word_1_351' title='bbox 827 4571 1076 4626; x_wconf 89' lang='lat' dir='ltr'><strong>criminis</strong></span> <span class='ocrx_word' id='word_1_352' title='bbox 1119 4571 1201 4626; x_wconf 89' lang='lat' dir='ltr'><strong>sui</strong></span> <span class='ocrx_word' id='word_1_353' title='bbox 1233 4571 1494 4641; x_wconf 87' lang='lat' dir='ltr'><strong>qualitate</strong></span> <span class='ocrx_word' id='word_1_354' title='bbox 1522 4572 1804 4629; x_wconf 88' lang='lat' dir='ltr'><strong>damnabi-</strong></span> 
     </span>
    </p>
   </div>
   <div class='ocr_carea' id='block_1_49' title="bbox 1903 560 3495 636">
    <p class='ocr_par' dir='ltr' id='par_1_49' title="bbox 1903 560 3495 636">
     <span class='ocr_line' id='line_1_49' title="bbox 1903 560 3495 636; baseline 0.003 -21"><span class='ocrx_word' id='word_1_355' title='bbox 1903 560 2032 616; x_wconf 91' lang='lat' dir='ltr'><strong>bum</strong></span> <span class='ocrx_word' id='word_1_356' title='bbox 2077 562 2224 618; x_wconf 90' lang='lat' dir='ltr'><strong>enim</strong></span> <span class='ocrx_word' id='word_1_357' title='bbox 2269 562 2364 620; x_wconf 92' lang='lat' dir='ltr'><strong>Dei</strong></span> <span class='ocrx_word' id='word_1_358' title='bbox 2407 563 2613 635; x_wconf 74' lang='lat' dir='ltr'><strong>iustitia</strong></span> <span class='ocrx_word' id='word_1_359' title='bbox 2653 571 2756 620; x_wconf 91' lang='lat' dir='ltr'><strong>est.</strong></span> <span class='ocrx_word' id='word_1_360' title='bbox 2790 563 2849 620; x_wconf 93' lang='lat' dir='ltr'><strong>Si</strong></span> <span class='ocrx_word' id='word_1_361' title='bbox 2879 563 3042 636; x_wconf 79' lang='lat' dir='ltr'><strong>igitur</strong></span> <span class='ocrx_word' id='word_1_362' title='bbox 3076 564 3283 636; x_wconf 88' lang='lat' dir='ltr'><strong>justitia</strong></span> <span class='ocrx_word' id='word_1_363' title='bbox 3321 563 3495 620; x_wconf 86' lang='lat' dir='ltr'><strong>fretus</strong></span> 
     </span>
    </p>
   </div>
   <div class='ocr_carea' id='block_1_50' title="bbox 1902 657 3495 730">
    <p class='ocr_par' dir='ltr' id='par_1_50' title="bbox 1902 657 3495 730">
     <span class='ocr_line' id='line_1_50' title="bbox 1902 657 3495 730; baseline 0.004 -22"><span class='ocrx_word' id='word_1_364' title='bbox 1902 666 2040 721; x_wconf 90' lang='lat' dir='ltr'><strong>erat,</strong></span> <span class='ocrx_word' id='word_1_365' title='bbox 2072 671 2170 712; x_wconf 88' lang='lat' dir='ltr'><strong>cur</strong></span> <span class='ocrx_word' id='word_1_366' title='bbox 2189 657 2615 715; x_wconf 88' lang='lat' dir='ltr'><strong>misericordiam</strong></span> <span class='ocrx_word' id='word_1_367' title='bbox 2639 670 2764 714; x_wconf 87' lang='lat' dir='ltr'><strong>ante</strong></span> <span class='ocrx_word' id='word_1_368' title='bbox 2795 659 3058 730; x_wconf 71' lang='lat' dir='ltr'><strong>prtemisit</strong></span> <span class='ocrx_word' id='word_1_369' title='bbox 3084 678 3098 714; x_wconf 87' lang='lat'><strong>:</strong></span> <span class='ocrx_word' id='word_1_370' title='bbox 3130 672 3225 715; x_wconf 91' lang='lat' dir='ltr'><strong>aut</strong></span> <span class='ocrx_word' id='word_1_371' title='bbox 3252 660 3296 715; x_wconf 88' lang='lat' dir='ltr'><strong>si</strong></span> <span class='ocrx_word' id='word_1_372' title='bbox 3329 659 3495 715; x_wconf 90' lang='lat' dir='ltr'><strong>mise-</strong></span> 
     </span>
    </p>
   </div>
   <div class='ocr_carea' id='block_1_51' title="bbox 1901 747 3494 825">
    <p class='ocr_par' dir='ltr' id='par_1_51' title="bbox 1901 747 3494 825">
     <span class='ocr_line' id='line_1_51' title="bbox 1901 747 3494 825; baseline 0.003 -22"><span class='ocrx_word' id='word_1_373' title='bbox 1901 747 2191 804; x_wconf 90' lang='lat' dir='ltr'><strong>ricordiam</strong></span> <span class='ocrx_word' id='word_1_374' title='bbox 2224 750 2557 821; x_wconf 85' lang='lat' dir='ltr'><strong>requirebat,</strong></span> <span class='ocrx_word' id='word_1_375' title='bbox 2589 767 2687 808; x_wconf 91' lang='lat' dir='ltr'><strong>cur</strong></span> <span class='ocrx_word' id='word_1_376' title='bbox 2709 767 2828 808; x_wconf 89' lang='lat' dir='ltr'><strong>eam</strong></span> <span class='ocrx_word' id='word_1_377' title='bbox 2849 754 2916 809; x_wconf 92' lang='lat' dir='ltr'><strong>ad</strong></span> <span class='ocrx_word' id='word_1_378' title='bbox 2941 767 3247 810; x_wconf 86' lang='lat' dir='ltr'><strong>mensuram</strong></span> <span class='ocrx_word' id='word_1_379' title='bbox 3269 752 3494 825; x_wconf 73' lang='lat' dir='ltr'><strong>iustitia:</strong></span> 
     </span>
    </p>
   </div>
   <div class='ocr_carea' id='block_1_52' title="bbox 1904 841 3492 918">
    <p class='ocr_par' dir='ltr' id='par_1_52' title="bbox 1904 841 3492 918">
     <span class='ocr_line' id='line_1_52' title="bbox 1904 841 3492 918; baseline 0.004 -23"><span class='ocrx_word' id='word_1_380' title='bbox 1904 841 2111 912; x_wconf 90' lang='lat' dir='ltr'><strong>putavit</strong></span> <span class='ocrx_word' id='word_1_381' title='bbox 2132 856 2256 898; x_wconf 89' lang='lat' dir='ltr'><strong>esse</strong></span> <span class='ocrx_word' id='word_1_382' title='bbox 2283 844 2613 912; x_wconf 89' lang='lat' dir='ltr'><strong>poscendam</strong></span> <span class='ocrx_word' id='word_1_383' title='bbox 2632 845 2656 900; x_wconf 87' lang='lat'><strong>?</strong></span> <span class='ocrx_word' id='word_1_384' title='bbox 2675 845 2774 914; x_wconf 85' lang='lat' dir='ltr'><strong>Qui</strong></span> <span class='ocrx_word' id='word_1_385' title='bbox 2797 848 2940 903; x_wconf 91' lang='lat' dir='ltr'><strong>enim</strong></span> <span class='ocrx_word' id='word_1_386' title='bbox 2963 848 3102 904; x_wconf 91' lang='lat' dir='ltr'><strong>bene</strong></span> <span class='ocrx_word' id='word_1_387' title='bbox 3121 848 3252 918; x_wconf 89' lang='lat' dir='ltr'><strong>agit,</strong></span> <span class='ocrx_word' id='word_1_388' title='bbox 3274 857 3329 904; x_wconf 90' lang='lat' dir='ltr'><strong>et</strong></span> <span class='ocrx_word' id='word_1_389' title='bbox 3352 846 3492 903; x_wconf 90' lang='lat' dir='ltr'><strong>bene</strong></span> 
     </span>
    </p>
   </div>
   <div class='ocr_carea' id='block_1_53' title="bbox 1903 935 3490 1012">
    <p class='ocr_par' dir='ltr' id='par_1_53' title="bbox 1903 935 3490 1012">
     <span class='ocr_line' id='line_1_53' title="bbox 1903 935 3490 1012; baseline 0.005 -24"><span class='ocrx_word' id='word_1_390' title='bbox 1903 935 2074 1002; x_wconf 91' lang='lat' dir='ltr'><strong>vivit,</strong></span> <span class='ocrx_word' id='word_1_391' title='bbox 2109 949 2245 1005; x_wconf 90' lang='lat' dir='ltr'><strong>opus</strong></span> <span class='ocrx_word' id='word_1_392' title='bbox 2302 951 2407 992; x_wconf 93' lang='lat' dir='ltr'><strong>non</strong></span> <span class='ocrx_word' id='word_1_393' title='bbox 2454 936 2618 994; x_wconf 90' lang='lat' dir='ltr'><strong>habet</strong></span> <span class='ocrx_word' id='word_1_394' title='bbox 2665 941 3078 1008; x_wconf 86' lang='lat' dir='ltr'><strong>misericordia;</strong></span> <span class='ocrx_word' id='word_1_395' title='bbox 3111 941 3234 1012; x_wconf 90' lang='lat' dir='ltr'><strong>quia</strong></span> <span class='ocrx_word' id='word_1_396' title='bbox 3285 941 3490 997; x_wconf 90' lang='lat' dir='ltr'><strong>miseri-</strong></span> 
     </span>
    </p>
   </div>
   <div class='ocr_carea' id='block_1_54' title="bbox 1902 1029 3490 1107">
    <p class='ocr_par' dir='ltr' id='par_1_54' title="bbox 1902 1029 3490 1107">
     <span class='ocr_line' id='line_1_54' title="bbox 1902 1029 3490 1107; baseline 0.005 -23"><span class='ocrx_word' id='word_1_397' title='bbox 1902 1029 2086 1086; x_wconf 88' lang='lat' dir='ltr'><strong>cordia</strong></span> <span class='ocrx_word' id='word_1_398' title='bbox 2115 1045 2146 1084; x_wconf 89' lang='lat' dir='ltr'><strong>a</strong></span> <span class='ocrx_word' id='word_1_399' title='bbox 2175 1040 2396 1102; x_wconf 88' lang='lat' dir='ltr'><strong>peccato</strong></span> <span class='ocrx_word' id='word_1_400' title='bbox 2428 1031 2643 1088; x_wconf 88' lang='lat' dir='ltr'><strong>liberat.</strong></span> <span class='ocrx_word' id='word_1_401' title='bbox 2675 1035 2917 1107; x_wconf 89' lang='lat' dir='ltr'><strong>Denique</strong></span> <span class='ocrx_word' id='word_1_402' title='bbox 2940 1052 3048 1092; x_wconf 90' lang='lat' dir='ltr'><strong>non</strong></span> <span class='ocrx_word' id='word_1_403' title='bbox 3078 1036 3355 1102; x_wconf 87' lang='lat' dir='ltr'><strong>divitibus,</strong></span> <span class='ocrx_word' id='word_1_404' title='bbox 3384 1051 3490 1092; x_wconf 90' lang='lat' dir='ltr'><strong>non</strong></span> 
     </span>
    </p>
   </div>
   <div class='ocr_carea' id='block_1_55' title="bbox 1903 1124 3492 1186">
    <p class='ocr_par' dir='ltr' id='par_1_55' title="bbox 1903 1124 3492 1186">
     <span class='ocr_line' id='line_1_55' title="bbox 1903 1124 3492 1186; baseline 0.004 -8"><span class='ocrx_word' id='word_1_405' title='bbox 1903 1124 2131 1180; x_wconf 78' lang='lat' dir='ltr'><strong>fortibus</strong></span> <span class='ocrx_word' id='word_1_406' title='bbox 2176 1136 2231 1180; x_wconf 91' lang='lat' dir='ltr'><strong>ct</strong></span> <span class='ocrx_word' id='word_1_407' title='bbox 2270 1124 2530 1183; x_wconf 83' lang='lat' dir='ltr'><strong>felicitate</strong></span> <span class='ocrx_word' id='word_1_408' title='bbox 2569 1126 2818 1183; x_wconf 78' lang='lat' dir='ltr'><strong>subnixis</strong></span> <span class='ocrx_word' id='word_1_409' title='bbox 2846 1129 3218 1186; x_wconf 84' lang='lat' dir='ltr'><strong>misericordia</strong></span> <span class='ocrx_word' id='word_1_410' title='bbox 3255 1127 3492 1186; x_wconf 87' lang='lat' dir='ltr'><strong>conferri</strong></span> 
     </span>
    </p>
   </div>
   <div class='ocr_carea' id='block_1_56' title="bbox 1902 1217 3495 1290">
    <p class='ocr_par' dir='ltr' id='par_1_56' title="bbox 1902 1217 3495 1290">
     <span class='ocr_line' id='line_1_56' title="bbox 1902 1217 3495 1290; baseline 0.003 -18"><span class='ocrx_word' id='word_1_411' title='bbox 1902 1217 2182 1273; x_wconf 89' lang='lat' dir='ltr'><strong>consuevit</strong></span> <span class='ocrx_word' id='word_1_412' title='bbox 2210 1233 2240 1273; x_wconf 92' lang='lat' dir='ltr'><strong>a</strong></span> <span class='ocrx_word' id='word_1_413' title='bbox 2269 1218 2424 1274; x_wconf 92' lang='lat' dir='ltr'><strong>nobis</strong></span> <span class='ocrx_word' id='word_1_414' title='bbox 2451 1238 2462 1273; x_wconf 95' lang='lat'>:</span> <span class='ocrx_word' id='word_1_415' title='bbox 2495 1218 2590 1275; x_wconf 90' lang='lat' dir='ltr'><strong>sed</strong></span> <span class='ocrx_word' id='word_1_416' title='bbox 2622 1220 2905 1290; x_wconf 78' lang='lat' dir='ltr'><strong>egentibus</strong></span> <span class='ocrx_word' id='word_1_417' title='bbox 2931 1263 2945 1287; x_wconf 91' lang='lat'><strong>,</strong></span> <span class='ocrx_word' id='word_1_418' title='bbox 2975 1222 3058 1278; x_wconf 90' lang='lat' dir='ltr'><strong>vel</strong></span> <span class='ocrx_word' id='word_1_419' title='bbox 3085 1223 3375 1290; x_wconf 76' lang='lat' dir='ltr'><strong>debilibus,</strong></span> <span class='ocrx_word' id='word_1_420' title='bbox 3407 1221 3495 1278; x_wconf 90' lang='lat' dir='ltr'><strong>vel</strong></span> 
     </span>
    </p>
   </div>
   <div class='ocr_carea' id='block_1_57' title="bbox 1902 1310 3496 1387">
    <p class='ocr_par' dir='ltr' id='par_1_57' title="bbox 1902 1310 3496 1387">
     <span class='ocr_line' id='line_1_57' title="bbox 1902 1310 3496 1387; baseline 0.003 -21"><span class='ocrx_word' id='word_1_421' title='bbox 1902 1310 1970 1366; x_wconf 92' lang='lat' dir='ltr'><strong>iis</strong></span> <span class='ocrx_word' id='word_1_422' title='bbox 1999 1312 2088 1382; x_wconf 92' lang='lat' dir='ltr'><strong>qui</strong></span> <span class='ocrx_word' id='word_1_423' title='bbox 2119 1328 2185 1368; x_wconf 88' lang='lat' dir='ltr'><strong>ex</strong></span> <span class='ocrx_word' id='word_1_424' title='bbox 2215 1311 2416 1367; x_wconf 86' lang='lat' dir='ltr'><strong>divitiis</strong></span> <span class='ocrx_word' id='word_1_425' title='bbox 2449 1314 2500 1368; x_wconf 92' lang='lat' dir='ltr'><strong>in</strong></span> <span class='ocrx_word' id='word_1_426' title='bbox 2545 1321 2917 1385; x_wconf 89' lang='lat' dir='ltr'><strong>paupertatem</strong></span> <span class='ocrx_word' id='word_1_427' title='bbox 2937 1356 2953 1382; x_wconf 97' lang='lat'><strong>,</strong></span> <span class='ocrx_word' id='word_1_428' title='bbox 2984 1326 3075 1370; x_wconf 88' lang='lat' dir='ltr'><strong>aut</strong></span> <span class='ocrx_word' id='word_1_429' title='bbox 3102 1317 3496 1387; x_wconf 87' lang='lat' dir='ltr'><strong>captivitatem,</strong></span> 
     </span>
    </p>
   </div>
   <div class='ocr_carea' id='block_1_58' title="bbox 1903 1405 3500 1481">
    <p class='ocr_par' dir='ltr' id='par_1_58' title="bbox 1903 1405 3500 1481">
     <span class='ocr_line' id='line_1_58' title="bbox 1903 1405 3500 1481; baseline 0.003 -21"><span class='ocrx_word' id='word_1_430' title='bbox 1903 1414 1996 1461; x_wconf 88' lang='lat' dir='ltr'><strong>aut</strong></span> <span class='ocrx_word' id='word_1_431' title='bbox 2024 1405 2403 1462; x_wconf 85' lang='lat' dir='ltr'><strong>necessitatem</strong></span> <span class='ocrx_word' id='word_1_432' title='bbox 2433 1406 2670 1478; x_wconf 90' lang='lat' dir='ltr'><strong>aliquam</strong></span> <span class='ocrx_word' id='word_1_433' title='bbox 2707 1407 3050 1463; x_wconf 87' lang='lat' dir='ltr'><strong>deciderunt.</strong></span> <span class='ocrx_word' id='word_1_434' title='bbox 3087 1409 3230 1480; x_wconf 86' lang='lat' dir='ltr'><strong>Ergo</strong></span> <span class='ocrx_word' id='word_1_435' title='bbox 3254 1411 3345 1481; x_wconf 91' lang='lat' dir='ltr'><strong>qui</strong></span> <span class='ocrx_word' id='word_1_436' title='bbox 3376 1421 3500 1481; x_wconf 89' lang='lat' dir='ltr'><strong>eget</strong></span> 
     </span>
    </p>
   </div>
   <div class='ocr_carea' id='block_1_59' title="bbox 1905 1498 3496 1572">
    <p class='ocr_par' dir='ltr' id='par_1_59' title="bbox 1905 1498 3496 1572">
     <span class='ocr_line' id='line_1_59' title="bbox 1905 1498 3496 1572; baseline 0.003 -19"><span class='ocrx_word' id='word_1_437' title='bbox 1905 1498 2300 1568; x_wconf 87' lang='lat' dir='ltr'><strong>misericordia,</strong></span> <span class='ocrx_word' id='word_1_438' title='bbox 2329 1509 2578 1570; x_wconf 90' lang='lat' dir='ltr'><strong>peccator</strong></span> <span class='ocrx_word' id='word_1_439' title='bbox 2607 1513 2691 1556; x_wconf 88' lang='lat' dir='ltr'><strong>est</strong></span> <span class='ocrx_word' id='word_1_440' title='bbox 2737 1519 2749 1554; x_wconf 93' lang='lat'><strong>:</strong></span> <span class='ocrx_word' id='word_1_441' title='bbox 2780 1500 2871 1572; x_wconf 91' lang='lat' dir='ltr'><strong>qui</strong></span> <span class='ocrx_word' id='word_1_442' title='bbox 2899 1509 3080 1556; x_wconf 89' lang='lat' dir='ltr'><strong>autem</strong></span> <span class='ocrx_word' id='word_1_443' title='bbox 3110 1509 3361 1571; x_wconf 88' lang='lat' dir='ltr'><strong>peccator</strong></span> <span class='ocrx_word' id='word_1_444' title='bbox 3391 1518 3496 1557; x_wconf 90' lang='lat' dir='ltr'><strong>non</strong></span> 
     </span>
    </p>
   </div>
   <div class='ocr_carea' id='block_1_60' title="bbox 1903 1592 3497 1664">
    <p class='ocr_par' dir='ltr' id='par_1_60' title="bbox 1903 1592 3497 1664">
     <span class='ocr_line' id='line_1_60' title="bbox 1903 1592 3497 1664; baseline 0.001 -18"><span class='ocrx_word' id='word_1_445' title='bbox 1903 1600 2016 1661; x_wconf 90' lang='lat' dir='ltr'><strong>est,</strong></span> <span class='ocrx_word' id='word_1_446' title='bbox 2043 1593 2227 1664; x_wconf 89' lang='lat' dir='ltr'><strong>utique</strong></span> <span class='ocrx_word' id='word_1_447' title='bbox 2256 1592 2431 1663; x_wconf 81' lang='lat' dir='ltr'><strong>justus</strong></span> <span class='ocrx_word' id='word_1_448' title='bbox 2460 1604 2574 1660; x_wconf 91' lang='lat' dir='ltr'><strong>est,</strong></span> <span class='ocrx_word' id='word_1_449' title='bbox 2613 1603 2668 1649; x_wconf 88' lang='lat' dir='ltr'><strong>et</strong></span> <span class='ocrx_word' id='word_1_450' title='bbox 2698 1609 2803 1648; x_wconf 90' lang='lat' dir='ltr'><strong>non</strong></span> <span class='ocrx_word' id='word_1_451' title='bbox 2831 1601 2952 1663; x_wconf 87' lang='lat' dir='ltr'><strong>eget</strong></span> <span class='ocrx_word' id='word_1_452' title='bbox 2981 1593 3349 1649; x_wconf 89' lang='lat' dir='ltr'><strong>misericordia</strong></span> <span class='ocrx_word' id='word_1_453' title='bbox 3378 1592 3497 1649; x_wconf 89' lang='lat' dir='ltr'><strong>Dei.</strong></span> 
     </span>
    </p>
   </div>
   <div class='ocr_carea' id='block_1_61' title="bbox 1973 1685 3497 1758">
    <p class='ocr_par' dir='ltr' id='par_1_61' title="bbox 1973 1685 3497 1758">
     <span class='ocr_line' id='line_1_61' title="bbox 1973 1685 3497 1758; baseline 0.001 -18"><span class='ocrx_word' id='word_1_454' title='bbox 1973 1685 2065 1741; x_wconf 75' lang='lat'><strong>29.</strong></span> <span class='ocrx_word' id='word_1_455' title='bbox 2108 1685 2418 1742; x_wconf 90' lang='lat' dir='ltr'><strong>Secundum</strong></span> <span class='ocrx_word' id='word_1_456' title='bbox 2448 1685 2576 1758; x_wconf 91' lang='lat' dir='ltr'><strong>quid</strong></span> <span class='ocrx_word' id='word_1_457' title='bbox 2605 1686 2770 1758; x_wconf 84' lang='lat' dir='ltr'><strong>igitur</strong></span> <span class='ocrx_word' id='word_1_458' title='bbox 2801 1685 3176 1757; x_wconf 79' lang='lat' dir='ltr'><strong>unusquisque</strong></span> <span class='ocrx_word' id='word_1_459' title='bbox 3196 1727 3214 1756; x_wconf 95' lang='lat'><strong>,</strong></span> <span class='ocrx_word' id='word_1_460' title='bbox 3247 1685 3351 1742; x_wconf 89' lang='lat' dir='ltr'><strong>hoc</strong></span> <span class='ocrx_word' id='word_1_461' title='bbox 3376 1694 3462 1743; x_wconf 90' lang='lat' dir='ltr'><strong>est</strong></span> <span class='ocrx_word' id='word_1_462' title='bbox 3483 1728 3497 1752; x_wconf 92' lang='lat'><strong>,</strong></span> 
     </span>
    </p>
   </div>
   <div class='ocr_carea' id='block_1_62' title="bbox 1903 1780 3504 1853">
    <p class='ocr_par' dir='ltr' id='par_1_62' title="bbox 1903 1780 3504 1853">
     <span class='ocr_line' id='line_1_62' title="bbox 1903 1780 3504 1853; baseline 0 -17"><span class='ocrx_word' id='word_1_463' title='bbox 1903 1780 2203 1837; x_wconf 89' lang='lat' dir='ltr'><strong>secundum</strong></span> <span class='ocrx_word' id='word_1_464' title='bbox 2233 1797 2394 1852; x_wconf 91' lang='lat' dir='ltr'><strong>quem</strong></span> <span class='ocrx_word' id='word_1_465' title='bbox 2424 1791 2620 1836; x_wconf 86' lang='lat' dir='ltr'><strong>statum</strong></span> <span class='ocrx_word' id='word_1_466' title='bbox 2651 1793 2811 1853; x_wconf 86' lang='lat' dir='ltr'><strong>egeat</strong></span> <span class='ocrx_word' id='word_1_467' title='bbox 2838 1782 3234 1850; x_wconf 88' lang='lat' dir='ltr'><strong>misericordia,</strong></span> <span class='ocrx_word' id='word_1_468' title='bbox 3277 1791 3371 1837; x_wconf 91' lang='lat' dir='ltr'><strong>aut</strong></span> <span class='ocrx_word' id='word_1_469' title='bbox 3415 1781 3504 1852; x_wconf 85' lang='lat' dir='ltr'><strong>ju-</strong></span> 
     </span>
    </p>
   </div>
   <div class='ocr_carea' id='block_1_63' title="bbox 1904 1873 3508 1947">
    <p class='ocr_par' dir='ltr' id='par_1_63' title="bbox 1904 1873 3508 1947">
     <span class='ocr_line' id='line_1_63' title="bbox 1904 1873 3508 1947; baseline 0 -17"><span class='ocrx_word' id='word_1_470' title='bbox 1904 1873 2108 1930; x_wconf 89' lang='lat' dir='ltr'><strong>stitiam</strong></span> <span class='ocrx_word' id='word_1_471' title='bbox 2150 1874 2367 1938; x_wconf 85' lang='lat' dir='ltr'><strong>habeat.</strong></span> <span class='ocrx_word' id='word_1_472' title='bbox 2400 1875 2854 1931; x_wconf 90' lang='lat' dir='ltr'><strong>considerandum</strong></span> <span class='ocrx_word' id='word_1_473' title='bbox 2878 1885 2982 1933; x_wconf 90' lang='lat' dir='ltr'><strong>est.</strong></span> <span class='ocrx_word' id='word_1_474' title='bbox 3007 1874 3182 1932; x_wconf 85' lang='lat' dir='ltr'><strong>Aliter</strong></span> <span class='ocrx_word' id='word_1_475' title='bbox 3210 1875 3354 1932; x_wconf 91' lang='lat' dir='ltr'><strong>enim</strong></span> <span class='ocrx_word' id='word_1_476' title='bbox 3382 1883 3508 1947; x_wconf 85' lang='lat' dir='ltr'><strong>eget</strong></span> 
     </span>
    </p>
   </div>
   <div class='ocr_carea' id='block_1_64' title="bbox 1901 1967 3504 2040">
    <p class='ocr_par' dir='ltr' id='par_1_64' title="bbox 1901 1967 3504 2040">
     <span class='ocr_line' id='line_1_64' title="bbox 1901 1967 3504 2040; baseline 0.001 -17"><span class='ocrx_word' id='word_1_477' title='bbox 1901 1969 2115 2040; x_wconf 87' lang='lat' dir='ltr'><strong>justitia</strong></span> <span class='ocrx_word' id='word_1_478' title='bbox 2139 1968 2232 2025; x_wconf 92' lang='lat' dir='ltr'><strong>Dei</strong></span> <span class='ocrx_word' id='word_1_479' title='bbox 2265 1969 2526 2040; x_wconf 87' lang='lat' dir='ltr'><strong>angelus,</strong></span> <span class='ocrx_word' id='word_1_480' title='bbox 2558 1968 2718 2025; x_wconf 89' lang='lat' dir='ltr'><strong>aliter</strong></span> <span class='ocrx_word' id='word_1_481' title='bbox 2743 1970 2929 2025; x_wconf 88' lang='lat' dir='ltr'><strong>homo.</strong></span> <span class='ocrx_word' id='word_1_482' title='bbox 2962 1969 3137 2026; x_wconf 86' lang='lat' dir='ltr'><strong>Aliter</strong></span> <span class='ocrx_word' id='word_1_483' title='bbox 3175 1977 3297 2040; x_wconf 84' lang='lat' dir='ltr'><strong>eget</strong></span> <span class='ocrx_word' id='word_1_484' title='bbox 3332 1967 3504 2024; x_wconf 88' lang='lat' dir='ltr'><strong>mise-</strong></span> 
     </span>
    </p>
   </div>
   <div class='ocr_carea' id='block_1_65' title="bbox 1904 2061 3506 2133">
    <p class='ocr_par' dir='ltr' id='par_1_65' title="bbox 1904 2061 3506 2133">
     <span class='ocr_line' id='line_1_65' title="bbox 1904 2061 3506 2133; baseline -0.001 -16"><span class='ocrx_word' id='word_1_485' title='bbox 1904 2061 2138 2117; x_wconf 87' lang='lat' dir='ltr'><strong>ricordia</strong></span> <span class='ocrx_word' id='word_1_486' title='bbox 2162 2061 2526 2133; x_wconf 88' lang='lat' dir='ltr'><strong>archangelus</strong></span> <span class='ocrx_word' id='word_1_487' title='bbox 2547 2103 2561 2129; x_wconf 93' lang='lat'><strong>,</strong></span> <span class='ocrx_word' id='word_1_488' title='bbox 2593 2063 2752 2118; x_wconf 92' lang='lat' dir='ltr'><strong>aliter</strong></span> <span class='ocrx_word' id='word_1_489' title='bbox 2786 2063 2972 2118; x_wconf 91' lang='lat' dir='ltr'><strong>homo.</strong></span> <span class='ocrx_word' id='word_1_490' title='bbox 3007 2061 3199 2132; x_wconf 80' lang='lat' dir='ltr'><strong>Angeli</strong></span> <span class='ocrx_word' id='word_1_491' title='bbox 3229 2061 3372 2116; x_wconf 91' lang='lat' dir='ltr'><strong>enim</strong></span> <span class='ocrx_word' id='word_1_492' title='bbox 3409 2077 3506 2116; x_wconf 83' lang='lat' dir='ltr'><strong>na-</strong></span> 
     </span>
    </p>
   </div>
   <div class='ocr_carea' id='block_1_66' title="bbox 1904 2157 3504 2228">
    <p class='ocr_par' dir='ltr' id='par_1_66' title="bbox 1904 2157 3504 2228">
     <span class='ocr_line' id='line_1_66' title="bbox 1904 2157 3504 2228; baseline -0.001 -16"><span class='ocrx_word' id='word_1_493' title='bbox 1904 2166 2021 2213; x_wconf 90' lang='lat' dir='ltr'><strong>tura</strong></span> <span class='ocrx_word' id='word_1_494' title='bbox 2042 2173 2148 2214; x_wconf 93' lang='lat' dir='ltr'><strong>non</strong></span> <span class='ocrx_word' id='word_1_495' title='bbox 2172 2157 2360 2227; x_wconf 88' lang='lat' dir='ltr'><strong>utique</strong></span> <span class='ocrx_word' id='word_1_496' title='bbox 2382 2157 2455 2212; x_wconf 89' lang='lat' dir='ltr'><strong>ita</strong></span> <span class='ocrx_word' id='word_1_497' title='bbox 2475 2157 2806 2228; x_wconf 73' lang='lat' dir='ltr'><strong>corruptelae</strong></span> <span class='ocrx_word' id='word_1_498' title='bbox 2831 2157 3062 2212; x_wconf 90' lang='lat' dir='ltr'><strong>obnoxia</strong></span> <span class='ocrx_word' id='word_1_499' title='bbox 3086 2166 3191 2223; x_wconf 89' lang='lat' dir='ltr'><strong>est,</strong></span> <span class='ocrx_word' id='word_1_500' title='bbox 3222 2163 3280 2210; x_wconf 93' lang='lat' dir='ltr'><strong>ut</strong></span> <span class='ocrx_word' id='word_1_501' title='bbox 3311 2165 3504 2211; x_wconf 90' lang='lat' dir='ltr'><strong>natura</strong></span> 
     </span>
    </p>
   </div>
   <div class='ocr_carea' id='block_1_67' title="bbox 1903 2246 3506 2322">
    <p class='ocr_par' dir='ltr' id='par_1_67' title="bbox 1903 2246 3506 2322">
     <span class='ocr_line' id='line_1_67' title="bbox 1903 2246 3506 2322; baseline -0.004 -15"><span class='ocrx_word' id='word_1_502' title='bbox 1903 2251 2121 2322; x_wconf 83' lang='lat' dir='ltr'><strong>generis</strong></span> <span class='ocrx_word' id='word_1_503' title='bbox 2153 2250 2408 2317; x_wconf 90' lang='lat' dir='ltr'><strong>humani;</strong></span> <span class='ocrx_word' id='word_1_504' title='bbox 2447 2260 2502 2306; x_wconf 93' lang='lat' dir='ltr'><strong>et</strong></span> <span class='ocrx_word' id='word_1_505' title='bbox 2533 2251 2655 2306; x_wconf 89' lang='lat' dir='ltr'><strong>ideo</strong></span> <span class='ocrx_word' id='word_1_506' title='bbox 2688 2251 2781 2306; x_wconf 90' lang='lat' dir='ltr'><strong>ille</strong></span> <span class='ocrx_word' id='word_1_507' title='bbox 2811 2259 2930 2319; x_wconf 87' lang='lat' dir='ltr'><strong>eget</strong></span> <span class='ocrx_word' id='word_1_508' title='bbox 2961 2247 3340 2304; x_wconf 89' lang='lat' dir='ltr'><strong>misericordia</strong></span> <span class='ocrx_word' id='word_1_509' title='bbox 3367 2246 3463 2302; x_wconf 90' lang='lat' dir='ltr'><strong>Dei</strong></span> <span class='ocrx_word' id='word_1_510' title='bbox 3491 2288 3506 2310; x_wconf 89' lang='lat'><em>.</em></span> 
     </span>
    </p>
   </div>
   <div class='ocr_carea' id='block_1_68' title="bbox 1906 2341 3509 2416">
    <p class='ocr_par' dir='ltr' id='par_1_68' title="bbox 1906 2341 3509 2416">
     <span class='ocr_line' id='line_1_68' title="bbox 1906 2341 3509 2416; baseline -0.002 -16"><span class='ocrx_word' id='word_1_511' title='bbox 1906 2361 1974 2402; x_wconf 90' lang='lat' dir='ltr'><strong>ne</strong></span> <span class='ocrx_word' id='word_1_512' title='bbox 2004 2344 2174 2416; x_wconf 85' lang='lat' dir='ltr'><strong>possit</strong></span> <span class='ocrx_word' id='word_1_513' title='bbox 2199 2360 2387 2400; x_wconf 90' lang='lat' dir='ltr'><strong>errare</strong></span> <span class='ocrx_word' id='word_1_514' title='bbox 2410 2387 2424 2410; x_wconf 92' lang='lat'><strong>,</strong></span> <span class='ocrx_word' id='word_1_515' title='bbox 2457 2355 2511 2400; x_wconf 91' lang='lat' dir='ltr'><strong>et</strong></span> <span class='ocrx_word' id='word_1_516' title='bbox 2536 2359 2726 2400; x_wconf 88' lang='lat' dir='ltr'><strong>aversa</strong></span> <span class='ocrx_word' id='word_1_517' title='bbox 2755 2360 2786 2400; x_wconf 92' lang='lat' dir='ltr'><strong>a</strong></span> <span class='ocrx_word' id='word_1_518' title='bbox 2811 2359 2871 2400; x_wconf 87' lang='lat' dir='ltr'><strong>se</strong></span> <span class='ocrx_word' id='word_1_519' title='bbox 2906 2343 3002 2398; x_wconf 92' lang='lat' dir='ltr'><strong>Dei</strong></span> <span class='ocrx_word' id='word_1_520' title='bbox 3039 2343 3211 2415; x_wconf 91' lang='lat' dir='ltr'><strong>gratia</strong></span> <span class='ocrx_word' id='word_1_521' title='bbox 3233 2384 3250 2411; x_wconf 94' lang='lat'><strong>,</strong></span> <span class='ocrx_word' id='word_1_522' title='bbox 3292 2341 3509 2396; x_wconf 90' lang='lat' dir='ltr'><strong>labatur</strong></span> 
     </span>
    </p>
   </div>
   <div class='ocr_carea' id='block_1_69' title="bbox 1906 2437 3510 2510">
    <p class='ocr_par' dir='ltr' id='par_1_69' title="bbox 1906 2437 3510 2510">
     <span class='ocr_line' id='line_1_69' title="bbox 1906 2437 3510 2510; baseline -0.003 -15"><span class='ocrx_word' id='word_1_523' title='bbox 1906 2441 1957 2495; x_wconf 93' lang='lat' dir='ltr'><strong>in</strong></span> <span class='ocrx_word' id='word_1_524' title='bbox 1989 2442 2174 2496; x_wconf 89' lang='lat' dir='ltr'><strong>vitium</strong></span> <span class='ocrx_word' id='word_1_525' title='bbox 2204 2458 2217 2494; x_wconf 89' lang='lat'><strong>:</strong></span> <span class='ocrx_word' id='word_1_526' title='bbox 2253 2440 2416 2496; x_wconf 88' lang='lat' dir='ltr'><strong>homo</strong></span> <span class='ocrx_word' id='word_1_527' title='bbox 2455 2449 2635 2496; x_wconf 90' lang='lat' dir='ltr'><strong>autem</strong></span> <span class='ocrx_word' id='word_1_528' title='bbox 2678 2440 2777 2495; x_wconf 84' lang='lat' dir='ltr'><strong>etsi</strong></span> <span class='ocrx_word' id='word_1_529' title='bbox 2803 2439 2914 2510; x_wconf 87' lang='lat' dir='ltr'><strong>jam</strong></span> <span class='ocrx_word' id='word_1_530' title='bbox 2950 2437 3194 2493; x_wconf 88' lang='lat' dir='ltr'><strong>firmiore</strong></span> <span class='ocrx_word' id='word_1_531' title='bbox 3225 2438 3510 2508; x_wconf 90' lang='lat' dir='ltr'><strong>proposito</strong></span> 
     </span>
    </p>
   </div>
   <div class='ocr_carea' id='block_1_70' title="bbox 1903 2530 3506 2602">
    <p class='ocr_par' dir='ltr' id='par_1_70' title="bbox 1903 2530 3506 2602">
     <span class='ocr_line' id='line_1_70' title="bbox 1903 2530 3506 2602; baseline -0.003 -14"><span class='ocrx_word' id='word_1_532' title='bbox 1903 2540 2008 2599; x_wconf 91' lang='lat' dir='ltr'><strong>est,</strong></span> <span class='ocrx_word' id='word_1_533' title='bbox 2038 2542 2214 2587; x_wconf 90' lang='lat' dir='ltr'><strong>tamen</strong></span> <span class='ocrx_word' id='word_1_534' title='bbox 2242 2542 2466 2602; x_wconf 90' lang='lat' dir='ltr'><strong>propter</strong></span> <span class='ocrx_word' id='word_1_535' title='bbox 2489 2541 2893 2588; x_wconf 89' lang='lat' dir='ltr'><strong>contractorum</strong></span> <span class='ocrx_word' id='word_1_536' title='bbox 2915 2530 3112 2586; x_wconf 90' lang='lat' dir='ltr'><strong>seriem</strong></span> <span class='ocrx_word' id='word_1_537' title='bbox 3134 2541 3506 2601; x_wconf 90' lang='lat' dir='ltr'><strong>peccatorum,</strong></span> 
     </span>
    </p>
   </div>
   <div class='ocr_carea' id='block_1_71' title="bbox 1905 2623 3510 2697">
    <p class='ocr_par' dir='ltr' id='par_1_71' title="bbox 1905 2623 3510 2697">
     <span class='ocr_line' id='line_1_71' title="bbox 1905 2623 3510 2697; baseline -0.001 -17"><span class='ocrx_word' id='word_1_538' title='bbox 1905 2626 2338 2681; x_wconf 87' lang='lat' dir='ltr'><strong>misericordiam</strong></span> <span class='ocrx_word' id='word_1_539' title='bbox 2374 2626 2465 2680; x_wconf 87' lang='lat' dir='ltr'><strong>Dei</strong></span> <span class='ocrx_word' id='word_1_540' title='bbox 2490 2629 2705 2697; x_wconf 88' lang='lat' dir='ltr'><strong>quaerit.</strong></span> <span class='ocrx_word' id='word_1_541' title='bbox 2740 2625 2925 2695; x_wconf 89' lang='lat' dir='ltr'><strong>Itaque</strong></span> <span class='ocrx_word' id='word_1_542' title='bbox 2953 2624 3056 2680; x_wconf 86' lang='lat' dir='ltr'><strong>etsi</strong></span> <span class='ocrx_word' id='word_1_543' title='bbox 3086 2635 3313 2694; x_wconf 90' lang='lat' dir='ltr'><strong>uterque</strong></span> <span class='ocrx_word' id='word_1_544' title='bbox 3343 2623 3510 2679; x_wconf 87' lang='lat' dir='ltr'><strong>mise-</strong></span> 
     </span>
    </p>
   </div>
   <div class='ocr_carea' id='block_1_72' title="bbox 1906 2716 3506 2787">
    <p class='ocr_par' dir='ltr' id='par_1_72' title="bbox 1906 2716 3506 2787">
     <span class='ocr_line' id='line_1_72' title="bbox 1906 2716 3506 2787; baseline -0.001 -17"><span class='ocrx_word' id='word_1_545' title='bbox 1906 2717 2141 2771; x_wconf 89' lang='lat' dir='ltr'><strong>ricordia</strong></span> <span class='ocrx_word' id='word_1_546' title='bbox 2175 2718 2268 2772; x_wconf 92' lang='lat' dir='ltr'><strong>Dei</strong></span> <span class='ocrx_word' id='word_1_547' title='bbox 2296 2717 2528 2786; x_wconf 88' lang='lat' dir='ltr'><strong>indiget,</strong></span> <span class='ocrx_word' id='word_1_548' title='bbox 2565 2719 2725 2773; x_wconf 89' lang='lat' dir='ltr'><strong>aliter</strong></span> <span class='ocrx_word' id='word_1_549' title='bbox 2758 2727 2938 2772; x_wconf 89' lang='lat' dir='ltr'><strong>tamen</strong></span> <span class='ocrx_word' id='word_1_550' title='bbox 2971 2717 3168 2787; x_wconf 83' lang='lat' dir='ltr'><strong>angelo</strong></span> <span class='ocrx_word' id='word_1_551' title='bbox 3195 2716 3506 2771; x_wconf 83' lang='lat' dir='ltr'><strong>misericor-</strong></span> 
     </span>
    </p>
   </div>
   <div class='ocr_carea' id='block_1_73' title="bbox 1906 2807 3509 2874">
    <p class='ocr_par' dir='ltr' id='par_1_73' title="bbox 1906 2807 3509 2874">
     <span class='ocr_line' id='line_1_73' title="bbox 1906 2807 3509 2874; baseline -0.002 -10"><span class='ocrx_word' id='word_1_552' title='bbox 1906 2807 2019 2873; x_wconf 89' lang='lat' dir='ltr'><strong>dia,</strong></span> <span class='ocrx_word' id='word_1_553' title='bbox 2043 2810 2202 2863; x_wconf 88' lang='lat' dir='ltr'><strong>aliter</strong></span> <span class='ocrx_word' id='word_1_554' title='bbox 2231 2808 2438 2863; x_wconf 88' lang='lat' dir='ltr'><strong>homini</strong></span> <span class='ocrx_word' id='word_1_555' title='bbox 2472 2809 2739 2874; x_wconf 81' lang='lat' dir='ltr'><strong>debetur;</strong></span> <span class='ocrx_word' id='word_1_556' title='bbox 2773 2809 2891 2864; x_wconf 90' lang='lat' dir='ltr'><strong>leve</strong></span> <span class='ocrx_word' id='word_1_557' title='bbox 2924 2809 3070 2864; x_wconf 90' lang='lat' dir='ltr'><strong>enim</strong></span> <span class='ocrx_word' id='word_1_558' title='bbox 3104 2808 3296 2862; x_wconf 88' lang='lat' dir='ltr'><strong>vitium</strong></span> <span class='ocrx_word' id='word_1_559' title='bbox 3330 2808 3381 2861; x_wconf 92' lang='lat' dir='ltr'><strong>in</strong></span> <span class='ocrx_word' id='word_1_560' title='bbox 3410 2823 3509 2862; x_wconf 82' lang='lat' dir='ltr'><strong>an-</strong></span> 
     </span>
    </p>
   </div>
   <div class='ocr_carea' id='block_1_74' title="bbox 1908 2901 3507 2973">
    <p class='ocr_par' dir='ltr' id='par_1_74' title="bbox 1908 2901 3507 2973">
     <span class='ocr_line' id='line_1_74' title="bbox 1908 2901 3507 2973; baseline -0.003 -15"><span class='ocrx_word' id='word_1_561' title='bbox 1908 2903 2032 2973; x_wconf 83' lang='lat' dir='ltr'><strong>gelo</strong></span> <span class='ocrx_word' id='word_1_562' title='bbox 2073 2902 2279 2971; x_wconf 85' lang='lat' dir='ltr'><strong>judicio</strong></span> <span class='ocrx_word' id='word_1_563' title='bbox 2334 2901 2583 2972; x_wconf 83' lang='lat' dir='ltr'><strong>graviore</strong></span> <span class='ocrx_word' id='word_1_564' title='bbox 2626 2913 2902 2958; x_wconf 87' lang='lat' dir='ltr'><strong>censetur.</strong></span> <span class='ocrx_word' id='word_1_565' title='bbox 2950 2902 3242 2958; x_wconf 79' lang='lat' dir='ltr'><strong>Peccatum</strong></span> <span class='ocrx_word' id='word_1_566' title='bbox 3293 2915 3507 2972; x_wconf 89' lang='lat' dir='ltr'><strong>quoque</strong></span> 
     </span>
    </p>
   </div>
   <div class='ocr_carea' id='block_1_75' title="bbox 1909 2993 3504 3066">
    <p class='ocr_par' dir='ltr' id='par_1_75' title="bbox 1909 2993 3504 3066">
     <span class='ocr_line' id='line_1_75' title="bbox 1909 2993 3504 3066; baseline -0.001 -17"><span class='ocrx_word' id='word_1_567' title='bbox 1909 2993 2292 3050; x_wconf 78' lang='lat' dir='ltr'><strong>adolescentizn</strong></span> <span class='ocrx_word' id='word_1_568' title='bbox 2346 2994 2398 3049; x_wconf 93' lang='lat' dir='ltr'><strong>in</strong></span> <span class='ocrx_word' id='word_1_569' title='bbox 2443 2994 2695 3061; x_wconf 89' lang='lat' dir='ltr'><strong>homine,</strong></span> <span class='ocrx_word' id='word_1_570' title='bbox 2741 2996 2958 3050; x_wconf 88' lang='lat' dir='ltr'><strong>mitiore</strong></span> <span class='ocrx_word' id='word_1_571' title='bbox 3007 2994 3308 3060; x_wconf 87' lang='lat' dir='ltr'><strong>sententia,</strong></span> <span class='ocrx_word' id='word_1_572' title='bbox 3343 3009 3504 3066; x_wconf 86' lang='lat' dir='ltr'><strong>quam</strong></span> 
     </span>
    </p>
   </div>
   <div class='ocr_carea' id='block_1_76' title="bbox 1909 3087 3502 3159">
    <p class='ocr_par' dir='ltr' id='par_1_76' title="bbox 1909 3087 3502 3159">
     <span class='ocr_line' id='line_1_76' title="bbox 1909 3087 3502 3159; baseline 0.001 -17"><span class='ocrx_word' id='word_1_573' title='bbox 1909 3087 2516 3159; x_wconf 65' lang='lat' dir='ltr'><strong>peccatumfsenectutis</strong></span> <span class='ocrx_word' id='word_1_574' title='bbox 2537 3089 2875 3158; x_wconf 88' lang='lat' dir='ltr'><strong>astringitur,</strong></span> <span class='ocrx_word' id='word_1_575' title='bbox 2911 3097 2962 3142; x_wconf 90' lang='lat' dir='ltr'><strong>et</strong></span> <span class='ocrx_word' id='word_1_576' title='bbox 3000 3088 3162 3143; x_wconf 89' lang='lat' dir='ltr'><strong>citius</strong></span> <span class='ocrx_word' id='word_1_577' title='bbox 3205 3088 3502 3143; x_wconf 82' lang='lat' dir='ltr'><strong>relaxatur.</strong></span> 
     </span>
    </p>
   </div>
   <div class='ocr_carea' id='block_1_77' title="bbox 1981 3179 3504 3251">
    <p class='ocr_par' dir='ltr' id='par_1_77' title="bbox 1981 3179 3504 3251">
     <span class='ocr_line' id='line_1_77' title="bbox 1981 3179 3504 3251; baseline 0 -15"><span class='ocrx_word' id='word_1_578' title='bbox 1981 3179 2072 3236; x_wconf 83' lang='lat'><strong>&#39;50.</strong></span> <span class='ocrx_word' id='word_1_579' title='bbox 2117 3179 2390 3250; x_wconf 90' lang='lat' dir='ltr'><strong>Propheta</strong></span> <span class='ocrx_word' id='word_1_580' title='bbox 2420 3181 2584 3251; x_wconf 90' lang='lat' dir='ltr'><strong>igitur</strong></span> <span class='ocrx_word' id='word_1_581' title='bbox 2623 3182 2675 3235; x_wconf 93' lang='lat' dir='ltr'><strong>in</strong></span> <span class='ocrx_word' id='word_1_582' title='bbox 2705 3182 2808 3236; x_wconf 87' lang='lat' dir='ltr'><strong>isto</strong></span> <span class='ocrx_word' id='word_1_583' title='bbox 2840 3181 3116 3237; x_wconf 90' lang='lat' dir='ltr'><strong>versiculo</strong></span> <span class='ocrx_word' id='word_1_584' title='bbox 3151 3181 3342 3236; x_wconf 88' lang='lat' dir='ltr'><strong>dividit</strong></span> <span class='ocrx_word' id='word_1_585' title='bbox 3371 3197 3504 3236; x_wconf 87' lang='lat' dir='ltr'><strong>cau-</strong></span> 
     </span>
    </p>
   </div>
   <div class='ocr_carea' id='block_1_78' title="bbox 1910 3271 3506 3345">
    <p class='ocr_par' dir='ltr' id='par_1_78' title="bbox 1910 3271 3506 3345">
     <span class='ocr_line' id='line_1_78' title="bbox 1910 3271 3506 3345; baseline 0.002 -18"><span class='ocrx_word' id='word_1_586' title='bbox 1910 3285 2019 3339; x_wconf 89' lang='lat' dir='ltr'><strong>sas,</strong></span> <span class='ocrx_word' id='word_1_587' title='bbox 2050 3281 2106 3327; x_wconf 91' lang='lat' dir='ltr'><strong>ut</strong></span> <span class='ocrx_word' id='word_1_588' title='bbox 2137 3281 2192 3328; x_wconf 90' lang='lat' dir='ltr'><strong>et</strong></span> <span class='ocrx_word' id='word_1_589' title='bbox 2222 3271 2652 3328; x_wconf 90' lang='lat' dir='ltr'><strong>misericordiam</strong></span> <span class='ocrx_word' id='word_1_590' title='bbox 2678 3274 2831 3344; x_wconf 76' lang='lat' dir='ltr'><strong>quasi</strong></span> <span class='ocrx_word' id='word_1_591' title='bbox 2874 3273 3036 3328; x_wconf 84' lang='lat' dir='ltr'><strong>homo</strong></span> <span class='ocrx_word' id='word_1_592' title='bbox 3070 3274 3349 3345; x_wconf 74' lang='lat' dir='ltr'><strong>postulet;</strong></span> <span class='ocrx_word' id='word_1_593' title='bbox 3379 3275 3506 3342; x_wconf 87' lang='lat' dir='ltr'><strong>quia</strong></span> 
     </span>
    </p>
   </div>
   <div class='ocr_carea' id='block_1_79' title="bbox 1911 3367 3505 3439">
    <p class='ocr_par' dir='ltr' id='par_1_79' title="bbox 1911 3367 3505 3439">
     <span class='ocr_line' id='line_1_79' title="bbox 1911 3367 3505 3439; baseline 0.001 -18"><span class='ocrx_word' id='word_1_594' title='bbox 1911 3381 2072 3422; x_wconf 91' lang='lat' dir='ltr'><strong>nemo</strong></span> <span class='ocrx_word' id='word_1_595' title='bbox 2093 3367 2211 3422; x_wconf 83' lang='lat' dir='ltr'><strong>sine</strong></span> <span class='ocrx_word' id='word_1_596' title='bbox 2229 3367 2392 3423; x_wconf 86' lang='lat' dir='ltr'><strong>sorde</strong></span> <span class='ocrx_word' id='word_1_597' title='bbox 2416 3371 2620 3438; x_wconf 88' lang='lat' dir='ltr'><strong>peccati</strong></span> <span class='ocrx_word' id='word_1_598' title='bbox 2648 3385 2660 3422; x_wconf 90' lang='lat'>:</span> <span class='ocrx_word' id='word_1_599' title='bbox 2686 3379 2740 3423; x_wconf 90' lang='lat' dir='ltr'><strong>et</strong></span> <span class='ocrx_word' id='word_1_600' title='bbox 2765 3367 3030 3439; x_wconf 87' lang='lat' dir='ltr'><strong>justitiam</strong></span> <span class='ocrx_word' id='word_1_601' title='bbox 3056 3368 3208 3439; x_wconf 89' lang='lat' dir='ltr'><strong>quasi</strong></span> <span class='ocrx_word' id='word_1_602' title='bbox 3235 3367 3505 3438; x_wconf 87' lang='lat' dir='ltr'><strong>Propheta</strong></span> 
     </span>
    </p>
   </div>
   <div class='ocr_carea' id='block_1_80' title="bbox 1909 3457 3507 3532">
    <p class='ocr_par' dir='ltr' id='par_1_80' title="bbox 1909 3457 3507 3532">
     <span class='ocr_line' id='line_1_80' title="bbox 1909 3457 3507 3532; baseline 0.003 -20"><span class='ocrx_word' id='word_1_603' title='bbox 1909 3457 2168 3530; x_wconf 90' lang='lat' dir='ltr'><strong>deposcat</strong></span> <span class='ocrx_word' id='word_1_604' title='bbox 2198 3475 2214 3515; x_wconf 85' lang='lat'><strong>:</strong></span> <span class='ocrx_word' id='word_1_605' title='bbox 2239 3460 2322 3515; x_wconf 86' lang='lat' dir='ltr'><strong>vel</strong></span> <span class='ocrx_word' id='word_1_606' title='bbox 2355 3470 2503 3516; x_wconf 88' lang='lat' dir='ltr'><strong>certe</strong></span> <span class='ocrx_word' id='word_1_607' title='bbox 2525 3503 2540 3527; x_wconf 94' lang='lat'><strong>,</strong></span> <span class='ocrx_word' id='word_1_608' title='bbox 2583 3462 2837 3532; x_wconf 89' lang='lat' dir='ltr'><strong>quoniam</strong></span> <span class='ocrx_word' id='word_1_609' title='bbox 2872 3462 3002 3518; x_wconf 89' lang='lat' dir='ltr'><strong>licet</strong></span> <span class='ocrx_word' id='word_1_610' title='bbox 3031 3461 3337 3532; x_wconf 79' lang='lat' dir='ltr'><strong>peccaverit</strong></span> <span class='ocrx_word' id='word_1_611' title='bbox 3367 3462 3507 3516; x_wconf 91' lang='lat' dir='ltr'><strong>sicut</strong></span> 
     </span>
    </p>
   </div>
   <div class='ocr_carea' id='block_1_81' title="bbox 1913 3551 3505 3628">
    <p class='ocr_par' dir='ltr' id='par_1_81' title="bbox 1913 3551 3505 3628">
     <span class='ocr_line' id='line_1_81' title="bbox 1913 3551 3505 3628; baseline 0.003 -21"><span class='ocrx_word' id='word_1_612' title='bbox 1913 3551 2098 3621; x_wconf 90' lang='lat' dir='ltr'><strong>homo,</strong></span> <span class='ocrx_word' id='word_1_613' title='bbox 2128 3565 2179 3609; x_wconf 90' lang='lat' dir='ltr'><strong>et</strong></span> <span class='ocrx_word' id='word_1_614' title='bbox 2211 3554 2367 3626; x_wconf 88' lang='lat' dir='ltr'><strong>quasi</strong></span> <span class='ocrx_word' id='word_1_615' title='bbox 2408 3565 2663 3627; x_wconf 86' lang='lat' dir='ltr'><strong>peccator</strong></span> <span class='ocrx_word' id='word_1_616' title='bbox 2702 3556 3072 3612; x_wconf 85' lang='lat' dir='ltr'><strong>misericordia</strong></span> <span class='ocrx_word' id='word_1_617' title='bbox 3103 3566 3292 3628; x_wconf 83' lang='lat' dir='ltr'><strong>egeat;</strong></span> <span class='ocrx_word' id='word_1_618' title='bbox 3327 3566 3505 3612; x_wconf 90' lang='lat' dir='ltr'><strong>tamen</strong></span> 
     </span>
    </p>
   </div>
   <div class='ocr_carea' id='block_1_82' title="bbox 1909 3648 3506 3720">
    <p class='ocr_par' dir='ltr' id='par_1_82' title="bbox 1909 3648 3506 3720">
     <span class='ocr_line' id='line_1_82' title="bbox 1909 3648 3506 3720; baseline 0 -18"><span class='ocrx_word' id='word_1_619' title='bbox 1909 3648 2148 3703; x_wconf 82' lang='lat' dir='ltr'><strong>correxit</strong></span> <span class='ocrx_word' id='word_1_620' title='bbox 2192 3664 2434 3705; x_wconf 89' lang='lat' dir='ltr'><strong>errorem</strong></span> <span class='ocrx_word' id='word_1_621' title='bbox 2460 3693 2474 3716; x_wconf 95' lang='lat'><strong>,</strong></span> <span class='ocrx_word' id='word_1_622' title='bbox 2511 3651 2884 3720; x_wconf 69' lang='lat' dir='ltr'><strong>paenitentiam</strong></span> <span class='ocrx_word' id='word_1_623' title='bbox 2932 3649 3095 3720; x_wconf 71' lang='lat' dir='ltr'><strong>gessit</strong></span> <span class='ocrx_word' id='word_1_624' title='bbox 3121 3691 3135 3713; x_wconf 97' lang='lat'><strong>,</strong></span> <span class='ocrx_word' id='word_1_625' title='bbox 3175 3649 3436 3703; x_wconf 65' lang='lat' dir='ltr'><strong>abstinuit</strong></span> <span class='ocrx_word' id='word_1_626' title='bbox 3479 3665 3506 3702; x_wconf 92' lang='lat' dir='ltr'><strong>a</strong></span> 
     </span>
    </p>
   </div>
   <div class='ocr_carea' id='block_1_83' title="bbox 1912 3739 3509 3813">
    <p class='ocr_par' dir='ltr' id='par_1_83' title="bbox 1912 3739 3509 3813">
     <span class='ocr_line' id='line_1_83' title="bbox 1912 3739 3509 3813; baseline 0.001 -19"><span class='ocrx_word' id='word_1_627' title='bbox 1912 3740 2226 3796; x_wconf 88' lang='lat' dir='ltr'><strong>temulenlia</strong></span> <span class='ocrx_word' id='word_1_628' title='bbox 2277 3741 2661 3813; x_wconf 88' lang='lat' dir='ltr'><strong>delinquendi.</strong></span> <span class='ocrx_word' id='word_1_629' title='bbox 2717 3743 3018 3796; x_wconf 85' lang='lat' dir='ltr'><strong>sobrietate</strong></span> <span class='ocrx_word' id='word_1_630' title='bbox 3072 3741 3312 3795; x_wconf 88' lang='lat' dir='ltr'><strong>virtutis.</strong></span> <span class='ocrx_word' id='word_1_631' title='bbox 3371 3739 3509 3795; x_wconf 88' lang='lat' dir='ltr'><strong>Petit</strong></span> 
     </span>
    </p>
   </div>
   <div class='ocr_carea' id='block_1_84' title="bbox 1910 3835 3508 3906">
    <p class='ocr_par' dir='ltr' id='par_1_84' title="bbox 1910 3835 3508 3906">
     <span class='ocr_line' id='line_1_84' title="bbox 1910 3835 3508 3906; baseline -0.001 -16"><span class='ocrx_word' id='word_1_632' title='bbox 1910 3850 2038 3906; x_wconf 85' lang='lat' dir='ltr'><strong>ergo</strong></span> <span class='ocrx_word' id='word_1_633' title='bbox 2064 3836 2330 3906; x_wconf 85' lang='lat' dir='ltr'><strong>justitiam</strong></span> <span class='ocrx_word' id='word_1_634' title='bbox 2376 3836 2676 3892; x_wconf 91' lang='lat' dir='ltr'><strong>secundum</strong></span> <span class='ocrx_word' id='word_1_635' title='bbox 2720 3837 2947 3892; x_wconf 87' lang='lat' dir='ltr'><strong>verbum</strong></span> <span class='ocrx_word' id='word_1_636' title='bbox 3000 3836 3128 3902; x_wconf 77' lang='lat' dir='ltr'><strong>Dei,</strong></span> <span class='ocrx_word' id='word_1_637' title='bbox 3185 3835 3311 3905; x_wconf 88' lang='lat' dir='ltr'><strong>quia</strong></span> <span class='ocrx_word' id='word_1_638' title='bbox 3361 3835 3508 3890; x_wconf 88' lang='lat' dir='ltr'><strong>verbi</strong></span> 
     </span>
    </p>
   </div>
   <div class='ocr_carea' id='block_1_85' title="bbox 1912 3928 3511 3998">
    <p class='ocr_par' dir='ltr' id='par_1_85' title="bbox 1912 3928 3511 3998">
     <span class='ocr_line' id='line_1_85' title="bbox 1912 3928 3511 3998; baseline -0.001 -14"><span class='ocrx_word' id='word_1_639' title='bbox 1912 3931 2004 3986; x_wconf 90' lang='lat' dir='ltr'><strong>Dei</strong></span> <span class='ocrx_word' id='word_1_640' title='bbox 2034 3932 2304 3987; x_wconf 87' lang='lat' dir='ltr'><strong>sententia</strong></span> <span class='ocrx_word' id='word_1_641' title='bbox 2336 3941 2439 3998; x_wconf 91' lang='lat' dir='ltr'><strong>est,</strong></span> <span class='ocrx_word' id='word_1_642' title='bbox 2472 3941 2532 3986; x_wconf 90' lang='lat' dir='ltr'><strong>ul</strong></span> <span class='ocrx_word' id='word_1_643' title='bbox 2560 3932 2842 3986; x_wconf 87' lang='lat' dir='ltr'><strong>conversis</strong></span> <span class='ocrx_word' id='word_1_644' title='bbox 2868 3932 3023 3986; x_wconf 85' lang='lat' dir='ltr'><strong>venia</strong></span> <span class='ocrx_word' id='word_1_645' title='bbox 3065 3930 3331 3995; x_wconf 91' lang='lat' dir='ltr'><strong>donetur;</strong></span> <span class='ocrx_word' id='word_1_646' title='bbox 3357 3928 3404 3983; x_wconf 89' lang='lat' dir='ltr'><strong>si</strong></span> <span class='ocrx_word' id='word_1_647' title='bbox 3432 3941 3511 3984; x_wconf 89' lang='lat' dir='ltr'><strong>ta-</strong></span> 
     </span>
    </p>
   </div>
   <div class='ocr_carea' id='block_1_86' title="bbox 1911 4021 3508 4094">
    <p class='ocr_par' dir='ltr' id='par_1_86' title="bbox 1911 4021 3508 4094">
     <span class='ocr_line' id='line_1_86' title="bbox 1911 4021 3508 4094; baseline -0.001 -18"><span class='ocrx_word' id='word_1_648' title='bbox 1911 4038 2032 4076; x_wconf 89' lang='lat' dir='ltr'><strong>men</strong></span> <span class='ocrx_word' id='word_1_649' title='bbox 2063 4023 2303 4094; x_wconf 87' lang='lat' dir='ltr'><strong>legitime</strong></span> <span class='ocrx_word' id='word_1_650' title='bbox 2333 4031 2418 4078; x_wconf 92' lang='lat' dir='ltr'><strong>est</strong></span> <span class='ocrx_word' id='word_1_651' title='bbox 2447 4022 2586 4077; x_wconf 87' lang='lat' dir='ltr'><strong>facta</strong></span> <span class='ocrx_word' id='word_1_652' title='bbox 2611 4022 2900 4078; x_wconf 86' lang='lat' dir='ltr'><strong>conversio</strong></span> <span class='ocrx_word' id='word_1_653' title='bbox 2931 4021 3158 4092; x_wconf 77' lang='lat' dir='ltr'><strong>(Ezech.</strong></span> <span class='ocrx_word' id='word_1_654' title='bbox 3196 4037 3324 4076; x_wconf 82' lang='lat' dir='ltr'><strong>xvm</strong></span> <span class='ocrx_word' id='word_1_655' title='bbox 3348 4062 3362 4086; x_wconf 92' lang='lat'><strong>,</strong></span> <span class='ocrx_word' id='word_1_656' title='bbox 3402 4021 3464 4076; x_wconf 63' lang='grc' dir='ltr'><strong>ΩΙ</strong></span> <span class='ocrx_word' id='word_1_657' title='bbox 3495 4063 3508 4081; x_wconf 86' lang='grc'><em>,</em></span> 
     </span>
    </p>
   </div>
   <div class='ocr_carea' id='block_1_87' title="bbox 1909 4113 2330 4186">
    <p class='ocr_par' dir='ltr' id='par_1_87' title="bbox 1909 4113 2330 4186">
     <span class='ocr_line' id='line_1_87' title="bbox 1909 4113 2330 4186; baseline -0.002 -19"><span class='ocrx_word' id='word_1_658' title='bbox 1909 4123 1958 4168; x_wconf 81' lang='lat' dir='ltr'><strong>et</strong></span> <span class='ocrx_word' id='word_1_659' title='bbox 1982 4129 2180 4176; x_wconf 81' lang='lat' dir='ltr'><strong>xxxm,</strong></span> <span class='ocrx_word' id='word_1_660' title='bbox 2216 4113 2330 4186; x_wconf 71' lang='grc'><strong>12).</strong></span> 
     </span>
    </p>
   </div>
   <div class='ocr_carea' id='block_1_88' title="bbox 1982 4205 3513 4278">
    <p class='ocr_par' dir='ltr' id='par_1_88' title="bbox 1982 4205 3513 4278">
     <span class='ocr_line' id='line_1_88' title="bbox 1982 4205 3513 4278; baseline 0.002 -20"><span class='ocrx_word' id='word_1_661' title='bbox 1982 4205 2074 4258; x_wconf 79' lang='grc'><strong>⁸51.</strong></span> <span class='ocrx_word' id='word_1_662' title='bbox 2117 4205 2302 4275; x_wconf 84' lang='lat' dir='ltr'><strong>(Vers.</strong></span> <span class='ocrx_word' id='word_1_663' title='bbox 2338 4205 2457 4274; x_wconf 67' lang='lat'><strong>59.)</strong></span> <span class='ocrx_word' id='word_1_664' title='bbox 2486 4205 2717 4278; x_wconf 82' lang='lat' dir='ltr'><strong>Cogitavi</strong></span> <span class='ocrx_word' id='word_1_665' title='bbox 2745 4208 2853 4260; x_wconf 82' lang='lat' dir='ltr'><strong>vias</strong></span> <span class='ocrx_word' id='word_1_666' title='bbox 2885 4223 3054 4274; x_wconf 74' lang='lat' dir='ltr'><strong>ineas,</strong></span> <span class='ocrx_word' id='word_1_667' title='bbox 3089 4219 3135 4260; x_wconf 81' lang='lat' dir='ltr'><strong>et</strong></span> <span class='ocrx_word' id='word_1_668' title='bbox 3170 4207 3330 4261; x_wconf 85' lang='lat' dir='ltr'><strong>averti</strong></span> <span class='ocrx_word' id='word_1_669' title='bbox 3359 4209 3513 4276; x_wconf 72' lang='lat' dir='ltr'><strong>pedes</strong></span> 
     </span>
    </p>
   </div>
   <div class='ocr_carea' id='block_1_89' title="bbox 1913 4297 3508 4370">
    <p class='ocr_par' dir='ltr' id='par_1_89' title="bbox 1913 4297 3508 4370">
     <span class='ocr_line' id='line_1_89' title="bbox 1913 4297 3508 4370; baseline 0.003 -21"><span class='ocrx_word' id='word_1_670' title='bbox 1913 4313 2048 4350; x_wconf 82' lang='lat' dir='ltr'><strong>meos</strong></span> <span class='ocrx_word' id='word_1_671' title='bbox 2078 4297 2132 4350; x_wconf 87' lang='lat' dir='ltr'><strong>in</strong></span> <span class='ocrx_word' id='word_1_672' title='bbox 2163 4299 2456 4353; x_wconf 75' lang='lat' dir='ltr'><strong>testimonia</strong></span> <span class='ocrx_word' id='word_1_673' title='bbox 2499 4309 2606 4354; x_wconf 85' lang='lat' dir='ltr'><strong>tua.</strong></span> <span class='ocrx_word' id='word_1_674' title='bbox 2664 4299 2922 4354; x_wconf 85' lang='lat' dir='ltr'><strong>Dividuus</strong></span> <span class='ocrx_word' id='word_1_675' title='bbox 2968 4315 3162 4354; x_wconf 89' lang='lat' dir='ltr'><strong>sensus</strong></span> <span class='ocrx_word' id='word_1_676' title='bbox 3208 4318 3220 4352; x_wconf 86' lang='lat'><strong>:</strong></span> <span class='ocrx_word' id='word_1_677' title='bbox 3253 4308 3346 4354; x_wconf 88' lang='lat' dir='ltr'><strong>aut</strong></span> <span class='ocrx_word' id='word_1_678' title='bbox 3385 4301 3508 4370; x_wconf 89' lang='lat' dir='ltr'><strong>quia</strong></span> 
     </span>
    </p>
   </div>
   <div class='ocr_carea' id='block_1_90' title="bbox 1912 4390 3511 4464">
    <p class='ocr_par' dir='ltr' id='par_1_90' title="bbox 1912 4390 3511 4464">
     <span class='ocr_line' id='line_1_90' title="bbox 1912 4390 3511 4464; baseline 0.003 -20"><span class='ocrx_word' id='word_1_679' title='bbox 1912 4390 2025 4444; x_wconf 86' lang='lat' dir='ltr'><strong>vias</strong></span> <span class='ocrx_word' id='word_1_680' title='bbox 2069 4391 2379 4461; x_wconf 87' lang='lat' dir='ltr'><strong>superiores</strong></span> <span class='ocrx_word' id='word_1_681' title='bbox 2429 4408 2578 4448; x_wconf 90' lang='lat' dir='ltr'><strong>meas</strong></span> <span class='ocrx_word' id='word_1_682' title='bbox 2627 4393 2861 4463; x_wconf 83' lang='lat' dir='ltr'><strong>cogitavi</strong></span> <span class='ocrx_word' id='word_1_683' title='bbox 2900 4394 3088 4464; x_wconf 80' lang='lat' dir='ltr'><strong>plenas</strong></span> <span class='ocrx_word' id='word_1_684' title='bbox 3137 4393 3324 4463; x_wconf 85' lang='lat' dir='ltr'><strong>lapsus</strong></span> <span class='ocrx_word' id='word_1_685' title='bbox 3348 4399 3511 4462; x_wconf 88' lang='lat' dir='ltr'><strong>atque</strong></span> 
     </span>
    </p>
   </div>
   <div class='ocr_carea' id='block_1_91' title="bbox 1911 4486 3507 4557">
    <p class='ocr_par' dir='ltr' id='par_1_91' title="bbox 1911 4486 3507 4557">
     <span class='ocr_line' id='line_1_91' title="bbox 1911 4486 3507 4557; baseline 0.001 -18"><span class='ocrx_word' id='word_1_686' title='bbox 1911 4487 2150 4556; x_wconf 87' lang='lat' dir='ltr'><strong>peccati,</strong></span> <span class='ocrx_word' id='word_1_687' title='bbox 2181 4493 2236 4542; x_wconf 91' lang='lat' dir='ltr'><strong>et</strong></span> <span class='ocrx_word' id='word_1_688' title='bbox 2262 4486 2385 4542; x_wconf 90' lang='lat' dir='ltr'><strong>ideo</strong></span> <span class='ocrx_word' id='word_1_689' title='bbox 2428 4497 2486 4542; x_wconf 93' lang='lat' dir='ltr'><strong>ut</strong></span> <span class='ocrx_word' id='word_1_690' title='bbox 2513 4488 2894 4543; x_wconf 89' lang='lat' dir='ltr'><strong>remissionem</strong></span> <span class='ocrx_word' id='word_1_691' title='bbox 2929 4497 3272 4557; x_wconf 89' lang='lat' dir='ltr'><strong>peccatorum</strong></span> <span class='ocrx_word' id='word_1_692' title='bbox 3299 4487 3507 4557; x_wconf 82' lang='lat' dir='ltr'><strong>possint</strong></span> 
     </span>
    </p>
   </div>
   <div class='ocr_carea' id='block_1_92' title="bbox 1911 4582 3502 4654">
    <p class='ocr_par' dir='ltr' id='par_1_92' title="bbox 1911 4582 3502 4654">
     <span class='ocr_line' id='line_1_92' title="bbox 1911 4582 3502 4654; baseline 0 -18"><span class='ocrx_word' id='word_1_693' title='bbox 1911 4582 2144 4648; x_wconf 89' lang='lat' dir='ltr'><strong>mereri,</strong></span> <span class='ocrx_word' id='word_1_694' title='bbox 2193 4597 2408 4638; x_wconf 88' lang='lat' dir='ltr'><strong>morum</strong></span> <span class='ocrx_word' id='word_1_695' title='bbox 2458 4584 2821 4638; x_wconf 84' lang='lat' dir='ltr'><strong>conversione</strong></span> <span class='ocrx_word' id='word_1_696' title='bbox 2846 4626 2859 4648; x_wconf 87' lang='lat'><strong>,</strong></span> <span class='ocrx_word' id='word_1_697' title='bbox 2891 4582 3178 4654; x_wconf 90' lang='lat' dir='ltr'><strong>studioque</strong></span> <span class='ocrx_word' id='word_1_698' title='bbox 3207 4584 3465 4637; x_wconf 89' lang='lat' dir='ltr'><strong>virtutttm</strong></span> <span class='ocrx_word' id='word_1_699' title='bbox 3491 4634 3502 4651; x_wconf 63' lang='grc'><em>,</em></span> 
     </span>
    </p>
   </div>
   <div class='ocr_carea' id='block_1_93' title="bbox 209 4663 3505 4755">
    <p class='ocr_par' dir='ltr' id='par_1_93' title="bbox 209 4663 3505 4755">
     <span class='ocr_line' id='line_1_93' title="bbox 209 4663 3505 4755; baseline 0.001 -28"><span class='ocrx_word' id='word_1_700' title='bbox 209 4672 315 4716; x_wconf 67' lang='lat' dir='ltr'><strong>tur.</strong></span> <span class='ocrx_word' id='word_1_701' title='bbox 353 4663 568 4736; x_wconf 77' lang='lat'><strong>1066</strong></span> <span class='ocrx_word' id='word_1_702' title='bbox 598 4664 711 4733; x_wconf 79' lang='lat' dir='ltr'><strong>Qua</strong></span> <span class='ocrx_word' id='word_1_703' title='bbox 743 4663 912 4734; x_wconf 73' lang='lat' dir='ltr'><strong>gratia</strong></span> <span class='ocrx_word' id='word_1_704' title='bbox 944 4663 1208 4719; x_wconf 86' lang='lat' dir='ltr'><strong>Dominus</strong></span> <span class='ocrx_word' id='word_1_705' title='bbox 1235 4674 1287 4719; x_wconf 82' lang='lat' dir='ltr'><strong>el</strong></span> <span class='ocrx_word' id='word_1_706' title='bbox 1313 4663 1401 4719; x_wconf 81' lang='lat' dir='ltr'><strong>lux</strong></span> <span class='ocrx_word' id='word_1_707' title='bbox 1431 4675 1484 4720; x_wconf 79' lang='lat' dir='ltr'><strong>et</strong></span> <span class='ocrx_word' id='word_1_708' title='bbox 1515 4665 1653 4736; x_wconf 79' lang='lat' dir='ltr'><strong>ignis</strong></span> <span class='ocrx_word' id='word_1_709' title='bbox 1683 4680 1804 4722; x_wconf 85' lang='lat' dir='ltr'><strong>esse</strong></span> <span class='ocrx_word' id='word_1_710' title='bbox 1835 4695 1882 4755; x_wconf 77' lang='grc' dir='ltr'>ι)</span> <span class='ocrx_word' id='word_1_711' title='bbox 1910 4675 2082 4730; x_wconf 77' lang='grc' dir='ltr'><strong>Αυενιί</strong></span> <span class='ocrx_word' id='word_1_712' title='bbox 2113 4678 2266 4745; x_wconf 81' lang='lat' dir='ltr'><strong>pedes</strong></span> <span class='ocrx_word' id='word_1_713' title='bbox 2295 4693 2431 4730; x_wconf 81' lang='lat' dir='ltr'><strong>meos</strong></span> <span class='ocrx_word' id='word_1_714' title='bbox 2457 4678 2511 4731; x_wconf 83' lang='lat' dir='ltr'><strong>in</strong></span> <span class='ocrx_word' id='word_1_715' title='bbox 2542 4678 2830 4731; x_wconf 77' lang='lat' dir='ltr'><strong>testintonia</strong></span> <span class='ocrx_word' id='word_1_716' title='bbox 2857 4689 2977 4743; x_wconf 82' lang='lat' dir='ltr'><strong>ma,</strong></span> <span class='ocrx_word' id='word_1_717' title='bbox 3006 4688 3066 4732; x_wconf 82' lang='grc' dir='ltr'><strong>ιιι</strong></span> <span class='ocrx_word' id='word_1_718' title='bbox 3092 4693 3198 4732; x_wconf 90' lang='lat' dir='ltr'><strong>non</strong></span> <span class='ocrx_word' id='word_1_719' title='bbox 3227 4678 3338 4744; x_wconf 85' lang='lat' dir='ltr'><strong>jam</strong></span> <span class='ocrx_word' id='word_1_720' title='bbox 3371 4677 3505 4732; x_wconf 87' lang='lat' dir='ltr'><strong>meis</strong></span> 
     </span>
    </p>
   </div>
   <div class='ocr_carea' id='block_1_94' title="bbox 208 4756 1801 4826">
    <p class='ocr_par' dir='ltr' id='par_1_94' title="bbox 208 4756 1801 4826">
     <span class='ocr_line' id='line_1_94' title="bbox 208 4756 1801 4826; baseline 0.002 -15"><span class='ocrx_word' id='word_1_721' title='bbox 208 4756 568 4825; x_wconf 80' lang='lat' dir='ltr'><strong>describitur,</strong></span> <span class='ocrx_word' id='word_1_722' title='bbox 614 4767 672 4813; x_wconf 88' lang='lat' dir='ltr'><strong>ut</strong></span> <span class='ocrx_word' id='word_1_723' title='bbox 709 4758 762 4812; x_wconf 92' lang='lat' dir='ltr'><strong>in</strong></span> <span class='ocrx_word' id='word_1_724' title='bbox 802 4757 1040 4813; x_wconf 85' lang='lat' dir='ltr'><strong>tenebris</strong></span> <span class='ocrx_word' id='word_1_725' title='bbox 1081 4757 1381 4812; x_wconf 88' lang='lat' dir='ltr'><strong>ambulanti</strong></span> <span class='ocrx_word' id='word_1_726' title='bbox 1421 4759 1596 4813; x_wconf 89' lang='lat' dir='ltr'><strong>luceat</strong></span> <span class='ocrx_word' id='word_1_727' title='bbox 1645 4759 1801 4826; x_wconf 80' lang='lat' dir='ltr'><strong>quasi</strong></span> 
     </span>
    </p>
   </div>
   <div class='ocr_carea' id='block_1_95' title="bbox 194 4852 1802 4923">
    <p class='ocr_par' dir='ltr' id='par_1_95' title="bbox 194 4852 1802 4923">
     <span class='ocr_line' id='line_1_95' title="bbox 194 4852 1802 4923; baseline 0.002 -18"><span class='ocrx_word' id='word_1_728' title='bbox 194 4853 428 4919; x_wconf 86' lang='lat' dir='ltr'><strong>.lumen;</strong></span> <span class='ocrx_word' id='word_1_729' title='bbox 457 4869 526 4910; x_wconf 87' lang='lat' dir='ltr'><strong>ne</strong></span> <span class='ocrx_word' id='word_1_730' title='bbox 553 4854 754 4909; x_wconf 88' lang='lat' dir='ltr'><strong>diutius</strong></span> <span class='ocrx_word' id='word_1_731' title='bbox 782 4852 950 4922; x_wconf 90' lang='lat' dir='ltr'><strong>possit</strong></span> <span class='ocrx_word' id='word_1_732' title='bbox 981 4868 1198 4917; x_wconf 90' lang='lat' dir='ltr'><strong>errare,</strong></span> <span class='ocrx_word' id='word_1_733' title='bbox 1228 4853 1317 4923; x_wconf 93' lang='lat' dir='ltr'><strong>qui</strong></span> <span class='ocrx_word' id='word_1_734' title='bbox 1359 4854 1555 4923; x_wconf 65' lang='lat' dir='ltr'><strong>quaerit</strong></span> <span class='ocrx_word' id='word_1_735' title='bbox 1583 4853 1802 4908; x_wconf 87' lang='lat' dir='ltr'><strong>luminis</strong></span> 
     </span>
    </p>
   </div>
   <div class='ocr_carea' id='block_1_96' title="bbox 209 4946 1804 5018">
    <p class='ocr_par' dir='ltr' id='par_1_96' title="bbox 209 4946 1804 5018">
     <span class='ocr_line' id='line_1_96' title="bbox 209 4946 1804 5018; baseline -0.001 -17"><span class='ocrx_word' id='word_1_736' title='bbox 209 4946 551 5003; x_wconf 87' lang='lat' dir='ltr'><strong>claritatem:</strong></span> <span class='ocrx_word' id='word_1_737' title='bbox 581 4951 631 5003; x_wconf 89' lang='lat' dir='ltr'><strong>ei</strong></span> <span class='ocrx_word' id='word_1_738' title='bbox 663 4957 843 5003; x_wconf 88' lang='lat' dir='ltr'><strong>autem</strong></span> <span class='ocrx_word' id='word_1_739' title='bbox 875 4946 967 5018; x_wconf 86' lang='lat' dir='ltr'><strong>qui</strong></span> <span class='ocrx_word' id='word_1_740' title='bbox 999 4947 1164 5003; x_wconf 90' lang='lat' dir='ltr'><strong>multa</strong></span> <span class='ocrx_word' id='word_1_741' title='bbox 1191 4946 1350 5002; x_wconf 87' lang='lat' dir='ltr'><strong>fuerit</strong></span> <span class='ocrx_word' id='word_1_742' title='bbox 1372 4957 1651 5016; x_wconf 83' lang='lat' dir='ltr'><strong>operatus,</strong></span> <span class='ocrx_word' id='word_1_743' title='bbox 1681 4962 1804 5016; x_wconf 86' lang='lat' dir='ltr'><strong>quae</strong></span> 
     </span>
    </p>
   </div>
   <div class='ocr_carea' id='block_1_97' title="bbox 211 5038 1801 5109">
    <p class='ocr_par' dir='ltr' id='par_1_97' title="bbox 211 5038 1801 5109">
     <span class='ocr_line' id='line_1_97' title="bbox 211 5038 1801 5109; baseline -0.001 -14"><span class='ocrx_word' id='word_1_744' title='bbox 211 5055 430 5096; x_wconf 86' lang='lat' dir='ltr'><strong>manere</strong></span> <span class='ocrx_word' id='word_1_745' title='bbox 455 5056 562 5096; x_wconf 91' lang='lat' dir='ltr'><strong>non</strong></span> <span class='ocrx_word' id='word_1_746' title='bbox 585 5041 841 5107; x_wconf 85' lang='lat' dir='ltr'><strong>debeant,</strong></span> <span class='ocrx_word' id='word_1_747' title='bbox 874 5041 966 5096; x_wconf 90' lang='lat' dir='ltr'><strong>sed</strong></span> <span class='ocrx_word' id='word_1_748' title='bbox 996 5041 1209 5107; x_wconf 87' lang='lat' dir='ltr'><strong>ardere,</strong></span> <span class='ocrx_word' id='word_1_749' title='bbox 1238 5039 1377 5109; x_wconf 84' lang='lat' dir='ltr'><strong>ignis</strong></span> <span class='ocrx_word' id='word_1_750' title='bbox 1399 5048 1482 5094; x_wconf 92' lang='lat' dir='ltr'><strong>est</strong></span> <span class='ocrx_word' id='word_1_751' title='bbox 1506 5038 1801 5106; x_wconf 91' lang='lat' dir='ltr'><strong>Dominus;</strong></span> 
     </span>
    </p>
   </div>
   <div class='ocr_carea' id='block_1_98' title="bbox 212 5134 1806 5206">
    <p class='ocr_par' dir='ltr' id='par_1_98' title="bbox 212 5134 1806 5206">
     <span class='ocr_line' id='line_1_98' title="bbox 212 5134 1806 5206; baseline 0 -18"><span class='ocrx_word' id='word_1_752' title='bbox 212 5143 268 5188; x_wconf 92' lang='lat' dir='ltr'><strong>ut</strong></span> <span class='ocrx_word' id='word_1_753' title='bbox 299 5136 678 5202; x_wconf 84' lang='lat' dir='ltr'><strong>operis&#39;uostri</strong></span> <span class='ocrx_word' id='word_1_754' title='bbox 704 5134 884 5190; x_wconf 89' lang='lat' dir='ltr'><strong>fenum</strong></span> <span class='ocrx_word' id='word_1_755' title='bbox 907 5135 1269 5206; x_wconf 89' lang='lat' dir='ltr'><strong>stipulamque</strong></span> <span class='ocrx_word' id='word_1_756' title='bbox 1296 5138 1614 5198; x_wconf 90' lang='lat' dir='ltr'><strong>consumat,</strong></span> <span class='ocrx_word' id='word_1_757' title='bbox 1643 5141 1806 5203; x_wconf 88' lang='lat' dir='ltr'><strong>atque</strong></span> 
     </span>
    </p>
   </div>
   <div class='ocr_carea' id='block_1_99' title="bbox 213 5226 1805 5296">
    <p class='ocr_par' dir='ltr' id='par_1_99' title="bbox 213 5226 1805 5296">
     <span class='ocr_line' id='line_1_99' title="bbox 213 5226 1805 5296; baseline -0.001 -14"><span class='ocrx_word' id='word_1_758' title='bbox 213 5227 328 5282; x_wconf 90' lang='lat' dir='ltr'><strong>utili</strong></span> <span class='ocrx_word' id='word_1_759' title='bbox 360 5242 460 5283; x_wconf 90' lang='lat' dir='ltr'><strong>nos</strong></span> <span class='ocrx_word' id='word_1_760' title='bbox 492 5227 655 5283; x_wconf 85' lang='lat' dir='ltr'><strong>faciat</strong></span> <span class='ocrx_word' id='word_1_761' title='bbox 685 5229 866 5284; x_wconf 89' lang='lat' dir='ltr'><strong>salvos</strong></span> <span class='ocrx_word' id='word_1_762' title='bbox 887 5228 1247 5293; x_wconf 89' lang='lat' dir='ltr'><strong>detrimento,</strong></span> <span class='ocrx_word' id='word_1_763' title='bbox 1279 5227 1419 5280; x_wconf 86' lang='lat' dir='ltr'><strong>sicut</strong></span> <span class='ocrx_word' id='word_1_764' title='bbox 1444 5239 1635 5279; x_wconf 91' lang='lat' dir='ltr'><strong>aurum</strong></span> <span class='ocrx_word' id='word_1_765' title='bbox 1664 5226 1805 5296; x_wconf 88' lang='lat' dir='ltr'><strong>quod</strong></span> 
     </span>
    </p>
   </div>
   <div class='ocr_carea' id='block_1_100' title="bbox 213 5321 1163 5392">
    <p class='ocr_par' dir='ltr' id='par_1_100' title="bbox 213 5321 1163 5392">
     <span class='ocr_line' id='line_1_100' title="bbox 213 5321 1163 5392; baseline -0.001 -17"><span class='ocrx_word' id='word_1_766' title='bbox 213 5321 337 5376; x_wconf 89' lang='lat' dir='ltr'><strong>dum</strong></span> <span class='ocrx_word' id='word_1_767' title='bbox 367 5323 710 5392; x_wconf 80' lang='lat' dir='ltr'><strong>excoquitur,</strong></span> <span class='ocrx_word' id='word_1_768' title='bbox 736 5322 857 5392; x_wconf 91' lang='lat' dir='ltr'><strong>plus</strong></span> <span class='ocrx_word' id='word_1_769' title='bbox 884 5322 1163 5392; x_wconf 88' lang='lat' dir='ltr'><strong>probatur.</strong></span> 
     </span>
    </p>
   </div>
   <div class='ocr_carea' id='block_1_101' title="bbox 284 5415 1813 5488">
    <p class='ocr_par' dir='ltr' id='par_1_101' title="bbox 284 5415 1813 5488">
     <span class='ocr_line' id='line_1_101' title="bbox 284 5415 1813 5488; baseline 0.001 -18"><span class='ocrx_word' id='word_1_770' title='bbox 284 5416 375 5472; x_wconf 72' lang='lat'><strong>28.</strong></span> <span class='ocrx_word' id='word_1_771' title='bbox 415 5416 671 5473; x_wconf 86' lang='lat' dir='ltr'><strong>Fortasse</strong></span> <span class='ocrx_word' id='word_1_772' title='bbox 709 5417 857 5472; x_wconf 88' lang='lat' dir='ltr'><strong>dicat</strong></span> <span class='ocrx_word' id='word_1_773' title='bbox 902 5416 1098 5487; x_wconf 83' lang='lat' dir='ltr'><strong>aliquis</strong></span> <span class='ocrx_word' id='word_1_774' title='bbox 1127 5431 1232 5488; x_wconf 89' lang='lat' dir='ltr'><strong>qua</strong></span> <span class='ocrx_word' id='word_1_775' title='bbox 1278 5416 1489 5472; x_wconf 90' lang='lat' dir='ltr'><strong>ratione</strong></span> <span class='ocrx_word' id='word_1_776' title='bbox 1530 5415 1813 5487; x_wconf 89' lang='lat' dir='ltr'><strong>scripserit</strong></span> 
     </span>
    </p>
   </div>
   <div class='ocr_carea' id='block_1_102' title="bbox 219 5574 1810 5637">
    <p class='ocr_par' dir='ltr' id='par_1_102' title="bbox 219 5574 1810 5637">
     <span class='ocr_line' id='line_1_102' title="bbox 219 5574 1810 5637; baseline -0.003 -1"><span class='ocrx_word' id='word_1_777' title='bbox 219 5576 303 5636; x_wconf 79' lang='lat' dir='ltr'><strong>lus</strong></span> <span class='ocrx_word' id='word_1_778' title='bbox 322 5577 488 5637; x_wconf 89' lang='lat' dir='ltr'><strong>Fisc..</strong></span> <span class='ocrx_word' id='word_1_779' title='bbox 520 5579 665 5633; x_wconf 75' lang='lat' dir='ltr'><strong>laxat</strong></span> <span class='ocrx_word' id='word_1_780' title='bbox 693 5578 872 5632; x_wconf 77' lang='lat' dir='ltr'><strong>exitio.</strong></span> <span class='ocrx_word' id='word_1_781' title='bbox 907 5577 1007 5634; x_wconf 87' lang='lat' dir='ltr'><strong>Est</strong></span> <span class='ocrx_word' id='word_1_782' title='bbox 1042 5586 1226 5634; x_wconf 89' lang='lat' dir='ltr'><strong>autem</strong></span> <span class='ocrx_word' id='word_1_783' title='bbox 1267 5580 1410 5634; x_wconf 70' lang='lat' dir='ltr'><strong>taxat</strong></span> <span class='ocrx_word' id='word_1_784' title='bbox 1442 5577 1628 5632; x_wconf 79' lang='lat' dir='ltr'><strong>exsilio</strong></span> <span class='ocrx_word' id='word_1_785' title='bbox 1667 5574 1810 5631; x_wconf 89' lang='lat' dir='ltr'><strong>idem</strong></span> 
     </span>
    </p>
   </div>
   <div class='ocr_carea' id='block_1_103' title="bbox 221 5649 1507 5716">
    <p class='ocr_par' dir='ltr' id='par_1_103' title="bbox 221 5649 1507 5716">
     <span class='ocr_line' id='line_1_103' title="bbox 221 5649 1507 5716; baseline 0 -14"><span class='ocrx_word' id='word_1_786' title='bbox 221 5663 284 5702; x_wconf 86' lang='lat' dir='ltr'><strong>ac</strong></span> <span class='ocrx_word' id='word_1_787' title='bbox 306 5650 492 5703; x_wconf 83' lang='lat' dir='ltr'><strong>liberat</strong></span> <span class='ocrx_word' id='word_1_788' title='bbox 522 5650 744 5716; x_wconf 78' lang='lat' dir='ltr'><strong>exsilio,</strong></span> <span class='ocrx_word' id='word_1_789' title='bbox 776 5666 872 5706; x_wconf 89' lang='lat' dir='ltr'><strong>seu</strong></span> <span class='ocrx_word' id='word_1_790' title='bbox 903 5664 1010 5704; x_wconf 87' lang='lat' dir='ltr'><strong>non</strong></span> <span class='ocrx_word' id='word_1_791' title='bbox 1040 5650 1260 5703; x_wconf 90' lang='lat' dir='ltr'><strong>damnat</strong></span> <span class='ocrx_word' id='word_1_792' title='bbox 1292 5649 1507 5704; x_wconf 88' lang='lat' dir='ltr'><strong>exsilio.</strong></span> 
     </span>
    </p>
   </div>
   <div class='ocr_carea' id='block_1_104' title="bbox 223 5717 1810 5792">
    <p class='ocr_par' dir='ltr' id='par_1_104' title="bbox 223 5717 1810 5792">
     <span class='ocr_line' id='line_1_104' title="bbox 223 5717 1810 5792; baseline 0.003 -23"><span class='ocrx_word' id='word_1_793' title='bbox 223 5743 254 5792; x_wconf 27' lang='grc' dir='ltr'>ζ</span> <span class='ocrx_word' id='word_1_794' title='bbox 272 5717 435 5792; x_wconf 50' lang='grc' dir='ltr'><strong>ξ’Πε</strong></span> <span class='ocrx_word' id='word_1_795' title='bbox 454 5721 641 5790; x_wconf 82' lang='lat' dir='ltr'><strong>capite.</strong></span> <span class='ocrx_word' id='word_1_796' title='bbox 671 5720 777 5789; x_wconf 91' lang='lat' dir='ltr'><strong>hoc</strong></span> <span class='ocrx_word' id='word_1_797' title='bbox 805 5732 890 5777; x_wconf 91' lang='lat' dir='ltr'><strong>est</strong></span> <span class='ocrx_word' id='word_1_798' title='bbox 918 5721 985 5776; x_wconf 85' lang='lat' dir='ltr'><strong>de</strong></span> <span class='ocrx_word' id='word_1_799' title='bbox 1007 5721 1140 5787; x_wconf 89' lang='lat' dir='ltr'><strong>vita,</strong></span> <span class='ocrx_word' id='word_1_800' title='bbox 1170 5720 1290 5776; x_wconf 87' lang='lat' dir='ltr'><strong>sive</strong></span> <span class='ocrx_word' id='word_1_801' title='bbox 1311 5721 1379 5775; x_wconf 91' lang='lat' dir='ltr'><strong>de</strong></span> <span class='ocrx_word' id='word_1_802' title='bbox 1405 5734 1564 5792; x_wconf 66' lang='lat' dir='ltr'><strong>paena</strong></span> <span class='ocrx_word' id='word_1_803' title='bbox 1596 5719 1810 5792; x_wconf 81' lang='lat' dir='ltr'><strong>rapitis.</strong></span> 
     </span>
    </p>
   </div>
   <div class='ocr_carea' id='block_1_105' title="bbox 222 5787 1810 5864">
    <p class='ocr_par' dir='ltr' id='par_1_105' title="bbox 222 5787 1810 5864">
     <span class='ocr_line' id='line_1_105' title="bbox 222 5787 1810 5864; baseline 0 -20"><span class='ocrx_word' id='word_1_804' title='bbox 222 5787 428 5860; x_wconf 82' lang='lat' dir='ltr'><strong>Quippe</strong></span> <span class='ocrx_word' id='word_1_805' title='bbox 457 5787 728 5864; x_wconf 83' lang='lat' dir='ltr'><strong>interdum</strong></span> <span class='ocrx_word' id='word_1_806' title='bbox 762 5796 839 5850; x_wconf 89' lang='lat' dir='ltr'><strong>rei</strong></span> <span class='ocrx_word' id='word_1_807' title='bbox 863 5801 1028 5864; x_wconf 87' lang='lat' dir='ltr'><strong>atque</strong></span> <span class='ocrx_word' id='word_1_808' title='bbox 1054 5792 1386 5847; x_wconf 80' lang='lat' dir='ltr'><strong>accusatoris</strong></span> <span class='ocrx_word' id='word_1_809' title='bbox 1406 5787 1712 5864; x_wconf 75' lang='lat' dir='ltr'><strong>periculum</strong></span> <span class='ocrx_word' id='word_1_810' title='bbox 1740 5790 1810 5844; x_wconf 92' lang='lat' dir='ltr'><strong>ita</strong></span> 
     </span>
    </p>
   </div>
   <div class='ocr_carea' id='block_1_106' title="bbox 225 5857 1812 5934">
    <p class='ocr_par' dir='ltr' id='par_1_106' title="bbox 225 5857 1812 5934">
     <span class='ocr_line' id='line_1_106' title="bbox 225 5857 1812 5934; baseline -0.001 -17"><span class='ocrx_word' id='word_1_811' title='bbox 225 5857 567 5931; x_wconf 68' lang='lat' dir='ltr'><strong>tenuabatut&#39;,</strong></span> <span class='ocrx_word' id='word_1_812' title='bbox 598 5857 657 5921; x_wconf 80' lang='lat' dir='ltr'><strong>tit</strong></span> <span class='ocrx_word' id='word_1_813' title='bbox 687 5879 792 5920; x_wconf 88' lang='lat' dir='ltr'><strong>non</strong></span> <span class='ocrx_word' id='word_1_814' title='bbox 823 5857 998 5920; x_wconf 75' lang='lat' dir='ltr'><strong>solum</strong></span> <span class='ocrx_word' id='word_1_815' title='bbox 1040 5870 1268 5934; x_wconf 81' lang='lat' dir='ltr'><strong>uterque</strong></span> <span class='ocrx_word' id='word_1_816' title='bbox 1295 5857 1601 5920; x_wconf 79' lang='lat' dir='ltr'><strong>&#39;servaretur</strong></span> <span class='ocrx_word' id='word_1_817' title='bbox 1635 5861 1685 5918; x_wconf 91' lang='lat' dir='ltr'><strong>in</strong></span> <span class='ocrx_word' id='word_1_818' title='bbox 1719 5867 1812 5916; x_wconf 75' lang='lat' dir='ltr'><strong>&quot;cu-</strong></span> 
     </span>
    </p>
   </div>
   <div class='ocr_carea' id='block_1_107' title="bbox 1909 4769 3507 4839">
    <p class='ocr_par' dir='ltr' id='par_1_107' title="bbox 1909 4769 3507 4839">
     <span class='ocr_line' id='line_1_107' title="bbox 1909 4769 3507 4839; baseline 0.002 -18"><span class='ocrx_word' id='word_1_819' title='bbox 1909 4769 2189 4838; x_wconf 87' lang='lat' dir='ltr'><strong>gressibus</strong></span> <span class='ocrx_word' id='word_1_820' title='bbox 2208 4770 2404 4838; x_wconf 83' lang='lat' dir='ltr'><strong>quibus</strong></span> <span class='ocrx_word' id='word_1_821' title='bbox 2424 4778 2551 4824; x_wconf 88' lang='lat' dir='ltr'><strong>ante</strong></span> <span class='ocrx_word' id='word_1_822' title='bbox 2577 4785 2695 4825; x_wconf 87' lang='lat' dir='ltr'><strong>sum</strong></span> <span class='ocrx_word' id='word_1_823' title='bbox 2722 4771 2925 4839; x_wconf 89' lang='lat' dir='ltr'><strong>lapsus,</strong></span> <span class='ocrx_word' id='word_1_824' title='bbox 2951 4769 3046 4826; x_wconf 91' lang='lat' dir='ltr'><strong>sed</strong></span> <span class='ocrx_word' id='word_1_825' title='bbox 3075 4769 3507 4825; x_wconf 90' lang='lat' dir='ltr'><strong>testimoniorum</strong></span> 
     </span>
    </p>
   </div>
   <div class='ocr_carea' id='block_1_108' title="bbox 1913 4863 3510 4934">
    <p class='ocr_par' dir='ltr' id='par_1_108' title="bbox 1913 4863 3510 4934">
     <span class='ocr_line' id='line_1_108' title="bbox 1913 4863 3510 4934; baseline 0 -16"><span class='ocrx_word' id='word_1_826' title='bbox 1913 4870 2132 4918; x_wconf 90' lang='lat' dir='ltr'><strong>tuorum</strong></span> <span class='ocrx_word' id='word_1_827' title='bbox 2163 4863 2448 4919; x_wconf 91' lang='lat' dir='ltr'><strong>itineribus</strong></span> <span class='ocrx_word' id='word_1_828' title='bbox 2479 4863 2814 4920; x_wconf 87' lang='lat' dir='ltr'><strong>ambularem</strong></span> <span class='ocrx_word' id='word_1_829' title='bbox 2836 4907 2850 4930; x_wconf 94' lang='lat'><strong>,</strong></span> <span class='ocrx_word' id='word_1_830' title='bbox 2900 4879 3009 4934; x_wconf 89' lang='lat' dir='ltr'><strong>quo</strong></span> <span class='ocrx_word' id='word_1_831' title='bbox 3048 4873 3263 4919; x_wconf 90' lang='lat' dir='ltr'><strong>tuorum</strong></span> <span class='ocrx_word' id='word_1_832' title='bbox 3300 4865 3510 4919; x_wconf 73' lang='lat' dir='ltr'><strong>semita:</strong></span> 
     </span>
    </p>
   </div>
   <div class='ocr_carea' id='block_1_109' title="bbox 1915 4957 3511 5033">
    <p class='ocr_par' dir='ltr' id='par_1_109' title="bbox 1915 4957 3511 5033">
     <span class='ocr_line' id='line_1_109' title="bbox 1915 4957 3511 5033; baseline 0.004 -24"><span class='ocrx_word' id='word_1_833' title='bbox 1915 4957 2289 5013; x_wconf 88' lang='lat' dir='ltr'><strong>mandatorum</strong></span> <span class='ocrx_word' id='word_1_834' title='bbox 2337 4974 2423 5014; x_wconf 92' lang='lat' dir='ltr'><strong>me</strong></span> <span class='ocrx_word' id='word_1_835' title='bbox 2465 4975 2650 5015; x_wconf 91' lang='lat' dir='ltr'><strong>errare</strong></span> <span class='ocrx_word' id='word_1_836' title='bbox 2680 4976 2786 5016; x_wconf 87' lang='lat' dir='ltr'><strong>non</strong></span> <span class='ocrx_word' id='word_1_837' title='bbox 2830 4961 3037 5033; x_wconf 76' lang='lat'><strong>1067</strong></span> <span class='ocrx_word' id='word_1_838' title='bbox 3078 4962 3362 5026; x_wconf 88' lang='lat' dir='ltr'><strong>sinerent,</strong></span> <span class='ocrx_word' id='word_1_839' title='bbox 3407 4974 3511 5015; x_wconf 88' lang='lat' dir='ltr'><strong>nec</strong></span> 
     </span>
    </p>
   </div>
   <div class='ocr_carea' id='block_1_110' title="bbox 1914 5049 3508 5120">
    <p class='ocr_par' dir='ltr' id='par_1_110' title="bbox 1914 5049 3508 5120">
     <span class='ocr_line' id='line_1_110' title="bbox 1914 5049 3508 5120; baseline 0.004 -19"><span class='ocrx_word' id='word_1_840' title='bbox 1914 5049 2200 5120; x_wconf 88' lang='lat' dir='ltr'><strong>vestigium</strong></span> <span class='ocrx_word' id='word_1_841' title='bbox 2231 5053 2284 5106; x_wconf 90' lang='lat' dir='ltr'><strong>in</strong></span> <span class='ocrx_word' id='word_1_842' title='bbox 2306 5051 2463 5107; x_wconf 89' lang='lat' dir='ltr'><strong>devia</strong></span> <span class='ocrx_word' id='word_1_843' title='bbox 2485 5062 2539 5107; x_wconf 91' lang='lat' dir='ltr'><strong>et</strong></span> <span class='ocrx_word' id='word_1_844' title='bbox 2567 5062 2808 5108; x_wconf 68' lang='lat' dir='ltr'><strong>tortuosa</strong></span> <span class='ocrx_word' id='word_1_845' title='bbox 2836 5054 3204 5109; x_wconf 85' lang='lat' dir='ltr'><strong>deflecterem.</strong></span> <span class='ocrx_word' id='word_1_846' title='bbox 3233 5050 3508 5120; x_wconf 87' lang='lat' dir='ltr'><strong>Frequen-</strong></span> 
     </span>
    </p>
   </div>
   <div class='ocr_carea' id='block_1_111' title="bbox 1910 5143 3509 5215">
    <p class='ocr_par' dir='ltr' id='par_1_111' title="bbox 1910 5143 3509 5215">
     <span class='ocr_line' id='line_1_111' title="bbox 1910 5143 3509 5215; baseline 0.003 -19"><span class='ocrx_word' id='word_1_847' title='bbox 1910 5149 1992 5198; x_wconf 91' lang='lat' dir='ltr'><strong>ter</strong></span> <span class='ocrx_word' id='word_1_848' title='bbox 2017 5143 2160 5198; x_wconf 91' lang='lat' dir='ltr'><strong>enim</strong></span> <span class='ocrx_word' id='word_1_849' title='bbox 2185 5145 2503 5215; x_wconf 79' lang='lat' dir='ltr'><strong>ignorantes</strong></span> <span class='ocrx_word' id='word_1_850' title='bbox 2524 5146 2651 5212; x_wconf 92' lang='lat' dir='ltr'><strong>iter,</strong></span> <span class='ocrx_word' id='word_1_851' title='bbox 2684 5147 2728 5201; x_wconf 88' lang='lat' dir='ltr'><strong>si</strong></span> <span class='ocrx_word' id='word_1_852' title='bbox 2763 5156 2928 5202; x_wconf 88' lang='lat' dir='ltr'><strong>strata</strong></span> <span class='ocrx_word' id='word_1_853' title='bbox 2959 5147 3164 5202; x_wconf 89' lang='lat' dir='ltr'><strong>viarutn</strong></span> <span class='ocrx_word' id='word_1_854' title='bbox 3189 5153 3509 5215; x_wconf 83' lang='lat' dir='ltr'><strong>sequantur,</strong></span> 
     </span>
    </p>
   </div>
   <div class='ocr_carea' id='block_1_112' title="bbox 1909 5237 3511 5310">
    <p class='ocr_par' dir='ltr' id='par_1_112' title="bbox 1909 5237 3511 5310">
     <span class='ocr_line' id='line_1_112' title="bbox 1909 5237 3511 5310; baseline 0 -19"><span class='ocrx_word' id='word_1_855' title='bbox 1909 5237 2232 5306; x_wconf 89' lang='lat' dir='ltr'><strong>perveniunt</strong></span> <span class='ocrx_word' id='word_1_856' title='bbox 2261 5253 2368 5308; x_wconf 89' lang='lat' dir='ltr'><strong>quo</strong></span> <span class='ocrx_word' id='word_1_857' title='bbox 2408 5239 2720 5294; x_wconf 88' lang='lat' dir='ltr'><strong>desiderant</strong></span> <span class='ocrx_word' id='word_1_858' title='bbox 2760 5240 3047 5310; x_wconf 88' lang='lat' dir='ltr'><strong>pervenire</strong></span> <span class='ocrx_word' id='word_1_859' title='bbox 3071 5281 3084 5304; x_wconf 94' lang='lat'><strong>,</strong></span> <span class='ocrx_word' id='word_1_860' title='bbox 3118 5249 3172 5294; x_wconf 91' lang='lat' dir='ltr'><strong>et</strong></span> <span class='ocrx_word' id='word_1_861' title='bbox 3206 5245 3394 5294; x_wconf 90' lang='lat' dir='ltr'><strong>carent</strong></span> <span class='ocrx_word' id='word_1_862' title='bbox 3418 5252 3511 5291; x_wconf 82' lang='lat' dir='ltr'><strong>er-</strong></span> 
     </span>
    </p>
   </div>
   <div class='ocr_carea' id='block_1_113' title="bbox 1909 5328 3511 5400">
    <p class='ocr_par' dir='ltr' id='par_1_113' title="bbox 1909 5328 3511 5400">
     <span class='ocr_line' id='line_1_113' title="bbox 1909 5328 3511 5400; baseline 0 -18"><span class='ocrx_word' id='word_1_863' title='bbox 1909 5329 2050 5383; x_wconf 89' lang='lat' dir='ltr'><strong>roris</strong></span> <span class='ocrx_word' id='word_1_864' title='bbox 2078 5330 2348 5385; x_wconf 87' lang='lat' dir='ltr'><strong>anfractu.</strong></span> <span class='ocrx_word' id='word_1_865' title='bbox 2383 5332 2479 5387; x_wconf 88' lang='lat' dir='ltr'><strong>Sin</strong></span> <span class='ocrx_word' id='word_1_866' title='bbox 2511 5341 2692 5386; x_wconf 88' lang='lat' dir='ltr'><strong>autem</strong></span> <span class='ocrx_word' id='word_1_867' title='bbox 2736 5341 3000 5400; x_wconf 85' lang='lat' dir='ltr'><strong>usurpent</strong></span> <span class='ocrx_word' id='word_1_868' title='bbox 3030 5331 3170 5385; x_wconf 91' lang='lat' dir='ltr'><strong>scire</strong></span> <span class='ocrx_word' id='word_1_869' title='bbox 3213 5328 3358 5398; x_wconf 90' lang='lat' dir='ltr'><strong>quod</strong></span> <span class='ocrx_word' id='word_1_870' title='bbox 3415 5343 3511 5383; x_wconf 86' lang='lat' dir='ltr'><strong>ne-</strong></span> 
     </span>
    </p>
   </div>
   <div class='ocr_carea' id='block_1_114' title="bbox 1913 5422 3509 5496">
    <p class='ocr_par' dir='ltr' id='par_1_114' title="bbox 1913 5422 3509 5496">
     <span class='ocr_line' id='line_1_114' title="bbox 1913 5422 3509 5496; baseline -0.001 -20"><span class='ocrx_word' id='word_1_871' title='bbox 1913 5422 2122 5489; x_wconf 89' lang='lat' dir='ltr'><strong>sciunt,</strong></span> <span class='ocrx_word' id='word_1_872' title='bbox 2155 5431 2208 5478; x_wconf 91' lang='lat' dir='ltr'><strong>et</strong></span> <span class='ocrx_word' id='word_1_873' title='bbox 2230 5433 2421 5494; x_wconf 90' lang='lat' dir='ltr'><strong>putent</strong></span> <span class='ocrx_word' id='word_1_874' title='bbox 2447 5425 2627 5496; x_wconf 90' lang='lat' dir='ltr'><strong>aliqua</strong></span> <span class='ocrx_word' id='word_1_875' title='bbox 2659 5423 2939 5496; x_wconf 90' lang='lat' dir='ltr'><strong>sequenda</strong></span> <span class='ocrx_word' id='word_1_876' title='bbox 2974 5422 3319 5493; x_wconf 88' lang='lat' dir='ltr'><strong>compendia,</strong></span> <span class='ocrx_word' id='word_1_877' title='bbox 3343 5436 3374 5475; x_wconf 89' lang='lat' dir='ltr'><strong>a</strong></span> <span class='ocrx_word' id='word_1_878' title='bbox 3416 5436 3509 5491; x_wconf 57' lang='lat' dir='ltr'><strong>pu»</strong></span> 
     </span>
    </p>
   </div>
   <div class='ocr_carea' id='block_1_115' title="bbox 1916 5581 3510 5652">
    <p class='ocr_par' dir='ltr' id='par_1_115' title="bbox 1916 5581 3510 5652">
     <span class='ocr_line' id='line_1_115' title="bbox 1916 5581 3510 5652; baseline 0.001 -17"><span class='ocrx_word' id='word_1_879' title='bbox 1916 5581 2125 5649; x_wconf 85' lang='lat' dir='ltr'><strong>stodia;</strong></span> <span class='ocrx_word' id='word_1_880' title='bbox 2171 5597 2364 5638; x_wconf 88' lang='lat' dir='ltr'><strong>verum</strong></span> <span class='ocrx_word' id='word_1_881' title='bbox 2405 5587 2571 5639; x_wconf 89' lang='lat' dir='ltr'><strong>etiam</strong></span> <span class='ocrx_word' id='word_1_882' title='bbox 2615 5583 2756 5640; x_wconf 89' lang='lat' dir='ltr'><strong>idem</strong></span> <span class='ocrx_word' id='word_1_883' title='bbox 2789 5583 3113 5652; x_wconf 84' lang='lat' dir='ltr'><strong>supplicium</strong></span> <span class='ocrx_word' id='word_1_884' title='bbox 3160 5583 3302 5652; x_wconf 87' lang='lat' dir='ltr'><strong>quod</strong></span> <span class='ocrx_word' id='word_1_885' title='bbox 3351 5581 3510 5652; x_wconf 80' lang='lat' dir='ltr'><strong>alteri</strong></span> 
     </span>
    </p>
   </div>
   <div class='ocr_carea' id='block_1_116' title="bbox 1915 5651 3512 5721">
    <p class='ocr_par' dir='ltr' id='par_1_116' title="bbox 1915 5651 3512 5721">
     <span class='ocr_line' id='line_1_116' title="bbox 1915 5651 3512 5721; baseline 0 -15"><span class='ocrx_word' id='word_1_886' title='bbox 1915 5651 2216 5708; x_wconf 86' lang='lat' dir='ltr'><strong>debebatur</strong></span> <span class='ocrx_word' id='word_1_887' title='bbox 2241 5697 2256 5719; x_wconf 90' lang='lat'><strong>,</strong></span> <span class='ocrx_word' id='word_1_888' title='bbox 2289 5657 2332 5709; x_wconf 92' lang='lat' dir='ltr'><strong>si</strong></span> <span class='ocrx_word' id='word_1_889' title='bbox 2364 5654 2555 5710; x_wconf 82' lang='lat' dir='ltr'><strong>fuisset</strong></span> <span class='ocrx_word' id='word_1_890' title='bbox 2583 5651 2901 5717; x_wconf 77' lang='lat' dir='ltr'><strong>convictus,</strong></span> <span class='ocrx_word' id='word_1_891' title='bbox 2935 5654 3092 5708; x_wconf 83' lang='lat' dir='ltr'><strong>alteri</strong></span> <span class='ocrx_word' id='word_1_892' title='bbox 3121 5651 3226 5707; x_wconf 85' lang='lat' dir='ltr'><strong>non</strong></span> <span class='ocrx_word' id='word_1_893' title='bbox 3261 5651 3512 5721; x_wconf 88' lang='lat' dir='ltr'><strong>probanti</strong></span> 
     </span>
    </p>
   </div>
   <div class='ocr_carea' id='block_1_117' title="bbox 1916 5721 3514 5797">
    <p class='ocr_par' dir='ltr' id='par_1_117' title="bbox 1916 5721 3514 5797">
     <span class='ocr_line' id='line_1_117' title="bbox 1916 5721 3514 5797; baseline -0.001 -19"><span class='ocrx_word' id='word_1_894' title='bbox 1916 5723 2035 5797; x_wconf 82' lang='lat' dir='ltr'><strong>lege</strong></span> <span class='ocrx_word' id='word_1_895' title='bbox 2068 5725 2288 5797; x_wconf 88' lang='lat' dir='ltr'><strong>talionis</strong></span> <span class='ocrx_word' id='word_1_896' title='bbox 2325 5725 2679 5797; x_wconf 82' lang='lat' dir='ltr'><strong>irrogaretur.</strong></span> <span class='ocrx_word' id='word_1_897' title='bbox 2710 5726 2843 5787; x_wconf 80' lang='lat' dir='ltr'><strong>Cod.</strong></span> <span class='ocrx_word' id='word_1_898' title='bbox 2867 5724 3090 5797; x_wconf 16' lang='lat' dir='ltr'><strong>ATheod.</strong></span> <span class='ocrx_word' id='word_1_899' title='bbox 3118 5725 3156 5779; x_wconf 94' lang='grc' dir='ltr'><strong>Ι.</strong></span> <span class='ocrx_word' id='word_1_900' title='bbox 3186 5738 3242 5777; x_wconf 90' lang='lat' dir='ltr'><strong>tx</strong></span> <span class='ocrx_word' id='word_1_901' title='bbox 3273 5761 3288 5789; x_wconf 94' lang='lat'><strong>,</strong></span> <span class='ocrx_word' id='word_1_902' title='bbox 3319 5721 3402 5774; x_wconf 91' lang='lat' dir='ltr'><strong>tit.</strong></span> <span class='ocrx_word' id='word_1_903' title='bbox 3449 5723 3514 5776; x_wconf 77' lang='lat' dir='ltr'><strong>de</strong></span> 
     </span>
    </p>
   </div>
   <div class='ocr_carea' id='block_1_118' title="bbox 1916 5791 3006 5867">
    <p class='ocr_par' dir='ltr' id='par_1_118' title="bbox 1916 5791 3006 5867">
     <span class='ocr_line' id='line_1_118' title="bbox 1916 5791 3006 5867; baseline -0.001 -19"><span class='ocrx_word' id='word_1_904' title='bbox 1916 5791 2127 5861; x_wconf 47' lang='lat' dir='ltr'><strong>Acme,</strong></span> <span class='ocrx_word' id='word_1_905' title='bbox 2154 5796 2257 5867; x_wconf 88' lang='lat' dir='ltr'><strong>leg.</strong></span> <span class='ocrx_word' id='word_1_906' title='bbox 2292 5797 2377 5852; x_wconf 87' lang='lat' dir='ltr'><strong>l9.</strong></span> <span class='ocrx_word' id='word_1_907' title='bbox 2404 5791 2536 5853; x_wconf 76' lang='lat' dir='ltr'><strong>n&#39;em</strong></span> <span class='ocrx_word' id='word_1_908' title='bbox 2565 5796 2718 5854; x_wconf 78' lang='lat' dir='ltr'><strong>Grai.</strong></span> <span class='ocrx_word' id='word_1_909' title='bbox 2744 5798 2839 5852; x_wconf 85' lang='lat' dir='ltr'><strong>cit.</strong></span> <span class='ocrx_word' id='word_1_910' title='bbox 2866 5795 3006 5851; x_wconf 76' lang='lat' dir='ltr'><strong>loco.</strong></span> 
     </span>
    </p>
   </div>
  </div>
