4124 6346
564 293 587 349 1
599 293 702 348 307

1855 277 2098 337 SANCTI
2136 278 2463 340 AHBROSII

3721 296 3859 353 1508

564 408 687 465 blioi
722 414 927 466 tractus
971 406 1167 464 itinere
1211 402 1535 463 recedentes
1566 398 1774 459 erroris
1816 396 2158 472 labyrinthus
2183 401 2239 465 Α
2264 399 2385 455 ideo
2413 401 2598 472 lapsus
2618 412 2720 460 est.
2751 403 2908 474 Quod
2931 405 2977 463 si
3003 404 3247 479 fragilem
3275 420 3432 463 suum
3455 407 3863 466 considerasset

562 502 883 576 frequenter
930 502 1248 568 incurrunt;
1280 509 1340 555 ut
1380 511 1478 555 eos
1513 495 1586 553 de
1632 494 1828 551 itinere
1874 491 2163 550 deﬂexisse
2262 494 2546 560 allectum,
2583 506 2639 553 et
2663 506 2791 553 ante
2819 499 3115 575 timuisset,
3148 516 3216 557 ne
3244 515 3368 556 cum
3398 500 3626 557 vidisset
3659 501 3857 557 mulie-

565 598 829 670 pusuiteat
856 614 872 651 :
913 604 969 652 et
997 594 1121 651 ideo
1150 601 1276 665 post
1307 590 1478 647 multa
1508 587 1752 644 laborum
1779 583 2069 657 dispendia
2096 583 2166 642 ad

566 690 671 748 iter
699 687 842 761 quod
868 686 1227 758 reliquerant,
1251 681 1430 739 redire
1450 678 1805 737 contendunt.

639 782 729 839 32.
776 779 872 838 llic
903 793 1034 851 ergo
1075 789 1271 834 sensus
1316 790 1454 831 unus
1501 783 1621 840 est,
1665 772 1807 829 alius
1832 781 2012 829 autem
2044 770 2163 826 ita:

568 874 801 949 Cogitavi
827 874 936 929 vias
965 888 1142 939 meas,
1177 886 1284 927 non
1310 868 1625 939 superiores
1646 908 1662 933 ,
1692 868 1787 923 sed
1826 865 2075 932 futuras;
2110 872 2167 920 ut

567 979 696 1025 ante
726 982 877 1024 meos
899 973 1056 1022 actus
1095 962 1519 1036 cogitationibus
1548 959 1905 1031 prmvenirem
1929 1001 1946 1026 ,
1992 973 2059 1015 ne
2086 957 2169 1014 in-

566 1062 820 1121 consulta
863 1058 1185 1129 operatione
1230 1067 1590 1129 progressus,
1621 1050 1825 1124 aliquid
1861 1061 1886 1088 η
1937 1052 1992 1107 in
2035 1050 2169 1121 ipsis

564 1152 993 1225 cogitationibus
1022 1149 1337 1206 offensionis
1367 1145 1665 1203 inciderem
1693 1161 1707 1200 :
1733 1155 1788 1198 Ill
1816 1144 1859 1200 si
1886 1158 2047 1215 agere
2071 1142 2171 1198 ali-

567 1245 696 1320 quid
730 1245 888 1302 velim
916 1284 932 1309 ,
966 1250 1093 1299 ante
1129 1240 1363 1312 cogitem
1397 1248 1576 1294 utrum
1621 1235 1886 1308 agendum
1924 1235 1997 1291 sit
2036 1232 2169 1290 illud

567 1339 713 1411 quod
740 1336 1017 1398 desidero,
1051 1343 1146 1393 aut
1173 1348 1281 1405 quo
1309 1332 1580 1404 agendum
1615 1328 1776 1384 modo
1803 1346 1817 1385 :
1844 1326 2097 1383 similiter
2123 1325 2169 1382 si

566 1432 993 1505 alloquendum,
1040 1438 1224 1485 utrum
1270 1427 1472 1496 alloqui
1513 1423 1741 1481 debeam
1777 1442 1791 1480 :
1821 1420 2016 1477 deinde
2066 1435 2168 1491 pu-

570 1504 711 1582 blice
733 1567 750 1593 ,
788 1539 854 1579 an
882 1532 1096 1579 secreto
1138 1520 1285 1592 loqui
1308 1559 1324 1588 ,
1351 1516 1713 1592 prtcsentibus
1742 1515 2016 1586 aliquibus
2037 1555 2052 1579 ,
2078 1522 2172 1569 aut

573 1619 772 1685 nullis;
797 1617 939 1673 sicut
967 1614 1100 1670 illud
1128 1623 1213 1669 est
1232 1654 1247 1679 ,
1277 1622 1335 1667 ttt
1362 1614 1405 1666 si
1434 1610 1566 1666 velis
1595 1607 1818 1664 fratrem
1849 1607 2131 1677 corripere
2152 1647 2166 1672 ,

573 1712 749 1784 primo
784 1707 934 1764 solus
960 1705 1229 1779 corripias
1254 1746 1269 1768 ,
1298 1703 1537 1759 secundo
1570 1701 1933 1772 prmsentibus
1958 1698 2169 1754 duobus

2266 606 2404 658 rem,
2434 601 2615 649 mente
2641 602 2930 665 caperetur
2958 602 3016 651 et
3052 595 3269 667 animo;
3300 596 3487 668 utique
3518 596 3732 669 1068
3753 611 3863 652 non

2268 686 2641 755 prospexisset
2686 686 2752 743 ad
2795 687 3118 755 mulierem,
3152 703 3219 743 ne
3259 689 3679 758 concupisceret
3716 703 3860 745 eam.

2274 779 2478 836 Videas
2514 796 2647 852 ergo
2685 782 2970 839 mulierem
3012 799 3120 838 non
3164 782 3367 839 direxit
3397 782 3590 850 pedem
3617 798 3772 838 suum
3806 784 3865 839 in

2269 873 2583 928 testimonia
2620 873 2868 941 Domini,
2895 875 2988 945 qui
3018 878 3063 930 si
3096 887 3223 932 ante
3265 876 3475 945 lapsum
3514 891 3673 932 suum
3716 878 3869 947 cogi-

2267 974 2385 1043 tare
2427 952 2727 1039 potuisset,
2766 966 2796 1007 ιι
2834 967 3064 1025 forsitan
3119 969 3427 1026 direxisset.
3480 969 3869 1042 Unusquisque

2269 1077 2402 1131 ergo
2430 1063 2579 1131 prius
2600 1063 2803 1133 cogitet
2821 1063 3096 1135 quomodo
3119 1063 3304 1121 videat
3333 1064 3651 1128 mulierem;
3674 1073 3868 1120 utnon

2268 1156 2450 1212 videat
2475 1156 2541 1211 ad
2569 1158 3064 1227 concupiscendum
3095 1172 3218 1215 eam
3239 1196 3255 1223 .
3282 1166 3379 1214 aut
3402 1175 3516 1215 non
3541 1159 3785 1215 attendat
3812 1160 3867 1215 in

2270 1264 2413 1306 eam.
2441 1249 2497 1305 Si
2521 1258 2701 1305 autem
2733 1249 2923 1307 videns
2953 1261 3210 1321 repente,
3249 1251 3332 1306 vel
3366 1251 3503 1306 bona
3536 1253 3873 1322 cogitatione

2272 1341 2552 1409 fundatus,
2583 1342 2783 1409 dirigat
2810 1344 3000 1413 pedem
3025 1358 3183 1399 suum
3206 1344 3272 1398 ad
3302 1343 3609 1399 testimonia
3631 1343 3869 1411 Domini,

2272 1452 2342 1493 ne
2371 1436 2424 1492 in
2454 1437 2773 1504 captivitate
2799 1445 3120 1509 permaneat
3158 1454 3172 1492 :
3199 1439 3386 1507 utique
3411 1439 3460 1493 ei
3489 1437 3693 1510 profuit
3719 1440 3873 1507 cogi-

2274 1534 2425 1588 tatio.
2461 1533 2745 1588 Postremo
2774 1546 2965 1589 amans
2989 1542 3014 1571 ο
3039 1532 3348 1594 mulierem.
3374 1531 3630 1602 diligens,
3658 1540 3718 1588 et
3736 1546 3876 1587 con-

2272 1626 2594 1695 cupiscens,
2638 1621 2915 1679 Christum
2983 1621 3323 1689 consideret,
3385 1622 3647 1693 judicium
3711 1622 3873 1693 eius,

2276 1716 2583 1772 testimonia
2614 1716 2732 1785 ejus
2778 1715 2846 1772 de
2880 1715 3116 1786 praemiis
3163 1715 3429 1771 castitatis
3451 1758 3467 1783 ,
3500 1725 3556 1771 et
3600 1715 3877 1786 relinquat

571 1814 663 1861 aut
696 1804 868 1860 tribus
895 1800 1146 1866 testibus.
1172 1798 1331 1855 tertio
1358 1798 1403 1854 si
1426 1812 1535 1852 non
1561 1795 1814 1864 audierit.
1849 1808 2032 1851 coram
2067 1792 2171 1848 Ec-
2201 1796 2246 1856 Β
2273 1808 2390 1863 vias
2418 1809 2912 1876 concupiscentiae,
2957 1818 3014 1864 et
3048 1818 3307 1878 sequatur
3345 1809 3458 1863 vias
3493 1804 3697 1863 Christi
3729 1824 3743 1860 :
3778 1807 3878 1862 ha-

573 1902 760 1958 clesia.
802 1899 989 1968 Itaque
1041 1896 1087 1954 si
1140 1897 1510 1970 praetermisso
1557 1894 1786 1962 ordine,
1818 1892 1956 1950 velis
1987 1907 2171 1948 coram

573 1992 817 2050 Ecclesia
848 1992 1070 2048 fratrem
1103 1991 1422 2061 increpare,
1452 2004 1613 2059 quam
1656 1997 1785 2043 ante
1826 2000 2052 2042 monere
2078 1984 2174 2040 de-

573 2087 770 2142 bueras
793 2129 810 2153 ,
854 2093 1097 2140 erratum
1130 2084 1245 2154 ipse
1273 2082 1585 2152 cognoscis.
1627 2078 1822 2137 Omnia
1853 2079 2014 2148 igitur
2046 2092 2185 2133 cum
2216 2083 2224 2095 ‘

572 2182 903 2253 cogitatione
931 2179 1115 2245 facito,
1151 2187 1211 2235 ut
1236 2193 1344 2235 non
1372 2187 1426 2235 te
1457 2176 1717 2250 paeniteat
1736 2176 1924 2246 operis
1956 2177 2052 2232 tui.
2088 2181 2170 2233 An

577 2290 709 2330 vero
738 2274 785 2331 si
818 2274 961 2330 viam
1006 2273 1285 2344 ingressus
1305 2314 1321 2335 ,
1350 2286 1472 2326 cum
1503 2271 1721 2327 veneris
1767 2269 1835 2325 ad
1875 2268 2171 2340 compitum

576 2367 797 2441 aliquod
830 2367 939 2439 (ita
979 2366 1124 2423 enim
1157 2365 1466 2437 appellatur
1492 2365 1849 2435 plurimarum
1881 2362 2026 2419 velut
2055 2362 2176 2433 qui-

575 2461 699 2517 dam
728 2473 1027 2517 concursus
1050 2458 1292 2531 viarum)
1329 2459 1377 2513 si
1410 2456 1625 2513 nescias
1654 2456 1798 2526 quod
1828 2456 1932 2512 iter
1963 2454 2174 2527 ingredi

574 2554 806 2621 debeas;
840 2562 951 2609 stas
981 2560 1164 2608 tamen
1210 2560 1266 2607 et
1309 2551 1519 2623 cogitas
1568 2551 1687 2621 ipse
1734 2559 1912 2605 tecum
1940 2589 1958 2616 ,
1991 2556 2172 2605 utrum

576 2652 829 2718 primam.
864 2660 933 2700 an
961 2642 1255 2700 secundam
1275 2684 1289 2707 ,
1318 2659 1386 2698 an
1419 2643 1667 2705 tertiam,
1692 2655 1761 2696 an
1791 2650 2063 2711 quartam,
2087 2639 2175 2696 vel

562 2749 725 2805 certe
754 2739 995 2810 quintam
1015 2780 1029 2801 ,
1065 2739 1111 2793 si
1138 2738 1211 2792 ita
1242 2745 1347 2802 est,
1381 2736 1522 2792 viam
1555 2736 1724 2807 eligas
1745 2776 1760 2802 ,
1788 2750 1950 2807 quam
1977 2749 2175 2806 sequa-

572 2836 683 2901 ris;
721 2848 821 2888 ncc
859 2843 1016 2903 putas
1044 2831 1195 2903 prius
1222 2829 1588 2886 adoriendum
1630 2823 1735 2885 iter
1755 2870 1770 2893 ,
1798 2844 1960 2899 quam
1992 2829 2176 2883 animo

573 2924 880 2990 deﬁnieris,
928 2933 982 2980 et
1025 2923 1270 2994 pleniore
1310 2924 1508 2979 mentis
1537 2920 1840 2978 intentione
1883 2918 2173 2977 decideris.

579 3018 703 3074 Stas
737 3017 902 3088 igitur
938 3017 1189 3085 cogitans
1218 3031 1341 3086 quae
1385 3016 1459 3070 sit
1486 3015 1601 3081 via,
1647 3030 1768 3083 qua:
1813 3014 1865 3068 in
1903 3012 2175 3068 civitatem

576 3108 759 3173 ducat,
793 3107 860 3162 ad
892 3121 1052 3178 quam
1091 3106 1187 3162 tibi
1230 3114 1390 3177 putas
1419 3120 1540 3162 esse
1573 3105 1928 3175 pergendum.
1959 3105 2177 3173 Quanto

576 3203 743 3276 igitur
770 3202 943 3274 magis
987 3201 1171 3258 animo
1205 3201 1372 3257 debes
1396 3216 1460 3256 ac
1487 3206 1667 3257 mente
1694 3200 2001 3255 consistere
2022 3241 2036 3264 ,
2079 3197 2170 3268 qui
2197 3184 2241 3247 C

578 3296 644 3351 ad
685 3310 915 3366 regnum
953 3294 1181 3350 caeleste
1223 3292 1511 3348 contendis
1537 3334 1552 3359 ,
1582 3301 1638 3348 et
1681 3292 1922 3361 cogitare
1951 3300 2127 3345 tecum
2154 3331 2169 3355 ,

576 3391 699 3462 quia
733 3406 838 3445 non
867 3389 1047 3447 omnis
1092 3388 1179 3443 via
1222 3387 1316 3443 illo
1356 3386 1538 3451 ducit,
1585 3400 1692 3441 non
1733 3384 1912 3440 omnis
1955 3384 2040 3439 via
2081 3383 2173 3439 illo

576 3483 757 3555 dirigit
800 3482 865 3538 ad
899 3481 1238 3538 Hierusalem
1270 3479 1419 3535 illam
1459 3494 1581 3551 quae
1616 3478 1668 3534 in
1693 3477 1833 3535 etnlo
1860 3484 1945 3533 est
1970 3475 2168 3549 (Prov.

574 3594 685 3645 xtv,
716 3576 838 3651 12)!

648 3673 740 3729 35.
763 3671 904 3728 Sunt
922 3672 1022 3727 viae
1037 3685 1159 3743 quae
1175 3670 1348 3726 malos
1361 3669 1545 3725 exitus
1571 3666 1745 3723 haben
1755 3674 1796 3735 t,
1826 3681 1957 3738 quas
1971 3665 2173 3723 diaboli

574 3775 906 3823 teutamenta
950 3765 1248 3831 triverunt;
1279 3772 1334 3819 et
1379 3762 1502 3819 ideo
1531 3760 1709 3818 exitus
1737 3775 1925 3816 earum
1952 3801 1965 3824 ,
1996 3760 2176 3815 exitus

574 3860 764 3915 mortis
792 3866 940 3915 sunt.
971 3857 1063 3913 Ha:
1093 3872 1288 3928 nempe
1323 3865 1450 3911 sunt
1476 3855 1615 3919 viae,
1649 3852 1718 3908 de
1759 3852 1957 3921 quibus
1996 3850 2172 3922 legisti

573 3951 629 4008 in
659 3950 964 4008 Proverbiis
993 3968 1007 4005 :
1044 3949 1183 4015 Quia
1208 3962 1327 4006 sunt
1352 3948 1449 4003 via:
1477 3959 1591 4016 quat
1624 3946 1861 4001 videntur
1888 3945 1996 4000 viro
2022 3952 2174 3999 recta:

571 4061 698 4111 esse,
734 4045 915 4099 ultima
942 4052 1113 4099 autem
1137 4059 1312 4097 earum
1340 4042 1602 4111 aspiciunt
1648 4040 1701 4093 in
1747 4037 2067 4111 profundum
2087 4038 2171 4092 in-

573 4137 711 4212 ferni
742 4135 961 4208 (Matth.
994 4152 1048 4205 v,
1093 4135 1220 4209 28).
1255 4134 1351 4190 Est
1391 4142 1572 4190 autem
1602 4131 1687 4187 via
1738 4133 2019 4202 angustior
2052 4129 2170 4198 illa,

572 4247 693 4304 qna:
720 4231 868 4288 ducit
892 4231 959 4287 ad
996 4231 1089 4287 Dei
1121 4245 1368 4301 regnum.
1402 4227 1608 4285 Volcns
1629 4227 1791 4299 igitur
1814 4241 1933 4282 eam
1962 4223 2173 4297 ingredi
2219 4288 2223 4291 λ

573 4324 716 4381 viam
748 4340 870 4397 qua:
916 4325 982 4379 ad
1016 4324 1185 4380 Deum
1214 4322 1396 4389 ducit,
1431 4337 1540 4377 non
1581 4319 2028 4391 circumspicies,
2062 4335 2169 4374 non

574 4426 753 4474 tecum
781 4419 896 4487 ipse
919 4417 1200 4483 tractabis,
1232 4432 1340 4471 non
1367 4412 1770 4477 considerabis;
1798 4426 1867 4467 ne
1898 4409 2054 4466 facile
2082 4425 2173 4467 ca-

571 4512 740 4583 piaris
760 4510 980 4575 affectu.
1005 4511 1048 4565 si
1068 4510 1169 4566 vias
1196 4507 1482 4564 latitudine
1505 4515 1832 4576 provocatus
1849 4502 2171 4574 ingrediaris

571 4577 697 4674 iter,
727 4605 868 4675 quod
898 4605 966 4660 ad
996 4604 1207 4662 inferna
1236 4602 1508 4661 deducat?
1533 4599 1724 4672 Cogita
1750 4614 1882 4672 ergo
1905 4607 2064 4668 ante,
2089 4604 2172 4654 τη-
2197 4577 2249 4639 Ῑ)

569 4715 677 4772 que
707 4699 981 4771 perpende
1009 4699 1138 4770 quid
1171 4696 1359 4755 facias.

640 4791 732 4849 δι.
779 4770 882 4859 Qui
906 4789 1114 4855 viderit,
1147 4790 1356 4860 inquit,
1398 4789 1667 4845 mulierem
1701 4787 1771 4844 ad
1801 4770 2166 4858 concupiscen-

570 4886 695 4941 dum
725 4902 837 4940 eam
859 4927 873 4950 ,
900 4888 1017 4958 jam
1042 4884 1355 4939 adulteravit
1383 4899 1494 4939 eam
1522 4884 1574 4938 in
1610 4884 1766 4936 corde
1792 4897 1906 4937 suo.
1942 4880 2039 4937 Hic
2067 4879 2174 4936 uti-

566 4994 674 5050 que
703 4977 1024 5049 cogitaverit
1060 4982 1115 5032 ut
1161 4976 1374 5033 videret
1405 4976 1725 5042 mulierem,
1765 4983 1828 5032 ut
1852 4974 2061 5031 videret
2102 4974 2169 5032 ad

570 5069 1101 5142 concupiscendum;
1143 5070 1238 5127 sed
1282 5071 1421 5125 mala
1468 5069 1583 5125 lttcc
1611 5068 1871 5139 cogitatio
1898 5067 2172 5138 relinquat

569 5164 687 5221 vias
731 5180 882 5221 suas.
916 5164 1066 5221 Alius
1099 5180 1205 5220 non
1251 5164 1509 5236 cogitavit
1553 5161 1772 5234 quidem
1798 5205 1815 5229 ,
1854 5160 1949 5216 sed
1990 5160 2172 5216 subito

566 5257 811 5330 aspexit,
847 5267 904 5314 et
928 5266 1122 5331 captus
1165 5266 1283 5328 est,
1328 5267 1382 5315 et
1412 5256 1580 5325 vidit,
1622 5263 1679 5313 et
1724 5253 2068 5324 concupivit,
2114 5248 2172 5310 et

640 5409 667 5438 ι
708 5398 832 5455 Vel.
860 5400 1057 5457 editae
1086 5414 1221 5457 mss.
1254 5399 1524 5464 nonnulli,
1553 5398 1608 5454 in
1632 5399 1761 5467 ipsis
1785 5396 2157 5452 cautionibus.

568 5473 730 5528 Rom.
761 5485 792 5525 e
823 5474 1071 5542 margine
1098 5473 1261 5528 unius
1287 5471 1436 5533 νει..
1465 5472 1518 5525 in
1543 5472 1666 5542 ipsis
1693 5469 2003 5524 actionibus.
2029 5468 2160 5536 Qui-

567 5544 690 5600 dam
722 5557 857 5597 mss.
882 5580 899 5607 ,
928 5545 981 5598 in
1020 5545 1150 5611 ipsis
1191 5544 1541 5598 eoucionibus.
1591 5542 1804 5610 Reliqui
1838 5555 2036 5611 magno
2063 5552 2165 5594 ηιμ

569 5630 723 5672 mero
743 5614 1026 5669 nobiscum
1060 5615 1282 5670 faciunt.

640 5686 673 5759 ιξ
702 5686 909 5759 Regius
940 5688 1063 5745 rod.
1097 5689 1268 5751 solus,
1293 5688 1513 5756 forsitan
1532 5686 1744 5742 dixisset
1766 5682 2167 5759 unusquisque}

567 5754 1133 5843 Cogitavi'viasmeas,
1159 5770 1208 5818 et
1243 5754 1405 5843 averti
1430 5760 1583 5833 pedes
1620 5764 1761 5843 ntth
1792 5757 1849 5815 in
1875 5754 2171 5831 testimonia

560 5831 671 5921 tte-
697 5831 841 5928 5'90.
864 5834 1030 5924 ρτδιηρ
1056 5841 1164 5921 οφ·

2275 1899 2426 1956 bebit
2469 1899 2684 1955 laudem
2717 1901 2768 1955 in
2791 1900 2873 1956 eis
2895 1941 2909 1963 ,
2949 1899 2997 1955 si
3025 1901 3426 1971 contemplatus
3458 1901 3742 1956 Dominum
3786 1900 3883 1958 Je-

2274 2012 2416 2061 sum,
2443 2005 2759 2051 contemnat
2783 1995 2967 2051 carnis
2994 1996 3281 2062 ardorem,
3321 1994 3705 2065 ﬂammamque
3744 1996 3877 2051 libi.

2273 2087 2417 2143 diois
2442 2090 2594 2158 quasi
2632 2087 2869 2157 qundam
2894 2086 3042 2143 fonte
3070 2088 3404 2158 restinguat,
3436 2087 3629 2143 allidat
3655 2095 3878 2143 teneras

2274 2189 2330 2237 et
2357 2180 2599 2236 infirmas
2621 2181 2950 2252 cupiditates
2974 2181 3042 2236 ad
3070 2191 3279 2252 petram
3306 2179 3534 2237 Christi.

2345 2272 2434 2330 55.
2455 2271 2671 2344 Cogitet
2687 2288 2817 2344 ergo
2835 2275 3092 2344 primum,
3113 2284 3168 2328 ut
3186 2274 3379 2329 eadem
3398 2282 3664 2343 repetam,
3685 2289 3881 2345 quem-

2275 2366 2567 2422 admodum
2622 2366 2838 2433 videat,
2893 2366 3350 2438 quemadmodum
3405 2366 3672 2437 loquatur.
3734 2368 3883 2423 liene

2275 2461 2533 2530 Cogitavit
2575 2462 2666 2530 qui
2712 2459 2851 2515 dixit
2882 2477 2895 2514 :
2926 2458 3111 2528 Pone,
3158 2457 3417 2524 Domine,
3459 2460 3749 2515 custodiam
3798 2461 3879 2516 ori

2276 2569 2387 2608 meo
2418 2552 2603 2627 (Psal.
2635 2568 2768 2621 exs,
2809 2554 2902 2625 3);
2948 2569 3018 2610 ne
3058 2553 3197 2609 forte
3225 2554 3354 2608 dum
3397 2569 3550 2610 mens
3578 2554 3880 2612 inflammat

2276 2645 2527 2702 ardorem
2553 2690 2567 2710 ,
2614 2646 2794 2717 lingua
2841 2662 3097 2703 sermone
3125 2647 3366 2715 labatur,
3407 2654 3502 2703 aut
3531 2647 3879 2719 tnultiloqnio

2278 2738 2493 2793 incauto
2522 2738 2686 2794 etiam
2736 2738 2880 2809 quod
2924 2754 3080 2796 mens
3128 2754 3239 2794 non
3290 2740 3588 2810 cogitavit,
3635 2740 3882 2796 incurrat

2278 2832 2533 2904 loquendi
2580 2833 2887 2891 iacilitate:
2926 2834 3132 2904 cogitet
3173 2833 3636 2904 quemadmodum
3679 2834 3877 2904 pedem

2279 2941 2438 2981 suum
2472 2926 2705 2995 dirigat,
2754 2941 2971 2981 manum
3002 2925 3221 2992 alierat;
3265 2941 3331 2982 ne
3381 2926 3585 2994 impetu
3626 2925 3880 2995 indigna—

2282 3020 2442 3074 tionis
2470 3019 2761 3089 impulsus,
2789 3034 2911 3074 cum
2936 3018 3203 3087 repellere
3228 3018 3424 3074 debeat
3446 3019 3722 3090 injuriam.
3759 3019 3880 3088 ipse

2279 3110 2490 3168 alterid
2514 3114 2719 3183 jactum
2764 3114 3025 3169 notabilis
3054 3114 3220 3169 caedis
3263 3112 3461 3169 illidat.
3512 3113 3877 3183 ﬂagitandum

2276 3216 2354 3261 est
2383 3206 2551 3275 igitur
2574 3206 2699 3278 quid
2717 3222 3006 3279 geramus;
3028 3208 3117 3263 ubi
3136 3208 3281 3263 enim
3311 3207 3572 3278 prmcedit
3592 3208 3875 3278 cogitatio,

2277 3306 2564 3354 maturitas
2589 3302 2926 3370 operationis
2949 3302 3261 3356 adhibetur.
3292 3300 3479 3370 Itaque
3504 3314 3600 3371 pes
3622 3301 3727 3355 iste
3751 3300 3876 3359 fidei

2275 3393 2559 3465 vestigium
2588 3404 2693 3460 est,
2723 3409 2887 3465 quem
2917 3394 3272 3451 meditatione
3302 3408 3596 3464 perpensa,
3620 3408 3650 3448 a
3677 3407 3878 3464 corpo-
3922 3414 3928 3419 ο

2274 3486 2476 3541 ralibus
2506 3487 2744 3542 motibus
2773 3486 2840 3542 ad
2871 3487 3182 3542 tesﬁmonia
3201 3486 3384 3541 divina
3414 3484 3657 3541 deﬂexit.

2344 3580 2437 3637 56.
2482 3580 2667 3654 (Vcrs.
2691 3580 2808 3653 60.)
2840 3581 2979 3649 Quid
3021 3581 3188 3652 igitur
3218 3580 3389 3651 prosit
3422 3581 3666 3652 cogitare
3700 3586 3829 3636 ante
3858 3623 3876 3649 ,

2273 3672 2419 3744 quod
2444 3683 2629 3742 postea
2651 3672 2895 3730 facturus
2915 3673 3023 3742 sis,
3054 3671 3217 3729 docet
3245 3672 3549 3728 versiculus
3573 3672 3663 3741 qui
3691 3673 3879 3742 sequi-

2277 3774 2364 3819 tur
2397 3782 2411 3819 :
2448 3763 2675 3820 Paratus
2702 3783 2841 3833 sum,
2872 3776 3047 3821 etnon
3068 3782 3181 3819 sum
3205 3767 3473 3831 turbatus,
3501 3776 3556 3820 ut
3580 3766 3873 3821 custodiam

2274 3858 2524 3913 mandata
2564 3868 2675 3915 tun.
2720 3858 2822 3916 Ubi
2863 3858 3198 3927 cogitatione
3240 3858 3364 3929 quis
3413 3859 3682 3929 prmvenit
3723 3858 3877 3929 quod

2275 3960 2500 4031 acturus
2522 3960 2638 4014 est,
2666 3967 2887 4022 semper
2917 3961 3137 4021 paratus
3167 3950 3235 4006 ad
3264 3951 3534 4022 agendum
3573 3961 3689 4018 est,
3722 3962 3877 4007 sctu-

2276 4058 2372 4114 per
2400 4043 2541 4099 fixus
2576 4053 2631 4099 et
2657 4045 2900 4111 validus;
2932 4054 2993 4100 ut
3021 4059 3131 4100 non
3163 4054 3331 4112 queat
3360 4044 3535 4101 subita
3573 4044 3753 4115 aliqua
3779 4058 3877 4100 oc-

2275 4139 2576 4195 cidentium
2600 4138 2904 4197 offensione
2933 4139 3165 4194 turbari.
3192 4139 3346 4195 Nulla
3379 4152 3505 4198 eum
3540 4138 3709 4195 flabra
3752 4154 3874 4194 sco-

2276 4222 2480 4305 pulosa:
2527 4233 2689 4289 nimis
2718 4233 3035 4289 ambitionis
3075 4234 3400 4296 excutiunt,
3437 4231 3587 4286 nulla
3631 4232 3877 4301 procella

2275 4338 2439 4398 atque
2468 4334 2764 4397 tempestas
2792 4326 3012 4396 injustas
3038 4326 3336 4381 invasiouis
3358 4325 3621 4396 exagitat,
3650 4338 3757 4379 non
3778 4339 3879 4395 pe-

2275 4418 2502 4475 tulantis
2549 4419 2743 4475 oculus
2792 4418 3095 4474 meretricis
3133 4418 3421 4487 illaqueat;
3469 4416 3660 4472 oculus
3719 4415 3870 4471 enim

2274 4511 2619 4575 meretricis,
2652 4510 2881 4579 laqueus
2920 4512 3183 4567 amatoris
3230 4520 3335 4567 est.
3378 4509 3436 4567 In
3482 4509 3659 4565 aliena
3707 4509 3877 4564 miser

2275 4605 2486 4675 capitur
2522 4606 2877 4675 possessione
2898 4645 2914 4669 ,
2945 4605 3038 4675 qui
3068 4603 3367 4674 improviso
3397 4603 3522 4672 igne
3559 4611 3877 4672 prmveutus

2278 4696 2683 4767 possessionem
2715 4712 2829 4751 suae.
2866 4698 3063 4752 tuentis
3102 4695 3305 4752 amisit.
3353 4695 3409 4752 Si
3442 4694 3747 4764 persecutio
3784 4694 3873 4747 itt-

2276 4790 2450 4862 grnit,
2482 4788 2694 4846 invenit
2717 4791 2831 4860 jam
2864 4800 3143 4859 paratum;
3174 4800 3232 4844 ut
3269 4788 3359 4843 ubi
3390 4786 3561 4857 possit
3590 4801 3713 4843 esse
3747 4800 3876 4857 per-

2273 4882 2511 4940 turbatio
2556 4884 2747 4938 salutis
2778 4883 3038 4949 incerta),
3088 4884 3162 4939 ibi
3211 4892 3429 4950 sperata
3473 4882 3615 4939 sacri
3663 4896 3872 4938 corona

2271 4976 2590 5032 certaminis
2617 4977 2839 5046 provida
2874 4977 3041 5034 futuri
3064 4975 3421 5033 meditatione
3450 4974 3779 5031 demulceat.
3813 4973 3874 5031 Si

2272 5084 2303 5124 a
2335 5068 2622 5125 maledicis
2667 5069 3132 5126 obtrectatoribus
3179 5067 3493 5138 frequenter
3547 5066 3871 5134 obroditur,

2270 5165 2474 5234 cogitet
2510 5165 2633 5234 quia
2680 5180 2791 5221 non
2833 5174 2917 5220 est
2960 5163 3265 5233 discipulus
3305 5179 3470 5233 super
3516 5164 3871 5233 magistrum,

2270 5271 2447 5328 neque
2476 5271 2666 5312 servus
2696 5273 2858 5328 supra
2887 5256 3194 5313 dominum.
3237 5257 3292 5313 Si
3336 5272 3502 5328 supra
3546 5256 3641 5312 Dei
3673 5256 3872 5313 Filium

2339 5406 2362 5437 ο
2402 5397 2479 5455 Ita
2516 5413 2648 5453 mss.
2682 5411 2873 5453 omnes
2902 5390 3083 5464 GalL;
3118 5398 3252 5453 edit.
3293 5411 3449 5462 vero,
3478 5396 3746 5451 mulierem
3769 5439 3783 5461 ,
3826 5398 3873 5450 si

2265 5472 2507 5540 averterit
2539 5487 2641 5523 non
2681 5480 2881 5524 tantum
2918 5474 3094 5539 pedem
3117 5511 3148 5540 ._
3166 5469 3258 5522 sed
3293 5480 3338 5522 et
3375 5477 3631 5540 mentem,
3668 5477 3724 5540 at
3750 5468 3872 5521 dili-

2267 5558 2412 5617 gens,
2444 5538 2551 5597 etc.
2585 5541 2693 5597 Sed
2721 5550 2841 5611 quae
2869 5538 2926 5596 in
2952 5548 3084 5597 mss.
3116 5538 3346 5606 desunt,
3382 5539 3513 5595 nihil
3534 5538 3681 5595 aliud
3706 5550 3868 5613 quam

2266 5629 2486 5671 sensum
2512 5621 2854 5683 pervertunt.

2342 5734 2368 5774 ά
2412 5734 2574 5817 item.
2596 5733 2758 5802 edit.,
2787 5735 2946 5793 ictum
2974 5731 3213 5825 notabilis
3240 5731 3417 5819 cadis.
