4070 6462
227 386 253 440 ιι
262 385 372 441 509

1311 369 1376 426 ΙΝ
1415 362 1745 424 PSALIIUM
1783 361 1996 420 CXVIII
2036 357 2417 418 EXPOSITIO.

3380 357 3522 414 1510

217 499 518 572 opprobria
537 495 986 568 exprobrantium
1009 489 1245 548 nefanda
1263 485 1608 550 ceciderunt,
1626 495 1818 554 quem-
1843 483 1897 544 Α
1927 479 2553 550 t‘altstinentisegratium
2579 488 2686 534 non
2713 486 2944 534 teneret.
2968 476 3142 543 Quam
3165 475 3323 532 multi
3339 475 3525 543 quivi-

217 593 521 650 admodum
551 606 742 646 servus
783 597 1058 645 exsortem
1098 598 1286 640 eorum
1326 592 1549 651 sperare
1603 590 1665 631 se
1724 588 1823 644 po-

217 684 654 753 terit?.ldeuque
701 691 940 738 mentem
988 693 1144 734 suam
1179 686 1488 746 praeparare
1515 669 1719 732 debet;
1762 673 1824 720 ut

210 794 348 835 cum
384 780 484 834 ista
527 777 861 843 acciderim,
891 774 1109 830 turbare
1149 786 1209 826 se
1252 783 1357 824 non
1402 774 1623 838 queant.
1664 763 1820 818 Prm-

213 883 381 944 paret
421 875 663 928 animum
709 880 768 927 et
808 867 1160 925 meditatione
1189 870 1515 934 componat,
1559 870 1617 915 ut
1650 857 1822 928 possit

209 968 407 1024 dicere
427 1011 442 1032 ,
477 970 520 1023 si
549 977 730 1023 tamen
759 965 931 1036 possit
962 981 976 1018 :
1010 963 1136 1029 Quis
1162 976 1256 1015 nos
1287 957 1544 1025 separabit
1573 970 1606 1008 a
1644 952 1821 1007 chari-

211 1072 327 1116 tate
356 1061 551 1118 Christi
573 1062 600 1116 Ρ
634 1060 950 1124 Tribulatio,
979 1074 1047 1110 an
1070 1055 1313 1128 angustia
1333 1092 1350 1117 ,
1379 1067 1445 1105 an
1475 1053 1636 1120 fames
1659 1045 1685 1100 2’
1709 1054 1815 1100 etc.

211 1158 405 1229 (Rom.
424 1155 678 1224 vni,35).
705 1154 883 1222 Quare
907 1160 1086 1206 autem
1115 1164 1221 1202 non
1248 1153 1554 1215 separetur,
1580 1138 1816 1209 adjecit:

215 1246 332 1303 Sed
357 1249 409 1301 in
440 1247 521 1300 his
541 1245 776 1301 omnibus
794 1259 1116 1313 superamus.
1141 1242 1330 1310 inquit.
1362 1247 1408 1292 et
1431 1234 1677 1290 vincimus
1699 1247 1823 1302 pro-

216 1350 342 1410 pter
360 1355 476 1394 eum
491 1340 578 1409 qui
609 1338 791 1392 dilexit
811 1352 903 1390 nos
929 1334 1125 1404 (Ibid.,
1145 1332 1213 1387 57
1230 1332 1271 1400 ).
1297 1328 1598 1398 Meritoque
1620 1323 1822 1380 confir-

215 1441 402 1486 matus
417 1431 493 1484 ait
517 1447 531 1483 :
552 1427 770 1499 Conﬁdo
781 1427 915 1481 enim
930 1429 1049 1496 quia
1076 1423 1286 1498 1069
1302 1437 1460 1491 neque
1485 1434 1641 1483 mors,
1660 1431 1823 1486 neque

213 1527 327 1580 vita
343 1568 357 1594 ,
391 1541 552 1596 neque
578 1525 865 1595 angeli.....
909 1537 1074 1591 neque
1100 1528 1392 1591 potestates,
1414 1531 1575 1586 neque
1597 1527 1822 1582 prtesen-

212 1618 293 1672 tia
322 1660 337 1683 ,
367 1633 527 1687 neque
569 1620 836 1690 [κιαι-αα..
879 1629 1122 1686 separare
1163 1628 1257 1667 nos
1291 1617 1532 1682 poterunt
1576 1622 1608 1658 η
1649 1605 1823 1660 citari-

212 1722 325 1768 tate
355 1711 486 1778 Dei,
517 1727 629 1781 quae
648 1720 722 1765 est
760 1712 814 1764 in
833 1709 1038 1766 Christo
1064 1708 1192 1762 Iesu
1218 1703 1424 1779 (Ibid.,
1454 1700 1526 1758 38
1555 1709 1604 1755 et
1632 1697 1746 1770 59).

288 1805 384 1860 57.
428 1804 593 1859 Multa
625 1802 917 1872 Apostolus
941 1801 1100 1865 dixit,
1129 1808 1317 1854 contra
1348 1811 1468 1867 quae
1492 1797 1634 1848 lucta
1662 1790 1820 1846 nobis

1923 571 2191 627 debantur
2220 572 2394 628 sancti
2419 587 2565 640 esse,
2590 570 2905 627 ceciderunt
2932 569 3002 625 ab
3025 569 3312 624 altitudine
3337 565 3522 622 cordis

1920 665 2045 719 sui?
2068 665 2239 732 Quam
2269 665 2423 720 IIIIIIII
2455 665 2636 736 aliqua
2667 665 2996 721 necessitate
3023 663 3244 733 dejecti,
3273 676 3382 716 non
3424 673 3523 728 po-

1924 771 2142 820 tuerunt
2185 763 2428 818 contenti
2459 778 2581 819 esse
2614 762 2832 832 injuria.
2877 760 2968 832 qui
3011 761 3224 815 fuerant
3263 758 3522 812 virtutum

1921 856 2193 913 exercitio
2241 855 2522 910 roborati‘l
2571 855 2744 910 Rarus
2791 854 2893 910 Job
2938 851 3214 907 invenitur
3257 851 3308 903 in
3341 848 3522 914 terris,

1921 950 2012 1018 qui
2039 958 2093 1003 et
2121 947 2341 1002 divitias
2370 947 2553 1002 amisit
2575 958 2628 1000 et
2659 947 2819 1007 ﬁlios.
2845 944 2871 984 ι)
2900 953 2956 1000 et
2979 943 3247 999 vibicibus
3277 938 3526 1010 corporis

1921 1052 2196 1106 eitaratus,
2217 1055 2339 1096 cum
2361 1055 2575 1094 vermes
2597 1048 2712 1094 toto
2735 1053 2965 1110 corpore
2989 1037 3250 1101 ﬂuerent,
3271 1051 3299 1089 a
3318 1029 3527 1089 Christi

1922 1147 2102 1195 tamen
2132 1137 2400 1192 cltaritate
2432 1151 2536 1190 non
2571 1135 2745 1205 potuit
2773 1134 3036 1204 separari.
3071 1132 3334 1187 Paremus
3362 1127 3528 1195 igitur

1921 1235 2171 1290 affectum
2205 1242 2483 1296 austrum;
2514 1246 2582 1284 ne
2619 1233 2941 1300 imparatum
2974 1228 3054 1280 vis
3080 1227 3364 1296 repentina
3400 1235 3528 1290 per—

1925 1329 2126 1382 turbet.
2163 1326 2400 1394 Deniquc
2431 1324 2612 1379 sciens
2657 1319 2916 1376 Dominus
2943 1323 3056 1372 cito
3097 1333 3196 1372 nos
3239 1317 3411 1386 frangi
3441 1330 3529 1369 so-

1924 1424 2062 1487 lere,
2097 1421 2168 1476 ait
2201 1411 2362 1474 etiam
2395 1417 2658 1488 apostolis
2691 1433 2704 1469 :
2731 1413 2854 1468 Non
2893 1412 3124 1468 turbetur
3153 1427 3243 1467 cor
3280 1422 3526 1475 vestrum,

1924 1532 2086 1587 neque
2113 1513 2376 1585 formidet.
2417 1509 2597 1581 (Joan.
2647 1523 2756 1572 xtv,
2789 1507 2907 1577 Ἥ).
2940 1504 2994 1560 Si
3031 1515 3082 1559 te
3121 1503 3394 1587 cupiditas
3436 1516 3533 1572 ap-

1927 1585 2272 1680 petentiaque
2291 1603 2599 1667 tentaverit,
2618 1601 2740 1669 lege
2763 1596 3133 1668 Evangelium.
3161 1585 3303 1650 dicat
3325 1593 3419 1648 tibi
3443 1592 3534 1647 leo

1923 1717 2016 1757 sus
2037 1698 2287 1755 Christus
2326 1715 2339 1752 :
2374 1695 2494 1751 Non
2521 1696 2756 1750 turbetur
2781 1709 2870 1748 cor
2908 1701 3074 1746 tuum.
3111 1687 3322 1758 Siquis
3356 1694 3532 1739 terror

1925 1793 2214 1865 ingruerit,
2235 1792 2384 1846 dicat
2407 1789 2502 1846 tibi
2518 1787 2768 1844 Christus
2795 1805 2806 1838 :
2841 1786 2965 1840 Non
2987 1783 3223 1839 turbetur
3249 1797 3339 1836 cor
3361 1789 3527 1844 tuum,

211 1907 344 1954 est:
377 1897 473 1952 sed
503 1897 606 1951 alia
637 1871 815 1951 facilia
855 1903 1002 1958 sunt,
1036 1893 1124 1948 vel
1145 1900 1295 1948 certe
1341 1905 1447 1944 non
1480 1887 1638 1957 hujus
1683 1895 1820 1940 tem-
1849 1896 1897 1956 Β
1925 1902 2082 1954 neque
2121 1884 2382 1955 formidet.
2414 1882 2468 1938 Si
2509 1897 2615 1951 qua
2657 1879 2922 1950 supplicia
2970 1885 3285 1948 persecutor
3327 1871 3535 1927 inﬂixe-

213 1990 372 2061 poris
400 1999 495 2044 aut
536 1987 684 2054 loci;
712 1999 769 2042 ut
810 1986 1088 2042 discutere
1113 1984 1295 2039 omnia
1333 1980 1652 2043 debeamus,
1700 1992 1822 2048 quae

210 2084 330 2140 sint
366 2099 486 2154 quae
523 2097 623 2138 nos
659 2095 918 2152 separare
953 2079 1163 2152 possint
1188 2093 1218 2133 a
1246 2077 1508 2132 charitate
1538 2073 1666 2136 Dei;
1717 2069 1821 2126 nisi

212 2177 539 2248 diligentius
571 2177 908 2232 resistamus.
940 2175 1076 2230 Illud
1109 2188 1253 2229 nunc
1293 2171 1434 2240 quod
1469 2169 1682 2223 videtur
1718 2165 1818 2218 oh-

213 2269 466 2335 scurius,
500 2283 607 2324 non
635 2265 1130 2338 praetermittimus,
1171 2265 1296 2336 quia
1328 2264 1403 2317 ait
1444 2279 1459 2316 :
1494 2261 1673 2329 Neque
1701 2258 1824 2312 alti-

213 2363 370 2427 tudo,
420 2377 582 2432 neque
625 2361 946 2432 profundum
990 2358 1179 2430 (lbid.,
1210 2357 1341 2427 39):
1373 2370 1495 2427 quae
1536 2361 1666 2408 sunt
1700 2365 1822 2423 gra-

215 2454 303 2509 via
331 2463 690 2510 tentameuta.
720 2453 964 2523 Denique
997 2452 1166 2506 habes
1194 2454 1245 2505 in
1278 2450 1436 2504 Esaia
1459 2449 1720 2517 scriptum
1752 2443 1822 2500 ad

213 2562 402 2617 regem
441 2548 622 2601 Achaz
655 2563 669 2601 :
701 2546 826 2601 Pete
853 2545 943 2600 tibi
985 2547 1188 2616 signum
1207 2561 1238 2598 α
1266 2541 1490 2597 Domino
1521 2543 1574 2596 in
1604 2543 1824 2611 profun-

211 2644 362 2708 dum,
393 2650 494 2696 aut
521 2642 574 2695 in
604 2642 787 2696 altum.
810 2640 1114 2710 Respondit
1136 2639 1228 2694 ille
1260 2655 1273 2691 :
1307 2637 1427 2692 Non
1452 2647 1642 2707 petam,
1665 2649 1825 2703 neque

214 2734 433 2788 tentabo
483 2731 755 2787 Dominum
789 2731 962 2804 (Esai.
1017 2747 1116 2795 vn,
1165 2731 1227 2786 Η
1277 2739 1322 2784 et
1376 2729 1492 2798 12).
1539 2726 1823 2799 Mysticutn

227 2826 310 2882 illi
349 2826 689 2896 propositum
742 2835 846 2892 est,
892 2825 992 2881 sed
1043 2841 1150 2879 non
1191 2824 1502 2878 intellexit:
1535 2831 1591 2877 et
1621 2820 1828 2876 veritus

229 2925 316 2972 est
344 2932 414 2972 ne
447 2926 658 2972 tentare
703 2918 984 2972 Dominum
1028 2916 1327 2975 videretur.
1359 2915 1406 2969 si
1434 2914 1643 2982 signum
1680 2923 1831 2982 pete-

228 3015 316 3064 ret
343 3008 400 3063 in
432 3007 626 3073 altum,
658 3017 754 3062 aut
783 3009 834 3062 in
862 3007 1211 3078 profundum.
1244 3007 1503 3061 Dominus
1534 3012 1712 3060 autem
1737 3017 1830 3059 vo-

228 3101 349 3157 lens
376 3100 570 3172 gravia
619 3109 950 3156 tentameuta
990 3099 1236 3156 remedio
1273 3099 1618 3169 supplantare
1642 3097 1828 3152 divino

223 3197 303 3250 ait
345 3212 358 3249 :
396 3193 530 3248 Ecce
579 3195 724 3266 virgo
763 3195 1014 3265 concipiet
1057 3195 1110 3248 in
1151 3205 1294 3248 utero
1321 3192 1510 3262 (lbid.,
1559 3191 1668 3264 14).
1715 3192 1827 3247 Hoc

1925 1979 2022 2043 rit,
2053 1978 2174 2045 lege
2211 1975 2587 2046 Evangelium,
2638 1973 2785 2028 dicat
2833 1971 2928 2026 tibi
2958 1970 3117 2025 .Iesus
3148 1985 3162 2022 :
3191 1966 3316 2022 Non
3357 1965 3533 2020 turbe-

1925 2085 2010 2130 tur
2044 2071 2255 2145 1070
2295 2087 2384 2124 cor
2429 2081 2594 2134 tuum,
2628 2085 2794 2138 neque
2831 2066 3096 2140 formidet.
3122 2064 3266 2134 Lege
3297 2062 3533 2131 Aposto-

1925 2169 2035 2224 Ium
2077 2168 2350 2221 dicentem
2387 2180 2403 2219 :
2442 2163 2686 2234 Indignor
2719 2161 2852 2215 enim
2880 2159 3149 2231 passiones
3205 2162 3325 2208 sunt
3373 2149 3532 2222 hujus

1924 2261 2167 2332 temporis
2202 2261 2272 2314 ad
2308 2268 2731 2327 superventuram
2771 2254 2990 2326 gloriam
3041 2250 3220 2322 (Rom.
3261 2261 3377 2313 vni,
3421 2245 3534 2312 l8).

1925 2356 1982 2413 Si
2027 2356 2079 2410 in
2118 2354 2254 2408 mari
2305 2350 2585 2420 naviganti
2633 2349 2816 2421 gravis
2859 2347 3057 2401 ﬂuctus
3090 2346 3360 2412 insurgat,
3395 2349 3535 2394 tem-

1925 2457 2107 2520 pestas
2158 2454 2272 2500 atra
2324 2445 2613 2507 desmviat,
2658 2441 2754 2496 tibi
2799 2440 2945 2495 dicat
2992 2439 3152 2494 Iesus
3186 2454 3198 2490 :
3229 2434 3345 2508 Ego
3393 2447 3530 2499 sum,

1926 2541 2033 2596 noli
2069 2539 2266 2593 turbari
2308 2536 2500 2609 (Marc.
2534 2551 2612 2598 γι,
2663 2533 2780 2604 50).
2828 2532 3068 2588 Veniens
3114 2530 3278 2601 igitur
3321 2529 3375 2581 in
3413 2540 3536 2581 cer-

1929 2645 2105 2688 tamen
2136 2631 2355 2701 aliquod
2377 2646 2630 2700 magnum
2655 2638 2710 2684 et
2734 2641 2927 2698 grave,
2953 2626 3045 2680 dic
3075 2624 3226 2693 prius
3259 2641 3278 2676 τ
3308 2621 3536 2677 Paratus

1927 2743 2059 2790 sum,
2081 2735 2126 2780 et
2156 2741 2257 2778 non
2289 2740 2403 2777 sum
2431 2723 2697 2786 turbatus;
2741 2729 2798 2774 ut
2826 2717 3118 2772 custodiant
3151 2715 3396 2768 mandatu
3425 2721 3532 2766 tua.

2000 2819 2091 2873 59.
2131 2817 2201 2870 Et
2231 2815 2360 2885 quid
2403 2815 2470 2870 de
2498 2813 2853 2868 smcularibus
2885 2809 3106 2864 dicam?
3139 2807 3275 2861 Esto
3319 2811 3540 2874 paratus

1931 2927 2036 2966 non
2067 2911 2243 2964 solum
2271 2910 2536 2964 adversus
2563 2923 2626 2961 ea
2651 2922 2769 2976 qua:
2786 2903 2959 2967 vides,
2976 2900 3070 2957 sed
3094 2899 3254 2954 etiam
3278 2895 3542 2950 adversus

1930 3017 1992 3058 ea
2019 3017 2140 3073 qum
2174 3016 2278 3056 non
2310 3000 2481 3055 vides.
2506 2999 2682 3060 Foris,
2706 2996 2898 3066 inquit,
2923 3005 3129 3066 pttgna',
3159 2991 3300 3043 intus
3329 2987 3540 3041 timores

1931 3095 1997 3167 (II
2028 3093 2148 3148 Cor.
2178 3109 2273 3158 vn,
2297 3091 2376 3164 5).
2404 3092 2462 3147 In
2495 3101 2546 3145 te
2575 3092 2693 3161 ipso
2727 3088 2818 3143 tibi
2851 3087 3050 3141 bellum
3078 3090 3164 3138 est
3191 3099 3204 3136 :
3230 3081 3428 3135 bonum
3457 3085 3545 3132 est

1931 3197 1986 3240 ut
2015 3187 2066 3241 in
2100 3186 2484 3256 tranquillitate
2512 3184 2581 3238 sit
2612 3185 2824 3237 animus
2856 3189 2999 3242 tuus,
3026 3186 3079 3231 et
3103 3175 3156 3229 in
3184 3173 3414 3244 quadam
3455 3186 3544 3225 so-

224 3296 310 3344 est
347 3302 605 3356 magnum
651 3287 888 3357 signum,
934 3285 1077 3357 quod
1119 3286 1441 3352 altitudinis,
1487 3295 1544 3340 et
1574 3284 1824 3356 profundi
1853 3294 1900 3358 ρ
1932 3278 2163 3334 renitate
2194 3294 2206 3330 :
2241 3277 2337 3332 sed
2370 3277 2700 3347 gubernator
2731 3274 2822 3328 ille
2855 3271 3045 3326 melior
3079 3280 3185 3332 est,
3209 3267 3300 3337 qui
3330 3267 3382 3320 in
3409 3273 3544 3319 tem-

229 3390 568 3436 tentameuta
595 3380 884 3435 destruxit.
920 3378 1184 3434 Dominus
1226 3378 1372 3433 enim
1412 3378 1570 3434 Jesus
1603 3394 1710 3432 non
1743 3393 1830 3432 ra-

236 3475 422 3545 pinam
442 3472 735 3529 arbitratus
751 3485 832 3528 eSt
855 3488 976 3528 esse
997 3487 1057 3527 se
1075 3472 1336 3543 aequalem
1358 3473 1490 3538 Deo;
1515 3487 1686 3542 neque
1708 3487 1830 3542 qum

230 3580 326 3621 sua
340 3573 491 3630 sunt,
512 3564 814 3635 requisivit,
830 3565 922 3619 sed
941 3563 1166 3620 formam
1181 3566 1322 3621 servi
1334 3565 1562 3636 accepit,
1581 3565 1833 3620 humilia-

233 3657 308 3713 vit
320 3672 379 3712 se
397 3673 569 3727 usque
585 3657 653 3712 ad
667 3656 1114 3729 mortemJtaque
1127 3673 1301 3728 neque
1316 3657 1578 3713 elatusest
1594 3666 1834 3729 potesta-

233 3758 308 3818 te,
328 3765 505 3820 neque
529 3749 719 3804 mortis
733 3749 964 3820 quadam
991 3748 1298 3819 dejectione
1321 3749 1586 3803 turbatus.
1606 3748 1719 3802 Hoc
1738 3750 1836 3819 igi-

234 3845 542 3914 tursignum
559 3844 876 3912 proponitur
889 3841 1029 3914 regi;
1046 3853 1100 3898 ut
1119 3842 1380 3912 petatsibi
1400 3842 1716 3907 remedium,
1739 3858 1834 3911 per

232 3936 374 4008 quod
397 3951 498 3992 nec
526 3938 688 4005 regiae
709 3938 997 4006 potestatis
1022 3935 1380 3993 extolleretur
1401 3935 1709 4004 supercilio,
1735 3949 1836 3992 nec

233 4037 382 4082 certe
404 4042 664 4082 aerumnae
695 4027 923 4096 alicujus
956 4026 1276 4098 excoptione
1307 4027 1747 4096 perturbaretur;
1779 4034 1838 4081 ut

231 4129 350 4176 erat
374 4118 824 4187 cordeturbatus,
842 4134 967 4176 cum
989 4119 1190 4174 bellum
1217 4118 1321 4172 sibi
1346 4117 1555 4174 videret
1575 4119 1644 4173 ab
1670 4119 1838 4189 Assy-

234 4214 332 4269 riis
372 4210 584 4268 inferri.
623 4210 797 4266 Divini
829 4212 994 4280 igitur
1042 4210 1294 4279 exemplo
1343 4209 1551 4264 oraculi
1587 4209 1838 4264 vohnnus

232 4305 523 4364 ostendere
540 4319 700 4374 quam
723 4314 908 4360 essent
931 4304 1046 4360 haec
1065 4303 1250 4372 gravia
1270 4301 1839 4373 tentameuta,quibus

234 4398 535 4456 remedium
567 4398 721 4452 solus
749 4397 920 4466 potuit
952 4395 1201 4452 Christus
1226 4393 1443 4449 afferre.

305 4491 397 4550 38.
427 4490 819 4547 Verumtamen
847 4498 903 4545 et
938 4483 1263 4560 prophetico
1293 4501 1548 4543 sermone
1573 4487 1734 4544 facile
1755 4497 1841 4543 est

236 4587 434 4644 docere
463 4586 737 4642 sarcinam
781 4587 1068 4656 quamdam
1115 4584 1308 4640 horum
1354 4592 1834 4644 tentamentorum.

1934 3379 2145 3440 pestate
2173 3371 2351 3425 navim
2367 3371 2651 3441 gubernat.
2683 3367 2831 3437 Rege
2855 3367 3016 3436 igitur
3036 3373 3086 3418 te
3106 3363 3306 3431 ipsum,
3325 3356 3545 3429 quando

1936 3464 2430 3531 turbaturauiinus,
2461 3477 2615 3518 mens
2640 3461 2881 3516 fluctuat.
2906 3457 3263 3513 Laudaverim
3287 3455 3544 3508 virtutem

1934 3561 2333 3632 gubernatoris,
2355 3561 2447 3630 qui
2478 3559 2656 3614 nullas
2679 3555 2946 3628 procellas
2972 3552 3228 3616 senserit,
3251 3561 3302 3605 et
3327 3561 3543 3604 cursum

1935 3656 2131 3725 navigii
2153 3654 2434 3721 direxerit,
2456 3653 2603 3708 nulla
2629 3656 2954 3720 tempestate
2973 3645 3248 3717 jactatus'l
3269 3643 3372 3697 Sed
3394 3641 3545 3694 illum

1937 3748 2106 3818 magis
2136 3747 2488 3808 laudaverim,
2523 3747 2616 3817 qui
2641 3746 2901 3800 adversus
2933 3750 3126 3795 ventos
3152 3737 3424 3797 renititur,
3463 3733 3547 3788 in-

1936 3843 2108 3912 surgit
2137 3841 2422 3896 adversum
2456 3839 2672 3904 fluctus,
2703 3854 2808 3892 non
2852 3835 3004 3890 timet
3033 3831 3112 3887 vel
3146 3845 3266 3884 cum
3298 3827 3547 3883 elevatur

1937 3934 2097 3989 undis
2129 3935 2423 4002 navigium,
2455 3933 2539 3986 vel
2564 3946 2686 3986 cum
2714 3929 2778 3983 ad
2814 3925 3064 3999 profundi
3100 3925 3204 3978 ima
3229 3920 3542 3991 deponitur.

1937 4028 2013 4083 Ita
2036 4037 2091 4082 et
2118 4028 2208 4082 ille
2238 4025 2538 4081 laudandus
2575 4033 2659 4078 est
2692 4023 3029 4092 gubernator
3059 4019 3160 4083 sui,
3197 4016 3288 4085 qui
3329 4028 3389 4067 ea
3423 4026 3545 4080 quae

1939 4121 2162 4175 adversa
2195 4127 2321 4172 sunt
2351 4117 2514 4171 vincit
2542 4117 2818 4186 patientia,
2851 4115 3048 4168 virtute
3077 4119 3320 4179 superat,
3350 4120 3548 4160 secun-

1940 4213 2025 4268 dis
2048 4227 2152 4266 uon
2177 4211 2476 4275 extollitur,
2507 4209 2754 4264 adversis
2780 4224 2884 4260 non
2932 4205 3218 4275 frangitur.
3247 4199 3452 4254 Bellum
3481 4195 3548 4249 ti-

1943 4305 2092 4360 biest
2105 4304 2268 4359 etiam
2283 4304 2542 4358 adversus
2556 4299 2822 4370 nequitias
2842 4297 3134 4366 spiritales.
3153 4295 3402 4350 Advertis
3423 4303 3547 4343 cum

1940 4400 2159 4470 quantis
2182 4397 2381 4453 tibi-sit
2409 4393 2694 4468 praelium?
2727 4393 2794 4447 Et
2825 4392 2947 4447 ideo
2974 4390 3258 4452 meditare,
3291 4393 3344 4439 et
3371 4390 3548 4437 statue

1941 4493 2153 4558 animo;
2182 4501 2240 4546 ut
2261 4489 2564 4562 procedens
2584 4487 2650 4543 ad
2683 4486 2862 4558 praelia
2891 4484 3041 4539 dicas
3064 4480 3318 4538 :Paratus
3339 4491 3472 4541 sum,
3491 4481 3552 4528 et

1943 4605 2048 4644 non
2072 4605 2185 4643 sum
2221 4587 2486 4654 turbatus;
2519 4595 2574 4640 ut
2602 4584 2894 4639 custodiam
2923 4578 3168 4635 mandata
3190 4586 3297 4631 tua.

243 4677 372 4737 Haec
399 4677 545 4735 enim
579 4687 914 4734 tentameuta
945 4679 1051 4734 duo
1084 4679 1317 4734 maxima
1339 4689 1560 4734 sanctus
1580 4678 1836 4736 Salomon
1870 4687 1919 4752 D
2015 4684 2104 4740 40.
2146 4683 2330 4754 (Vers.
2363 4681 2482 4750 61.)
2523 4679 2782 4750 Sequitur
2819 4687 3010 4731 versus
3057 4672 3277 4743 quintus
3311 4685 3324 4721 :
3364 4664 3546 4720 Funes

237 4775 482 4831 oratione
523 4774 745 4846 propria
772 4774 1092 4843 declaravit,
1126 4784 1180 4830 et
1206 4775 1413 4846 rogavit
1442 4783 1499 4829 ut
1533 4784 1720 4846 posset
1744 4790 1836 4830 εις

237 4866 458 4923 cludere
485 4867 675 4922 dicens
702 4884 716 4922 :
744 4865 964 4922 Divitias
997 4876 1170 4921 autem
1199 4878 1247 4921 et
1271 4876 1630 4940 paupertatem
1658 4885 1722 4922 ne
1749 4868 1838 4924 des

240 4958 363 5013 mihi
393 4977 410 5014 :
440 4959 529 5014 sed
569 4961 756 5015 ordina
785 4961 913 5015 milii
955 4976 1070 5031 qua!
1099 4978 1229 5030 opus
1271 4971 1413 5027 sunt,
1446 4973 1494 5017 et
1535 4978 1650 5032 quae
1677 4962 1841 5016 abun-

242 5053 394 5117 dent;
423 5069 485 5108 ne
504 5055 730 5124 repletus
758 5054 978 5109 mendax
1001 5054 1148 5124 liam,
1181 5063 1232 5108 et
1262 5054 1432 5109 dicant
1461 5071 1480 5110 :
1509 5055 1638 5120 Quis
1667 5071 1748 5109 me
1767 5057 1840 5110 vi-

243 5142 367 5198 det?
421 5153 511 5198 aut
560 5161 753 5218 pauper
802 5147 1042 5217 rapiam,
1091 5155 1139 5201 et
1185 5148 1446 5220 perjurem
1485 5163 1667 5203 nomen
1717 5147 1839 5203 Dei.

246 5233 425 5304 (Prov.
461 5255 592 5302 xxx.
633 5240 665 5293 8
705 5248 762 5294 et
801 5240 879 5310 9).
912 5240 1075 5296 Potes
1106 5241 1267 5312 igitur
1292 5251 1348 5296 tu
1377 5241 1475 5295 ista
1511 5250 1841 5300 tentameuta

245 5339 613 5397 coiitemnere,
663 5347 785 5402 quze
827 5331 1136 5388 formidavit
1181 5334 1462 5400 Salomon,
1506 5336 1594 5405 qui
1626 5337 1844 5405 sapien-

249 5423 374 5477 tiam
407 5425 702 5494 postulavit
730 5432 784 5479 et
813 5425 1040 5478 meruit?
1068 5425 1225 5480 Dives
1249 5438 1383 5492 erat,
1416 5427 1592 5481 timuit
1612 5430 1798 5484 extolli
1827 5448 1840 5485 :

253 5527 451 5586 pauper
480 5515 596 5574 fieri
637 5517 981 5585 formidavit;
1022 5533 1090 5574 ne
1133 5519 1463 5588 paupertatis
1509 5520 1840 5577 necessitate

325 5676 349 5705 ι
386 5669 738 5753 Abstinentiae,
768 5688 796 5728 a
837 5673 1041 5742 rapinis
1085 5673 1316 5753 scilicet,
1369 5683 1426 5730 ut
1462 5674 1734 5734 referatur
1780 5678 1848 5735 ad

255 5746 801 5850 supeLipsmicllud,raut
833 5762 1033 5850 pauper
1057 5747 1280 5850 rapiant.

387 5811 461 5868 Ita
494 5831 620 5894 niSs.
649 5819 884 5894 aliquot,
919 5811 973 5873 et
995 5811 1204 5874 cuncta:
1237 5819 1366 5876 edit.
1398 5820 1504 5894 nisi
1535 5821 1674 5892 quod
1715 5821 1843 5894 Era.

259 5879 382 5963 eiu.
405 5899 467 5944 ac
494 5885 650 5973 Rom.
685 5879 997 5985 prteferuot,
1029 5894 1364 5974 exorabatur.
1405 5891 1534 5979 Mss.
1553 5879 1698 5979 'vero
1727 5893 1842 5987 alii,

1940 4788 2266 4849 peccatorum
2283 4773 2619 4844 circnmplexi
2641 4781 2871 4836 suntme,
2887 4778 2934 4824 et
2952 4768 3112 4841 legem
3137 4776 3276 4818 tuam
3305 4776 3406 4815 non
3431 4774 3547 4814 sunt

1939 4870 2131 4924 oblitus
2162 4886 2180 4924 :
2214 4869 2317 4924 hoc
2371 4878 2476 4934 est,
2519 4865 2737 4922 funibus
2775 4878 2859 4919 me
2897 4857 3381 4917 circumdederunt
3417 4865 3548 4922 pce-

1943 4979 2184 5034 catores;
2219 4976 2276 5020 ut
2309 4980 2425 5020 mea
2462 4962 2804 5034 implicarent
2832 4957 3082 5027 vestigia,
3110 4969 3178 5008 ne
3209 4964 3426 5020 possem
3463 4947 3549 5002 it:-

1944 5074 2136 5115 cursus
2198 5072 2388 5113 eorum
2438 5053 2770 5126 praevidendi
2822 5047 3104 5106 celeritate
3146 5043 3375 5099 evitare.
3426 5037 3548 5092 Non

1945 5168 2074 5222 ergo
2106 5150 2184 5205 illi
2220 5151 2374 5205 funes
2405 5158 2550 5212 sunt,
2581 5147 2650 5203 de
2684 5145 2878 5214 quibus
2910 5141 3172 5210 scriptum
3215 5143 3295 5189 est
3328 5150 3340 5186 :
3375 5129 3552 5185 Funes

1944 5247 2239 5302 ceciderunt
2265 5246 2392 5298 mihi
2417 5245 2468 5298 in
2495 5240 2761 5314 prteclaris
2791 5237 2964 5311 (Psal.
2989 5250 3080 5300 xv,
3111 5229 3166 5302 5)
3189 5237 3353 5296 °,,suut
3403 5226 3550 5280 enim

1942 5337 2191 5394 funesllli
2217 5337 2672 5408 quibusutuntur,
2691 5333 2781 5402 qui
2797 5329 3059 5385 terminos
3083 5325 3553 5388 metiunturagro—

1942 5447 2060 5487 rum
2079 5431 2388 5501 limitesque
2400 5428 2814 5498 distinguunt,et
2830 5421 3231 5493 possessionum
3253 5415 3425 5485 spatia
3443 5410 3559 5466 dis-

1943 5525 2262 5582 terminant.
2289 5524 2608 5580 Tenduntur
2636 5535 2766 5592 ergo
2790 5519 2865 5574 illi
2906 5513 3064 5571 funes
3081 5512 3256 5584 quoad
3277 5507 3554 5581 possessio

1953 5690 2000 5734 et
2030 5681 2315 5748 ulceribus;
2353 5679 2616 5742 nonnulli,
2649 5687 2695 5732 et
2723 5673 3012 5748 verberibus
3037 5663 3443 5748 exaratusasw
3472 5665 3552 5748 oi-

1953 5752 2170 5820 biribus,
2215 5735 2386 5820 magis
2420 5735 2780 5808 Atiibiosiana
2811 5747 3011 5802 locutio
3058 5753 3178 5808 est;
3213 5749 3270 5795 ut
3306 5741 3416 5810 jam
3445 5735 3545 5808 ουτ

1949 5826 2155 5883 servari
2189 5827 2363 5902 potuit
2390 5833 2498 5882 non
2523 5837 2632 5905 uno
2660 5823 2800 5906 loco.
