4124 6346
551 320 688 378 1311

1891 320 2136 379 SANCTI
2175 321 2494 383 AMBROSII

3702 338 3842 396 15η

549 433 1330 506 uniuscujusquediﬂunditur.
1358 437 1447 494 Sic
1468 437 1640 492 factus
1651 446 1734 493 est
1750 434 2023 492 funiculus
2037 437 2146 494 hac-
2169 438 2226 502 Α
2248 450 2348 495 nos
2364 437 2527 494 etiam
2553 438 2802 499 diabolus
2841 443 3124 501 criminum
3154 411 3344 503 nexu:
3374 445 3504 519 ligat
3532 462 3634 504 nos
3659 448 3845 505 vincu-

547 529 798 586 reditatis
821 545 933 586 sua:
946 531 1131 588 Israel.
1158 531 1294 588 Boni
1309 546 1441 604 ergo
1462 530 1730 588 illifunes.
1757 529 2045 588 Istiautem
2066 531 2147 587 fu-

550 635 648 678 nes
664 622 860 694 quibus
879 623 1168 681 trahuntur
1185 634 1425 696 peccata,
1447 633 1506 680 ut
1524 623 1648 681 fune
1664 626 1845 698 longo,
1866 635 1922 682 et
1944 636 2002 681 ut
2029 626 2146 682 loro

545 713 661 785 jugi
691 715 879 770 vitula:
910 716 1233 788 iniquitatis.
1265 717 1446 774 Vitula
1476 719 1619 792 enim
1651 718 1911 775 indomita
1941 720 2061 790 plus
2087 734 2147 776 se

545 805 719 877 jactat
745 811 1052 877 etexcutit,
1084 825 1208 867 cum
1248 821 1483 878 tenetur,
1528 827 1628 868 nec
1656 813 1951 884 acquiescit
1975 815 2145 884 impe-

552 898 670 965 rio,
703 916 804 956 nec
839 902 1160 974 astringitur
1212 904 1460 971 vinculo;
1513 904 1611 962 sed
1656 907 1830 978 magis
1874 921 1997 963 cum
2029 907 2148 964 loro

550 994 868 1062 retrahitur,
898 1007 1275 1068 exasperatur.
1307 999 1494 1072 Itaque
1541 1015 1641 1057 nec
1687 1011 1875 1058 coacta
1914 1018 1975 1059 se
2019 1003 2149 1058 sub-

543 1086 688 1157 jicit,
717 1105 818 1146 nec
864 1099 1042 1148 tamen
1095 1093 1268 1148 libera
1299 1095 1642 1152 vinculorum
1673 1106 1778 1154 est.
1817 1098 1973 1155 Sicut
2016 1113 2148 1169 ergo

550 1179 721 1236 trahit
744 1183 908 1238 vitula
931 1184 1263 1258 lorumjugi,
1292 1204 1413 1260 qum
1448 1190 1552 1245 etsi
1581 1206 1689 1246 non
1720 1199 1938 1247 tenetur
1963 1207 1995 1249 e
2023 1206 2149 1262 pro-

554 1270 742 1338 ximo;
785 1283 1003 1331 tenetur
1041 1284 1247 1348 tamen,
1290 1294 1391 1336 nec
1417 1295 1478 1338 se
1508 1282 1747 1354 explicat
1775 1292 1828 1340 et
1867 1283 2145 1340 absolvit:

550 1361 626 1418 ita
657 1363 827 1420 trahit
867 1368 1242 1441 unusquisque
1273 1379 1526 1442 peccator
1572 1373 1851 1430 indomitis
1901 1377 2150 1434 moribus

549 1452 885 1526 iniquitates,
916 1459 1010 1530 qui
1034 1470 1188 1531 putat
1215 1478 1277 1520 se
1303 1464 1570 1533 liberum;
1602 1468 1731 1540 quia
1773 1484 1878 1525 non
1911 1479 1996 1526 est
2019 1472 2150 1544 jugo

550 1547 823 1616 subditus,
862 1551 1249 1628 subjectusque
1287 1556 1528 1628 judicio:
1556 1569 1613 1617 et
1652 1562 1829 1619 nescit
1866 1565 2011 1636 quod
2041 1581 2150 1623 non

549 1639 622 1696 sit
649 1652 866 1712 exutus,
899 1644 996 1702 sed
1024 1649 1196 1720 magis
1221 1659 1280 1706 ut
1307 1650 1400 1707 illa
1431 1653 1623 1722 vitula,
1655 1663 1710 1711 et
1739 1654 1856 1726 ipse
1878 1672 1939 1714 se
1966 1658 2150 1731 impli-

549 1741 639 1790 cat
667 1751 892 1792 suorum
923 1739 1151 1797 nexibus
1174 1755 1544 1814 peccatorum.
1573 1746 1635 1803 Hi
1663 1757 1788 1805 sunt
1813 1751 1974 1822 igitur
1993 1750 2150 1808 funes

2249 529 2302 586 lo
2339 533 2731 604 fornicationis,
2780 536 2993 593 vinculo
3025 537 3301 607 adulterii,
3351 538 3568 596 vinculo
3603 540 3845 612 perfidiae

2247 638 2350 695 qua
2378 623 2626 682 Christus
2652 637 2897 700 negatur,
2922 632 3137 688 vinculo
3166 633 3382 690 invidiae
3405 649 3509 706 qua
3535 635 3847 708 frequenter

2247 717 2412 773 etiam
2437 717 2602 775 frater
2620 721 2909 792 appetitur,
2945 724 3158 780 vinculo
3184 726 3520 783 crudelitatis
3557 743 3662 799 qua
3710 744 3849 785 non-

2249 826 2541 884 numquam
2558 815 2737 871 socius
2757 817 3114 876 etconformis
3133 821 3422 878 occiditur.
3447 822 3575 879 Haec
3586 832 3715 879 sunt
3729 825 3848 880 vin-

2247 907 2370 961 cula
2401 909 2596 979 quibus
2627 911 2821 982 ligatus
2851 916 3220 986 unusquisque
3265 916 3585 985 inclinatur;
3629 927 3689 974 ut
3728 919 3849 974 ani-

2247 1012 2390 1052 mam
2411 1013 2563 1054 suam
2596 1000 2776 1058 levare
2803 1019 2908 1059 non
2948 1007 3136 1076 possit,
3164 1021 3262 1063 nec
3292 1006 3513 1063 obtutus
3547 1008 3616 1064 ad
3645 1010 3848 1066 coelum

2249 1093 2448 1149 mentis
2469 1093 2701 1164 erigere,
2727 1097 2827 1152 nisi
2859 1097 3001 1154 dicat
3021 1100 3070 1155 ei
3099 1099 3358 1156 Dominus
3383 1119 3396 1156 :
3425 1100 3690 1157 Dimissus
3704 1116 3763 1157 es
3781 1101 3850 1158 ab

2250 1184 2561 1242 infirmitate
2606 1197 2724 1254 tua;
2773 1198 2827 1244 et
2869 1206 3095 1247 munere
3133 1207 3256 1248 eum
3305 1207 3418 1248 sua:
3459 1193 3852 1250 benedictionis

2248 1276 2482 1332 erexerit
2503 1275 2694 1350 (Ibid.,
2721 1279 2833 1349 12).
2867 1281 2994 1338 Haec
3023 1293 3148 1339 sunt
3179 1284 3564 1341 sceleratorum
3588 1285 3800 1343 vincula
3819 1284 3848 1324 ἀ

2249 1383 2372 1440 quae
2391 1368 2526 1424 dure
2557 1380 2870 1440 peccatores
2891 1372 3077 1444 ligant,
3127 1374 3231 1432 hoc
3267 1385 3374 1443 est,
3399 1376 3649 1433 diabolus
3669 1388 3722 1434 et
3744 1379 3848 1434 mi-

2251 1461 2408 1518 nistri
2431 1461 2548 1533 ejus
2573 1481 2585 1517 :
2614 1465 2697 1520 vel
2718 1475 2868 1523 certe
2907 1465 3191 1536 Nemroth,
3231 1468 3335 1526 hoc
3367 1479 3471 1536 est,
3496 1473 3803 1528 amaritudo
3835 1491 3849 1529 :

2251 1557 2334 1612 vcl
2355 1567 2503 1614 certe
2521 1558 2683 1628 Esau,
2711 1560 2815 1618 hoc
2837 1569 2940 1630 est,
2967 1570 3216 1620 terrenus
3244 1573 3300 1621 et
3316 1565 3562 1623 callidus.
3593 1567 3685 1623 Isti
3705 1571 3852 1625 enim

2254 1661 2540 1709 venatores
2567 1663 2754 1722 erant,
2787 1659 2876 1726 qui
2906 1657 3052 1714 feras
3075 1659 3279 1730 laqueis
3303 1668 3527 1731 captare
3555 1676 3856 1721 consueve-

2254 1753 2406 1812 rant,
2432 1755 2487 1802 et
2507 1756 2652 1802 muta
2674 1748 2966 1806 animantia
2993 1751 3222 1807 vinculis
3251 1751 3482 1824 illigare.
3517 1753 3737 1810 Inutiles
3766 1772 3859 1813 ve—

551 1825 873 1886 delictorum
898 1843 1229 1901 nostrorum,
1253 1837 1450 1909 quibus
1471 1839 1801 1896 involvimur
1822 1850 1877 1898 et
1897 1843 2148 1913 ligamur,
2185 1851 2228 1913 Β
2257 1849 2495 1907 natores,
2519 1843 2608 1914 qui
2637 1845 2853 1915 capiant
2882 1844 3102 1912 bestias,
3130 1861 3248 1917 quae
3273 1861 3522 1917 pompam
3543 1849 3859 1919 spectacqu

552 1923 1011 1992 quemadmodum
1044 1939 1172 1984 sunt
1201 1938 1259 1986 et
1292 1931 1506 1988 vincula
1531 1934 1872 1990 delictorum.
1925 1935 1993 1991 Et
2031 1935 2153 1992 ideo

553 2011 805 2072 Salvator
828 2018 919 2088 qui
949 2017 1110 2083 habet
1150 2021 1204 2077 in
1233 2032 1500 2093 potestate
1543 2037 1823 2096 peccatum
1854 2026 2150 2095 dimittere,

555 2106 687 2162 dicit
741 2108 810 2164 iis
853 2112 944 2182 qui
995 2123 1124 2170 sunt
1173 2116 1228 2170 in
1274 2116 1508 2174 vinculis
1554 2139 1568 2175 :
1618 2118 1793 2176 Exite.
1840 2120 2055 2178 Utinam
2099 2133 2155 2180 et

556 2202 686 2258 milii
731 2203 907 2260 dicat:
945 2207 1042 2263 Exi
1080 2207 1149 2264 de
1199 2210 1432 2268 vinculis
1482 2213 1589 2270 tuis
1624 2231 1638 2269 :
1677 2215 1763 2270 exi
1815 2214 1883 2272 de
1924 2217 2154 2276 nexibus

554 2305 902 2366 peccatorum
937 2310 1150 2358 tuorum
1180 2320 1192 2357 :
1223 2303 1375 2360 solve
1417 2305 1574 2363 funes
1599 2307 1801 2363 erroris
1831 2307 1931 2373 tui,
1958 2309 2153 2380 quibus

551 2387 925 2447 circumdatus
956 2393 1164 2467 1071
1195 2404 1251 2450 et
1270 2395 1468 2467 ligatus
1497 2413 1578 2454 es.
1609 2397 1728 2454 Etsi
1754 2401 1898 2455 enim
1929 2403 2151 2473 nequis-

552 2483 725 2540 simus
776 2485 877 2541 sim
918 2489 1182 2555 omnium,
1219 2497 1246 2527 α
1279 2499 1336 2546 ει
1369 2491 1877 2551 detestabilissimus
1909 2505 2153 2567 peccato-

553 2592 704 2644 rum;
735 2579 830 2634 illo
860 2588 1037 2637 tamen
1062 2581 1308 2653 jubcnle,
1340 2584 1480 2642 liber
1511 2601 1627 2653 ero,
1655 2587 1745 2658 qui
1776 2589 1876 2643 sub
1904 2605 2008 2645 uno
2039 2605 2156 2645 mo-

555 2681 742 2727 mento
789 2672 1056 2730 latrocinii
1084 2675 1400 2734 damnatum
1429 2694 1584 2736 reum
1623 2681 1889 2753 supplicio
1931 2685 2148 2756 eripuit,

555 2765 942 2838 constituitque
967 2768 1019 2823 in
1048 2784 1218 2840 regno
1237 2785 1358 2828 suo.

629 2857 722 2914 41.
766 2859 903 2916 Sunt
927 2876 1057 2933 ergo
1101 2863 1312 2921 vincula
1343 2866 1539 2937 quibus
1579 2869 2025 2942 constringimur,
2052 2872 2153 2927 etsi

555 2948 838 3008 videamur
885 2954 1042 3012 nobis
1092 2957 1269 3013 liberi.
1319 2959 1516 3016 Beatus
1543 2964 1634 3032 qni
1687 2964 1802 3019 bzec
1852 2967 2014 3021 solvit
2052 2966 2151 3022 sibi

555 3042 791 3098 vincula.
840 3045 909 3102 Et
956 3048 1077 3103 ideo
1126 3049 1289 3105 David
1341 3053 1414 3107 ait
1464 3072 1478 3107 :
1532 3053 1904 3127 Dirumpamus
1948 3061 2156 3116 vincula

551 3151 728 3190 eorum
757 3153 777 3192 :
800 3147 848 3192 et
867 3139 1175 3213 abjiciamus
1204 3161 1236 3197 a
1257 3146 1403 3200 nobis
1433 3150 1612 3219 iugum
1631 3149 1858 3219 ipsorum
1886 3151 2060 3224 (Psal.
2091 3170 2151 3221 tt,

551 3229 630 3297 3).
665 3229 782 3286 Non
807 3248 972 3288 manu
999 3236 1184 3307 utique
1205 3237 1436 3294 visibilia
1461 3242 1675 3298 vincula
1703 3245 1834 3300 dicit
1862 3261 1984 3303 esse
2007 3264 2152 3303 rum-
2177 3243 2223 3306 C
2257 3246 2382 3301 simi
2421 3255 2708 3303 venatores

554 3321 751 3392 penda,
796 3324 891 3380 sed
924 3326 1227 3385 invisibiles
1256 3331 1544 3388 criminum
1570 3351 1744 3393 nexus
1780 3354 1993 3396 morum
2021 3357 2152 3397 con-

554 3414 825 3482 versione,
851 3417 1043 3474 etlidei
1072 3419 1408 3490 professione
1434 3427 1730 3484 solvendos
1759 3447 1772 3483 :
1802 3429 1830 3468 δ
1847 3441 1940 3488 aut
1965 3449 2147 3500 manu,

550 3503 655 3561 hoc
683 3516 788 3573 est,
816 3523 982 3578 opere
1021 3527 1214 3567 manus
1243 3523 1370 3570 tute.
1419 3518 1591 3590 Eroga
1621 3523 1970 3592 pauperibus,
2000 3525 2152 3581 debi-

553 3594 634 3650 les
665 3597 900 3667 elevato,
935 3601 1139 3658 redime
1164 3607 1445 3677 captivos;
1467 3617 1524 3664 et
1551 3611 1763 3668 solvisti
1796 3615 2008 3672 vincula
2035 3626 2148 3675 tua.

553 3686 910 3764 Eleemosyna
941 3695 1087 3750 enim
1116 3711 1148 3751 a
1187 3708 1413 3767 peccato
1444 3700 1662 3759 liberat.
1703 3704 1868 3777 Eripe
1903 3722 2026 3764 eum
2058 3712 2150 3781 qui

550 3779 766 3838 ducitur
785 3783 850 3838 ad
871 3795 1122 3856 mortem,
1148 3788 1250 3845 hoc
1277 3801 1381 3859 est,
1410 3793 1560 3864 eripe
1585 3811 1708 3850 eum
1734 3779 2146 3866 intercessione,

551 3871 703 3940 eripe
741 3875 936 3945 gratia,
963 3887 985 3915 ο
1016 3888 1070 3932 tu
1111 3881 1368 3937 sacerdos
1396 3892 1527 3939 :aut
1555 3894 1609 3940 tu
1649 3886 1966 3958 imperator.
2000 3893 2150 3964 eripc

549 3964 951 4038 subscriptione
991 3971 1369 4044 indulgentiae;
1411 3985 1466 4033 et
1505 3977 1717 4035 solvisti
1759 3995 1978 4052 peccata
2033 3995 2146 4052 tua,

547 4059 749 4116 exuisti
781 4069 834 4119 te
863 4064 1116 4122 vinculis.

615 4151 708 4206 49..
756 4153 998 4214 Vinculis
1026 4161 1170 4217 enim
1214 4173 1561 4234 peccatorum
1601 4182 1823 4226 suorum
1860 4174 2145 4245 unusquis-

545 4260 652 4316 que
683 4250 1095 4322 constringitur,
1126 4256 1268 4310 sicut
1295 4259 1411 4326 ipse
1433 4259 1609 4332 legisti
1639 4281 1651 4317 :
1685 4263 1816 4333 ligat
1841 4279 1940 4320 nos
1960 4265 2150 4324 vincu-

548 4335 617 4392 lis
670 4343 848 4398 carnis
906 4345 1158 4402 illecebra
1207 4348 1416 4420 (Iacob.
1466 4368 1504 4420 I,
1555 4353 1665 4424 l5).
1716 4355 2002 4413 Vinculum
2049 4375 2148 4415 no-

545 4439 719 4486 strum
761 4437 987 4492 avaritia
1018 4449 1122 4507 est,
1167 4441 1439 4499 vinculum
1481 4454 1727 4504 nostrum
1757 4447 1995 4505 ebrietas
2035 4461 2142 4519 est,

2254 1936 2500 2006 populari
2535 1937 2831 2007 praebeant,
2860 1940 3221 1996 ministerium
3249 1941 3576 1998 crudelitati.
3611 1943 3858 2017 Denique

2255 2029 2461 2086 nullum
2486 2031 2790 2088 invenimus
2810 2033 2864 2090 in
2889 2033 3190 2090 divinarum
3209 2036 3352 2093 serie
3373 2035 3774 2110 Scripturarum
3792 2039 3860 2096 de

2255 2123 2602 2180 venatoribus
2624 2124 2853 2195 justum.

2325 2215 2418 2272 45.
2461 2218 2530 2272 At
2554 2232 2684 2274 vero
2727 2218 2835 2274 alia
2884 2218 3099 2276 vincula
3149 2231 3296 2290 sunt,
3348 2230 3406 2278 ut
3444 2221 3578 2290 dixi,
3636 2223 3858 2282 Domini

2252 2307 2403 2375 Jcsu,
2432 2325 2592 2380 quem
2625 2320 2952 2382 sequuntur,
2995 2313 3172 2386 inquit
3201 2315 3349 2388 (Ose.
3396 2332 3470 2385 xt,
3517 2317 3596 2388 4),
3644 2318 3857 2391 alligati

2255 2401 2508 2469 vinculis,
2540 2404 2643 2460 hoc
2668 2416 2775 2471 est,
2808 2408 3038 2464 vinculis
3066 2410 3272 2466 astricti
3295 2411 3578 2467 charitatis
3608 2421 3664 2469 et
3701 2428 3860 2470 amo-

2255 2499 2352 2566 ris,
2382 2497 2510 2555 fidei
2553 2499 2784 2556 vinculis
2827 2503 3050 2573 alligati.
3091 2504 3240 2561 Licet
3268 2506 3346 2562 sic
3384 2508 3554 2579 possit
3582 2506 3859 2580 intelligi:

2255 2591 2472 2662 Alligati
2503 2592 2736 2648 vinculis
2773 2594 3048 2652 Christum
3099 2606 3421 2670 sequuntur,
3456 2599 3560 2657 hoc
3599 2611 3682 2658 est
3733 2617 3863 2672 pec-

2255 2692 2501 2738 catorum
2531 2695 2587 2740 et
2615 2686 2900 2743 criminum
2933 2691 3310 2758 remissorem,
3337 2691 3538 2749 fontem
3575 2694 3858 2767 indulgen-

2257 2776 2475 2845 tiarum,
2529 2779 2924 2851 redemptionis
2991 2795 3290 2840 auctorem.
3353 2786 3659 2859 Sequamur
3727 2805 3863 2862 ergo

2257 2869 2469 2926 vincula
2517 2870 2744 2937 Christi,
2795 2872 3065 2945 fugiamus
3118 2876 3333 2935 vincula
3380 2890 3732 2950 venatorum;
3792 2901 3862 2942 ne

2257 2966 2386 3021 dum
2443 2966 2770 3036 incedimus,
2827 2968 2954 3025 dum
3011 2971 3344 3042 ignoramus,
3399 2975 3619 3047 laqueos
3666 2992 3858 3035 eorum

2260 3074 2354 3130 pes
2381 3068 2579 3117 nostra:
2605 3062 2801 3118 mentis
2830 3064 3095 3132 incurrat,
3125 3081 3226 3122 nec
3255 3068 3448 3124 animae
3467 3079 3670 3127 nostra:
3685 3073 3864 3130 cervi-

2259 3168 2378 3209 cem
2409 3153 2640 3210 nexibus
2672 3154 2998 3214 inseramus.
3028 3159 3358 3215 Insidiantur
3386 3163 3529 3218 enim
3561 3165 3713 3236 quasi
3743 3181 3863 3236 pes-

2761 3264 2775 3302 ;
2823 3258 2881 3306 et
2935 3252 3152 3322 quando
3199 3268 3586 3325 prosperorum
3642 3259 3860 3334 1072

2251 3348 2453 3395 eventu
2497 3341 2739 3396 animum
2786 3344 3116 3412 relaxamus,
3165 3361 3229 3402 ac
3278 3350 3532 3404 secundis
3569 3351 3736 3407 rebus
3770 3369 3862 3409 re-

2253 3436 2541 3500 mittimus,
2573 3453 2676 3494 nec
2711 3439 2968 3495 excubias
2997 3441 3267 3497 cautionis
3295 3441 3555 3499 habemus
3579 3445 3845 3516 intentas,

2252 3535 2381 3584 tunc
2410 3529 2529 3600 plus
2552 3530 2763 3600 jactant
2789 3531 3014 3604 laqueos
3041 3547 3191 3598 suos,
3223 3543 3318 3589 aut
3341 3535 3394 3589 in
3423 3537 3506 3590 via
3531 3553 3634 3608 qua
3662 3537 3860 3592 ambu-

2253 3620 2448 3688 lamus,
2486 3622 2861 3689 abscondunt;
2899 3631 2961 3680 ut
3004 3639 3126 3680 cum
3179 3623 3380 3681 fuerint
3417 3641 3607 3683 eorum
3639 3628 3855 3699 laqueis

2252 3711 2448 3769 innexa
2490 3715 2738 3786 vestigia,
2801 3715 3019 3771 trahant
3050 3730 3161 3787 quo
3207 3730 3458 3772 securum
3506 3719 3861 3790 supplantent

2252 3804 2509 3872 viantem,
2536 3807 2622 3861 vel
2649 3807 2794 3862 collo
2812 3808 3068 3863 astrictos
3096 3808 3435 3879 strangulent
3461 3821 3856 3868 commeantes.

2321 3896 2413 3952 44.
2455 3897 2573 3953 Noli
2596 3914 2727 3970 ergo
2755 3899 2864 3954 alta
2889 3901 3170 3956 ambulare
3191 3901 3424 3966 cervice,
3451 3902 3588 3959 sicut
3616 3902 3740 3960 ﬁlia:
3762 3903 3861 3960 Ju-

2250 3987 2370 4055 dac;
2417 3991 2545 4047 altis
2570 3991 2715 4047 enim
2763 3992 3073 4048 cervicibus
3114 3993 3224 4048 cito
3271 3993 3500 4062 laqueus
3537 3994 3853 4054 innodatur.

2251 4082 2369 4140 Noli
2398 4083 2466 4140 ad
2487 4084 2765 4140 smcularia
2798 4095 3038 4142 mentem
3067 4085 3418 4156 animumque
3443 4085 3681 4158 defigere
3709 4105 3722 4141 :
3756 4089 3855 4144 sed

2250 4178 2612 4248 circumspice
2641 4177 2815 4233 oculis
2846 4177 3044 4231 animae
3075 4175 3386 4247 diligenter,
3417 4180 3542 4250 quia
3571 4179 3709 4248 pluit
3749 4181 3859 4236 Do-

2249 4269 2430 4324 minus
2455 4271 2679 4342 laqucos
2705 4283 2870 4341 super
2889 4279 3238 4340 peccatores;
3265 4285 3334 4325 ne
3355 4269 3615 4327 cadentes
3646 4273 3858 4344 illigare

2250 4371 2307 4417 te
2343 4362 2556 4432 possint
2603 4379 2616 4414 :
2664 4375 2799 4432 quos
2839 4361 3045 4432 poteris
3076 4359 3305 4428 evitare,
3340 4361 3384 4416 si
3430 4363 3602 4433 legem
3639 4361 3857 4421 Domini

2247 4469 2356 4509 non
2393 4453 2755 4510 obliviscaris.
2810 4452 3023 4508 Etenim
3066 4453 3230 4508 etiam
3279 4452 3370 4522 qui
3413 4453 3608 4525 ligatus
3648 4464 3750 4522 est,
3808 4457 3854 4511 si

549 4525 824 4583 vinculum
858 4543 1104 4589 nostrum
1127 4539 1567 4607 concupiscentia
1599 4551 1706 4610 est,
1751 4543 2019 4600 vinculum
2047 4560 2146 4601 no-
2246 4544 2350 4600 sibi
2379 4544 2720 4600 siteonscius
2756 4545 3047 4612 libertatis,
3087 4545 3334 4600 oblivisci
3364 4544 3668 4601 libertatem
3699 4561 3854 4603 suam

549 4629 719 4674 strum
749 4626 1002 4693 superbia
1035 4637 1137 4684 est.
1167 4629 1306 4686 Sunt
1325 4641 1378 4688 et
1402 4633 1604 4692 diaboli
1632 4635 1866 4693 vincula.
1902 4637 2141 4710 Denique
2169 4639 2223 4700 D
2249 4653 2356 4692 non
2383 4635 2604 4703 desinit,
2635 4647 2687 4693 et
2711 4651 2932 4693 causam
2959 4653 3366 4708 nonnumquam
3389 4637 3520 4693 dicit
3541 4655 3570 4692 c
3593 4639 3850 4707 vinculis.

546 4713 808 4783 scriptum
833 4727 918 4772 est
949 4735 963 4769 :
996 4719 1151 4775 Hanc
1176 4732 1344 4778 autem
1368 4727 1534 4796 ﬁliam
1558 4728 1799 4798 Abralue,
1826 4748 1980 4802 quam
2006 4731 2144 4806 figa-
2257 4740 2280 4769 ο
2309 4743 2538 4800 eamque
2567 4727 2670 4785 sibi
2698 4729 2877 4799 legum
2909 4730 3230 4800 praescripto
3259 4728 3527 4797 defendit,
3559 4744 3624 4784 ac
3644 4730 3855 4801 judicio

543 4805 613 4860 vit
646 4804 873 4864 Satanas
901 4811 1074 4868 decem
1111 4826 1158 4869 et
1192 4828 1305 4872 octo
1336 4821 1486 4876 annis
1508 4821 1662 4892 (Luc.
1694 4839 1812 4894 xm,
1848 4825 1960 4896 l6).
1992 4804 2146 4897 Li'gat
2245 4825 2563 4891 frequenter
2589 4825 2846 4882 absolvit.
2877 4825 3024 4898 Ergo
3049 4835 3105 4883 et
3128 4835 3183 4880 tu
3210 4825 3256 4880 si
3286 4825 3619 4896 peccaveris,
3644 4840 3856 4884 memor

622 4995 646 5022 ³
685 4987 888 5046 Omnes
914 4991 1045 5065 edit.
1076 5007 1201 5049 cum
1233 4997 1417 5062 paucis
1439 5011 1596 5065 mss.,
1626 5008 1673 5054 et
1701 5000 2020 5056 detestabilis
2052 5018 2148 5058 usu

553 5070 904 5129 peccatorum.
943 5062 1155 5135 Reliqui
1190 5081 1320 5121 mss.
1366 5062 1647 5125 nobiscum
1681 5070 1902 5126 iaciunt.

625 5128 652 5166 ἲ)
695 5131 851 5187 Rom.
895 5135 1027 5189 edit.
1079 5153 1111 5192 e
1163 5153 1334 5198 marg.
1395 5143 1554 5197 unius
1604 5142 1726 5198 cod.
1763 5142 1910 5198 νει..
1955 5145 2060 5198 Aut
2106 5146 2151 5198 si

743 5149 851 5187 om.
895 5147 1027 5189 emt.
1079 5153 1111 5192 e
1163 5153 1334 5201 marg.
1395 5147 1554 5197 unius
1604 5147 1726 5198 cod.
1764 5147 1910 5201 ναι..
1955 5147 2060 5198 Aut
2106 5147 2150 5199 si

625 5155 652 5166 υ
695 5155 851 5187 num.
895 5155 1027 5189 etut.
1079 5155 1111 5192 e
1163 5155 1334 5208 marg.
1395 5157 1554 5197 ttnltts
1604 5155 1726 5198 cou.
1769 5155 1910 5201 \’at..
1955 5155 2060 5198 Aut
2106 5155 2144 5199 si

549 5217 727 5268 manu,
751 5213 798 5258 et
827 5215 948 5260 tunc
981 5223 1139 5287 opera
1168 5227 1349 5266 manus
1379 5223 1481 5287 tute
1510 5230 1686 5287 erOga,
1727 5223 1832 5269 etc.
1863 5213 1985 5270 νει.
2011 5217 2144 5271 edit.

549 5285 613 5326 ac
657 5283 968 5356 tres_ms~;.,
1021 5281 1124 5334 Aut
1162 5297 1338 5348 manu,
1389 5285 1486 5339 hoc
1523 5281 1620 5354 est;
1665 5281 1844 5356 opera,
1884 5296 1991 5342 etc.
2040 5287 2147 5343 Alii

549 5357 741 5421 omnes
773 5348 1032 5418 legunt...
1063 5367 1236 5421 apere,
1267 5366 1373 5411 etc.

605 5426 646 5499 ,ο
665 5418 834 5500 .lnter
853 5418 1235 5500 episcoporum
1267 5426 1544 5500 privilegia
1575 5429 1706 5484 illud
1731 5437 1850 5486 erat
1877 5429 2006 5485 olim
2034 5443 2141 5485 non

546 5497 830 5561 minimum
859 5499 917 5544 ut
945 5503 1168 5561 possent
1195 5497 1364 5552 certis
1385 5498 1579 5556 diebus
1605 5500 1660 5556 in
1689 5502 1935 5558 custodia
1959 5515 2145 5557 serva-

547 5559 840 5644 tosadirc,
871 5559 1036 5644 atque
1064 5567 1245 5644 audita
1287 5568 1526 5644 ipsorum
1557 5586 1741 5644 causa,
1776 5589 1877 5644 pro
1908 5574 1974 5644 iis
2001 5576 2142 5642 apud

537 5629 748 5710 jtxdi_ce_s
769 5629 1119 5710 intervenire.
1150 5629 1538 5710 llocAliquetex
1559 5643 1649 5699 lib.
1671 5629 1882 5701 ις’(ἶοίι.
1907 5629 2140 5710 Theod.,

715 5703 818 5787 leg.
844 5702 1468 5787 11,;etflomm..Godefr.
1491 5713 1804 5787 ineamdctn
1823 5715 2018 5787 legem.
2033 5702 2141 5774 Sed

537 5770 666 5827 illud
699 5770 862 5832 etiam
901 5776 1104 5833 clarius
1129 5795 1424 5851 cognoscas
1450 5799 1516 5840 ex
1545 5785 1581 5839 Ι.
1615 5770 1698 5842 l3
1722 5770 1970 5858 Append.
2001 5770 2138 5844 Cod:

2256 5002 2467 5059 Theod.
2495 5017 2598 5074 qua
2618 5003 2750 5073 imp.
2771 5003 2908 5058 Ilon.
2929 5011 2984 5059 et
3010 5003 3216 5058 Theod.
3243 5003 3472 5061 liberum
3495 5007 3734 5062 carceris
3746 5008 3852 5064 adio

2255 5083 2368 5129 tum
2401 5076 2658 5145 episcopo
2703 5075 2940 5130 visitanti
2985 5087 3172 5144 patere
3211 5075 3406 5144 jubent
3462 5087 3518 5132 ut
3563 5080 3852 5134 medicetur

2255 5162 2446 5217 wgros,
2480 5147 2750 5217 inquiunt,
2782 5146 2890 5199 alat
2926 5161 3200 5215 pauperes,
3243 5149 3535 5202 consoletur
3573 5151 3804 5206 insontes
3838 5172 3850 5207 :

2253 5227 2302 5272 et
2325 5233 2441 5270 cum
2461 5217 2782 5289 singulorum
2798 5233 2983 5270 causas
3005 5219 3298 5287 cognoverit
3325 5220 3715 5276 interventiones
3731 5237 3855 5279 suas

2255 5289 2650 5361 apudjudicfnt
2678 5297 3044 5361 competenter»
3065 5305 3158 5361 suo
3187 5291 3312 5361 jure
3332 5290 3643 5356 moderetur,
3673 5303 3778 5349 etc.

2324 5356 2352 5434 f1
2393 5356 2536 5415 Edit.
2563 5358 2721 5414 Rom.
2742 5359 2857 5413 sola
2881 5359 3065 5428 quibus
3082 5356 3209 5413 dure
3230 5371 3521 5431 peccatores
3543 5364 3708 5434 ligant
3736 5366 3854 5420 dia-

2320 5432 2424 5493 lus,
2455 5441 2561 5487 etc.

2252 5431 2696 5579 ὺέίυῖίςξιὲεξε,
2722 5499 2790 5554 Et
2817 5517 2878 5555 ea
2906 5501 3146 5579 (ιυωῄςὶὺὶ
3178 5502 3288 5573 lege
3313 5513 3433 5579 sunt
3464 5506 3846 5579 prescripta....

2245 5574 2547 5649 absolvitur.
2577 5573 2679 5649 Alii
2706 5581 2940 5649 quatuor
2971 5591 2989 5649 ς
3022 5571 3087 5628 Et
3121 5571 3264 5649 aque
3288 5571 3576 5649 sibi_legum
3601 5571 3849 5649 pr'wwri-

2285 5656 2433 5704 ta....
2460 5645 2758 5699 absolvitur.
2795 5643 3016 5709 Caneri,
3048 5659 3111 5698 ac
3134 5646 3266 5700 edit.
3307 5643 3848 5706 nobist-um'faciunt.

2301 5721 2350 5793 ῖς
2375 5723 2556 5793 autem
2587 5716 2757 5789 legum
2785 5715 3163 5793 prgescriptum,
3208 5717 3350 5774 idem
3373 5727 3455 5774 est
3487 5723 3649 5792 atque
3671 5720 3848 5793 legum

2248 5780 2516 5859 definitio,
2550 5780 2656 5843 seti
2683 5780 3022 5842 constitutio}
