4104 6350
526 309 664 372 limi

1879 293 2125 366 sancit
2164 295 2495 368 Anenosit

3681 315 3820 374 1316

522 432 737 490 Etenim
762 433 905 504 quod
937 431 1150 504 vesperi
1181 429 1524 503 cogitaveris,
1549 427 1656 483 cito
1680 440 1801 482 cum
1829 427 2120 499 evigilave-
2148 442 2200 505 Α
2225 428 2292 483 ad
2326 427 2608 484 Dominum
2647 427 2783 483 viam
2828 435 2992 495 suam,
3023 435 3073 483 et
3101 444 3252 502 spera
3296 427 3353 484 in
3400 444 3518 484 eum
3550 446 3570 484 ,-
3621 439 3670 484 ει
3715 430 3824 501 ipse

519 528 618 593 ris,
643 528 974 584 recensebis.
1009 526 1276 583 Excitabit
1299 534 1350 582 te
1373 526 1486 595 ipse
1513 523 1775 579 Dominus
1800 521 1961 578 .Icsus
1987 539 2000 577 :
2030 522 2127 576 ad-

523 620 769 677 monebit
813 629 870 675 ut
922 635 1131 689 surgas.
1171 629 1224 675 et
1266 635 1334 674 eo
1387 626 1632 688 tempore
1679 631 1830 672 arma
1859 615 2124 672 orationis

521 729 804 781 assumas,
838 730 946 786 quo
973 715 1114 769 solet
1145 713 1425 770 incursare
1460 722 1714 768 tentator.

591 808 681 864 49.
721 807 878 864 Unde
918 825 1025 863 non
1076 809 1252 864 otiose
1288 805 1487 863 Paulus
1533 805 1816 880 apostolus
1867 812 1922 862 et
1981 803 2123 862 Silas

521 903 657 958 trusi
704 903 756 957 in
789 917 1097 970 carcerem,
1142 917 1264 956 cum
1297 900 1349 956 in
1408 916 1575 957 nervo
1607 901 1772 972 pedes
1825 899 2120 965 haberent,

521 996 698 1052 media
730 1004 908 1051 tamen
941 1005 1098 1052 nocte
1118 995 1411 1064 surgebant
1438 993 1634 1049 mentis
1653 994 1907 1064 vestigio,
1932 1006 2123 1048 exora-

518 1088 653 1145 bant
711 1088 1036 1154 Dominum,
1091 1097 1146 1142 et
1185 1087 1362 1142 laudis
1425 1085 1747 1142 sacrificium
1801 1083 2126 1140 deferebant

519 1181 660 1253 (Act.
693 1196 806 1246 xvt,
833 1183 904 1238 ‘25
928 1190 978 1234 et
1003 1181 1119 1252 26).
1145 1179 1380 1250 Ideoque
1405 1179 1496 1235 ubi
1523 1195 1630 1234 non
1661 1177 1833 1234 defuit
1870 1177 2121 1233 devotio-

519 1273 606 1328 nis
653 1271 922 1340 ofﬂcium,
969 1271 1140 1327 adfuit
1193 1274 1356 1327 etiam
1389 1270 1751 1327 absolutionis
1794 1270 2119 1326 remedium.

520 1367 712 1425 Subito
747 1368 892 1423 enim
939 1366 1118 1422 media
1169 1375 1326 1422 nocte
1366 1376 1527 1422 terra:
1582 1375 1762 1421 motus
1817 1364 1993 1422 factus
2039 1371 2124 1420 est

518 1460 865 1531 grandis;ita
922 1469 981 1514 ut
1030 1470 1173 1515 mota
1223 1467 1409 1516 essent
1459 1457 1806 1514 fundamenta
1860 1457 2120 1524 carceris,

518 1554 690 1608 valvae
720 1560 942 1622 apertte,
996 1553 1238 1608 omnium
1294 1551 1511 1608 vincula
1561 1553 1737 1607 soluta
1768 1550 1898 1605 sint.
1949 1548 2123 1604 Audis

519 1643 977 1715 quemadmodum
1027 1643 1073 1698 si
1124 1642 1318 1714 ligatus
1348 1640 1551 1709 fueris,
1587 1639 1785 1713 quibus
1831 1639 2079 1695 manibus
2105 1680 2119 1704 ,

519 1739 717 1810 quibus
747 1738 1003 1809 operibus
1034 1737 1151 1808 ipse
1199 1748 1251 1793 te
1278 1737 1479 1802 solvas,
1512 1734 1973 1805 quemadmodum
2023 1747 2122 1787 cu-

2224 521 2399 591 faciet,
2429 531 2479 576 et
2522 522 2701 576 educet
2729 522 2859 576 sicut
2899 520 3070 576 lumen
3105 523 3371 596 justitiam
3410 531 3572 583 tuam.
3604 531 3654 576 et
3675 521 3826 594 judi-

2225 617 2360 671 cium
2409 626 2554 670 tuum
2597 617 2733 672 sicut
2770 615 3034 671 meridiem
3064 614 3291 686 (Psalm.
3348 631 3529 682 xxxvi,
3564 615 3597 670 5
3646 623 3693 669 et
3741 612 3823 684 6).

2224 703 2324 761 Ubi
2357 707 2499 762 enim
2522 723 2645 764 vera
2668 714 2752 762 est
2795 706 2959 772 fides,
2993 707 3064 763 ibi
3093 709 3205 763 veri
3233 708 3452 764 luminis
3487 707 3659 778 gratia
3699 712 3821 760 est:

2224 800 2314 858 ubi
2341 802 2665 860 innocentia!
2685 803 2949 875 prolixior
2977 802 3244 870 custodia,
3275 803 3641 873 virtutumque
3665 801 3824 871 longa

2223 897 2575 955 meditatione
2601 913 2922 972 processus,
2949 896 3036 952 ubi
3062 895 3316 968 splendor
3347 897 3506 952 bonae
3540 894 3826 952 conscien-

2225 995 2313 1048 tiae
2356 993 2446 1048 diu
2489 1007 2852 1064 permanens,
2896 991 2969 1047 ibi
3004 991 3359 1061 intelligibilis
3405 1000 3491 1046 est
3533 987 3822 1045 meridies:

2223 1085 2369 1142 ibict
2402 1096 2456 1141 ιιι
2483 1083 2701 1142 Christo
2733 1085 2932 1141 mentis
2965 1094 3070 1140 tua:
3113 1084 3302 1155 epulas
3349 1080 3656 1146 exbibebis,
3687 1088 3743 1136 et
3769 1079 3825 1135 in

2223 1177 2431 1234 divitiis
2460 1179 2582 1249 ejus
2600 1179 2761 1235 etiam
2790 1179 2906 1250 ipse
2923 1179 3190 1249 pasceris;
3221 1181 3296 1232 ita
3318 1183 3377 1232 ut
3405 1191 3512 1232 non
3539 1184 3828 1247 praematu—

2224 1287 2317 1327 rus
2351 1281 2405 1328 et
2443 1273 2599 1329 velox
2644 1273 2763 1329 veri
2816 1271 3038 1328 luminis
3087 1279 3346 1342 sequatur
3399 1283 3664 1337 occasus,
3722 1283 3826 1324 nec

2224 1365 2443 1438 quidam
2469 1365 2662 1422 studiis
2685 1365 2791 1422 tuis
2818 1365 3139 1421 tenebrosus
3163 1365 3276 1419 cito
3298 1379 3492 1432 vesper
3523 1361 3821 1425 incumbat,

2223 1465 2278 1513 et
2315 1473 2480 1528 opera
2520 1457 2658 1514 bona
2689 1457 3006 1529 interjectns
3038 1456 3320 1528 impediat.
3358 1455 3511 1525 Quod
3558 1456 3603 1510 si
3652 1461 3827 1510 tenta-

2225 1551 2429 1605 tionum
2479 1565 2586 1606 nox
2638 1549 2938 1616 advenerit,
2969 1564 3076 1604 non
3117 1549 3390 1606 immerito
3439 1548 3616 1606 media
3667 1557 3828 1604 nocte

2223 1644 2573 1716 surgendum,
2600 1657 2653 1700 et
2695 1645 2957 1701 orandum
2985 1644 3095 1712 ditt,
3131 1653 3186 1702 et
3209 1642 3572 1716 protrahenda
3603 1643 3826 1714 psalmis

2226 1749 2491 1812 tempora,
2527 1741 2700 1797 donec
2733 1741 2914 1798 veniat
2948 1739 3084 1808 dies,
3114 1751 3170 1797 et
3191 1740 3472 1796 illucescat
3525 1739 3618 1795 tibi
3667 1736 3824 1794 Chri-

517 1831 703 1887 stodes
747 1834 941 1886 timere
969 1845 1076 1886 non
1106 1829 1326 1901 possis?
1369 1829 1545 1899 Surge
1585 1827 1750 1899 igitur
1779 1825 1846 1881 ad
1892 1839 2118 1896 precan-
2146 1831 2196 1893 Β
2223 1844 2358 1890 gms.

521 1928 670 1985 dum.
705 1929 779 1983 Ea
813 1928 943 1982 hora
991 1934 1094 1994 est,
1125 1943 1229 1996 qua
1277 1934 1516 1981 tentatur
1566 1939 1768 1981 nocere
1816 1921 2120 1990 consuevit,

519 2031 573 2078 et
620 2022 860 2090 nequitia
911 2021 1198 2076 consuevit
1256 2021 1487 2075 irruere.
1539 2017 1616 2074 Ea
1670 2017 1800 2073 hora
1848 2023 1966 2082 est,
2017 2030 2123 2086 qua

517 2117 659 2173 solet
691 2115 952 2170 adversus
985 2113 1309 2169 tentationes
1352 2127 1547 2185 graves
1575 2111 1877 2167 remedium
1929 2109 2119 2164 venire

521 2212 770 2267 caeleste.
817 2208 1208 2264 Excubandum
1240 2208 1334 2261 tibi
1381 2214 1494 2272 est,
1529 2221 1597 2262 ne
1619 2222 1722 2277 qua
1771 2203 1963 2260 fraude
2009 2203 2125 2257 vin-

519 2305 662 2363 caris
687 2324 700 2361 :
733 2303 1124 2374 providendum
1153 2309 1213 2357 ut
1243 2317 1308 2358 eo
1333 2310 1578 2372 tempore
1624 2317 1733 2371 quo
1766 2310 1921 2371 potes
1944 2300 2125 2356 vince-

521 2416 602 2465 re,
633 2415 972 2472 nequaquam
1005 2397 1256 2453 vincendi
1288 2407 1499 2466 tempus
1525 2396 1766 2451 amittas.

593 2491 684 2548 5t).
729 2493 796 2548 Et
840 2493 966 2563 quia
1023 2491 1328 2547 orationem
1383 2503 1506 2545 esse
1560 2487 1895 2544 subeundam
1946 2484 2122 2542 media

522 2597 685 2643 noete
711 2584 950 2641 diximus
972 2626 987 2650 ,
1012 2598 1119 2639 non
1151 2583 1330 2639 minus
1360 2583 1523 2637 etiam
1552 2581 1622 2636 de
1653 2577 1959 2651 hujusmodi
1993 2579 2126 2633 hora

522 2680 629 2736 diei
658 2677 946 2734 dicendum
979 2676 1190 2732 videtur
1215 2691 1228 2740 ;
1254 2675 1527 2731 contraria
1565 2673 1706 2730 enim
1738 2673 1845 2727 diei
1877 2688 1988 2728 nox
2019 2681 2122 2728 est.

523 2772 664 2842 Quid
704 2773 850 2828 enim
900 2770 1007 2827 luci
1057 2785 1344 2826 commune
1399 2784 1520 2824 cum
1571 2766 1846 2822 tenebris?
1895 2765 1962 2820 Et
2001 2764 2125 2820 ideo

522 2866 749 2921 adversa
799 2863 904 2920 sibi
952 2863 1142 2919 eadem
1176 2871 1438 2917 nocturna
1490 2867 1573 2914 est
1599 2859 1690 2914 vel
1731 2858 1949 2912 diurna.
1977 2854 2129 2912 Sicut

523 2960 671 3015 enim
697 2959 873 3013 media
905 2967 1068 3012 nocte
1099 2957 1372 3026 primitiva
1405 2953 1784 3026 Egyptiorum
1814 2961 1840 2990 κ
1889 2957 2127 3007 tentator

519 3050 757 3116 occidit,
809 3059 866 3104 et
911 3065 979 3105 ex
1027 3063 1096 3106 eo
1164 3050 1512 3120 cognoscitur
1568 3047 1712 3118 quod
1775 3061 1838 3102 ea
1891 3046 2125 3100 maxime

523 3145 658 3200 hora
680 3150 938 3215 operetur
967 3143 1314 3198 adversarius
1339 3158 1353 3205 ;
1386 3143 1458 3196 ita
1488 3157 1518 3195 e
1546 3141 1822 3196 contrario
1845 3138 1992 3209 quod
2016 3153 2128 3192 tne-

2296 1929 2387 1986 5‘2.
2429 1926 2564 1985 Vide
2616 1927 2778 1999 igitur
2820 1943 2889 1984 ne
2943 1934 2997 1983 et
3027 1941 3124 1998 per
3169 1925 3312 1983 diem
3356 1924 3452 1987 tibi
3490 1924 3668 1981 media
3715 1938 3824 1980 nox

2225 2023 2339 2091 ﬁat,
2373 2039 2479 2094 quo
2525 2022 2713 2079 mundi
2761 2023 3014 2094 princeps
3064 2021 3387 2078 tenebrosus
3431 2026 3488 2076 et
3543 2018 3822 2091 squalidus

2224 2117 2614 2189 plenitudinem
2639 2116 2733 2173 tibi
2760 2115 3075 2172 tentationis
3101 2114 3370 2170 infundat.
3419 2112 3592 2185 Surge
3636 2111 3819 2185 igitur,

2224 2219 2281 2266 et
2305 2211 2480 2265 excita
2526 2219 2673 2265 tuam
2701 2218 2938 2266 mentem
2971 2225 2983 2262 :
3024 2224 3130 2263 non
3163 2206 3594 2278 durmitabitqui
3641 2215 3825 2261 custo-

2225 2303 2304 2358 dit
2338 2311 2421 2368 te,
2453 2303 2496 2358 si
2529 2313 2581 2358 te
2618 2319 2725 2357 non
2765 2302 3000 2373 reperiat
3030 2301 3432 2359 dormientem:
3461 2301 3554 2357 sed
3604 2307 3822 2371 surget,

2224 2395 2270 2450 si
2295 2404 2347 2450 et
2372 2395 2487 2466 ipse
2513 2394 2674 2450 fuerit
2702 2404 2808 2450 tute
2837 2395 3033 2450 animae
3058 2395 3258 2465 vigiliis
3287 2393 3556 2450 excitatus
3580 2409 3593 2447 :
3633 2401 3689 2448 et
3719 2392 3823 2446 im-

2225 2489 2652 2561 perabitvento,
2697 2498 2753 2544 et
2803 2487 2897 2544 ﬂet
2936 2487 3297 2558 tranquillitas
3327 2487 3379 2542 in
3438 2495 3530 2542 tuo
3583 2495 3821 2556 pectore,

2226 2580 2370 2652 quod
2429 2582 2769 2636 diversarum
2825 2581 3185 2651 procellarum
3248 2579 3462 2636 turbine
3507 2579 3822 2635 iluctuabat.

2229 2675 2570 2748 Surgendum
2608 2676 2770 2747 igitur
2799 2675 2979 2732 nobis.
3011 2675 3160 2731 Solet
3184 2673 3429 2745 Sponsus
3462 2674 3641 2729 media
3667 2655 3827 2730 nocte

2231 2774 2459 2828 venire:
2503 2787 2633 2828 cave
2661 2787 2729 2828 ne
2767 2781 2821 2827 te
2852 2771 3215 2828 dormientem
3245 2771 3508 2833 inveniat,
3564 2785 3701 2826 cave
3759 2785 3826 2826 ne

2229 2866 2400 2922 facem
2434 2878 2576 2921 tuam
2609 2882 2713 2920 non
2743 2881 2913 2938 queas
2941 2865 3314 2922 somnolentus
3336 2865 3656 2921 accendere.
3695 2863 3828 2920 Sur-

2227 2959 2462 3030 gendum
2486 3001 2501 3028 ,
2535 2958 2753 3026 inquam
2777 3001 2790 3025 ,
2823 2968 2878 3015 et
2929 2958 3159 3014 Domino
3201 2958 3567 3014 confitendum
3618 2966 3724 3023 est,
3767 2965 3830 3012 ut

2228 3053 2430 3123 gratias
2461 3067 2608 3123 agas.
2641 3052 2959 3108 Cunﬁtenda
2987 3051 3148 3107 etiam
3191 3053 3310 3122 ejus
3345 3050 3546 3123 judicia
3593 3062 3822 3114 aeterna;

2229 3154 2292 3200 ut
2320 3144 2576 3215 quidquid
2603 3147 2757 3200 nobis
2786 3145 2912 3200 boni
2941 3144 3156 3208 accidit,
3189 3145 3306 3216 ejus
3334 3144 3556 3214 justitize
3597 3141 3824 3213 deputo.

521 3239 735 3295 ridiano
773 3249 1016 3308 tempore
1043 3237 1216 3290 virtus
1255 3235 1453 3290 divina:
1481 3233 1616 3288 luteis
1646 3241 1926 3303 operetur.
1970 3230 2123 3285 Unde
2151 3230 2200 3294 C
2229 3254 2384 3295 mus:
2412 3254 2476 3294 ac
2500 3241 2617 3294 sive
2641 3239 2837 3295 divites
2866 3255 3074 3302 sumus,
3101 3239 3215 3295 sive
3243 3239 3534 3294 salubriter
3560 3237 3823 3301 valemus,

521 3342 576 3388 et
606 3331 878 3388 Abraham
910 3331 1054 3386 eirea
1088 3328 1372 3384 meridiem
1404 3328 1615 3382 sobrias
1651 3325 1909 3381 tendebat
1951 3338 2123 3380 estcu-

522 3425 682 3491 bias,
723 3434 781 3481 et
831 3423 957 3478 boni
1003 3423 1217 3494 aliquos
1266 3421 1616 3493 exspectabat
1664 3429 1911 3486 eventus,
1945 3419 2126 3472 levans

521 3518 712 3574 oculos
738 3533 885 3584 suos,
937 3532 1001 3572 ac
1043 3515 1271 3571 ﬁnitima
1302 3513 1662 3583 perlustrans,
1711 3511 1853 3582 quod
1885 3527 1951 3565 eo
1986 3518 2127 3565 tem-

522 3625 656 3682 pore
683 3609 1066 3668 advenientem
1093 3607 1323 3678 gratiam
1351 3605 1453 3661 sibi
1472 3615 1741 3676 quaereret
1765 3604 1783 3674 (
1808 3602 1936 3658 Gen.
1972 3618 2122 3668 xvtn,

523 3709 548 3764 1
597 3705 769 3777 ειεὶ).
812 3704 910 3760 lilo
965 3705 1129 3775 igitur
1181 3713 1430 3770 tempore
1484 3715 1608 3755 cum
1662 3699 1874 3755 duobus
1922 3697 2128 3770 angelis

521 3798 730 3855 sanctis
783 3799 999 3853 divinus
1046 3797 1096 3852 ei
1147 3794 1350 3865 hospes
1402 3792 1621 3849 advenit
1675 3809 1688 3846 :
1740 3791 1832 3845 illo
1880 3799 2128 3860 tempore

519 3894 800 3950 Christum
857 3892 1096 3962 suscepit
1145 3889 1418 3962 hospitio:
1448 3888 1542 3942 illo
1573 3895 1817 3957 tempore
1869 3885 1956 3940 illa
2007 3901 2128 3954 qua:

520 3986 660 4056 legis
699 3993 756 4040 et
787 3984 1066 4055 intelligis,
1095 3982 1369 4038 celebrata
1397 3979 1653 4053 mysteria
1705 3986 1850 4032 sunt.
1901 3977 2128 4045 Quando

520 4081 669 4137 enim
709 4079 882 4150 magis
920 4078 1108 4133 debuit
1137 4075 1354 4132 fidelem
1386 4076 1561 4128 virum
1600 4073 1784 4127 divina
1816 4069 2128 4126 illuminare

521 4174 841 4245 praesentia,
876 4187 1038 4241 quam
1087 4186 1212 4228 cum
1272 4169 1360 4224 lux
1394 4167 1501 4224 diei
1545 4166 1762 4237 plenior
1800 4163 2128 4234 refulgeret?

523 4267 826 4337 Meritoque
857 4267 1018 4320 etiam
1065 4274 1287 4319 sanctus
1321 4261 1523 4331 Joseph
1561 4261 1798 4331 receptis
1845 4260 2124 4325 fratribus,

522 4371 579 4416 et
606 4360 874 4416 arcersito
897 4359 1081 4429 j-unior
1105 4372 1368 4429 germano
1394 4371 1554 4427 quem
1587 4355 1822 4408 maxime
1843 4353 2124 4423 diligebat,

524 4451 752 4509 meridie
801 4455 1068 4506 instaurat
1113 4449 1422 4505 convivium
1469 4446 1635 4516 (Gen.
1664 4461 1819 4511 xutt,
1850 4441 1960 4516 iii).
1997 4445 2124 4499 Erat

524 4548 671 4602 enim
713 4545 972 4600 meridies
1019 4545 1072 4600 in
1113 4543 1287 4598 sancti
1335 4540 1539 4609 Jusepb
1596 4552 1837 4611 pectore,
1907 4539 2124 4610 quando

2229 3333 2281 3388 id
2308 3333 2533 3402 justitite
2587 3334 2798 3389 Domini
2844 3333 3181 3395 deferamus;
3228 3335 3353 3406 quia
3395 3333 3574 3405 justus
3615 3341 3723 3395 est,
3767 3341 3826 3388 ut

2226 3440 2364 3496 Opus
2393 3442 2548 3482 suum
2579 3436 2791 3482 tueatur
2818 3443 2880 3483 ac
2902 3435 3102 3488 servet.
3136 3437 3193 3483 ut
3218 3441 3356 3498 quos
3385 3428 3558 3481 nudus
3584 3425 3824 3482 indotata

2227 3519 2455 3594 quadam
2479 3530 2685 3576 natura:
2705 3529 2856 3577 sorte
2884 3523 2935 3576 in
2984 3520 3122 3577 hanc
3153 3518 3378 3592 projecit
3403 3522 3648 3592 corporis
3679 3520 3828 3574 intir-

2229 3613 2492 3682 mitatem,
2544 3615 2729 3685 vigore
2779 3615 2970 3683 animi,
3001 3625 3056 3672 et
3100 3615 3489 3672 misericordim
3539 3629 3653 3670 suae
3702 3613 3828 3670 dote

2229 3712 2494 3777 pauperes
2519 3711 2720 3764 vestire
2744 3708 3017 3780 dignetur.
3041 3707 3197 3776 Quod
3243 3707 3429 3779 utique
3478 3707 3629 3762 omni
3661 3722 3828 3777 agen-

2227 3801 2356 3857 dum
2384 3812 2630 3875 tempore
2646 3804 2995 3861 manifestum
3022 3813 3128 3872 est,
3151 3815 3209 3860 ut
3233 3820 3332 3860 nec
3360 3803 3472 3871 die,
3501 3819 3604 3859 nec
3643 3813 3824 3870 noete,

2228 3911 2330 3951 nec
2381 3897 2497 3952 ullo
2549 3908 2792 3970 tempore
2843 3913 2872 3954 a
2920 3901 3212 3970 gratiarum
3266 3900 3480 3957 actione
3530 3899 3828 3957 debeamus

2229 4006 2442 4047 vacare.

2301 4083 2387 4139 5⁸5.
2421 4081 2600 4156 (Vers.
2624 4083 2742 4158 63.)
2789 4085 3049 4157 Sequitur
3088 4099 3285 4142 versus
3309 4088 3612 4156 septimus;
3650 4083 3829 4141 Parti-

2229 4194 2345 4249 ceps
2375 4194 2470 4252 ego
2497 4195 2608 4234 sum
2633 4179 2863 4234 omnium
2904 4180 3189 4236 timentium
3227 4190 3293 4247 te,
3335 4189 3382 4236 et
3433 4180 3828 4236 custodientium

2228 4270 2476 4325 mandata
2529 4282 2638 4326 tan.
2699 4271 2870 4328 Habet
2918 4282 2972 4329 et
3019 4271 3270 4328 Christus
3327 4273 3619 4343 participes
3663 4282 3829 4342 atque

2229 4376 2511 4420 consortes
2557 4366 2661 4421 sui.
2695 4367 2938 4438 Denique
2973 4365 3138 4422 David
3187 4365 3377 4438 probat
3403 4365 3624 4420 dicens:
3659 4364 3827 4421 Unxit

2228 4468 2276 4513 te
2308 4457 2465 4524 Deus,
2497 4456 2638 4514 Deus
2676 4469 2791 4514 tuus
2839 4459 2950 4515 oleo
2981 4459 3174 4516 (milia:
3218 4475 3328 4524 pro:
3355 4459 3675 4514 consortibus
3724 4459 3828 4512 tuis

2232 4549 2403 4620 (Psal.
2434 4567 2582 4616 κων,
2606 4553 2686 4624 8).
2723 4551 2898 4610 Habet
2953 4555 3247 4626 participes
3293 4555 3510 4619 carnis;
3539 4555 3662 4625 quia
3708 4569 3830 4609 car-

459 4629 467 4639 ’
522 4642 676 4696 ltetas
709 4640 900 4709 epulas
930 4638 1188 4694 fratribus
1232 4634 1573 4707 splendentis
1610 4634 1801 4706 gratia:
1853 4631 2123 4687 ministra-

2230 4660 2351 4700 nem
2400 4647 2675 4717 suscepit:
2714 4647 2875 4704 habet
2931 4625 3265 4717 prophetae;
3312 4648 3435 4720 quia
3485 4647 3822 4718 Prophetam,

523 4738 610 4794 bat
634 4779 651 4801 ,
700 4734 1120 4800 suavissitnique
1147 4734 1300 4788 cibus
1327 4731 1546 4802 alloquii
1578 4729 1883 4794 dividebat;
1915 4739 1972 4782 ut
1998 4743 2120 4783 cunt

521 4829 600 4886 illi
645 4839 860 4899 ptenam
909 4829 1090 4883 fratris
1119 4823 1680 4895 metuerentappetiti
1728 4834 1782 4878 et
1823 4822 2027 4878 venditi
2070 4824 2122 4878 in

524 4923 870 4989 servitutem,
903 4923 992 4977 ille
1018 4918 1433 4988 tlivinojudicio
1456 4919 1587 4988 ipsis
1612 4916 1817 4972 diceret
1839 4932 1961 4973 esse
1992 4931 2122 4987 pro-

511 5017 731 5082 visum,
779 5027 837 5071 ut
880 5015 932 5068 in
985 5012 1285 5085 Egyptum
1329 5011 1724 5076 deduceretur,
1779 5009 1872 5079 qui
1925 5009 2120 5064 famem

522 5109 915 5168 sustinentibus
971 5108 1284 5172 alimoniam
1337 5121 1446 5164 non
1501 5113 1724 5178 negaret
1770 5102 1944 5178 (Gen.
1995 5121 2122 5174 xcv,

526 5205 679 5277 5-7).

592 5298 682 5353 5L
725 5297 1000 5354 Habemus
1044 5310 1175 5367 ergo
1207 5295 1260 5349 in
1291 5292 1447 5349 nobis
1500 5291 1806 5347 meridiem.
1864 5290 2123 5348 Meridies

522 5402 601 5451 est
622 5394 693 5454 ei,
719 5393 806 5446 cui
834 5390 1059 5461 jnstitim
1087 5391 1166 5445 sol
1193 5388 1446 5459 refulget,
1465 5397 1522 5444 et
1545 5386 1698 5458 cujus
1726 5403 1890 5460 opere
1911 5387 2122 5462 1075

515 5487 683 5550 Ι)οιιο,
728 5487 817 5542 vel
864 5484 1289 5556 cogitationibus
1339 5484 1610 5546 innoxiis,
1645 5491 1701 5539 et
1749 5497 1882 5550 pina
1935 5492 2122 5538 mente

518 5590 683 5651 atque
703 5578 914 5636 sincera
947 5578 1187 5650 pascitur
1213 5576 1487 5654 Christus.
1536 5575 1694 5632 Disce
1732 5576 1894 5647 igitur
1924 5592 2119 5648 quent-

513 5673 808 5733 admodum
860 5673 954 5732 tibi
1004 5674 1120 5748 ipse
1147 5674 1313 5732 facias
1339 5672 1650 5736 meridiem.
1682 5669 1898 5741 Revela,
1923 5673 2126 5748 inquit,

2226 4737 2424 4805 inquit,
2458 4738 2596 4793 vobis
2619 4740 2883 4795 suscitabit
2910 4739 3168 4796 Dominus
3199 4740 3340 4797 Deus
3367 4753 3527 4796 vester
3556 4742 3620 4796 de
3649 4742 3830 4815 fratri-

2227 4828 2320 4883 bus
2369 4832 2548 4885 vestris
2594 4842 2850 4903 tamquam
2903 4850 2984 4888 me
3007 4851 3026 4890 :
3058 4836 3227 4904 ipsum
3257 4835 3479 4891 audietis
3510 4853 3602 4908 per
3654 4837 3829 4890 ontnia

2226 4938 2555 4993 quaecumque
2593 4926 2830 4995 loquetur
2855 4928 3014 4983 vobis.
3070 4927 3184 4983 Erit
3230 4940 3420 4998 autem,
3459 4931 3624 4986 omnis
3653 4931 3831 4985 anima

2226 5033 2343 5086 qua:
2387 5035 2488 5074 non
2518 5021 2742 5076 audierit
2771 5022 3076 5093 praphet'im
3105 5023 3276 5092 illum,
3310 5024 3734 5082 exterminabitur
3763 5025 3829 5080 de

2229 5109 2372 5180 plebe
2391 5110 2568 5184 (Deut.
2601 5129 2752 5180 svnt,
2783 5113 2855 5170 18
2877 5125 2924 5171 et
2955 5114 3070 5181 ιθ).
3095 5115 3218 5185 Ipse
3245 5126 3332 5173 est.
3355 5133 3522 5174 verus
3541 5119 3830 5190 propheta.

2226 5204 2320 5276 qui
2348 5207 2468 5263 sine
2509 5207 2734 5264 alterius
2785 5224 3015 5265 munere
3043 5209 3226 5267 futura
3279 5212 3716 5283 cognoscittqui
3761 5226 3832 5268 ea

2224 5317 2345 5374 qua:
2372 5311 2599 5359 ventura
2626 5311 2803 5366 erant,
2837 5302 3048 5359 locutus
3071 5315 3155 5362 est
3185 5306 3236 5362 in
3270 5303 3572 5377 prophetis.
3601 5305 3682 5362 An
3717 5319 3832 5360 non

2225 5402 2309 5451 est
2331 5396 2615 5466 propheta,
2643 5395 2732 5462 qui
2757 5393 2881 5451 facit
2913 5398 3054 5456 alios
3079 5398 3446 5469 prophetare?
3475 5399 3596 5468 Ipse
3622 5411 3698 5455 est
3733 5397 3836 5469 qui.

2224 5489 2444 5545 auditur
2465 5491 2606 5546 sicut
2633 5489 2747 5547 Lex
2773 5510 2787 5561 ;
2813 5493 2939 5565 quia
2969 5501 3027 5549 et
3066 5493 3180 5550 Le-s
3233 5504 3319 5550 est
3357 5493 3554 5563 ipsius.
3582 5494 3830 5562 Denique

2227 5584 2288 5640 Si
2317 5584 2552 5657 Moysen,
2581 5586 2777 5657 inquit,
2806 5598 2855 5644 et
2893 5589 3172 5660 prophetas
3198 5605 3300 5646 non
3345 5591 3608 5650 audiunt:
3638 5607 3730 5646 nec
3780 5591 3836 5647 si

2225 5678 2336 5749 quis
2364 5694 2428 5734 ea:
2469 5679 2685 5736 mortuis
2721 5681 2790 5738 ad
2839 5681 2966 5744 illos,
3012 5682 3220 5753 abierit,
3271 5681 3479 5743 credent
3525 5683 3679 5757 (Luc.
3708 5700 3833 5753 “1,.

591 5861 614 5891 τί
657 5855 746 5914 Sic
790 5869 983 5916 omnes
1009 5869 1140 5914 mss.
1166 5850 1487 5925 atquejedit.
1516 5859 1744 5923 excepta
1796 5863 1903 5908 una
1934 5849 2090 5907 Rom.
2133 5846 2222 5908 ubi
2253 5849 2490 5919 positum
2509 5858 2611 5920 est,
2639 5855 3007 5912 exterminatur
3035 5853 3248 5910 occidit.
