4070 6508
151 413 289 480 iiii?

1222 402 1919 489 lN__PSALblUM;CXVili
1958 400 2344 468 exrosrrio.

3312 414 3455 474 1318

145 533 265 606 3t).
305 531 541 604 Ideoque
583 530 817 604 populus
838 528 1156 589 intimorum
1204 530 1329 601 quia
1386 544 1494 584 non
1540 527 1747 583 audivit
1773 546 1822 600 Α
1921 522 2010 579 55.
2058 524 2193 580 Vide
2238 535 2417 580 autem
2464 537 2623 596 quam
2663 525 2968 584 verecunde
2998 525 3273 601 Propheta
3302 531 3459 588 dixe-

146 626 297 684 hnttc
328 625 667 695 prophetam,
692 624 762 681 de
811 624 968 695 plebe
998 625 1391 680 exterminatus
1418 634 1533 689 est;
1565 633 1624 678 ut
1655 639 1749 690 po-

149 719 313 789 puius
346 719 434 774 hei
458 732 581 774 esse
604 717 902 785 desineret,
933 719 1022 788 qui
1066 725 1193 772 ante
1224 717 1450 787 populus
1479 717 1572 772 Dei
1603 715 1752 771 dicc-

149 812 334 867 batur.
362 809 535 865 Habet
561 819 847 866 consortes
869 808 1146 878 baptismi;
1175 808 1389 881 1070
1410 808 1538 879 quia
1572 806 1751 878 bapti-

150 912 308 959 zatus
342 918 439 973 pro
469 902 630 958 nobis
666 912 752 959 est
780 918 796 955 :
830 901 995 957 habet
1043 911 1324 957 consortes
1347 900 1592 971 justitiae;
1625 899 1752 971 quia

151 996 273 1066 ipse
305 996 517 1066 justitia
552 1005 658 1063 est,
698 1004 752 1051 et
787 995 947 1050 nobis
975 993 1045 1049 de
1087 1009 1186 1049 suo
1230 992 1383 1049 dedit
1424 992 1506 1047 sui
1556 991 1755 1048 habere

153 1088 493 1147 consortium
520 1105 536 1143 :
562 1087 729 1144 habet
756 1097 1038 1143 consortes
1058 1084 1330 1151 veritatis;
1353 1084 1477 1157 quia
1520 1086 1638 1156 ipse
1664 1100 1757 1142 ve-

153 1184 291 1240 ritas
322 1193 429 1252 est,
463 1192 519 1239 et
549 1196 650 1237 nos
674 1190 863 1238 tenere
893 1180 1065 1237 voluit
1087 1181 1406 1236 veritatem:
1438 1180 1599 1237 habet
1628 1194 1758 1236 cons

156 1287 336 1334 sortes
390 1276 847 1342 resurrectionis;
898 1275 1024 1347 quia
1072 1275 1187 1346 ipse
1240 1282 1324 1330 est
1379 1273 1755 1330 resurrectio:

159 1369 328 1427 habet
368 1376 651 1427 consortes
692 1368 1054 1424 immaculata:
1078 1366 1243 1433 vitae;
1271 1368 1399 1438 quia
1426 1368 1543 1438 ipse
1566 1367 1761 1423 imma-

161 1462 377 1518 culatus
406 1470 509 1518 est.
543 1461 954 1534 thuicumque
986 1463 1038 1516 in
1072 1462 1315 1517 novitate
1342 1462 1466 1516 vitae
1515 1462 1762 1517 ambula-

163 1555 325 1620 verit,
366 1555 695 1625 quicumque
745 1554 1016 1610 tramitem
1058 1552 1565 1624 justitizntenuerit,
1596 1555 1762 1624 parti-

163 1663 292 1719 ceps
312 1646 515 1704 Christi
539 1660 641 1705 est.
669 1648 839 1705 Habet
859 1648 1021 1703 etiam
1056 1647 1423 1703 tribulationis
1457 1662 1569 1702 suae
1599 1648 1765 1716 parti-

164 1741 345 1813 cipes;
400 1740 633 1813 ideoque
684 1743 775 1812 qui
827 1744 1098 1812 particeps
1139 1741 1261 1811 ejus
1305 1754 1429 1796 esse
1471 1740 1762 1812 cupiebat,

166 1833 335 1897 dixit:
363 1833 517 1890 Nunc
545 1834 744 1907 gaudeo
764 1836 818 1890 in
839 1835 1162 1905 passionibus
1197 1851 1290 1903 pro
1318 1833 1493 1899 vobis,
1523 1845 1573 1890 et
1597 1835 1766 1889 adim-

1851 618 1959 673 rit:
1984 617 2258 690 Particeps
2296 637 2389 693 ego
2436 636 2553 675 sum
2595 622 2881 676 timentium
2904 632 2971 680 te.
3014 624 3131 680 Non
3164 626 3302 681 dixit
3331 628 3455 681 imi—

1853 711 2109 781 tantium,
2134 713 2231 769 sed
2264 715 2594 782 timentium;
2625 714 2837 771 initium
2882 716 3030 773 enim
3057 719 3342 790 sapientia:
3373 728 3461 777 est

1853 804 2019 861 timor
2044 805 2261 862 Domini
2288 806 2457 879 (Eccl.
2488 823 2528 877 ι,
2564 807 2675 881 16).
2711 810 2858 867 inter
2898 812 3060 870 rudes
3089 829 3147 870 se
3171 808 3461 871 consuituit

1854 894 2186 966 humilitate,
2214 912 2335 954 cum
2366 907 2657 957 veteranos
2687 903 2978 963 devotione
3013 916 3319 983 superaret.
3352 907 3462 964 Sed

1855 994 2039 1043 tamen
2076 997 2132 1045 et
2176 989 2367 1046 timere
2423 989 2645 1048 virtutis
2699 1004 2820 1062 est;
2864 998 2989 1067 quia
3032 1000 3294 1070 scriptum
3344 1006 3462 1056 est:

1860 1075 2054 1135 Timete
2100 1079 2379 1137 Dominum
2429 1098 2606 1140 omnes
2649 1086 2818 1141 sancti
2868 1087 3206 1164 ejus(Psal.
3260 1107 3465 1164 χχχιιι,

1859 1171 1985 1244 10).
2064 1189 2108 1251 ι

1929 1265 2019 1323 56.
2061 1265 2169 1323 Sed
2201 1281 2269 1325 ne
2292 1268 2563 1341 aliquibus
2595 1270 2756 1329 timor
2780 1271 2880 1330 iste
2899 1291 3004 1337 non
3034 1288 3254 1337 sanctus
3279 1277 3463 1336 videa-

1861 1367 1946 1415 tur
1986 1361 2155 1433 (quia
2182 1371 2309 1418 sunt
2348 1366 2438 1436 qui
2472 1364 2662 1437 ignava
2707 1367 2999 1426 formidine
3046 1371 3465 1443 pertimescunt,

1859 1460 1914 1508 et
1944 1449 2125 1509 hebeti
2155 1456 2432 1527 trepidant
2482 1461 2666 1533 metu)
2696 1461 2933 1521 addidit:
2967 1462 3037 1517 Et
3067 1467 3466 1524 custodientium

1860 1546 2109 1601 mandatu
2140 1556 2250 1603 tua.
2296 1547 2366 1606 Ut
2413 1555 2731 1609 ostenderet
2760 1570 2820 1609 se
2861 1557 3035 1615 sancti
3088 1558 3301 1614 timoris
3344 1574 3470 1627 esse

1861 1647 2193 1733 consortem.
2238 1642 2349 1698 Aut
2401 1644 2501 1698 sic.
2543 1643 2737 1701 Potest
2782 1646 3001 1719 quidem
3036 1648 3245 1733 1077
3274 1649 3466 1708 timere

1862 1728 2028 1787 Corde
2070 1732 2329 1800 devotus,
2377 1734 2472 1791 sed
2523 1750 2690 1808 opere
2731 1739 2913 1810 piger;
2956 1750 3014 1794 ut
3052 1728 3123 1796 Sit
3164 1728 3466 1814 religiosus

1863 1823 2083 1899 aﬂ‘ectu,
2114 1827 2324 1884 otiosus
2354 1838 2495 1885 actu.
2534 1830 2651 1886 Non
2678 1843 2855 1889 tamen
2891 1844 3069 1904 potest
3115 1837 3267 1911 piger
3310 1853 3465 1903 esse,

166 1925 280 1997 ριεο
319 1943 381 1983 ea
407 1944 520 1998 qua,
564 1929 750 1984 dm...
789 1929 1090 2000 paganum
1114 1927 1307 1986 ειινίσιε
1333 1929 1387 1983 in
1433 1944 1587 1982 came
1627 1944 1761 1997 mea,
1796 1936 1841 2000 Β
1868 1920 1959 1989 qui
2002 1921 2255 1977 mandata
2303 1923 2511 1980 Domini
2546 1926 2803 1982 custodit.
2837 1926 2938 1995 Qui
2968 1944 3097 2000 ergo
3153 1930 3330 1998 timet,
3373 1946 3470 1987 cu-

167 2035 260 2088 pro
310 2036 527 2090 corpore
569 2023 718 2094 ejus,
755 2037 870 2091 φατε
917 2033 994 2077 est
1033 2019 1274 2076 Ecclesia
1309 2019 1539 2094 (Colon.
1569 2035 1610 2089 ι,
1640 2017 1758 2090 24).

168 2112 473 2183 Sepultum
519 2129 734 2185 quoque
767 2114 885 2185 ejus
912 2115 1209 2185 participes
1259 2129 1486 2180 sumus;
1518 2113 1764 2184 quisquis

167 2205 316 2262 enim
359 2208 711 2279 consepultus
747 2217 832 2263 est
881 2222 1005 2262 cum
1054 2207 1174 2277 ipso
1226 2223 1321 2278 per
1349 2207 1677 2278 baptismum
1710 2205 1764 2264 in

168 2309 405 2357 mortem
426 2342 440 2367 ,
476 2302 748 2372 particeps
777 2301 895 2373 ejus
920 2310 1024 2357 est.
1055 2301 1290 2372 Ideoque
1324 2302 1440 2373 ipse
1471 2301 1767 2371 Apostolus

167 2406 419 2455 astruens
435 2411 595 2467 quam
624 2395 780 2451 nobis
799 2398 1028 2468 gratiam
1059 2395 1271 2453 dederit
1300 2396 1561 2452 Dominus
1583 2395 1764 2465 Jesus,

168 2486 283 2543 ait:
332 2484 620 2562 Participes
648 2489 787 2545 enim
810 2487 942 2546 Iesu
968 2487 1163 2546 Christi
1189 2491 1315 2562 facti
1354 2506 1536 2547 sumtu
1562 2488 1764 2563 (Hebr.

165 2598 245 2649 nt,
279 2582 394 2656 14).

233 2678 325 2734 54.
372 2676 490 2734 Sed
539 2687 595 2735 et
640 2678 730 2734 ille
759 2678 1029 2750 particeps
1059 2677 1264 2736 Christi
1303 2687 1410 2747 est,
1439 2678 1532 2751 qui
1578 2677 1771 2750 lugen-

171 2781 279 2827 tem
308 2782 512 2831 mmstu
551 2772 868 2837 consolatur
898 2774 1090 2828 electu
1118 2791 1130 2826 :
1161 2773 1250 2843 qui
1285 2774 1339 2828 in
1388 2787 1613 2829 carcere
1640 2786 1775 2827 con-

176 2863 425 2918 stitutum
470 2865 693 2934 proprio
738 2880 847 2920 non
889 2864 1179 2923 defraudat
1219 2865 1446 2921 ofﬁcio:
1497 2866 1588 2935 qui
1631 2863 1776 2919 lecto

177 2960 495 3029 aegretantis
541 2956 779 3024 assidet,
829 2974 940 3012 non
993 2969 1052 3012 ut
1104 2958 1387 3028 capienda:
1435 2954 1777 3011 haereditatis

180 3048 369 3104 tendat
400 3050 727 3118 aucupium;
759 3048 855 3104 sed
878 3057 938 3103 ut
963 3048 1136 3103 morbi
1172 3048 1283 3103 vim
1304 3048 1542 3103 sollicito
1568 3047 1780 3117 mitiget

177 3141 487 3196 ministerio
509 3183 525 3207 ,
561 3149 620 3195 ut
668 3140 862 3196 sedulo
892 3140 1106 3206 fessum.
1126 3154 1384 3195 sermone
1427 3139 1730 3195 demulceat
1760 3154 1774 3191 :

175 3235 267 3302 qui
320 3232 495 3287 nudos
542 3232 764 3298 vestiat,
797 3234 1103 3288 esurientes
1147 3231 1375 3295 reficiat.
1406 3231 1461 3286 in
1497 3230 1582 3286 bis
1627 3230 1774 3286 enim

1867 2009 2053 2069 stodlt.
2088 2011 2230 2085 Ergo
2257 2013 2374 2085 ejus
2404 2026 2490 2073 est
2514 2018 2823 2086 custodire,
2854 2021 2944 2097 qui
2976 2025 3185 2076 timeat.
3235 2023 3471 2079 Sanctus

1867 2104 2049 2172 itaque
2078 2104 2180 2161 hoc
2210 2105 2341 2162 dicit
2376 2123 2391 2164 :
2422 2123 2524 2177 ego
2554 2119 2733 2166 autem
2767 2111 2871 2167 hoc
2910 2110 3045 2167 mihi
3078 2116 3340 2186 usurpare
3361 2130 3473 2171 non

1867 2210 2111 2266 possunt;
2142 2198 2329 2272 quanti
2376 2202 2521 2257 enim
2574 2211 2705 2259 sunt
2748 2205 2839 2287 qui
2875 2205 3101 2262 timeant
3161 2208 3362 2277 Deum,
3415 2216 3474 2265 et

1870 2306 1977 2346 non
2030 2291 2139 2348 illis
2192 2296 2528 2365 compatior?
2566 2293 2596 2335 ι)
2636 2296 2903 2367 Quaerunt
2956 2316 3159 2374 opem,
3221 2314 3276 2358 et
3329 2301 3477 2369 ferre

1869 2383 2038 2440 nolo:
2093 2385 2469 2443 misericordia
2519 2388 2795 2461 indigent,
2837 2404 3053 2465 sumptu
3105 2410 3211 2451 non
3252 2396 3476 2467 adjuvo.

1871 2476 2127 2549 Quisquis
2179 2492 2361 2537 autem
2404 2479 2521 2538 haec
2569 2482 2736 2551 facit,
2781 2483 2897 2556 ipse
2948 2495 3133 2560 potest
3179 2487 3362 2547 dicere
3417 2504 3481 2546 se

1873 2573 2181 2628 timentium
2211 2574 2483 2631 Christum
2505 2593 2627 2634 esse
2653 2591 2989 2637 consortem.

1942 2661 2032 2718 57.
2075 2662 2257 2736 (Vers.
2285 2666 2405 2739 46.)
2447 2668 2820 2726 Misericordite
2851 2684 2951 2728 tute
2972 2716 2987 2741 ,
3022 2673 3246 2737 Domine
3269 2716 3285 2744 ,
3324 2675 3481 2748 plena

1875 2766 1949 2811 est
1978 2767 2156 2813 terra:
2177 2760 2578 2829 justiﬁcationes
2618 2772 2734 2817 tuas
2777 2763 2904 2818 doce
2929 2782 3025 2819 me.
3056 2766 3341 2834 Quomodo
3370 2767 3477 2823 mi-

1878 2851 2190 2905 sericordia:
2221 2852 2432 2908 Domini
2466 2858 2630 2925 plena
2659 2864 2742 2910 est
2786 2865 2963 2925 terra,
2998 2859 3099 2913 nisi
3142 2875 3239 2931 per
3274 2863 3484 2932 passio-

1881 2957 2006 2998 nem
2034 2941 2252 2999 Domini
2280 2949 2453 3001 nostri
2477 2946 2608 3002 .Iesu
2627 2946 2864 3014 Christi,
2894 2966 3055 3021 quam
3082 2950 3314 3009 futuram
3345 2970 3486 3025 pra:-

1880 3036 2100 3115 videns,
2128 3036 2285 3108 quasi
2306 3039 2629 3109 promissam
2655 3040 2926 3111 Propheta
2946 3044 3329 3100 concelebrat?
3358 3046 3490 3109 Pro-

1881 3129 2063 3201 phetis
2087 3131 2234 3187 enim
2264 3146 2328 3189 ea
2360 3147 2481 3205 qua:
2507 3145 2734 3191 ventura
2764 3146 2889 3191 sunt
2920 3137 3342 3208 pra-videntibus
3372 3158 3488 3198 ma-

1881 3222 1960 3278 ris
1987 3232 2105 3292 est,
2141 3233 2199 3279 ut
2230 3227 2382 3297 quasi
2405 3227 2518 3297 jam
2546 3228 2776 3284 decursa
2815 3242 3187 3288 memorentur
3210 3250 3331 3304 qua:
3363 3254 3484 3309 pos-

175 3326 493 3395 frequemer
530 3338 613 3381 est,
649 3325 922 3389 Christus.
956 3327 1098 3383 sicut
1120 3325 1236 3397 ipse
1274 3326 1351 3379 ait
1380 3343 1392 3379 :
1428 3334 1453 3361 α
1479 3324 1547 3379 In
1569 3340 1776 3380 carcere
1803 3332 1848 3397 Ο
1883 3316 2096 3374 terioris
2122 3320 2298 3375 :etatis
2332 3329 2475 3377 sunt.
2519 3321 2685 3378 Plena
2718 3336 2799 3380 e5t
2831 3340 2963 3399 ergo
2995 3332 3137 3383 terra
3174 3329 3485 3387 misericor-

177 3436 352 3484 cram,
392 3428 441 3473 et
488 3435 589 3473 non
621 3419 829 3473 venistis
879 3418 947 3472 ad
992 3434 1069 3473 me
1097 3435 1115 3471 :
1146 3417 1320 3472 nudus
1370 3434 1533 3485 eram,
1582 3427 1630 3473 et
1673 3435 1777 3473 non

179 3512 457 3584 aperuistis
692 3511 843 3579 Quod
885 3511 1019 3566 enim
1046 3509 1138 3564 uni
1186 3523 1369 3564 eorum
1409 3526 1511 3565 non
1557 3510 1775 3584 fecistis,

179 3621 273 3659 nec
295 3605 425 3658 mihi
458 3604 653 3675 fecistis
680 3603 906 3673 (Hostis.
942 3618 1067 3670 xxv,
1091 3601 1162 3658 48
1182 3601 1417 3674 θυαμ).
1451 3602 1511 3660 Si
1564 3603 1777 3659 oderim

179 3696 565 3764 mendacium,
614 3697 885 3767 particeps
934 3695 1137 3752 Christi
1191 3710 1354 3762 sum;
1405 3696 1530 3767 quia
1573 3697 1805 3753 veritas

178 3792 563 3847 Cbristusest:
589 3791 634 3846 si
658 3789 861 3861 fugiam
892 3790 1252 3861 iniquitatem,
1279 3789 1553 3861 particeps
1574 3787 1779 3846 Christi

179 3902 332 3953 sum;
353 3886 474 3956 quia
495 3883 746 3942 Christus
758 3885 968 3955 justitia
986 3894 1092 3941 est.
1121 3885 1320 3942 Beatus
1348 3884 1440 3957 qui
1465 3885 1570 3941 hoc
1598 3893 1782 3958 potest

178 3980 383 4036 dicere.
417 3980 571 4037 Sicut
598 3980 743 4035 enim
773 3980 1076 4036 membrum
1109 3979 1379 4051 particeps
1399 3995 1525 4036 esse
1549 3979 1782 4035 dicimus

181 4073 349 4129 totius
368 4073 622 4143 corporis
648 4090 661 4126 :
692 4072 772 4129 sic
793 4072 1144 4144 conjunctum
1172 4072 1426 4129 omnibus
1467 4072 1783 4128 timentibus

179 4169 376 4235 Deum,
398 4170 490 4240 qui
520 4183 627 4222 non
651 4167 794 4223 dicat
824 4167 976 4222 alteri
1002 4185 1015 4221 :
1049 4166 1165 4222 Non
1188 4181 1249 4222 es
1270 4165 1338 4221 de
1376 4181 1611 4236 corpore
1636 4181 1779 4235 meo,

180 4262 286 4318 hoc
306 4271 421 4328 εει,
452 4276 561 4317 non
577 4259 725 4315 dicat
740 4261 960 4330 pauperi
979 4259 1153 4325 dives,
1176 4274 1283 4312 non
1314 4258 1537 4329 ignobili
1564 4257 1783 4325 nobilis,

180 4369 292 4409 non
345 4369 496 4425 aegro
545 4365 749 4417 sanus,
787 4366 894 4406 non
945 4349 1102 4405 fortis
1143 4349 1346 4413 debili,
1380 4364 1486 4405 non
1532 4350 1787 4433 imperito

180 4451 405 4522 sapiens
441 4447 619 4503 dicat:
642 4446 761 4503 Non
799 4447 930 4504 estis
959 4446 1094 4502 mihi
1135 4447 1463 4516 necessarii;
1516 4449 1787 4521 particeps

180 4545 428 4616 corporis
444 4543 652 4600 Christi
680 4551 787 4609 est,
819 4559 939 4613 qua:
964 4552 1050 4601 est
1078 4543 1349 4601 Ecclesia.
1384 4543 1495 4601 Sed
1526 4545 1618 4618 qui
1650 4543 1788 4600 sciat

180 4639 324 4709 quod
362 4638 397 4695 ii
441 4636 535 4707 qui
571 4637 822 4693 videntur
849 4636 905 4693 in
955 4636 1199 4694 Ecclesia
1230 4637 1457 4707 debiles,
1493 4652 1782 4710 pauperes,

1878 3409 1983 3497 diu:
2021 3411 2270 3479 Domini;
2305 3414 2429 3498 quia
2458 3415 2709 3473 omnibus
2741 3429 2823 3474 est
2852 3418 2976 3475 data
3019 3422 3270 3479 remissio
3294 3439 3485 3497 pecca-

1880 3514 2079 3560 torum.
2113 3506 2292 3579 Super
2320 3523 2511 3567 omnes
2541 3511 2623 3567 sol
2667 3512 2802 3569 oriri
2846 3513 3089 3585 jubetur.
3122 3515 3189 3573 Et
3232 3517 3319 3574 hic
3360 3516 3485 3595 qui-

1879 3596 2002 3653 dem
2039 3598 2121 3654 sol
2152 3602 2394 3672 quotidie
2434 3616 2599 3676 super
2639 3623 2828 3663 omnes
2857 3611 3049 3665 oritur.
3093 3608 3351 3684 Mysticus
3390 3629 3483 3668 au-

1884 3700 1991 3746 tem
2042 3694 2122 3748 sol
2166 3694 2257 3749 ille
2296 3695 2521 3765 justitia:
2568 3700 2819 3756 omnibus
2862 3710 3014 3760 ortus
3058 3711 3181 3774 est,
3228 3698 3509 3765 omnibus

1882 3786 2070 3853 venit,
2102 3786 2354 3843 omnibus
2394 3803 2583 3860 passus
2613 3803 2698 3848 est
2721 3834 2737 3861 ,
2769 3801 2823 3850 et
2852 3797 3108 3854 erunibus
3140 3802 3437 3867 resurrexit
3467 3821 3482 3854 :

1882 3876 2007 3933 ideo
2035 3889 2215 3935 autem
2249 3894 2443 3950 passus
2470 3892 2585 3952 est,
2620 3892 2677 3940 ut
2702 3885 2917 3945 tolleret
2949 3902 3231 3961 peccatum
3273 3894 3480 3953 mundi.

1883 3968 1940 4026 Si
1967 3972 2087 4042 quis
2114 3982 2292 4029 autem
2324 3990 2431 4031 non
2457 3977 2632 4033 credit
2672 3978 2725 4033 in
2768 3978 3082 4052 Christum,
3116 3988 3357 4059 generali
3390 3987 3483 4045 be-

1885 4064 2079 4121 neﬁcio
2105 4066 2224 4138 ipse
2267 4082 2328 4125 se
2359 4069 2573 4126 fraudat
2603 4088 2617 4127 :
2652 4081 2708 4127 ut
2752 4075 2799 4132 si
2838 4080 2961 4145 quis
2990 4076 3189 4135 clausis
3227 4079 3486 4141 fenestris

1885 4157 2069 4213 radios
2110 4161 2244 4217 solis
2288 4162 2581 4233 excludat,
2627 4182 2734 4221 non
2778 4166 2900 4224 ideo
2945 4170 3028 4225 sol
3063 4187 3169 4228 non
3210 4182 3362 4230 ortus
3403 4187 3489 4234 est

1888 4252 2139 4310 omnibus
2164 4296 2179 4322 ,
2227 4256 2351 4328 quia
2395 4258 2579 4317 calore
2621 4259 2740 4331 ejus
2778 4276 2839 4319 se
2882 4264 2999 4337 ipse
3040 4265 3346 4325 fraudavit:
3387 4270 3487 4329 sed

1888 4348 2033 4420 quod
2080 4349 2213 4407 solis
2259 4360 2374 4420 est,
2420 4358 2836 4428 praerogativam
2882 4375 3036 4416 suam
3086 4370 3267 4419 servat
3297 4382 3310 4419 :
3341 4364 3484 4437 quod

1888 4439 2251 4511 imprudentis
2279 4454 2399 4516 est,
2426 4453 2733 4508 communis
2758 4467 2787 4507 a
2826 4468 2887 4510 se
2925 4456 3156 4526 gratiam
3206 4456 3344 4515 lucis
3393 4475 3492 4531 ex-

1890 4535 2080 4593 cludit.
2114 4538 2288 4609 Super
2326 4556 2518 4598 omnes
2549 4543 2729 4616 pluvia
2759 4557 2880 4615 est,
2910 4558 2965 4605 et
3010 4548 3112 4607 hoc
3158 4550 3357 4611 divina:
3388 4558 3489 4611 mi-

1890 4630 2201 4688 sericordiae
2228 4633 2551 4707 deputatur;
2585 4638 2710 4709 quia
2740 4639 2878 4712 pluit
2922 4657 3087 4714 super
3108 4645 3288 4719 iustos
3317 4660 3370 4706 et
3402 4652 3488 4707 in-

182 4732 588 4805 imprudentes,
639 4733 803 4788 etiam
855 4742 1170 4803 peccatores
1219 4731 1601 4787 abundantiori
1644 4729 1773 4785 indi.

1884 4722 2081 4823 juStos.
2110 4726 2218 4823 Aut
2255 4739 2404 4786 certe
2439 4731 2519 4789 sic
2566 4730 3029 4806 interpretandum
3058 4784 3077 4809 ,
3102 4744 3247 4823 quod
3277 4745 3491 4811 miseri-

181 4836 345 4898 gcaut
372 4825 694 4888 honestate,
735 4835 791 4880 et
820 4824 1025 4895 majore
1055 4825 1308 4895 praesidio
1337 4823 1603 4880 fulciendi
1642 4825 1782 4880 sint:

183 4920 275 4991 qui
329 4918 434 4974 hoc
478 4917 725 4983 noverit,
773 4917 892 4987 ipse
916 4925 1094 4987 potest
1118 4916 1337 4973 dicere:
1369 4914 1641 4986 Particeps
1693 4933 1786 4989 ego

185 5027 301 5067 sum
335 5012 570 5067 omnium
624 5011 915 5065 timentium
949 5018 1015 5065 te.
1054 5010 1158 5079 Qui
1202 5008 1565 5079 compatiatur
1616 5013 1789 5083 magis

187 5103 497 5176 huiusmodi
541 5102 888 5170 horninibus,
923 5117 1083 5174 quam
1114 5101 1360 5158 fastidiat
1379 5116 1515 5157 eos:
1569 5116 1789 5174 compa-

188 5197 353 5254 tiatur
388 5196 656 5260 inﬁrmis;
703 5206 761 5251 ut
804 5195 939 5263 sciat
988 5195 1119 5269 quia
1162 5210 1326 5253 unum
1368 5209 1569 5266 corpus
1599 5210 1793 5259 omnes

189 5307 413 5361 sumus,
458 5299 519 5351 et
546 5289 1081 5353 membrismembra
1116 5305 1400 5357 connexa;
1450 5299 1508 5344 ut
1553 5290 1786 5347 alterum

191 5386 311 5442 sine
337 5386 521 5441 altero
552 5398 678 5440 esse
727 5395 835 5437 non
868 5381 1071 5451 possit:
1121 5391 1321 5443 etcum
1350 5382 1584 5438 alterum
1615 5382 1787 5455 dolet,

192 5478 551 5547 compatiatur
594 5474 777 5530 alteri.
824 5472 932 5528 Iste
972 5487 1101 5545 ergo
1128 5481 1281 5545 recte
1316 5480 1492 5546 potest
1526 5487 1788 5545 usurpare

194 5569 352 5644 hujus
373 5571 524 5629 vocis
550 5567 958 5629 auctoritatem.

268 5743 294 5772 ει
329 5733 411 5791 ita
441 5749 635 5793 omnes
687 5748 821 5791 mss.
870 5731 1018 5789 Edit.
1068 5741 1258 5805 contra
1306 5730 1589 5805 triplicem,
1623 5729 1783 5803 hujus

200 5805 303 5880 ioci
328 5809 669 5880 negationem
698 5813 1033 5880 expungunt,
1057 5814 1118 5861 ut
1145 5807 1214 5862 de
1235 5804 1400 5880 iustis
1423 5804 1776 5880 intelligatur.

198 5877 311 5951 Sed
330 5876 571 5951 quolibet
593 5878 757 5936 modo
774 5876 1131 5950 proponatur,
1155 5876 1489 5935 tantumdem
1521 5876 1665 5932 valet
1712 5876 1777 5931 ad

202 5950 531 6019 probandum
562 5953 848 6007 intentum.

1889 4817 2315 4915 cordiae‘divinte
2341 4824 2499 4897 plena
2524 4828 2594 4882 sit
2624 4835 2768 4885 terra
2792 4847 2808 4897 ;
2835 4836 2963 4905 quia
2986 4817 3199 4895 Domini
3223 4851 3297 4899 est.
3320 4851 3459 4907 terra
3471 4885 3495 4915 λ

1892 4921 1937 4966 et
1969 4910 2237 5009 plenitudo
2266 4919 2469 4990 ejus....
2492 4919 2603 4991 ipse
2623 4938 2779 4992 super
2803 4928 2970 4991 morio
2997 4932 3234 5009 [undavit
3259 4950 3371 4997 eam
3394 4976 3407 4999 ,
3442 4910 3491 5001 et

1891 5021 2051 5111 super
2074 5007 2629 5111 ﬂumina-prteparavit
2650 5015 2799 5072 illam
2830 5014 3017 5094 (Psal.
3060 5040 3193 5085 xuii
3217 5067 3231 5092 ,
3260 5026 3287 5085 1
3317 5038 3364 5083 et
3389 5028 3487 5111 2).

1891 5097 2111 5156 Etenim
2144 5118 2241 5173 per
2270 5104 2568 5164 Ecclesiam
2614 5108 2670 5166 in
2717 5127 2910 5170 omnes
2950 5129 3138 5187 gentes
3183 5120 3377 5178 diliusa
3408 5097 3493 5182 est

1892 5197 2269 5257 misericordia
2303 5202 2561 5272 Domini,
2597 5206 2653 5262 in
2697 5222 2890 5265 mones
2935 5222 3129 5283 gentes
3175 5214 3370 5279 diﬂ‘usa
3409 5228 3494 5281 est

1893 5289 2050 5349 ﬁdes.

1964 5385 2054 5445 58.
2097 5384 2353 5450 Fortasse
2373 5391 2561 5451 dicas:
2592 5394 2709 5466 Qua
2746 5398 2964 5468 ratione
3002 5416 3109 5458 non
3137 5402 3347 5463 dictum
3370 5417 3456 5463 est
3475 5448 3491 5474 ,

1891 5480 2289 5541 misericorditn
2313 5486 2528 5544 Domini
2559 5492 2777 5559 plenum
2805 5503 2892 5549 est
2923 5494 3167 5552 emittm?
3193 5500 3331 5569 Quia
3360 5510 3494 5557 sunt

1892 5577 2057 5634 etiam
2100 5580 2377 5650 spiritales
2427 5585 2682 5656 nequitia:
2728 5585 2784 5644 in
2831 5590 3193 5657 cmiestibus:
3237 5594 3335 5652 sed
3382 5612 3497 5661 non.

1961 5735 2761 5843 i.§fii‘:.fﬁ‘1§.§¥§?-.i§329§:
2790 5750 3049 5843 ἕψω
3073 5772 3262 5843 me.
3285 5768 3341 5843 εις
3355 5759 3499 5843 tm

1891 5808 2445 5900 fetentisericordiam
2475 5833 2496 5873 :
2782 5808 2995 5896 sumptu
3011 5808 3488 5900 ,εἴηδὀιάάὸλιοοξ

1890 5877 2080 5943 Melius
2104 5886 2336 5961 reliqui,
2371 5897 2430 5949 ut
2455 5877 2619 5962 supra
2633 5877 2704 5948 "in
2735 5877 2984 5965 ςοψοῖὲῖ
