4104 6350
548 324 686 381 1319

1903 324 2150 384 SANCTI
2189 328 2512 390 AMBROSII

3711 341 3734 395 ί
3746 339 3852 397 520

542 439 649 496 illa:
687 451 713 479 ιι
752 439 816 495 ad
848 452 1138 498 commune
1176 437 1267 511 ius
1293 437 1645 511 indulgentiae
1688 440 1784 496 Dei
1808 482 1822 507 ,
1849 439 2139 511 fremissio—

2247 447 2459 505 dubitas
2482 489 2497 515 ,
2526 447 2819 519 diligenter
2859 449 3135 521 inquiras;
3166 450 3259 523 qui
3300 452 3445 507 enim
3488 454 3689 525 qumrit
3714 496 3729 520 ,
3765 456 3853 510 in-

545 548 779 604 nemque
823 536 1096 604 pertinent
1127 540 1470 603 peccatorum
1492 574 1507 600 ,
1541 530 1736 603 quibus
1769 532 1910 602 ignis
1958 549 2141 589 scrva—

544 633 633 680 tur
659 636 895 682 tcteruus
930 644 942 680 ε
988 636 1043 682 et
1074 627 1161 681 illa
1190 641 1310 697 qua:
1350 625 1655 682 etelestium
1688 627 1771 680 vel
1812 634 2141 696 potestatum

546 720 632 777 vel
678 720 1103 778 ministeriorum
1143 729 1303 785 sunt,
1345 718 1473 775 licet
1517 719 1721 774 auxilio
1768 719 1984 774 Domini
2035 720 2140 774 lul-

543 812 786 878 ciuutur;
815 823 990 867 tamen
1020 828 1125 867 non
1153 820 1299 866 tanta
1322 811 1441 881 ejus
1465 811 1706 883 indigent
1732 811 2104 867 misericordia
2123 853 2138 877 ,

542 916 739 979 quanta
785 921 845 961 ea
888 921 1010 976 qutc
1058 913 1185 959 sunt
1229 904 1484 960 inferiora
1536 914 1698 975 atque
1737 913 1988 969 terrena;
2034 918 2141 958 non

544 997 689 1054 enim
742 996 837 1052 illa
879 997 1058 1051 carnis
1104 995 1382 1051 iuvolucro
1426 996 1766 1061 vestiuntur,
1813 996 1866 1051 in
1911 1009 2017 1067 qua
2059 1000 2145 1050 est

542 1086 843 1160 frequentis
869 1088 1073 1143 erroris
1098 1087 1379 1144 illecebra.
1413 1086 1650 1158 Ideoque
1679 1086 1734 1141 in
1773 1085 2145 1157 superioribus

540 1181 617 1235 ait
642 1180 786 1237 idem
813 1179 1088 1251 Propheta
1110 1220 1124 1245 ,
1156 1180 1277 1249 quia
1309 1177 1503 1235 Caelum
1527 1178 1637 1234 cmli
1666 1178 1921 1245 Domino,
1954 1186 2145 1232 terram

542 1282 710 1327 autem
751 1273 893 1327 dedit
934 1273 1057 1338 ﬁliis
1088 1274 1354 1327 hominum
1394 1271 1581 1342 (Psal.
1629 1287 1800 1337 cxtu,
1836 1268 1949 1342 16).
1993 1268 2146 1325 Unde

539 1374 596 1422 et
625 1366 821 1422 malum
851 1365 1035 1436 purius
1063 1376 1118 1422 et
1156 1365 1465 1422 defaecatius
1497 1365 1565 1419 ab
1593 1365 1739 1420 omni
1771 1364 1896 1420 labe
1937 1364 2146 1434 peccati

544 1468 630 1517 est
650 1502 663 1523 .
699 1460 964 1530 longeque
990 1459 1250 1515 semmius
1282 1460 1350 1513 ab
1380 1458 1476 1513 illo
1501 1458 1569 1514 de
1596 1472 1703 1530 quo
1728 1457 1992 1527 scriptum
2020 1463 2103 1511 est
2130 1471 2143 1508 :

546 1552 692 1609 Sicut
722 1552 955 1607 volatilia
985 1552 1100 1607 caeli
1128 1550 1348 1625 (Matth.
1372 1567 1425 1606 v1
1446 1592 1459 1616 ,
1486 1550 1604 1623 26).
1633 1551 1746 1606 [loc
1772 1549 1917 1605 enim
1948 1548 2147 1604 caelum

545 1645 694 1700 velut
731 1645 939 1701 medius
964 1643 1182 1716 quidam
1232 1645 1370 1699 inter
1400 1644 1598 1700 coelum
1644 1651 1699 1699 et
1739 1652 1937 1696 terram
1968 1639 2148 1695 aerius

543 1739 698 1795 locus
725 1738 955 1807 dicitur,
987 1739 1040 1793 iu
1068 1753 1179 1809 quo
1210 1745 1339 1793 sunt
1378 1738 1540 1792 etiam
1578 1734 1852 1807 spiritales
1895 1732 2150 1803 nequitiae

2244 542 2428 605 venit,
2456 550 2509 596 et
2546 540 2596 595 ei
2639 539 2730 611 qui
2776 541 2990 611 pulsat,
3030 542 3295 613 aperitur.
3336 543 3501 599 Multa
3547 544 3855 601 obscuritas

2244 640 2327 688 est
2350 632 2403 687 in
2430 633 2715 703 scripturis
2742 633 3113 704 propheticis:
3147 648 3167 674 ο
3199 636 3293 693 sed
3321 636 3369 691 si
3412 653 3572 693 manu
3618 640 3853 709 quadam

2246 725 2444 779 mentis
2474 734 2576 779 tuae
2606 725 3011 796 Scripturarum
3045 729 3264 797 januam
3307 730 3525 801 pulses,
3558 743 3613 787 et
3639 747 3700 787 ea
3728 749 3857 803 qua:

2246 828 2375 875 sunt
2400 821 2608 875 occulta
2629 863 2643 885 ,
2671 820 2961 893 diligenter
2992 824 3302 889 examines,
3332 826 3594 894 paulatim
3624 827 3858 897 incipies

2244 912 2510 969 rationem
2559 913 2812 985 colligere
2843 914 3148 981 dictorum;
3182 925 3236 972 et
3279 919 3556 987 aperietur
3604 918 3698 974 tibi
3742 934 3855 975 non

2246 1004 2315 1059 ab
2343 1004 2480 1073 alio,
2513 1005 2605 1060 sed
2647 1022 2675 1059 a
2716 1007 2808 1061 Dei
2834 1006 3048 1073 Verbo,
3080 1007 3149 1063 tle
3196 1024 3303 1079 quo
3333 1010 3512 1081 legisti
3559 1012 3611 1066 in
3645 1014 3859 1082 Apoca-

2245 1095 2383 1169 lypsi
2428 1098 2616 1169 (Apoc.
2658 1116 2721 1164 v,
2768 1099 2870 1170 5),
2912 1100 3054 1171 quod
3102 1100 3288 1172 Agnus
3335 1102 3532 1159 librum
3578 1104 3856 1177 signatum

2246 1188 2494 1258 aperuit,
2542 1204 2703 1260 quem
2754 1191 2931 1245 nullus
2988 1200 3115 1246 ante
3161 1193 3377 1262 aperire
3426 1204 3678 1264 poterat;
3727 1198 3858 1267 quia

2249 1284 2395 1339 solus
2449 1284 2709 1340 Dominus
2757 1285 2917 1342 Jesus
2967 1288 3019 1343 in
3063 1287 3363 1358 Evangelio
3408 1304 3507 1345 suo
3557 1291 3860 1363 propheta-

2249 1393 2367 1432 rum
2410 1377 2735 1448 mnigmata,
2788 1390 2842 1435 et
2883 1380 3038 1452 Legis
3084 1382 3345 1455 mysteria
3399 1384 3709 1439 revelavit:
3760 1400 3857 1440 so-

2249 1469 2334 1525 lus
2380 1471 2625 1527 scientia:
2670 1473 2864 1529 elavim
2913 1474 3145 1545 detulit,
3192 1485 3248 1532 et
3293 1476 3443 1532 dedit
3488 1479 3702 1548 aperire
3751 1494 3860 1534 no-

2252 1563 2358 1619 bis.

2324 1657 2412 1713 60.
2456 1659 2654 1715 Dicunt
2679 1674 2739 1716 se
2767 1660 2939 1717 Judaei
2969 1661 3169 1718 habere
3208 1662 3403 1718 clavim
3450 1662 3729 1731 scientiae,
3759 1664 3860 1721 sed

2254 1767 2361 1808 non
2394 1753 2637 1823 ,habeut;
2673 1771 2797 1810 nam
2835 1756 2881 1810 si
2914 1756 3215 1824 haberent,
3250 1758 3352 1827 ipsi
3402 1759 3858 1829 ingrederentur,

546 1831 603 1889 in
629 1831 964 1889 cmlestibus.
993 1830 1128 1887 Nam
1162 1831 1214 1885 in
1258 1829 1349 1885 illo
1392 1845 1500 1884 non
1544 1828 1903 1899 appellativo,
1937 1824 2144 1897 1078

2255 1845 2356 1916 ipsi
2408 1856 2766 1915 agnoscerent
2795 1849 3090 1918 penetralia
3122 1824 3550 1920 Scrip—turarn‘m.
3580 1850 3736 1908 Nunc
3764 1824 3863 1906 an?

542 1924 640 1981 sed
670 1940 800 1981 vero
827 1926 968 1982 caelo
987 1968 1002 1993 ,
1036 1924 1252 1980 etiamsi
1283 1922 1559 1979 diabolum
1606 1921 1895 1992 legerimus
1925 1919 1978 1974 in
2021 1933 2151 1974 con-

542 2028 729 2089 spectu
773 2018 870 2074 Dei
916 2017 1233 2089 angelorum
1282 2030 1390 2071 non
1433 2013 1672 2070 defuisse
1716 2012 1989 2077 concilio;
2023 2019 2153 2079 puto

542 2120 724 2167 tamen
759 2110 905 2166 nulla
951 2110 1168 2182 operari
1223 2116 1553 2165 tentamenta
1597 2106 1873 2178 nequitiae.
1909 2103 2153 2175 Denique

539 2206 801 2277 scriptum
844 2215 928 2262 est
956 2205 1081 2277 quia
1109 2204 1286 2275 angeli
1333 2209 1656 2258 amaverunt
1702 2199 1839 2255 [ilius
1868 2199 2149 2255 hominum

544 2302 699 2374 (Gen.
725 2318 812 2371 vt,
840 2301 897 2373 2)
924 2317 938 2366 ;
977 2317 1042 2357 eo
1071 2298 1217 2371 quod
1261 2296 1494 2354 terrenis
1522 2295 1666 2366 capti
1696 2294 2043 2351 detineantur
2083 2292 2148 2346 il-

540 2394 771 2452 lecebris
799 2393 1055 2466 princeps
1097 2391 1286 2448 mundi
1316 2388 1473 2446 istius
1512 2405 1575 2444 ac
1620 2386 1852 2444 ministri
1892 2384 2044 2456 ejus,
2075 2383 2149 2461 (in

541 2489 742 2560 quibus
786 2487 1025 2558 nequitia
1056 2486 1315 2557 spiritalis
1341 2483 1567 2540 venenis
1602 2480 1924 2552 quibusdam
1971 2478 2150 2534 carnis

538 2582 703 2654 huius
754 2581 955 2637 imbuta
982 2621 999 2647 ,
1042 2588 1100 2635 et
1151 2578 1405 2633 humanis
1448 2584 1534 2631 est
1576 2574 1774 2630 inlecta
1805 2571 2145 2629 criminibus.

540 2675 776 2747 Ideoque
807 2674 1067 2730 Dominus
1090 2673 1142 2727 in
1170 2669 1469 2742 Evangelio
1492 2682 1591 2725 suo
1614 2666 1692 2722 ait
1716 2684 1732 2724 :
1761 2664 1885 2720 Fiat
1914 2664 2150 2718 voluntas

539 2779 632 2826 tua
662 2770 797 2825 sicut
823 2769 878 2823 in
914 2768 1041 2823 caelo
1068 2776 1120 2823 et
1155 2767 1210 2821 in
1241 2776 1380 2820 terra
1405 2762 1627 2837 (Matth.
1656 2778 1739 2829 vt,
1772 2759 1884 2831 10).
1916 2758 2032 2814 Non
2059 2772 2150 2813 ea-

536 2861 663 2919 dem
693 2872 777 2918 est
806 2860 920 2917 illic
957 2860 1216 2932 iniquitas
1241 2856 1479 2913 vicinum
1525 2854 1889 2928 possessionis
1922 2852 2148 2908 ﬁnitimo

537 2972 667 3014 rure
714 2955 1026 3026 depellere,
1060 2954 1276 3009 viduam
1309 2952 1645 3009 haereditatis
1693 2947 1947 3005 fraudare
1993 2961 2144 3002 com-

542 3049 754 3123 pendiis
779 3090 795 3117 ,
834 3048 1074 3104 minores
1115 3046 1141 3086 ι)
1171 3044 1432 3102 consortii
1474 3045 1599 3114 jure
1641 3042 1932 3099 detrudere
1959 3082 1973 3107 ,
2008 3041 2146 3096 intra

539 3145 747 3215 lignum
778 3141 1016 3213 denique
1054 3148 1110 3196 et
1155 3140 1534 3211 quodcumque
1575 3136 1787 3206 argenti
1825 3144 1989 3204 atque
2030 3134 2144 3188 auri

540 3241 625 3297 vel
651 3237 777 3295 teris
803 3237 1080 3294 metallum
1108 3234 1258 3292 velut
1287 3233 1519 3304 efﬁgiem
1549 3230 1837 3302 quamdam
1865 3229 2143 3285 caelestem
2174 3240 2221 3304 ρ

540 3331 820 3389 includere
865 3337 1206 3401 potestatem.
1251 3325 1378 3382 Haec
1424 3338 1545 3380 cum
1584 3324 1694 3379 sint
1736 3321 1956 3377 maximi
1986 3321 2146 3392 plena

540 3424 845 3495 sacrilegii,
879 3423 933 3477 in
964 3421 1119 3477 ccelis
1155 3426 1384 3484 vacant,
1417 3417 1472 3471 in
1506 3416 1665 3472 terris
1709 3414 2145 3486 frequentantur.

546 3518 713 3577 Verbo
741 3522 877 3574 enim
904 3516 1117 3573 Domini
1144 3515 1258 3571 caeli
1288 3513 1483 3585 ﬁrmati
1508 3520 1627 3568 sunt
1655 3511 1830 3586 (Psal.
1856 3524 2004 3565 xxxu
2022 3551 2038 3579 ,
2064 3510 2141 3579 6).

537 3628 649 3670 non
683 3624 827 3669 terra
856 3612 1067 3667 ﬁrmata
1097 3617 1202 3664 est.

613 3708 705 3767 59.
745 3708 815 3763 Et
862 3707 984 3762 ideo
1024 3701 1447 3776 iustiﬁcationes
1495 3699 1591 3756 Dei
1636 3699 1703 3754 ab
1751 3700 1870 3769 ipso
1916 3696 2146 3754 Domino

540 3803 655 3859 vult
682 3801 896 3869 doceri;
931 3799 1056 3870 quia
1086 3796 1309 3853 difficile
1337 3795 1422 3851 esf
1444 3793 1498 3849 in
1527 3802 1670 3853 terra
1698 3792 2012 3863 magistrum
2043 3792 2143 3846 hu-

534 3894 772 3968 iusmodi
816 3893 1059 3966 reperire
1084 3932 1100 3958 ,
1127 3890 1221 3962 qui
1249 3905 1310 3945 ea
1357 3888 1554 3944 doceat
1573 3927 1588 3953 ,
1618 3901 1739 3957 qum
1782 3886 1898 3955 ipse
1927 3900 2035 3939 non
2063 3883 2143 3939 vi-

541 3990 703 4048 derit.
754 3987 838 4045 Ad
879 3986 1032 4043 illum
1081 3984 1244 4057 igitur
1295 3981 1576 4038 doctorem
1634 3980 1823 4035 intimo
1870 3977 2142 4049 Pmpheta

536 4082 816 4144 contendit
842 4079 1072 4145 alfectu;
1102 4080 1193 4149 qui
1219 4076 1370 4132 solus
1396 4074 1654 4145 magister
1680 4079 1764 4129 est
1789 4086 1973 4127 verus.
1998 4069 2143 4139 Quo-

542 4179 704 4237 modo
735 4176 879 4234 enim
929 4179 1106 4245 potest
1149 4170 1314 4226 homo
1339 4168 1495 4240 quasi
1524 4182 1709 4223 verum
1752 4165 1952 4221 docere
1997 4163 2140 4235 quod

538 4274 781 4339 nesciat,
814 4284 938 4327 cum
980 4269 1095 4338 ipse
1122 4265 1195 4321 sit
1230 4262 1499 4319 mendax?
1526 4261 1829 4331 Meritoque
1852 4260 1929 4315 ait
1960 4258 2142 4313 Domi-

540 4385 678 4435 nus,
721 4375 780 4423 ut
822 4378 985 4422 nemo
1022 4376 1184 4433 super
1228 4368 1426 4415 terram
1470 4364 1627 4411 vocet
1670 4354 1775 4410 sibi
1816 4368 2138 4424 quemquam

540 4462 896 4532 magistrum;
935 4457 1061 4529 quia
1089 4468 1229 4510 unus
1259 4458 1343 4508 est
1372 4449 1625 4520 magister
1650 4448 1890 4504 omnium
1921 4445 2137 4520 (Matth.

539 4569 672 4611 xxtn
694 4594 708 4619 ,
736 4552 815 4616 8).
850 4550 917 4605 Et
940 4546 1211 4620 quomodo
1242 4550 1429 4615 posset
1456 4540 1625 4597 David
1660 4540 1824 4596 alium
1858 4539 2137 4595 doctorem

538 4659 819 4719 quaerere,
852 4656 973 4697 cum
1014 4641 1130 4711 ipse
1173 4638 1240 4693 de
1278 4637 1388 4692 Deo
1415 4633 1617 4691 dixerit
1651 4650 1664 4686 :
1714 4632 1815 4700 Qui
1853 4632 2001 4686 docet
2048 4632 2141 4685 Ito-

2257 1947 2361 1995 tem
2394 1957 2406 1993 :
2440 1938 2528 1995 Va:
2555 1941 2692 1995 vobis
2734 1943 2916 1997 scribae
2944 1952 2992 1997 et
3020 1944 3285 2015 pltariscei,
3317 1946 3404 2014 qui
3429 1945 3719 2001 abstulistis
3744 1948 3860 2001 cla-

2254 2033 2353 2086 vim
2379 2033 2631 2101 scientiae,
2662 2044 2711 2086 et
2738 2034 2839 2103 ipsi
2875 2051 2980 2088 non
3009 2036 3294 2101 introistis,
3324 2046 3368 2091 et
3394 2038 3708 2093 introeuntes
3734 2055 3860 2110 pro-

2255 2124 2487 2219 hibuistis
2524 2124 2676 2198 (Luc.
2701 2142 2753 2181 xi
2778 2166 2793 2192 ,
2824 2128 2947 2198 52).
2977 2128 3223 2195 Qomodo
3254 2131 3397 2186 enim
3444 2131 3638 2187 clavim
3700 2141 3862 2203 potc-

2254 2218 2353 2274 stis
2382 2218 2582 2275 habere
2612 2219 2978 2290 scientite,qni
3007 2222 3247 2276 scientia:
3278 2224 3514 2294 negastis
3540 2226 3864 2281 auctorem?

2254 2311 2319 2365 Et
2355 2310 2475 2366 ideo
2503 2311 2571 2366 ad
2605 2310 2779 2382 ipsum
2824 2328 3119 2370 conversus
3155 2315 3319 2371 David
3352 2319 3468 2372 ait:
3501 2317 3584 2373 Tu
3623 2334 3739 2385 me,
3778 2320 3863 2374 itt-

2250 2403 2399 2473 quit,
2432 2403 2558 2458 doce
2582 2406 2991 2477 justiﬁcationes
3018 2416 3176 2473 tuas;
3205 2410 3329 2479 quia
3358 2420 3410 2464 tu
3441 2424 3505 2466 es
3527 2427 3655 2467 vera
3690 2412 3859 2484 justi-

2254 2495 2345 2549 tia.
2380 2495 2459 2550 Tu
2498 2495 2633 2551 doce
2674 2513 2793 2566 qua:
2837 2500 3113 2568 sapienter
3157 2501 3298 2556 dicta
3332 2511 3497 2569 sunt;
3536 2506 3660 2575 quia
3711 2516 3767 2559 tu
3800 2519 3862 2561 es

2251 2586 2538 2657 sapientia.
2563 2588 2643 2644 Tu
2669 2589 2818 2659 aperi
2844 2605 2940 2646 cor
2967 2607 3178 2658 meum;
3204 2595 3325 2662 quia
3348 2595 3609 2664 aperuisti
3635 2598 3860 2653 librum.

2253 2679 2330 2734 Tu
2356 2681 2503 2751 aperi
2533 2680 2667 2738 illud
2692 2682 2887 2738 oSIium
2917 2685 3061 2755 quod
3092 2686 3145 2741 in
3174 2689 3316 2744 cmlo
3345 2689 3558 2762 1079
3582 2699 3700 2755 est;
3732 2694 3859 2762 quia

2252 2774 2370 2845 ipse
2399 2791 2458 2833 es
2482 2777 2667 2847 janua.
2699 2777 2802 2834 Per
2831 2789 2881 2834 te
2908 2781 2952 2835 si
2978 2782 3099 2852 quis
3126 2783 3431 2850 introierit,
3467 2801 3691 2856 regnum
3721 2787 3861 2844 illud

2251 2868 2551 2937 possidebit
2594 2879 2877 2927 aeternum.
2908 2872 3014 2928 Per
3046 2884 3096 2929 te
3142 2874 3186 2929 si
3225 2876 3347 2946 quis
3390 2874 3712 2945 intraverit,
3747 2896 3859 2937 non

2252 2959 2581 3032 decipietur;
2611 2964 2735 3034 quia
2762 2963 2875 3020 falli
2917 2980 3023 3020 non
3068 2976 3239 3037 potest
3273 2968 3599 3040 quicumque
3625 2970 3862 3027 domici-

2250 3052 2379 3109 lium
2408 3055 2569 3111 luerit
2594 3058 2839 3113 veritatis
2868 3058 3161 3130 ingressus.
3222 3084 3227 3089 -

2786 3193 3019 3251 8ΕῆΜο
3056 3194 3302 3255 NONUS.

2891 3316 2963 3363 Ὁ.
3002 3308 3183 3366 Theth.

2328 3422 2377 3475 1.
2416 3420 2569 3478 Noua
2597 3423 2775 3481 littera
2803 3424 2998 3491 Theth,
3029 3428 3183 3499 cujus
3210 3427 3587 3501 interpretatio
3612 3439 3697 3487 est
3718 3474 3731 3496 ,
3763 3449 3859 3487 ex-

2251 3513 2438 3569 clusio.
2469 3515 2607 3583 Quid
2647 3526 2733 3574 est
2769 3518 3046 3575 exclusiu?
3079 3521 3349 3593 Numquid
3388 3523 3528 3579 sicut
3559 3524 3723 3582 domo
3753 3527 3858 3583 ali-

2248 3607 2373 3677 quis
2415 3608 2750 3677 excluditur,
2786 3611 3125 3683 hospitioque
3169 3615 3458 3684 dejicitur:
3500 3618 3570 3671 ita
3616 3619 3711 3689 qui
3751 3635 3854 3675 ex-

2247 3698 2483 3756 cluditur
2510 3717 2542 3756 a
2582 3703 2673 3759 Dei
2713 3719 2911 3776 regno,
2952 3705 3110 3761 bonis
3154 3707 3300 3763 illius
3346 3707 3660 3775 fraudator;
3706 3712 3854 3769 sicut

2238 3791 2350 3847 illae
2375 3794 2609 3849 exclusa:
2650 3806 2776 3851 sunt
2818 3797 3086 3869 virgines,
3121 3816 3239 3871 qua:
3285 3817 3467 3857 secum
3508 3802 3687 3860 oleum
3736 3821 3849 3863 non

2246 3885 2522 3953 tulerunt;
2554 3899 2605 3943 et
2645 3888 2772 3944 dum
2804 3891 2952 3946 venit
2976 3890 3219 3962 Sponsus
3241 3936 3255 3960 ,
3284 3895 3574 3951 exstincta:
3615 3909 3741 3953 sunt
3773 3900 3856 3954 fa-

2246 3993 2337 4033 ces
2364 3995 2548 4036 earum
2569 4023 2584 4047 ,
2618 3992 2778 4053 atque
2807 3984 2861 4038 in
2888 3985 3121 4041 emendo
3150 3987 3303 4055 oleo,
3337 3988 3856 4061 inﬁammandisque

2247 4070 2455 4129 facibus
2485 4084 2761 4147 occupata:
2790 4076 3037 4134 fecerunt
3080 4095 3285 4136 moram
3310 4124 3323 4149 ,
3352 4091 3406 4136 et
3450 4083 3698 4152 ingresso
3736 4085 3852 4154 jam

2250 4166 2490 4236 Sponso,
2522 4167 2749 4225 introire
2777 4170 3059 4241 cupientes
3089 4172 3338 4243 leguntur
3364 4177 3599 4231 exclusm
3626 4176 3849 4249 (Matth.

2246 4278 2384 4329 xxv,
2407 4263 2478 4332 2,
2507 4263 2541 4319 3
2580 4273 2631 4318 et
2655 4265 2834 4336 seq.)?
2864 4265 2979 4321 Non
3018 4268 3271 4323 arbitror.
3301 4268 3433 4324 Nam
3464 4270 3739 4342 quomodo
3767 4272 3850 4327 di-

2245 4363 2394 4411 ceret
2418 4353 2445 4392 d
2474 4355 2523 4410 si
2561 4372 2592 4412 a
2631 4357 2791 4414 bouis
2821 4366 3041 4416 sanctus
3085 4360 3359 4433 Propheta
3388 4371 3533 4418 esset
3560 4360 3846 4433 dejectns,

2245 4458 2406 4519 atque
2459 4452 2713 4508 exclusus
2761 4468 2791 4508 a
2842 4453 2938 4509 Dei
2988 4469 3204 4526 regno:
3246 4455 3630 4512 Jucunditatem
3677 4459 3851 4528 fecisti

2242 4558 2361 4597 cum
2389 4558 2531 4598 servo
2562 4545 2693 4601 tuo?
2738 4545 2849 4602 Nec
2898 4548 3186 4618 Prophetas
3237 4550 3485 4605 meritum
3535 4550 3847 4620 hujusmodi

2248 4635 2579 4692 intellectum
2622 4636 2835 4694 videtur
2876 4639 3200 4710 admittere,
3244 4657 3347 4699 nec
3387 4642 3558 4698 series
3597 4643 3849 4700 subdito-

540 4699 1052 4809 minem,scientiani
1101 4732 1120 4799 (
1148 4729 1294 4784 Psal.
1340 4744 1470 4786 xcut
1494 4769 1508 4793 ,
1550 4725 1699 4799 10)?
1744 4725 1914 4781 Docet
1959 4734 2138 4781 autem
2168 4699 2223 4760 Ῑ)
2247 4745 2387 4785 rum.
2421 4730 2591 4787 Audis
2614 4731 2926 4792 dicentem:
2962 4735 3148 4791 Suavis
3174 4699 3226 4792 es
3248 4779 3264 4806 ,
3297 4736 3552 4807 Domine,
3586 4748 3634 4794 et
3661 4740 3714 4795 in
3745 4744 3847 4815 ju-

538 4832 682 4889 Deus
705 4873 720 4900 ,
753 4838 807 4885 et
837 4835 1049 4883 mentes
1092 4822 1363 4877 illuminat
1385 4820 1737 4892 ‘_siugulorum
1763 4863 1777 4888 ,
1825 4828 1880 4875 et
1923 4818 2140 4874 clarita—

535 4936 645 4985 tem
676 4922 1001 4997 cognitionis
1045 4916 1313 4984 infundit,
1341 4916 1387 4971 si
1420 4926 1476 4971 tu
1519 4916 1731 4986 aperias
1776 4917 1915 4971 ostia
1955 4916 2138 4974 cordis

534 5019 651 5088 tui,
679 5028 733 5075 et
760 5015 1000 5074 casiestis
1043 5012 1231 5085 gratiae
1274 5008 1511 5079 recipias
1552 5008 1877 5065 claritatem.
1906 5007 2134 5076 Quando

606 5165 634 5193 ⁸
660 5153 791 5210 Mss.
843 5150 1049 5221 aliquot
1089 5162 1198 5203 non
1234 5142 1447 5221 inﬁmae
1498 5150 1641 5197 nota:
1664 5183 1679 5207 ,
1713 5142 1780 5196 ad
1814 5158 2134 5199 communem

536 5226 650 5300 ejus
674 5217 1081 5295 indulgentiam,
1115 5217 1565 5286 remissionemque
1584 5257 1596 5279 ,
1627 5225 1732 5297 etc.
1902 5286 1914 5298 .

609 5298 637 5337 ι»
668 5295 1030 5357 Consortium,
1062 5292 1115 5347 in
1161 5290 1297 5344 Cod.
1330 5287 1539 5343 Theod.
1576 5298 1805 5341 sumitur
1846 5286 2136 5357 aliquando

536 5384 638 5442 pro
1270 5358 1546 5425 aediliciis;
1576 5357 1743 5442 immo
1783 5332 2016 5442 etuap'ud
2048 5360 2137 5413 Ci-

534 5431 812 5503 ceronem,
834 5438 988 5493 Orat.
1007 5437 1059 5491 in
1089 5434 1239 5489 Verr.
1261 5443 1541 5487 consortes
1561 5431 1813 5503 dicuntur
1836 5432 1893 5495 ii,
1908 5446 2137 5501 quorum

537 5514 677 5567 fines
696 5502 939 5579 contigui
969 5514 1133 5579 sunt:
1162 5515 1217 5560 et
1244 5504 1347 5559 hoc
1371 5516 1535 5558 sensu
1559 5502 1894 5558 consortium
1918 5504 1987 5556 ab
2008 5504 2141 5557 Am—

537 5582 722 5640 brosio
749 5581 837 5636 hic
858 5578 1152 5648 accipitur.

612 5665 635 5694 ο
668 5644 1071 5711 Ambrosius-in
1103 5646 1455 5705 concionibus
1501 5644 1614 5700 suis
1644 5645 1897 5715 frequens
1934 5645 2132 5701 adhor-

536 5726 752 5783 tabatur
791 5723 1098 5787 auditores,
1145 5729 1204 5776 ut
1248 5717 1493 5775 studiose
1523 5716 1923 5784 Scripturarutu
1968 5720 2129 5774 etiam

535 5798 900 5855 dilliciliorum
932 5792 1149 5851 lectioni
1196 5789 1590 5847 incumberent.
1631 5789 1700 5845 Et
1742 5804 1810 5846 ne
1844 5793 2132 5861 propheta-

537 5884 658 5929 rum
698 5868 1063 5935 obscuritate,
1094 5865 1231 5922 sicut
1272 5862 1573 5934 Augustino
1608 5862 1901 5931 contigisse
1938 5877 2005 5919 ex
2031 5862 2129 5920 lib.

2245 4823 2510 4879 cunditate
2544 4834 2634 4879 tua
2672 4826 2798 4881 doce
2825 4845 2905 4883 me
2924 4831 3329 4902 justiﬁcationes
3372 4842 3487 4886 tuas
3522 4831 3673 4905 (Ini.
3708 4850 3845 4893 vers.

2246 4916 2359 4989 68).
2393 4918 2563 4975 Audis
2588 4918 2859 4976 dicentem
2887 4940 2899 4975 :
2930 4922 3130 4978 Bonum
3164 4924 3293 4977 mihi
3332 4924 3417 4979 lea:
3440 4926 3545 4981 aris
3588 4928 3661 4980 tui
3688 4944 3850 5000 super

2244 5012 2407 5067 millia
2426 5014 2541 5067 auri
2565 5024 2615 5068 et
2634 5015 2835 5087 argenti
2858 5013 3047 5087 (Ibid.,
3076 5015 3197 5089 72).
3230 5017 3289 5072 Et
3317 5026 3471 5088 putes
3490 5016 3678 5075 dicere
3699 5022 3849 5091 quod

2240 5160 2294 5226 rx
2323 5145 2641 5217 Conf..cap.
2671 5149 2770 5226 l3,
2804 5150 3203 5226 cognoscimus,
3227 5167 3257 5207 a
3282 5160 3385 5226 tam
3421 5154 3536 5208 utili
3566 5158 3850 5226 proposito

2241 5220 2683 5297 deterrerentur,
2717 5220 3202 5297 docet’orationem
3233 5240 3261 5278 a
3292 5225 3523 5280 lectione
3551 5220 3713 5297 atque
3758 5230 3846 5284 di-

2242 5289 2463 5365 ligentia
2495 5307 2786 5362 numquam
2818 5296 3198 5365 separandum.
3230 5297 3341 5364 Qua
3374 5297 3591 5365 quidem
3624 5289 3843 5357 metho-

2242 5362 2313 5415 do
2340 5364 2384 5416 si
2416 5380 2541 5417 usus
2570 5375 2713 5437 esset
2746 5364 2887 5437 idem
2916 5362 3461 5437 Augustinus—adhuc
3497 5372 3849 5428 catechume-

2245 5447 2385 5510 nus,
2431 5434 2740 5510 ⁸μνυιιιιριὶπυ
2787 5435 2939 5491 Isaiae
2986 5434 3319 5510 lectionem,
3364 5454 3524 5510 quam
3579 5443 3847 5500 suadente

2242 5504 2501 5586 Autistite
2531 5513 2717 5563 uestro
2746 5523 2972 5563 exorsus
3017 5509 3193 5565 fuerat
3215 5550 3230 5577 ,
3262 5504 3481 5566 nun-ita
3510 5511 3667 5569 facile
3697 5519 3843 5572 orni-

2240 5588 2421 5631 SISSBL

2312 5646 2339 5685 ἀ
2368 5646 2601 5725 Codices
2626 5649 2761 5722 Reg.
2780 5692 2795 5717 ,
2820 5651 2981 5708 Corb.
3002 5692 3017 5717 ,
3040 5652 3172 5709 Nav.
3196 5668 3368 5725 unus,
3398 5654 3536 5711 Lzet.
3564 5672 3629 5712 ac
3657 5657 3803 5715 Fisc.
3826 5702 3840 5725 ,

2240 5720 2461 5799 diceret“,
2497 5722 2541 5775 si
2584 5720 2761 5799 bonus
2793 5734 2840 5779 et
2867 5734 3075 5799 sanctus
3116 5735 3247 5780 esset
3278 5724 3542 5799 Propheta
3582 5720 3837 5799 dejectus.

2239 5791 2383 5918 EC‘lil.
2414 5792 2669 5918 fiam“...
2709 5796 2899 5852 diceret
2948 5795 3091 5852 bonis
3117 5805 3325 5852 sanctus
3351 5791 3656 5871 Pmphetu;
3683 5803 3727 5857 εἱ
3761 5821 3842 5859 es-

2239 5880 2292 5918 se
2334 5902 2348 5918 .
2379 5879 2410 5918 e
2435 5879 2484 5918 c.

2239 5879 2312 5919 εει
2332 5902 2348 5928 ,
2379 5879 2484 5922 etc.
