  <div class='ocr_page' id='page_1' title='image "/cluster/home/n/w/nwhite01/storage/ocr_20150623/15/hvd.32044015471311/074.png"; bbox 0 0 4104 6350; ppageno 0'>
   <div class='ocr_carea' id='block_1_1' title="bbox 248 295 372 355">
    <p class='ocr_par' dir='ltr' id='par_1_1' title="bbox 248 295 372 355">
     <span class='ocr_line' id='line_1_1' title="bbox 248 295 372 355; baseline -0.008 -2"><span class='ocrx_word' id='word_1_1' title='bbox 248 295 372 355; x_wconf 68' lang='grc'><strong>1521</strong></span> 
     </span>
    </p>
   </div>
   <div class='ocr_carea' id='block_1_2' title="bbox 1312 270 2420 358">
    <p class='ocr_par' dir='ltr' id='par_1_2' title="bbox 1312 270 2420 358">
     <span class='ocr_line' id='line_1_2' title="bbox 1312 270 2420 358; baseline 0.002 -6"><span class='ocrx_word' id='word_1_2' title='bbox 1312 293 1379 352; x_wconf 88' lang='lat' dir='ltr'><strong>IN</strong></span> <span class='ocrx_word' id='word_1_3' title='bbox 1420 293 1749 357; x_wconf 78' lang='lat' dir='ltr'><strong>PSALMUM</strong></span> <span class='ocrx_word' id='word_1_4' title='bbox 1784 294 1999 357; x_wconf 83' lang='lat' dir='ltr'><strong>cxvnt</strong></span> <span class='ocrx_word' id='word_1_5' title='bbox 2038 270 2420 358; x_wconf 74' lang='lat' dir='ltr'><strong>exaosmo.</strong></span> 
     </span>
    </p>
   </div>
   <div class='ocr_carea' id='block_1_3' title="bbox 3406 300 3551 359">
    <p class='ocr_par' dir='ltr' id='par_1_3' title="bbox 3406 300 3551 359">
     <span class='ocr_line' id='line_1_3' title="bbox 3406 300 3551 359; baseline -0.007 -1"><span class='ocrx_word' id='word_1_6' title='bbox 3406 300 3551 359; x_wconf 66' lang='lat'><strong>1522</strong></span> 
     </span>
    </p>
   </div>
   <div class='ocr_carea' id='block_1_4' title="bbox 240 411 3559 488">
    <p class='ocr_par' dir='ltr' id='par_1_4' title="bbox 240 411 3559 488">
     <span class='ocr_line' id='line_1_4' title="bbox 240 411 3559 488; baseline 0.001 -18"><span class='ocrx_word' id='word_1_7' title='bbox 240 415 314 470; x_wconf 87' lang='lat' dir='ltr'><strong>sit</strong></span> <span class='ocrx_word' id='word_1_8' title='bbox 338 412 598 469; x_wconf 79' lang='lat' dir='ltr'><strong>exclusus</strong></span> <span class='ocrx_word' id='word_1_9' title='bbox 628 426 659 467; x_wconf 87' lang='lat' dir='ltr'><strong>a</strong></span> <span class='ocrx_word' id='word_1_10' title='bbox 687 425 856 485; x_wconf 85' lang='lat' dir='ltr'><strong>regno</strong></span> <span class='ocrx_word' id='word_1_11' title='bbox 875 451 893 479; x_wconf 93' lang='lat'><strong>,</strong></span> <span class='ocrx_word' id='word_1_12' title='bbox 933 411 1023 482; x_wconf 88' lang='lat' dir='ltr'><strong>qui</strong></span> <span class='ocrx_word' id='word_1_13' title='bbox 1065 428 1173 468; x_wconf 88' lang='lat' dir='ltr'><strong>non</strong></span> <span class='ocrx_word' id='word_1_14' title='bbox 1200 422 1286 469; x_wconf 89' lang='lat' dir='ltr'><strong>est</strong></span> <span class='ocrx_word' id='word_1_15' title='bbox 1316 416 1573 471; x_wconf 77' lang='lat' dir='ltr'><strong>exclusus</strong></span> <span class='ocrx_word' id='word_1_16' title='bbox 1596 431 1626 470; x_wconf 88' lang='lat' dir='ltr'><strong>a</strong></span> <span class='ocrx_word' id='word_1_17' title='bbox 1670 414 1846 486; x_wconf 81' lang='lat' dir='ltr'><strong>Lege?</strong></span> <span class='ocrx_word' id='word_1_18' title='bbox 1874 428 1925 488; x_wconf 73' lang='grc' dir='ltr'><strong>Α</strong></span> <span class='ocrx_word' id='word_1_19' title='bbox 2023 415 2078 473; x_wconf 81' lang='lat'><strong>5.</strong></span> <span class='ocrx_word' id='word_1_20' title='bbox 2121 415 2368 486; x_wconf 82' lang='lat' dir='ltr'><strong>Denique</strong></span> <span class='ocrx_word' id='word_1_21' title='bbox 2392 413 2554 472; x_wconf 89' lang='lat' dir='ltr'><strong>etiam</strong></span> <span class='ocrx_word' id='word_1_22' title='bbox 2587 413 2642 469; x_wconf 95' lang='lat' dir='ltr'><strong>in</strong></span> <span class='ocrx_word' id='word_1_23' title='bbox 2672 413 2945 471; x_wconf 85' lang='lat' dir='ltr'><strong>Hieremia</strong></span> <span class='ocrx_word' id='word_1_24' title='bbox 2976 413 3182 487; x_wconf 88' lang='lat' dir='ltr'><strong>scripta</strong></span> <span class='ocrx_word' id='word_1_25' title='bbox 3207 414 3310 472; x_wconf 88' lang='lat' dir='ltr'><strong>sub</strong></span> <span class='ocrx_word' id='word_1_26' title='bbox 3338 415 3442 474; x_wconf 88' lang='lat' dir='ltr'><strong>hac</strong></span> <span class='ocrx_word' id='word_1_27' title='bbox 3470 418 3559 473; x_wconf 91' lang='lat' dir='ltr'><strong>lit-</strong></span> 
     </span>
    </p>
   </div>
   <div class='ocr_carea' id='block_1_5' title="bbox 247 505 1848 579">
    <p class='ocr_par' dir='ltr' id='par_1_5' title="bbox 247 505 1848 579">
     <span class='ocr_line' id='line_1_5' title="bbox 247 505 1848 579; baseline 0.001 -17"><span class='ocrx_word' id='word_1_28' title='bbox 247 507 381 576; x_wconf 88' lang='lat' dir='ltr'><strong>Quid</strong></span> <span class='ocrx_word' id='word_1_29' title='bbox 406 521 543 579; x_wconf 86' lang='lat' dir='ltr'><strong>ergo</strong></span> <span class='ocrx_word' id='word_1_30' title='bbox 566 505 977 577; x_wconf 78' lang='lat' dir='ltr'><strong>intelligemus?</strong></span> <span class='ocrx_word' id='word_1_31' title='bbox 1004 505 1185 563; x_wconf 72' lang='lat' dir='ltr'><strong>llmret</strong></span> <span class='ocrx_word' id='word_1_32' title='bbox 1207 506 1615 577; x_wconf 85' lang='lat' dir='ltr'><strong>interpretatio,</strong></span> <span class='ocrx_word' id='word_1_33' title='bbox 1645 518 1701 564; x_wconf 89' lang='lat' dir='ltr'><strong>et</strong></span> <span class='ocrx_word' id='word_1_34' title='bbox 1724 508 1848 565; x_wconf 84' lang='lat' dir='ltr'><strong>obs-</strong></span> 
     </span>
    </p>
   </div>
   <div class='ocr_carea' id='block_1_6' title="bbox 247 599 1775 658">
    <p class='ocr_par' dir='ltr' id='par_1_6' title="bbox 247 599 1775 658">
     <span class='ocr_line' id='line_1_6' title="bbox 247 599 1775 658; baseline -0.002 -1"><span class='ocrx_word' id='word_1_35' title='bbox 247 602 534 658; x_wconf 80' lang='lat' dir='ltr'><strong>curitatetn</strong></span> <span class='ocrx_word' id='word_1_36' title='bbox 588 616 784 657; x_wconf 82' lang='lat' dir='ltr'><strong>sensus</strong></span> <span class='ocrx_word' id='word_1_37' title='bbox 829 599 914 656; x_wconf 89' lang='lat' dir='ltr'><strong>sui</strong></span> <span class='ocrx_word' id='word_1_38' title='bbox 969 614 1155 657; x_wconf 84' lang='lat' dir='ltr'><strong>sermo</strong></span> <span class='ocrx_word' id='word_1_39' title='bbox 1206 599 1420 656; x_wconf 89' lang='lat' dir='ltr'><strong>videtur</strong></span> <span class='ocrx_word' id='word_1_40' title='bbox 1471 600 1775 658; x_wconf 81' lang='lat' dir='ltr'><strong>oliundere.</strong></span> 
     </span>
    </p>
   </div>
   <div class='ocr_carea' id='block_1_7' title="bbox 314 691 1846 765">
    <p class='ocr_par' dir='ltr' id='par_1_7' title="bbox 314 691 1846 765">
     <span class='ocr_line' id='line_1_7' title="bbox 314 691 1846 765; baseline 0.001 -17"><span class='ocrx_word' id='word_1_41' title='bbox 314 694 369 748; x_wconf 72' lang='grc'><strong>2.</strong></span> <span class='ocrx_word' id='word_1_42' title='bbox 410 692 628 751; x_wconf 77' lang='lat' dir='ltr'><strong>Vocant</strong></span> <span class='ocrx_word' id='word_1_43' title='bbox 676 692 869 750; x_wconf 87' lang='lat' dir='ltr'><strong>merita</strong></span> <span class='ocrx_word' id='word_1_44' title='bbox 900 691 1186 763; x_wconf 74' lang='lat' dir='ltr'><strong>PrOpheta:</strong></span> <span class='ocrx_word' id='word_1_45' title='bbox 1211 734 1227 760; x_wconf 93' lang='lat'><strong>,</strong></span> <span class='ocrx_word' id='word_1_46' title='bbox 1267 701 1426 749; x_wconf 91' lang='lat' dir='ltr'><strong>vocat</strong></span> <span class='ocrx_word' id='word_1_47' title='bbox 1463 693 1583 765; x_wconf 84' lang='lat' dir='ltr'><strong>ejus</strong></span> <span class='ocrx_word' id='word_1_48' title='bbox 1631 694 1806 765; x_wconf 88' lang='lat' dir='ltr'><strong>gratia</strong></span> <span class='ocrx_word' id='word_1_49' title='bbox 1829 734 1846 760; x_wconf 92' lang='lat'><strong>,</strong></span> 
     </span>
    </p>
   </div>
   <div class='ocr_carea' id='block_1_8' title="bbox 244 787 1851 859">
    <p class='ocr_par' dir='ltr' id='par_1_8' title="bbox 244 787 1851 859">
     <span class='ocr_line' id='line_1_8' title="bbox 244 787 1851 859; baseline 0 -15"><span class='ocrx_word' id='word_1_50' title='bbox 244 798 400 846; x_wconf 87' lang='lat' dir='ltr'><strong>vocat</strong></span> <span class='ocrx_word' id='word_1_51' title='bbox 427 789 800 859; x_wconf 72' lang='lat' dir='ltr'><strong>subiectorum</strong></span> <span class='ocrx_word' id='word_1_52' title='bbox 831 787 1040 857; x_wconf 89' lang='lat' dir='ltr'><strong>series,</strong></span> <span class='ocrx_word' id='word_1_53' title='bbox 1073 796 1132 843; x_wconf 85' lang='lat' dir='ltr'><strong>ut</strong></span> <span class='ocrx_word' id='word_1_54' title='bbox 1159 787 1371 845; x_wconf 85' lang='lat' dir='ltr'><strong>altioris</strong></span> <span class='ocrx_word' id='word_1_55' title='bbox 1401 788 1712 846; x_wconf 91' lang='lat' dir='ltr'><strong>intellectus</strong></span> <span class='ocrx_word' id='word_1_56' title='bbox 1751 788 1851 844; x_wconf 86' lang='lat' dir='ltr'><strong>ali-</strong></span> 
     </span>
    </p>
   </div>
   <div class='ocr_carea' id='block_1_9' title="bbox 244 880 1852 953">
    <p class='ocr_par' dir='ltr' id='par_1_9' title="bbox 244 880 1852 953">
     <span class='ocr_line' id='line_1_9' title="bbox 244 880 1852 953; baseline 0.001 -16"><span class='ocrx_word' id='word_1_57' title='bbox 244 880 372 953; x_wconf 87' lang='lat' dir='ltr'><strong>quid</strong></span> <span class='ocrx_word' id='word_1_58' title='bbox 424 881 725 938; x_wconf 86' lang='lat' dir='ltr'><strong>debeamus</strong></span> <span class='ocrx_word' id='word_1_59' title='bbox 772 896 1005 948; x_wconf 85' lang='lat' dir='ltr'><strong>eruere;</strong></span> <span class='ocrx_word' id='word_1_60' title='bbox 1053 888 1110 937; x_wconf 88' lang='lat' dir='ltr'><strong>et</strong></span> <span class='ocrx_word' id='word_1_61' title='bbox 1154 891 1181 920; x_wconf 76' lang='grc' dir='ltr'>α</span> <span class='ocrx_word' id='word_1_62' title='bbox 1228 881 1468 939; x_wconf 88' lang='lat' dir='ltr'><strong>occurrit</strong></span> <span class='ocrx_word' id='word_1_63' title='bbox 1509 881 1563 938; x_wconf 92' lang='lat' dir='ltr'><strong>in</strong></span> <span class='ocrx_word' id='word_1_64' title='bbox 1607 891 1852 953; x_wconf 88' lang='lat' dir='ltr'><strong>tempore</strong></span> 
     </span>
    </p>
   </div>
   <div class='ocr_carea' id='block_1_10' title="bbox 244 973 1855 1046">
    <p class='ocr_par' dir='ltr' id='par_1_10' title="bbox 244 973 1855 1046">
     <span class='ocr_line' id='line_1_10' title="bbox 244 973 1855 1046; baseline 0.001 -16"><span class='ocrx_word' id='word_1_65' title='bbox 244 973 388 1046; x_wconf 83' lang='lat' dir='ltr'><strong>quod</strong></span> <span class='ocrx_word' id='word_1_66' title='bbox 434 974 711 1031; x_wconf 83' lang='lat' dir='ltr'><strong>interdum</strong></span> <span class='ocrx_word' id='word_1_67' title='bbox 752 973 1109 1031; x_wconf 79' lang='lat' dir='ltr'><strong>excludamur</strong></span> <span class='ocrx_word' id='word_1_68' title='bbox 1156 974 1211 1031; x_wconf 91' lang='lat' dir='ltr'><strong>in</strong></span> <span class='ocrx_word' id='word_1_69' title='bbox 1259 974 1423 1031; x_wconf 90' lang='lat' dir='ltr'><strong>bono.</strong></span> <span class='ocrx_word' id='word_1_70' title='bbox 1456 973 1729 1045; x_wconf 87' lang='lat' dir='ltr'><strong>Scriptum</strong></span> <span class='ocrx_word' id='word_1_71' title='bbox 1769 982 1855 1031; x_wconf 89' lang='lat' dir='ltr'><strong>est</strong></span> 
     </span>
    </p>
   </div>
   <div class='ocr_carea' id='block_1_11' title="bbox 244 1066 1853 1143">
    <p class='ocr_par' dir='ltr' id='par_1_11' title="bbox 244 1066 1853 1143">
     <span class='ocr_line' id='line_1_11' title="bbox 244 1066 1853 1143; baseline 0 -19"><span class='ocrx_word' id='word_1_72' title='bbox 244 1070 387 1125; x_wconf 87' lang='lat' dir='ltr'><strong>enim</strong></span> <span class='ocrx_word' id='word_1_73' title='bbox 431 1087 446 1124; x_wconf 95' lang='lat'><strong>:</strong></span> <span class='ocrx_word' id='word_1_74' title='bbox 486 1067 737 1140; x_wconf 78' lang='lat' dir='ltr'><strong>Perfecta</strong></span> <span class='ocrx_word' id='word_1_75' title='bbox 782 1070 1009 1124; x_wconf 82' lang='lat' dir='ltr'><strong>charitas</strong></span> <span class='ocrx_word' id='word_1_76' title='bbox 1048 1070 1281 1127; x_wconf 79' lang='lat' dir='ltr'><strong>timerent</strong></span> <span class='ocrx_word' id='word_1_77' title='bbox 1330 1071 1557 1126; x_wconf 71' lang='lat' dir='ltr'><strong>excludit</strong></span> <span class='ocrx_word' id='word_1_78' title='bbox 1604 1074 1747 1142; x_wconf 78' lang='lat' dir='ltr'><strong>{oras</strong></span> <span class='ocrx_word' id='word_1_79' title='bbox 1792 1066 1853 1143; x_wconf 89' lang='grc' dir='ltr'>(ι</span> 
     </span>
    </p>
   </div>
   <div class='ocr_carea' id='block_1_12' title="bbox 244 1160 1855 1234">
    <p class='ocr_par' dir='ltr' id='par_1_12' title="bbox 244 1160 1855 1234">
     <span class='ocr_line' id='line_1_12' title="bbox 244 1160 1855 1234; baseline 0.002 -19"><span class='ocrx_word' id='word_1_80' title='bbox 244 1160 398 1218; x_wconf 81' lang='lat' dir='ltr'><strong>Joan.</strong></span> <span class='ocrx_word' id='word_1_81' title='bbox 425 1177 517 1228; x_wconf 84' lang='lat' dir='ltr'><strong>tv,</strong></span> <span class='ocrx_word' id='word_1_82' title='bbox 550 1161 661 1234; x_wconf 83' lang='grc'><strong>18).</strong></span> <span class='ocrx_word' id='word_1_83' title='bbox 692 1161 760 1219; x_wconf 87' lang='lat' dir='ltr'><strong>Et</strong></span> <span class='ocrx_word' id='word_1_84' title='bbox 786 1162 1119 1234; x_wconf 78' lang='lat' dir='ltr'><strong>generaliter</strong></span> <span class='ocrx_word' id='word_1_85' title='bbox 1158 1164 1377 1233; x_wconf 87' lang='lat' dir='ltr'><strong>quidem</strong></span> <span class='ocrx_word' id='word_1_86' title='bbox 1409 1164 1646 1221; x_wconf 87' lang='lat' dir='ltr'><strong>charitas</strong></span> <span class='ocrx_word' id='word_1_87' title='bbox 1670 1164 1855 1221; x_wconf 90' lang='lat' dir='ltr'><strong>exclu-</strong></span> 
     </span>
    </p>
   </div>
   <div class='ocr_carea' id='block_1_13' title="bbox 246 1256 1854 1332">
    <p class='ocr_par' dir='ltr' id='par_1_13' title="bbox 246 1256 1854 1332">
     <span class='ocr_line' id='line_1_13' title="bbox 246 1256 1854 1332; baseline 0.001 -19"><span class='ocrx_word' id='word_1_88' title='bbox 246 1257 322 1314; x_wconf 89' lang='lat' dir='ltr'><strong>dit</strong></span> <span class='ocrx_word' id='word_1_89' title='bbox 351 1260 628 1314; x_wconf 87' lang='lat' dir='ltr'><strong>timorem.</strong></span> <span class='ocrx_word' id='word_1_90' title='bbox 657 1256 728 1315; x_wconf 89' lang='lat' dir='ltr'><strong>Ut</strong></span> <span class='ocrx_word' id='word_1_91' title='bbox 753 1258 912 1313; x_wconf 89' lang='lat' dir='ltr'><strong>miles</strong></span> <span class='ocrx_word' id='word_1_92' title='bbox 939 1258 1032 1329; x_wconf 90' lang='lat' dir='ltr'><strong>qui</strong></span> <span class='ocrx_word' id='word_1_93' title='bbox 1061 1258 1445 1330; x_wconf 85' lang='lat' dir='ltr'><strong>imperatorem</strong></span> <span class='ocrx_word' id='word_1_94' title='bbox 1473 1259 1645 1332; x_wconf 80' lang='lat' dir='ltr'><strong>diligit</strong></span> <span class='ocrx_word' id='word_1_95' title='bbox 1665 1300 1681 1327; x_wconf 95' lang='lat'><strong>,</strong></span> <span class='ocrx_word' id='word_1_96' title='bbox 1710 1258 1854 1315; x_wconf 88' lang='lat' dir='ltr'><strong>bella</strong></span> 
     </span>
    </p>
   </div>
   <div class='ocr_carea' id='block_1_14' title="bbox 248 1350 1854 1424">
    <p class='ocr_par' dir='ltr' id='par_1_14' title="bbox 248 1350 1854 1424">
     <span class='ocr_line' id='line_1_14' title="bbox 248 1350 1854 1424; baseline 0.001 -17"><span class='ocrx_word' id='word_1_97' title='bbox 248 1367 341 1423; x_wconf 90' lang='lat' dir='ltr'><strong>pro</strong></span> <span class='ocrx_word' id='word_1_98' title='bbox 397 1350 730 1424; x_wconf 78' lang='lat' dir='ltr'><strong>imperatore</strong></span> <span class='ocrx_word' id='word_1_99' title='bbox 780 1362 1033 1424; x_wconf 88' lang='lat' dir='ltr'><strong>suscepta</strong></span> <span class='ocrx_word' id='word_1_100' title='bbox 1090 1369 1198 1409; x_wconf 94' lang='lat' dir='ltr'><strong>non</strong></span> <span class='ocrx_word' id='word_1_101' title='bbox 1258 1354 1452 1410; x_wconf 83' lang='lat' dir='ltr'><strong>metuit</strong></span> <span class='ocrx_word' id='word_1_102' title='bbox 1492 1371 1506 1409; x_wconf 93' lang='lat'><strong>:</strong></span> <span class='ocrx_word' id='word_1_103' title='bbox 1554 1364 1615 1411; x_wconf 92' lang='lat' dir='ltr'><strong>ut</strong></span> <span class='ocrx_word' id='word_1_104' title='bbox 1662 1368 1854 1410; x_wconf 87' lang='lat' dir='ltr'><strong>servus</strong></span> 
     </span>
    </p>
   </div>
   <div class='ocr_carea' id='block_1_15' title="bbox 248 1442 1853 1521">
    <p class='ocr_par' dir='ltr' id='par_1_15' title="bbox 248 1442 1853 1521">
     <span class='ocr_line' id='line_1_15' title="bbox 248 1442 1853 1521; baseline 0.002 -22"><span class='ocrx_word' id='word_1_105' title='bbox 248 1459 436 1500; x_wconf 89' lang='lat' dir='ltr'><strong>amans</strong></span> <span class='ocrx_word' id='word_1_106' title='bbox 478 1442 800 1514; x_wconf 87' lang='lat' dir='ltr'><strong>dominum,</strong></span> <span class='ocrx_word' id='word_1_107' title='bbox 848 1446 1098 1516; x_wconf 75' lang='lat' dir='ltr'><strong>quamvis</strong></span> <span class='ocrx_word' id='word_1_108' title='bbox 1148 1462 1245 1517; x_wconf 89' lang='lat' dir='ltr'><strong>per</strong></span> <span class='ocrx_word' id='word_1_109' title='bbox 1282 1446 1443 1503; x_wconf 88' lang='lat' dir='ltr'><strong>devia</strong></span> <span class='ocrx_word' id='word_1_110' title='bbox 1479 1459 1535 1504; x_wconf 93' lang='lat' dir='ltr'><strong>et</strong></span> <span class='ocrx_word' id='word_1_111' title='bbox 1581 1456 1853 1521; x_wconf 73' lang='lat' dir='ltr'><strong>prterupta</strong></span> 
     </span>
    </p>
   </div>
   <div class='ocr_carea' id='block_1_16' title="bbox 245 1538 1856 1612">
    <p class='ocr_par' dir='ltr' id='par_1_16' title="bbox 245 1538 1856 1612">
     <span class='ocr_line' id='line_1_16' title="bbox 245 1538 1856 1612; baseline 0.002 -18"><span class='ocrx_word' id='word_1_112' title='bbox 245 1538 532 1607; x_wconf 83' lang='lat' dir='ltr'><strong>mittatur;</strong></span> <span class='ocrx_word' id='word_1_113' title='bbox 565 1549 746 1596; x_wconf 88' lang='lat' dir='ltr'><strong>tamen</strong></span> <span class='ocrx_word' id='word_1_114' title='bbox 773 1541 953 1597; x_wconf 88' lang='lat' dir='ltr'><strong>omnia</strong></span> <span class='ocrx_word' id='word_1_115' title='bbox 985 1541 1228 1612; x_wconf 89' lang='lat' dir='ltr'><strong>pericula</strong></span> <span class='ocrx_word' id='word_1_116' title='bbox 1257 1541 1463 1599; x_wconf 88' lang='lat' dir='ltr'><strong>domini</strong></span> <span class='ocrx_word' id='word_1_117' title='bbox 1499 1557 1687 1599; x_wconf 91' lang='lat' dir='ltr'><strong>amore</strong></span> <span class='ocrx_word' id='word_1_118' title='bbox 1723 1557 1856 1597; x_wconf 90' lang='lat' dir='ltr'><strong>con-</strong></span> 
     </span>
    </p>
   </div>
   <div class='ocr_carea' id='block_1_17' title="bbox 247 1633 1856 1709">
    <p class='ocr_par' dir='ltr' id='par_1_17' title="bbox 247 1633 1856 1709">
     <span class='ocr_line' id='line_1_17' title="bbox 247 1633 1856 1709; baseline 0.002 -20"><span class='ocrx_word' id='word_1_119' title='bbox 247 1633 479 1701; x_wconf 89' lang='lat' dir='ltr'><strong>temnit;</strong></span> <span class='ocrx_word' id='word_1_120' title='bbox 511 1650 577 1692; x_wconf 87' lang='lat' dir='ltr'><strong>ac</strong></span> <span class='ocrx_word' id='word_1_121' title='bbox 609 1635 656 1691; x_wconf 89' lang='lat' dir='ltr'><strong>si</strong></span> <span class='ocrx_word' id='word_1_122' title='bbox 686 1636 808 1707; x_wconf 85' lang='lat' dir='ltr'><strong>quis</strong></span> <span class='ocrx_word' id='word_1_123' title='bbox 834 1635 1113 1693; x_wconf 91' lang='lat' dir='ltr'><strong>dominum</strong></span> <span class='ocrx_word' id='word_1_124' title='bbox 1144 1645 1325 1708; x_wconf 85' lang='lat' dir='ltr'><strong>petat,</strong></span> <span class='ocrx_word' id='word_1_125' title='bbox 1354 1653 1418 1695; x_wconf 91' lang='lat' dir='ltr'><strong>se</strong></span> <span class='ocrx_word' id='word_1_126' title='bbox 1443 1638 1618 1709; x_wconf 88' lang='lat' dir='ltr'><strong>ipsum</strong></span> <span class='ocrx_word' id='word_1_127' title='bbox 1658 1636 1856 1694; x_wconf 78' lang='lat' dir='ltr'><strong>otferre</strong></span> 
     </span>
    </p>
   </div>
   <div class='ocr_carea' id='block_1_18' title="bbox 244 1730 1855 1803">
    <p class='ocr_par' dir='ltr' id='par_1_18' title="bbox 244 1730 1855 1803">
     <span class='ocr_line' id='line_1_18' title="bbox 244 1730 1855 1803; baseline 0.001 -18"><span class='ocrx_word' id='word_1_128' title='bbox 244 1745 351 1786; x_wconf 91' lang='lat' dir='ltr'><strong>non</strong></span> <span class='ocrx_word' id='word_1_129' title='bbox 380 1730 661 1802; x_wconf 85' lang='lat' dir='ltr'><strong>trepidat:</strong></span> <span class='ocrx_word' id='word_1_130' title='bbox 690 1739 751 1785; x_wconf 93' lang='lat' dir='ltr'><strong>ut</strong></span> <span class='ocrx_word' id='word_1_131' title='bbox 777 1730 871 1802; x_wconf 91' lang='lat' dir='ltr'><strong>qui</strong></span> <span class='ocrx_word' id='word_1_132' title='bbox 898 1739 1052 1786; x_wconf 89' lang='lat' dir='ltr'><strong>trans</strong></span> <span class='ocrx_word' id='word_1_133' title='bbox 1076 1746 1231 1788; x_wconf 87' lang='lat' dir='ltr'><strong>mare</strong></span> <span class='ocrx_word' id='word_1_134' title='bbox 1254 1732 1460 1803; x_wconf 85' lang='lat' dir='ltr'><strong>positos</strong></span> <span class='ocrx_word' id='word_1_135' title='bbox 1503 1730 1644 1786; x_wconf 91' lang='lat' dir='ltr'><strong>ﬁlios</strong></span> <span class='ocrx_word' id='word_1_136' title='bbox 1670 1730 1855 1787; x_wconf 90' lang='lat' dir='ltr'><strong>videre</strong></span> 
     </span>
    </p>
   </div>
   <div class='ocr_carea' id='block_1_19' title="bbox 1952 506 3556 581">
    <p class='ocr_par' dir='ltr' id='par_1_19' title="bbox 1952 506 3556 581">
     <span class='ocr_line' id='line_1_19' title="bbox 1952 506 3556 581; baseline 0.002 -18"><span class='ocrx_word' id='word_1_137' title='bbox 1952 518 2065 563; x_wconf 89' lang='lat' dir='ltr'><strong>tera</strong></span> <span class='ocrx_word' id='word_1_138' title='bbox 2118 508 2172 563; x_wconf 89' lang='lat' dir='ltr'><strong>id</strong></span> <span class='ocrx_word' id='word_1_139' title='bbox 2214 506 2471 564; x_wconf 86' lang='lat' dir='ltr'><strong>videntur</strong></span> <span class='ocrx_word' id='word_1_140' title='bbox 2519 506 2850 580; x_wconf 89' lang='lat' dir='ltr'><strong>significare.</strong></span> <span class='ocrx_word' id='word_1_141' title='bbox 2883 506 2976 565; x_wconf 87' lang='lat' dir='ltr'><strong>Sic</strong></span> <span class='ocrx_word' id='word_1_142' title='bbox 3017 508 3161 563; x_wconf 91' lang='lat' dir='ltr'><strong>enim</strong></span> <span class='ocrx_word' id='word_1_143' title='bbox 3208 509 3444 581; x_wconf 75' lang='lat' dir='ltr'><strong>legimus</strong></span> <span class='ocrx_word' id='word_1_144' title='bbox 3486 510 3556 566; x_wconf 88' lang='lat' dir='ltr'><strong>de</strong></span> 
     </span>
    </p>
   </div>
   <div class='ocr_carea' id='block_1_20' title="bbox 1950 599 3557 676">
    <p class='ocr_par' dir='ltr' id='par_1_20' title="bbox 1950 599 3557 676">
     <span class='ocr_line' id='line_1_20' title="bbox 1950 599 3557 676; baseline 0.002 -20"><span class='ocrx_word' id='word_1_145' title='bbox 1950 599 2287 658; x_wconf 85' lang='lat' dir='ltr'><strong>Hierusalem</strong></span> <span class='ocrx_word' id='word_1_146' title='bbox 2320 600 2412 656; x_wconf 91' lang='lat' dir='ltr'><strong>illa</strong></span> <span class='ocrx_word' id='word_1_147' title='bbox 2443 610 2662 658; x_wconf 86' lang='lat' dir='ltr'><strong>terrena</strong></span> <span class='ocrx_word' id='word_1_148' title='bbox 2697 619 2713 657; x_wconf 90' lang='lat'><strong>:</strong></span> <span class='ocrx_word' id='word_1_149' title='bbox 2764 600 3110 658; x_wconf 86' lang='lat' dir='ltr'><strong>Immunditia</strong></span> <span class='ocrx_word' id='word_1_150' title='bbox 3140 605 3254 673; x_wconf 80' lang='lat' dir='ltr'><strong>ejus</strong></span> <span class='ocrx_word' id='word_1_151' title='bbox 3298 614 3420 660; x_wconf 89' lang='lat' dir='ltr'><strong>ante</strong></span> <span class='ocrx_word' id='word_1_152' title='bbox 3461 621 3557 676; x_wconf 83' lang='lat' dir='ltr'><strong>pe-</strong></span> 
     </span>
    </p>
   </div>
   <div class='ocr_carea' id='block_1_21' title="bbox 1950 694 3553 768">
    <p class='ocr_par' dir='ltr' id='par_1_21' title="bbox 1950 694 3553 768">
     <span class='ocr_line' id='line_1_21' title="bbox 1950 694 3553 768; baseline 0.002 -19"><span class='ocrx_word' id='word_1_153' title='bbox 1950 694 2041 750; x_wconf 91' lang='lat' dir='ltr'><strong>des</strong></span> <span class='ocrx_word' id='word_1_154' title='bbox 2089 695 2223 768; x_wconf 83' lang='lat' dir='ltr'><strong>ejus.</strong></span> <span class='ocrx_word' id='word_1_155' title='bbox 2264 694 2391 750; x_wconf 86' lang='lat' dir='ltr'><strong>Non</strong></span> <span class='ocrx_word' id='word_1_156' title='bbox 2417 697 2521 768; x_wconf 76' lang='lat' dir='ltr'><strong>fuit</strong></span> <span class='ocrx_word' id='word_1_157' title='bbox 2556 711 2751 751; x_wconf 86' lang='lat' dir='ltr'><strong>memor</strong></span> <span class='ocrx_word' id='word_1_158' title='bbox 2789 696 3191 753; x_wconf 71' lang='lat' dir='ltr'><strong>nouissimorum</strong></span> <span class='ocrx_word' id='word_1_159' title='bbox 3219 713 3435 753; x_wconf 86' lang='lat' dir='ltr'><strong>suorum</strong></span> <span class='ocrx_word' id='word_1_160' title='bbox 3455 738 3472 766; x_wconf 87' lang='lat'><strong>,</strong></span> <span class='ocrx_word' id='word_1_161' title='bbox 3502 708 3553 753; x_wconf 90' lang='lat' dir='ltr'><strong>et</strong></span> 
     </span>
    </p>
   </div>
   <div class='ocr_carea' id='block_1_22' title="bbox 1955 785 3555 864">
    <p class='ocr_par' dir='ltr' id='par_1_22' title="bbox 1955 785 3555 864">
     <span class='ocr_line' id='line_1_22' title="bbox 1955 785 3555 864; baseline 0.003 -23"><span class='ocrx_word' id='word_1_162' title='bbox 1955 798 1977 825; x_wconf 76' lang='grc' dir='ltr'><strong>ο</strong></span> <span class='ocrx_word' id='word_1_163' title='bbox 2002 786 2185 864; x_wconf 82' lang='lat' dir='ltr'><strong>cecidit</strong></span> <span class='ocrx_word' id='word_1_164' title='bbox 2227 785 2457 842; x_wconf 76' lang='lat' dir='ltr'><strong>invalido</strong></span> <span class='ocrx_word' id='word_1_165' title='bbox 2484 804 2504 844; x_wconf 91' lang='lat'><strong>:</strong></span> <span class='ocrx_word' id='word_1_166' title='bbox 2541 805 2646 844; x_wconf 89' lang='lat' dir='ltr'><strong>non</strong></span> <span class='ocrx_word' id='word_1_167' title='bbox 2684 789 2871 860; x_wconf 80' lang='lat' dir='ltr'><strong>estqui</strong></span> <span class='ocrx_word' id='word_1_168' title='bbox 2893 789 3188 845; x_wconf 87' lang='lat' dir='ltr'><strong>consoletur</strong></span> <span class='ocrx_word' id='word_1_169' title='bbox 3214 806 3345 845; x_wconf 88' lang='lat' dir='ltr'><strong>eam.</strong></span> <span class='ocrx_word' id='word_1_170' title='bbox 3388 788 3555 855; x_wconf 82' lang='lat' dir='ltr'><strong>Vide,</strong></span> 
     </span>
    </p>
   </div>
   <div class='ocr_carea' id='block_1_23' title="bbox 1954 880 3561 957">
    <p class='ocr_par' dir='ltr' id='par_1_23' title="bbox 1954 880 3561 957">
     <span class='ocr_line' id='line_1_23' title="bbox 1954 880 3561 957; baseline 0.001 -21"><span class='ocrx_word' id='word_1_171' title='bbox 1954 880 2204 949; x_wconf 81' lang='lat' dir='ltr'><strong>Domine,</strong></span> <span class='ocrx_word' id='word_1_172' title='bbox 2237 882 2579 939; x_wconf 79' lang='lat' dir='ltr'><strong>humilitatem</strong></span> <span class='ocrx_word' id='word_1_173' title='bbox 2622 884 2735 954; x_wconf 84' lang='lat' dir='ltr'><strong>eius</strong></span> <span class='ocrx_word' id='word_1_174' title='bbox 2752 899 2774 951; x_wconf 88' lang='lat'><strong><em>;</em></strong></span> <span class='ocrx_word' id='word_1_175' title='bbox 2800 884 2925 953; x_wconf 87' lang='lat' dir='ltr'><strong>quia</strong></span> <span class='ocrx_word' id='word_1_176' title='bbox 2964 884 3329 957; x_wconf 73' lang='lat' dir='ltr'><strong>magnificatus</strong></span> <span class='ocrx_word' id='word_1_177' title='bbox 3354 894 3429 941; x_wconf 86' lang='lat' dir='ltr'><strong>est</strong></span> <span class='ocrx_word' id='word_1_178' title='bbox 3457 884 3561 938; x_wconf 88' lang='lat' dir='ltr'><strong>ini-</strong></span> 
     </span>
    </p>
   </div>
   <div class='ocr_carea' id='block_1_24' title="bbox 1952 976 3560 1051">
    <p class='ocr_par' dir='ltr' id='par_1_24' title="bbox 1952 976 3560 1051">
     <span class='ocr_line' id='line_1_24' title="bbox 1952 976 3560 1051; baseline 0 -19"><span class='ocrx_word' id='word_1_179' title='bbox 1952 979 2117 1033; x_wconf 87' lang='lat' dir='ltr'><strong>micus</strong></span> <span class='ocrx_word' id='word_1_180' title='bbox 2150 976 2369 1051; x_wconf 86' lang='lat' dir='ltr'><strong>(Thren.</strong></span> <span class='ocrx_word' id='word_1_181' title='bbox 2396 992 2447 1046; x_wconf 88' lang='grc' dir='ltr'>ι,</span> <span class='ocrx_word' id='word_1_182' title='bbox 2474 977 2555 1048; x_wconf 90' lang='grc'><strong>9).</strong></span> <span class='ocrx_word' id='word_1_183' title='bbox 2589 977 2657 1033; x_wconf 86' lang='lat' dir='ltr'><strong>Et</strong></span> <span class='ocrx_word' id='word_1_184' title='bbox 2684 977 2811 1048; x_wconf 88' lang='lat' dir='ltr'><strong>quia</strong></span> <span class='ocrx_word' id='word_1_185' title='bbox 2849 976 2930 1034; x_wconf 89' lang='lat' dir='ltr'><strong>sic</strong></span> <span class='ocrx_word' id='word_1_186' title='bbox 2976 976 3265 1033; x_wconf 88' lang='lat' dir='ltr'><strong>humiliata</strong></span> <span class='ocrx_word' id='word_1_187' title='bbox 3309 986 3395 1034; x_wconf 91' lang='lat' dir='ltr'><strong>est</strong></span> <span class='ocrx_word' id='word_1_188' title='bbox 3432 976 3560 1032; x_wconf 83' lang='lat' dir='ltr'><strong>Hie-</strong></span> 
     </span>
    </p>
   </div>
   <div class='ocr_carea' id='block_1_25' title="bbox 1953 1069 3561 1143">
    <p class='ocr_par' dir='ltr' id='par_1_25' title="bbox 1953 1069 3561 1143">
     <span class='ocr_line' id='line_1_25' title="bbox 1953 1069 3561 1143; baseline -0.001 -16"><span class='ocrx_word' id='word_1_189' title='bbox 1953 1071 2228 1140; x_wconf 89' lang='lat' dir='ltr'><strong>rusalem,</strong></span> <span class='ocrx_word' id='word_1_190' title='bbox 2263 1071 2460 1128; x_wconf 91' lang='lat' dir='ltr'><strong>merito</strong></span> <span class='ocrx_word' id='word_1_191' title='bbox 2494 1079 2686 1140; x_wconf 88' lang='lat' dir='ltr'><strong>postea</strong></span> <span class='ocrx_word' id='word_1_192' title='bbox 2715 1070 2766 1127; x_wconf 91' lang='lat' dir='ltr'><strong>ei</strong></span> <span class='ocrx_word' id='word_1_193' title='bbox 2794 1069 2995 1127; x_wconf 91' lang='lat' dir='ltr'><strong>dicitur</strong></span> <span class='ocrx_word' id='word_1_194' title='bbox 3025 1088 3039 1126; x_wconf 93' lang='lat'><strong>:</strong></span> <span class='ocrx_word' id='word_1_195' title='bbox 3083 1069 3287 1143; x_wconf 80' lang='lat' dir='ltr'><strong>Defecit</strong></span> <span class='ocrx_word' id='word_1_196' title='bbox 3314 1070 3561 1141; x_wconf 78' lang='lat' dir='ltr'><strong>iniquitas</strong></span> 
     </span>
    </p>
   </div>
   <div class='ocr_carea' id='block_1_26' title="bbox 1954 1159 3560 1236">
    <p class='ocr_par' dir='ltr' id='par_1_26' title="bbox 1954 1159 3560 1236">
     <span class='ocr_line' id='line_1_26' title="bbox 1954 1159 3560 1236; baseline -0.001 -19"><span class='ocrx_word' id='word_1_197' title='bbox 1954 1174 2079 1227; x_wconf 88' lang='lat' dir='ltr'><strong>tua,</strong></span> <span class='ocrx_word' id='word_1_198' title='bbox 2108 1164 2220 1234; x_wconf 80' lang='lat' dir='ltr'><strong>ﬁlia</strong></span> <span class='ocrx_word' id='word_1_199' title='bbox 2262 1163 2394 1220; x_wconf 84' lang='lat' dir='ltr'><strong>Sion</strong></span> <span class='ocrx_word' id='word_1_200' title='bbox 2423 1162 2646 1236; x_wconf 86' lang='lat' dir='ltr'><strong>(Thren.</strong></span> <span class='ocrx_word' id='word_1_201' title='bbox 2671 1177 2758 1230; x_wconf 83' lang='lat' dir='ltr'><strong>tv,</strong></span> <span class='ocrx_word' id='word_1_202' title='bbox 2798 1162 2923 1234; x_wconf 73' lang='lat'><strong>22).</strong></span> <span class='ocrx_word' id='word_1_203' title='bbox 2966 1162 3034 1218; x_wconf 85' lang='lat' dir='ltr'><strong>Et</strong></span> <span class='ocrx_word' id='word_1_204' title='bbox 3059 1161 3213 1218; x_wconf 88' lang='lat' dir='ltr'><strong>omni</strong></span> <span class='ocrx_word' id='word_1_205' title='bbox 3244 1161 3339 1233; x_wconf 88' lang='lat' dir='ltr'><strong>qui</strong></span> <span class='ocrx_word' id='word_1_206' title='bbox 3382 1159 3560 1232; x_wconf 60' lang='lat' dir='ltr'><strong>paeni-</strong></span> 
     </span>
    </p>
   </div>
   <div class='ocr_carea' id='block_1_27' title="bbox 1956 1254 3556 1331">
    <p class='ocr_par' dir='ltr' id='par_1_27' title="bbox 1956 1254 3556 1331">
     <span class='ocr_line' id='line_1_27' title="bbox 1956 1254 3556 1331; baseline -0.001 -19"><span class='ocrx_word' id='word_1_207' title='bbox 1956 1256 2182 1312; x_wconf 88' lang='lat' dir='ltr'><strong>tentiam</strong></span> <span class='ocrx_word' id='word_1_208' title='bbox 2220 1257 2439 1329; x_wconf 89' lang='lat' dir='ltr'><strong>egerit,</strong></span> <span class='ocrx_word' id='word_1_209' title='bbox 2476 1256 2845 1331; x_wconf 83' lang='lat' dir='ltr'><strong>laerymisque</strong></span> <span class='ocrx_word' id='word_1_210' title='bbox 2874 1257 3110 1327; x_wconf 88' lang='lat' dir='ltr'><strong>propriis</strong></span> <span class='ocrx_word' id='word_1_211' title='bbox 3138 1265 3360 1327; x_wconf 87' lang='lat' dir='ltr'><strong>peccata</strong></span> <span class='ocrx_word' id='word_1_212' title='bbox 3391 1254 3556 1311; x_wconf 86' lang='lat' dir='ltr'><strong>delle-</strong></span> 
     </span>
    </p>
   </div>
   <div class='ocr_carea' id='block_1_28' title="bbox 1955 1348 3558 1422">
    <p class='ocr_par' dir='ltr' id='par_1_28' title="bbox 1955 1348 3558 1422">
     <span class='ocr_line' id='line_1_28' title="bbox 1955 1348 3558 1422; baseline -0.001 -16"><span class='ocrx_word' id='word_1_213' title='bbox 1955 1352 2134 1419; x_wconf 87' lang='lat' dir='ltr'><strong>verit,</strong></span> <span class='ocrx_word' id='word_1_214' title='bbox 2163 1350 2306 1407; x_wconf 88' lang='lat' dir='ltr'><strong>bene</strong></span> <span class='ocrx_word' id='word_1_215' title='bbox 2332 1350 2534 1406; x_wconf 87' lang='lat' dir='ltr'><strong>dicitur</strong></span> <span class='ocrx_word' id='word_1_216' title='bbox 2559 1369 2574 1406; x_wconf 92' lang='lat'><strong>:</strong></span> <span class='ocrx_word' id='word_1_217' title='bbox 2604 1348 2810 1422; x_wconf 82' lang='lat' dir='ltr'><strong>Defecit</strong></span> <span class='ocrx_word' id='word_1_218' title='bbox 2836 1351 3084 1419; x_wconf 86' lang='lat' dir='ltr'><strong>iniquitas</strong></span> <span class='ocrx_word' id='word_1_219' title='bbox 3110 1359 3218 1404; x_wconf 83' lang='lat' dir='ltr'><strong>tua.</strong></span> <span class='ocrx_word' id='word_1_220' title='bbox 3246 1348 3389 1404; x_wconf 85' lang='lat' dir='ltr'><strong>Alibi</strong></span> <span class='ocrx_word' id='word_1_221' title='bbox 3419 1365 3558 1420; x_wconf 88' lang='lat' dir='ltr'><strong>quo-</strong></span> 
     </span>
    </p>
   </div>
   <div class='ocr_carea' id='block_1_29' title="bbox 1957 1443 3562 1519">
    <p class='ocr_par' dir='ltr' id='par_1_29' title="bbox 1957 1443 3562 1519">
     <span class='ocr_line' id='line_1_29' title="bbox 1957 1443 3562 1519; baseline -0.002 -18"><span class='ocrx_word' id='word_1_222' title='bbox 1957 1462 2065 1519; x_wconf 92' lang='lat' dir='ltr'><strong>que</strong></span> <span class='ocrx_word' id='word_1_223' title='bbox 2113 1445 2216 1501; x_wconf 87' lang='lat' dir='ltr'><strong>sub</strong></span> <span class='ocrx_word' id='word_1_224' title='bbox 2262 1444 2367 1501; x_wconf 88' lang='lat' dir='ltr'><strong>hac</strong></span> <span class='ocrx_word' id='word_1_225' title='bbox 2403 1445 2586 1501; x_wconf 87' lang='lat' dir='ltr'><strong>littera</strong></span> <span class='ocrx_word' id='word_1_226' title='bbox 2635 1445 2770 1502; x_wconf 89' lang='lat' dir='ltr'><strong>dicit</strong></span> <span class='ocrx_word' id='word_1_227' title='bbox 2816 1444 3124 1501; x_wconf 81' lang='lat' dir='ltr'><strong>Hieremias</strong></span> <span class='ocrx_word' id='word_1_228' title='bbox 3170 1462 3184 1499; x_wconf 90' lang='lat'><strong>:</strong></span> <span class='ocrx_word' id='word_1_229' title='bbox 3236 1443 3373 1498; x_wconf 88' lang='lat' dir='ltr'><strong>Boni</strong></span> <span class='ocrx_word' id='word_1_230' title='bbox 3414 1452 3562 1498; x_wconf 87' lang='lat' dir='ltr'><strong>erant</strong></span> 
     </span>
    </p>
   </div>
   <div class='ocr_carea' id='block_1_30' title="bbox 1956 1538 3565 1614">
    <p class='ocr_par' dir='ltr' id='par_1_30' title="bbox 1956 1538 3565 1614">
     <span class='ocr_line' id='line_1_30' title="bbox 1956 1538 3565 1614; baseline -0.004 -17"><span class='ocrx_word' id='word_1_231' title='bbox 1956 1540 2215 1597; x_wconf 83' lang='lat' dir='ltr'><strong>vulnerati</strong></span> <span class='ocrx_word' id='word_1_232' title='bbox 2238 1541 2418 1614; x_wconf 88' lang='lat' dir='ltr'><strong>gladio</strong></span> <span class='ocrx_word' id='word_1_233' title='bbox 2438 1582 2454 1607; x_wconf 94' lang='lat'><strong>,</strong></span> <span class='ocrx_word' id='word_1_234' title='bbox 2485 1556 2644 1613; x_wconf 89' lang='lat' dir='ltr'><strong>quam</strong></span> <span class='ocrx_word' id='word_1_235' title='bbox 2670 1540 2926 1594; x_wconf 83' lang='lat' dir='ltr'><strong>vulnerati</strong></span> <span class='ocrx_word' id='word_1_236' title='bbox 2954 1543 3112 1610; x_wconf 80' lang='lat' dir='ltr'><strong>fame.</strong></span> <span class='ocrx_word' id='word_1_237' title='bbox 3148 1538 3396 1592; x_wconf 79' lang='lat' dir='ltr'><strong>Abierant</strong></span> <span class='ocrx_word' id='word_1_238' title='bbox 3421 1552 3565 1591; x_wconf 82' lang='lat' dir='ltr'><strong>cont-</strong></span> 
     </span>
    </p>
   </div>
   <div class='ocr_carea' id='block_1_31' title="bbox 1958 1627 3565 1706">
    <p class='ocr_par' dir='ltr' id='par_1_31' title="bbox 1958 1627 3565 1706">
     <span class='ocr_line' id='line_1_31' title="bbox 1958 1627 3565 1706; baseline -0.004 -15"><span class='ocrx_word' id='word_1_239' title='bbox 1958 1636 2135 1706; x_wconf 84' lang='lat' dir='ltr'><strong>puncti</strong></span> <span class='ocrx_word' id='word_1_240' title='bbox 2162 1632 2190 1671; x_wconf 76' lang='grc' dir='ltr'>ἀ</span> <span class='ocrx_word' id='word_1_241' title='bbox 2220 1653 2253 1689; x_wconf 83' lang='grc' dir='ltr'><strong>ιι</strong></span> <span class='ocrx_word' id='word_1_242' title='bbox 2282 1634 2552 1689; x_wconf 83' lang='lat' dir='ltr'><strong>nativitate</strong></span> <span class='ocrx_word' id='word_1_243' title='bbox 2593 1650 2838 1704; x_wconf 84' lang='lat' dir='ltr'><strong>agrorum</strong></span> <span class='ocrx_word' id='word_1_244' title='bbox 2879 1631 3047 1704; x_wconf 87' lang='lat' dir='ltr'><strong>(Ibid.</strong></span> <span class='ocrx_word' id='word_1_245' title='bbox 3066 1671 3082 1697; x_wconf 90' lang='lat'><strong>,</strong></span> <span class='ocrx_word' id='word_1_246' title='bbox 3110 1630 3199 1702; x_wconf 88' lang='lat'><strong>9).</strong></span> <span class='ocrx_word' id='word_1_247' title='bbox 3231 1627 3565 1701; x_wconf 76' lang='lat' dir='ltr'><strong>Compungi-</strong></span> 
     </span>
    </p>
   </div>
   <div class='ocr_carea' id='block_1_32' title="bbox 1958 1723 3566 1801">
    <p class='ocr_par' dir='ltr' id='par_1_32' title="bbox 1958 1723 3566 1801">
     <span class='ocr_line' id='line_1_32' title="bbox 1958 1723 3566 1801; baseline -0.002 -17"><span class='ocrx_word' id='word_1_248' title='bbox 1958 1745 2082 1784; x_wconf 94' lang='lat' dir='ltr'><strong>mur</strong></span> <span class='ocrx_word' id='word_1_249' title='bbox 2107 1726 2301 1801; x_wconf 88' lang='lat' dir='ltr'><strong>igitur,</strong></span> <span class='ocrx_word' id='word_1_250' title='bbox 2332 1727 2549 1800; x_wconf 91' lang='lat' dir='ltr'><strong>quando</strong></span> <span class='ocrx_word' id='word_1_251' title='bbox 2579 1736 2895 1783; x_wconf 90' lang='lat' dir='ltr'><strong>nostrorum</strong></span> <span class='ocrx_word' id='word_1_252' title='bbox 2942 1726 3155 1798; x_wconf 85' lang='lat' dir='ltr'><strong>agimus</strong></span> <span class='ocrx_word' id='word_1_253' title='bbox 3185 1723 3566 1796; x_wconf 65' lang='lat' dir='ltr'><strong>paenitentiam</strong></span> 
     </span>
    </p>
   </div>
   <div class='ocr_carea' id='block_1_33' title="bbox 244 1821 3569 1895">
    <p class='ocr_par' dir='ltr' id='par_1_33' title="bbox 244 1821 3569 1895">
     <span class='ocr_line' id='line_1_33' title="bbox 244 1821 3569 1895; baseline 0 -16"><span class='ocrx_word' id='word_1_254' title='bbox 244 1822 561 1889; x_wconf 83' lang='lat' dir='ltr'><strong>desiderat,</strong></span> <span class='ocrx_word' id='word_1_255' title='bbox 610 1838 716 1878; x_wconf 89' lang='lat' dir='ltr'><strong>non</strong></span> <span class='ocrx_word' id='word_1_256' title='bbox 755 1824 948 1880; x_wconf 88' lang='lat' dir='ltr'><strong>metuit</strong></span> <span class='ocrx_word' id='word_1_257' title='bbox 990 1824 1265 1895; x_wconf 87' lang='lat' dir='ltr'><strong>naufragia</strong></span> <span class='ocrx_word' id='word_1_258' title='bbox 1291 1866 1305 1891; x_wconf 97' lang='lat'><strong>,</strong></span> <span class='ocrx_word' id='word_1_259' title='bbox 1350 1824 1648 1880; x_wconf 89' lang='lat' dir='ltr'><strong>liberorum</strong></span> <span class='ocrx_word' id='word_1_260' title='bbox 1678 1822 1859 1880; x_wconf 90' lang='lat' dir='ltr'><strong>chari—</strong></span> <span class='ocrx_word' id='word_1_261' title='bbox 1888 1827 1937 1889; x_wconf 89' lang='lat' dir='ltr'><strong>B</strong></span> <span class='ocrx_word' id='word_1_262' title='bbox 1961 1822 2288 1880; x_wconf 86' lang='lat' dir='ltr'><strong>delictorum</strong></span> <span class='ocrx_word' id='word_1_263' title='bbox 2322 1841 2337 1879; x_wconf 93' lang='lat'><strong>:</strong></span> <span class='ocrx_word' id='word_1_264' title='bbox 2369 1823 2793 1895; x_wconf 88' lang='lat' dir='ltr'><strong>compungimur</strong></span> <span class='ocrx_word' id='word_1_265' title='bbox 2812 1822 2978 1878; x_wconf 90' lang='lat' dir='ltr'><strong>etiam</strong></span> <span class='ocrx_word' id='word_1_266' title='bbox 3004 1831 3029 1859; x_wconf 79' lang='grc' dir='ltr'><strong><em>ο</em></strong></span> <span class='ocrx_word' id='word_1_267' title='bbox 3059 1821 3443 1879; x_wconf 85' lang='lat' dir='ltr'><strong>recordatione</strong></span> <span class='ocrx_word' id='word_1_268' title='bbox 3472 1821 3569 1879; x_wconf 86' lang='lat' dir='ltr'><strong>de-</strong></span> 
     </span>
    </p>
   </div>
   <div class='ocr_carea' id='block_1_34' title="bbox 246 1916 1853 1991">
    <p class='ocr_par' dir='ltr' id='par_1_34' title="bbox 246 1916 1853 1991">
     <span class='ocr_line' id='line_1_34' title="bbox 246 1916 1853 1991; baseline 0.002 -19"><span class='ocrx_word' id='word_1_269' title='bbox 246 1926 356 1972; x_wconf 87' lang='lat' dir='ltr'><strong>tate</strong></span> <span class='ocrx_word' id='word_1_270' title='bbox 382 1916 687 1990; x_wconf 85' lang='lat' dir='ltr'><strong>ingreditur</strong></span> <span class='ocrx_word' id='word_1_271' title='bbox 717 1917 883 1973; x_wconf 88' lang='lat' dir='ltr'><strong>maris</strong></span> <span class='ocrx_word' id='word_1_272' title='bbox 922 1916 1153 1986; x_wconf 84' lang='lat' dir='ltr'><strong>ﬂuctus,</strong></span> <span class='ocrx_word' id='word_1_273' title='bbox 1182 1918 1328 1974; x_wconf 90' lang='lat' dir='ltr'><strong>subit</strong></span> <span class='ocrx_word' id='word_1_274' title='bbox 1371 1919 1575 1975; x_wconf 90' lang='lat' dir='ltr'><strong>incerta</strong></span> <span class='ocrx_word' id='word_1_275' title='bbox 1616 1918 1853 1991; x_wconf 75' lang='lat' dir='ltr'><strong>navigii:</strong></span> 
     </span>
    </p>
   </div>
   <div class='ocr_carea' id='block_1_35' title="bbox 245 2008 1854 2068">
    <p class='ocr_par' dir='ltr' id='par_1_35' title="bbox 245 2008 1854 2068">
     <span class='ocr_line' id='line_1_35' title="bbox 245 2008 1854 2068; baseline 0.002 -3"><span class='ocrx_word' id='word_1_276' title='bbox 245 2008 344 2065; x_wconf 81' lang='lat' dir='ltr'><strong>sed</strong></span> <span class='ocrx_word' id='word_1_277' title='bbox 392 2017 601 2065; x_wconf 89' lang='lat' dir='ltr'><strong>metum</strong></span> <span class='ocrx_word' id='word_1_278' title='bbox 646 2008 981 2066; x_wconf 80' lang='lat' dir='ltr'><strong>discriminis</strong></span> <span class='ocrx_word' id='word_1_279' title='bbox 1040 2010 1224 2067; x_wconf 89' lang='lat' dir='ltr'><strong>levant</strong></span> <span class='ocrx_word' id='word_1_280' title='bbox 1274 2010 1545 2067; x_wconf 90' lang='lat' dir='ltr'><strong>desideria</strong></span> <span class='ocrx_word' id='word_1_281' title='bbox 1597 2010 1854 2068; x_wconf 89' lang='lat' dir='ltr'><strong>ﬁliorum.</strong></span> 
     </span>
    </p>
   </div>
   <div class='ocr_carea' id='block_1_36' title="bbox 246 2101 1858 2176">
    <p class='ocr_par' dir='ltr' id='par_1_36' title="bbox 246 2101 1858 2176">
     <span class='ocr_line' id='line_1_36' title="bbox 246 2101 1858 2176; baseline 0.001 -19"><span class='ocrx_word' id='word_1_282' title='bbox 246 2102 419 2170; x_wconf 87' lang='lat' dir='ltr'><strong>Quam</strong></span> <span class='ocrx_word' id='word_1_283' title='bbox 442 2101 674 2173; x_wconf 84' lang='lat' dir='ltr'><strong>pulchre</strong></span> <span class='ocrx_word' id='word_1_284' title='bbox 710 2102 875 2158; x_wconf 90' lang='lat' dir='ltr'><strong>etiam</strong></span> <span class='ocrx_word' id='word_1_285' title='bbox 899 2103 968 2159; x_wconf 90' lang='lat' dir='ltr'><strong>de</strong></span> <span class='ocrx_word' id='word_1_286' title='bbox 991 2102 1322 2175; x_wconf 89' lang='lat' dir='ltr'><strong>martyribus</strong></span> <span class='ocrx_word' id='word_1_287' title='bbox 1346 2103 1546 2160; x_wconf 88' lang='lat' dir='ltr'><strong>dicitur</strong></span> <span class='ocrx_word' id='word_1_288' title='bbox 1567 2146 1582 2171; x_wconf 90' lang='lat'><strong>,</strong></span> <span class='ocrx_word' id='word_1_289' title='bbox 1610 2103 1702 2176; x_wconf 92' lang='lat' dir='ltr'><strong>qui</strong></span> <span class='ocrx_word' id='word_1_290' title='bbox 1729 2117 1858 2159; x_wconf 83' lang='lat' dir='ltr'><strong>vere</strong></span> 
     </span>
    </p>
   </div>
   <div class='ocr_carea' id='block_1_37' title="bbox 248 2197 1859 2273">
    <p class='ocr_par' dir='ltr' id='par_1_37' title="bbox 248 2197 1859 2273">
     <span class='ocr_line' id='line_1_37' title="bbox 248 2197 1859 2273; baseline 0.001 -19"><span class='ocrx_word' id='word_1_291' title='bbox 248 2200 487 2255; x_wconf 89' lang='lat' dir='ltr'><strong>militant</strong></span> <span class='ocrx_word' id='word_1_292' title='bbox 526 2197 782 2267; x_wconf 84' lang='lat' dir='ltr'><strong>Christo,</strong></span> <span class='ocrx_word' id='word_1_293' title='bbox 823 2198 917 2268; x_wconf 85' lang='lat' dir='ltr'><strong>qui</strong></span> <span class='ocrx_word' id='word_1_294' title='bbox 960 2201 1371 2271; x_wconf 86' lang='lat' dir='ltr'><strong>persecutiones</strong></span> <span class='ocrx_word' id='word_1_295' title='bbox 1394 2242 1409 2267; x_wconf 94' lang='lat'><strong>,</strong></span> <span class='ocrx_word' id='word_1_296' title='bbox 1454 2200 1717 2273; x_wconf 91' lang='lat' dir='ltr'><strong>ungulas,</strong></span> <span class='ocrx_word' id='word_1_297' title='bbox 1745 2201 1859 2273; x_wconf 85' lang='lat' dir='ltr'><strong>gla-</strong></span> 
     </span>
    </p>
   </div>
   <div class='ocr_carea' id='block_1_38' title="bbox 246 2290 1861 2366">
    <p class='ocr_par' dir='ltr' id='par_1_38' title="bbox 246 2290 1861 2366">
     <span class='ocr_line' id='line_1_38' title="bbox 246 2290 1861 2366; baseline 0.002 -19"><span class='ocrx_word' id='word_1_298' title='bbox 246 2292 369 2347; x_wconf 85' lang='lat' dir='ltr'><strong>dios</strong></span> <span class='ocrx_word' id='word_1_299' title='bbox 385 2332 404 2358; x_wconf 93' lang='lat'><strong>,</strong></span> <span class='ocrx_word' id='word_1_300' title='bbox 439 2290 696 2348; x_wconf 89' lang='lat' dir='ltr'><strong>incendia</strong></span> <span class='ocrx_word' id='word_1_301' title='bbox 738 2305 848 2348; x_wconf 93' lang='lat' dir='ltr'><strong>non</strong></span> <span class='ocrx_word' id='word_1_302' title='bbox 875 2293 1135 2349; x_wconf 87' lang='lat' dir='ltr'><strong>timentes</strong></span> <span class='ocrx_word' id='word_1_303' title='bbox 1156 2334 1172 2361; x_wconf 92' lang='lat'><strong>,</strong></span> <span class='ocrx_word' id='word_1_304' title='bbox 1200 2292 1411 2350; x_wconf 77' lang='lat' dir='ltr'><strong>infestis</strong></span> <span class='ocrx_word' id='word_1_305' title='bbox 1436 2308 1497 2350; x_wconf 90' lang='lat' dir='ltr'><strong>se</strong></span> <span class='ocrx_word' id='word_1_306' title='bbox 1519 2294 1738 2366; x_wconf 88' lang='lat' dir='ltr'><strong>regibus</strong></span> <span class='ocrx_word' id='word_1_307' title='bbox 1764 2294 1861 2350; x_wconf 86' lang='lat' dir='ltr'><strong>ob-</strong></span> 
     </span>
    </p>
   </div>
   <div class='ocr_carea' id='block_1_39' title="bbox 248 2385 1862 2458">
    <p class='ocr_par' dir='ltr' id='par_1_39' title="bbox 248 2385 1862 2458">
     <span class='ocr_line' id='line_1_39' title="bbox 248 2385 1862 2458; baseline 0.001 -17"><span class='ocrx_word' id='word_1_308' title='bbox 248 2387 514 2442; x_wconf 89' lang='lat' dir='ltr'><strong>tulerunt.</strong></span> <span class='ocrx_word' id='word_1_309' title='bbox 555 2385 835 2442; x_wconf 84' lang='lat' dir='ltr'><strong>Timorem</strong></span> <span class='ocrx_word' id='word_1_310' title='bbox 884 2387 1107 2448; x_wconf 87' lang='lat' dir='ltr'><strong>etenim.</strong></span> <span class='ocrx_word' id='word_1_311' title='bbox 1134 2401 1294 2457; x_wconf 88' lang='lat' dir='ltr'><strong>quem</strong></span> <span class='ocrx_word' id='word_1_312' title='bbox 1359 2396 1611 2458; x_wconf 90' lang='lat' dir='ltr'><strong>poterant</strong></span> <span class='ocrx_word' id='word_1_313' title='bbox 1658 2386 1862 2443; x_wconf 87' lang='lat' dir='ltr'><strong>habere</strong></span> 
     </span>
    </p>
   </div>
   <div class='ocr_carea' id='block_1_40' title="bbox 248 2480 1456 2553">
    <p class='ocr_par' dir='ltr' id='par_1_40' title="bbox 248 2480 1456 2553">
     <span class='ocr_line' id='line_1_40' title="bbox 248 2480 1456 2553; baseline -0.003 -14"><span class='ocrx_word' id='word_1_314' title='bbox 248 2496 539 2553; x_wconf 63' lang='lat' dir='ltr'><strong>partarum</strong></span> <span class='ocrx_word' id='word_1_315' title='bbox 563 2521 580 2548; x_wconf 85' lang='lat'><strong>,</strong></span> <span class='ocrx_word' id='word_1_316' title='bbox 605 2480 955 2538; x_wconf 79' lang='lat' dir='ltr'><strong>excluserunt</strong></span> <span class='ocrx_word' id='word_1_317' title='bbox 979 2495 1167 2537; x_wconf 88' lang='lat' dir='ltr'><strong>amore</strong></span> <span class='ocrx_word' id='word_1_318' title='bbox 1192 2480 1456 2553; x_wconf 88' lang='lat' dir='ltr'><strong>martyrii.</strong></span> 
     </span>
    </p>
   </div>
   <div class='ocr_carea' id='block_1_41' title="bbox 320 2574 1864 2647">
    <p class='ocr_par' dir='ltr' id='par_1_41' title="bbox 320 2574 1864 2647">
     <span class='ocr_line' id='line_1_41' title="bbox 320 2574 1864 2647; baseline 0.001 -15"><span class='ocrx_word' id='word_1_319' title='bbox 320 2577 377 2632; x_wconf 79' lang='lat'><strong>3.</strong></span> <span class='ocrx_word' id='word_1_320' title='bbox 421 2574 578 2632; x_wconf 77' lang='lat' dir='ltr'><strong>Hunc</strong></span> <span class='ocrx_word' id='word_1_321' title='bbox 619 2589 840 2631; x_wconf 86' lang='lat' dir='ltr'><strong>sensum</strong></span> <span class='ocrx_word' id='word_1_322' title='bbox 883 2582 1068 2631; x_wconf 91' lang='lat' dir='ltr'><strong>autem</strong></span> <span class='ocrx_word' id='word_1_323' title='bbox 1108 2590 1233 2632; x_wconf 89' lang='lat' dir='ltr'><strong>esse</strong></span> <span class='ocrx_word' id='word_1_324' title='bbox 1257 2575 1727 2647; x_wconf 86' lang='lat' dir='ltr'><strong>interpretationis</strong></span> <span class='ocrx_word' id='word_1_325' title='bbox 1763 2575 1864 2633; x_wconf 84' lang='lat' dir='ltr'><strong>ltu-</strong></span> 
     </span>
    </p>
   </div>
   <div class='ocr_carea' id='block_1_42' title="bbox 244 2665 1864 2743">
    <p class='ocr_par' dir='ltr' id='par_1_42' title="bbox 244 2665 1864 2743">
     <span class='ocr_line' id='line_1_42' title="bbox 244 2665 1864 2743; baseline 0.001 -18"><span class='ocrx_word' id='word_1_326' title='bbox 244 2671 339 2741; x_wconf 84' lang='lat' dir='ltr'><strong>jus</strong></span> <span class='ocrx_word' id='word_1_327' title='bbox 382 2668 549 2725; x_wconf 88' lang='lat' dir='ltr'><strong>etiam</strong></span> <span class='ocrx_word' id='word_1_328' title='bbox 590 2668 662 2725; x_wconf 91' lang='lat' dir='ltr'><strong>de</strong></span> <span class='ocrx_word' id='word_1_329' title='bbox 685 2665 921 2725; x_wconf 86' lang='lat' dir='ltr'><strong>Threnis</strong></span> <span class='ocrx_word' id='word_1_330' title='bbox 948 2666 1243 2726; x_wconf 61' lang='lat' dir='ltr'><strong>Hieremiae</strong></span> <span class='ocrx_word' id='word_1_331' title='bbox 1285 2684 1573 2739; x_wconf 88' lang='lat' dir='ltr'><strong>possumus</strong></span> <span class='ocrx_word' id='word_1_332' title='bbox 1597 2670 1864 2743; x_wconf 86' lang='lat' dir='ltr'><strong>approba-</strong></span> 
     </span>
    </p>
   </div>
   <div class='ocr_carea' id='block_1_43' title="bbox 252 2759 1865 2835">
    <p class='ocr_par' dir='ltr' id='par_1_43' title="bbox 252 2759 1865 2835">
     <span class='ocr_line' id='line_1_43' title="bbox 252 2759 1865 2835; baseline 0 -16"><span class='ocrx_word' id='word_1_333' title='bbox 252 2778 336 2819; x_wconf 87' lang='lat' dir='ltr'><strong>re.</strong></span> <span class='ocrx_word' id='word_1_334' title='bbox 377 2761 516 2819; x_wconf 83' lang='lat' dir='ltr'><strong>Nam</strong></span> <span class='ocrx_word' id='word_1_335' title='bbox 546 2770 603 2819; x_wconf 89' lang='lat' dir='ltr'><strong>et</strong></span> <span class='ocrx_word' id='word_1_336' title='bbox 642 2761 716 2818; x_wconf 91' lang='lat' dir='ltr'><strong>ibi</strong></span> <span class='ocrx_word' id='word_1_337' title='bbox 740 2761 844 2818; x_wconf 90' lang='lat' dir='ltr'><strong>sub</strong></span> <span class='ocrx_word' id='word_1_338' title='bbox 874 2759 978 2817; x_wconf 88' lang='lat' dir='ltr'><strong>hac</strong></span> <span class='ocrx_word' id='word_1_339' title='bbox 1007 2761 1186 2820; x_wconf 88' lang='lat' dir='ltr'><strong>littera</strong></span> <span class='ocrx_word' id='word_1_340' title='bbox 1229 2764 1492 2835; x_wconf 90' lang='lat' dir='ltr'><strong>scriptum</strong></span> <span class='ocrx_word' id='word_1_341' title='bbox 1520 2772 1643 2821; x_wconf 90' lang='lat' dir='ltr'><strong>est:</strong></span> <span class='ocrx_word' id='word_1_342' title='bbox 1684 2763 1865 2820; x_wconf 84' lang='lat' dir='ltr'><strong>Bonus</strong></span> 
     </span>
    </p>
   </div>
   <div class='ocr_carea' id='block_1_44' title="bbox 251 2853 1867 2929">
    <p class='ocr_par' dir='ltr' id='par_1_44' title="bbox 251 2853 1867 2929">
     <span class='ocr_line' id='line_1_44' title="bbox 251 2853 1867 2929; baseline 0.001 -20"><span class='ocrx_word' id='word_1_343' title='bbox 251 2864 329 2910; x_wconf 86' lang='lat' dir='ltr'><strong>est</strong></span> <span class='ocrx_word' id='word_1_344' title='bbox 379 2853 634 2910; x_wconf 81' lang='lat' dir='ltr'><strong>Dominus</strong></span> <span class='ocrx_word' id='word_1_345' title='bbox 674 2853 1047 2909; x_wconf 83' lang='lat' dir='ltr'><strong>sustinentibus</strong></span> <span class='ocrx_word' id='word_1_346' title='bbox 1086 2872 1201 2911; x_wconf 87' lang='lat' dir='ltr'><strong>eum</strong></span> <span class='ocrx_word' id='word_1_347' title='bbox 1225 2896 1241 2923; x_wconf 89' lang='lat'><strong>,</strong></span> <span class='ocrx_word' id='word_1_348' title='bbox 1287 2857 1475 2913; x_wconf 76' lang='lat' dir='ltr'><strong>anima:</strong></span> <span class='ocrx_word' id='word_1_349' title='bbox 1522 2873 1637 2929; x_wconf 79' lang='lat' dir='ltr'><strong>qua:</strong></span> <span class='ocrx_word' id='word_1_350' title='bbox 1682 2856 1867 2929; x_wconf 70' lang='lat' dir='ltr'><strong>quaerit</strong></span> 
     </span>
    </p>
   </div>
   <div class='ocr_carea' id='block_1_45' title="bbox 252 2949 1861 3025">
    <p class='ocr_par' dir='ltr' id='par_1_45' title="bbox 252 2949 1861 3025">
     <span class='ocr_line' id='line_1_45' title="bbox 252 2949 1861 3025; baseline -0.001 -19"><span class='ocrx_word' id='word_1_351' title='bbox 252 2967 392 3006; x_wconf 70' lang='lat' dir='ltr'><strong>eatis.</strong></span> <span class='ocrx_word' id='word_1_352' title='bbox 425 2950 628 3006; x_wconf 86' lang='lat' dir='ltr'><strong>Bonum</strong></span> <span class='ocrx_word' id='word_1_353' title='bbox 666 2961 740 3007; x_wconf 83' lang='lat' dir='ltr'><strong>est</strong></span> <span class='ocrx_word' id='word_1_354' title='bbox 782 2953 1069 3019; x_wconf 86' lang='lat' dir='ltr'><strong>sustinere,</strong></span> <span class='ocrx_word' id='word_1_355' title='bbox 1101 2960 1149 3007; x_wconf 88' lang='lat' dir='ltr'><strong>et</strong></span> <span class='ocrx_word' id='word_1_356' title='bbox 1172 2967 1382 3025; x_wconf 82' lang='lat' dir='ltr'><strong>sperare</strong></span> <span class='ocrx_word' id='word_1_357' title='bbox 1409 2951 1465 3005; x_wconf 86' lang='lat' dir='ltr'><strong>in</strong></span> <span class='ocrx_word' id='word_1_358' title='bbox 1490 2951 1719 3007; x_wconf 85' lang='lat' dir='ltr'><strong>salutare</strong></span> <span class='ocrx_word' id='word_1_359' title='bbox 1742 2949 1861 3006; x_wconf 77' lang='lat' dir='ltr'><strong>Dei.</strong></span> 
     </span>
    </p>
   </div>
   <div class='ocr_carea' id='block_1_46' title="bbox 254 3044 1866 3120">
    <p class='ocr_par' dir='ltr' id='par_1_46' title="bbox 254 3044 1866 3120">
     <span class='ocr_line' id='line_1_46' title="bbox 254 3044 1866 3120; baseline 0.001 -21"><span class='ocrx_word' id='word_1_360' title='bbox 254 3044 462 3100; x_wconf 85' lang='lat' dir='ltr'><strong>Bonum</strong></span> <span class='ocrx_word' id='word_1_361' title='bbox 488 3053 563 3100; x_wconf 88' lang='lat' dir='ltr'><strong>est</strong></span> <span class='ocrx_word' id='word_1_362' title='bbox 602 3045 712 3101; x_wconf 75' lang='lat' dir='ltr'><strong>viro</strong></span> <span class='ocrx_word' id='word_1_363' title='bbox 741 3062 859 3101; x_wconf 84' lang='lat' dir='ltr'><strong>cum</strong></span> <span class='ocrx_word' id='word_1_364' title='bbox 894 3046 1172 3115; x_wconf 80' lang='lat' dir='ltr'><strong>portaverit</strong></span> <span class='ocrx_word' id='word_1_365' title='bbox 1190 3048 1380 3120; x_wconf 87' lang='lat' dir='ltr'><strong>jugum</strong></span> <span class='ocrx_word' id='word_1_366' title='bbox 1417 3060 1571 3119; x_wconf 80' lang='lat' dir='ltr'><strong>grave</strong></span> <span class='ocrx_word' id='word_1_367' title='bbox 1609 3062 1642 3098; x_wconf 91' lang='lat' dir='ltr'><strong>a</strong></span> <span class='ocrx_word' id='word_1_368' title='bbox 1675 3044 1866 3116; x_wconf 82' lang='lat' dir='ltr'><strong>juven-</strong></span> 
     </span>
    </p>
   </div>
   <div class='ocr_carea' id='block_1_47' title="bbox 256 3136 1867 3211">
    <p class='ocr_par' dir='ltr' id='par_1_47' title="bbox 256 3136 1867 3211">
     <span class='ocr_line' id='line_1_47' title="bbox 256 3136 1867 3211; baseline -0.001 -17"><span class='ocrx_word' id='word_1_369' title='bbox 256 3149 369 3195; x_wconf 77' lang='lat' dir='ltr'><strong>tute</strong></span> <span class='ocrx_word' id='word_1_370' title='bbox 409 3155 506 3192; x_wconf 84' lang='lat' dir='ltr'><strong>sua</strong></span> <span class='ocrx_word' id='word_1_371' title='bbox 548 3154 567 3193; x_wconf 91' lang='lat'><strong>:</strong></span> <span class='ocrx_word' id='word_1_372' title='bbox 608 3139 803 3194; x_wconf 82' lang='lat' dir='ltr'><strong>sedebit</strong></span> <span class='ocrx_word' id='word_1_373' title='bbox 839 3138 1207 3211; x_wconf 81' lang='lat' dir='ltr'><strong>singulariter,</strong></span> <span class='ocrx_word' id='word_1_374' title='bbox 1254 3148 1303 3193; x_wconf 89' lang='lat' dir='ltr'><strong>et</strong></span> <span class='ocrx_word' id='word_1_375' title='bbox 1348 3136 1555 3205; x_wconf 85' lang='lat' dir='ltr'><strong>silebit;</strong></span> <span class='ocrx_word' id='word_1_376' title='bbox 1581 3138 1705 3209; x_wconf 86' lang='lat' dir='ltr'><strong>quia</strong></span> <span class='ocrx_word' id='word_1_377' title='bbox 1747 3138 1867 3193; x_wconf 85' lang='lat' dir='ltr'><strong>tulit</strong></span> 
     </span>
    </p>
   </div>
   <div class='ocr_carea' id='block_1_48' title="bbox 1958 1914 3573 1987">
    <p class='ocr_par' dir='ltr' id='par_1_48' title="bbox 1958 1914 3573 1987">
     <span class='ocr_line' id='line_1_48' title="bbox 1958 1914 3573 1987; baseline 0 -16"><span class='ocrx_word' id='word_1_378' title='bbox 1958 1917 2234 1973; x_wconf 89' lang='lat' dir='ltr'><strong>lictorum.</strong></span> <span class='ocrx_word' id='word_1_379' title='bbox 2258 1915 2412 1973; x_wconf 89' lang='lat' dir='ltr'><strong>Unde</strong></span> <span class='ocrx_word' id='word_1_380' title='bbox 2437 1917 2515 1972; x_wconf 90' lang='lat' dir='ltr'><strong>ait</strong></span> <span class='ocrx_word' id='word_1_381' title='bbox 2561 1914 2831 1987; x_wconf 85' lang='lat' dir='ltr'><strong>propheta</strong></span> <span class='ocrx_word' id='word_1_382' title='bbox 2878 1915 3053 1971; x_wconf 81' lang='lat' dir='ltr'><strong>David</strong></span> <span class='ocrx_word' id='word_1_383' title='bbox 3084 1932 3098 1970; x_wconf 92' lang='lat'><strong>:</strong></span> <span class='ocrx_word' id='word_1_384' title='bbox 3136 1915 3268 1984; x_wconf 79' lang='lat' dir='ltr'><strong>Qute</strong></span> <span class='ocrx_word' id='word_1_385' title='bbox 3301 1916 3475 1972; x_wconf 80' lang='lat' dir='ltr'><strong>dicitis</strong></span> <span class='ocrx_word' id='word_1_386' title='bbox 3514 1917 3573 1971; x_wconf 82' lang='lat' dir='ltr'><strong>in</strong></span> 
     </span>
    </p>
   </div>
   <div class='ocr_carea' id='block_1_49' title="bbox 1960 2009 3571 2082">
    <p class='ocr_par' dir='ltr' id='par_1_49' title="bbox 1960 2009 3571 2082">
     <span class='ocr_line' id='line_1_49' title="bbox 1960 2009 3571 2082; baseline -0.001 -17"><span class='ocrx_word' id='word_1_387' title='bbox 1960 2011 2200 2067; x_wconf 82' lang='lat' dir='ltr'><strong>cordibus</strong></span> <span class='ocrx_word' id='word_1_388' title='bbox 2227 2011 2439 2075; x_wconf 83' lang='lat' dir='ltr'><strong>vestris,</strong></span> <span class='ocrx_word' id='word_1_389' title='bbox 2471 2019 2519 2065; x_wconf 90' lang='lat' dir='ltr'><strong>et</strong></span> <span class='ocrx_word' id='word_1_390' title='bbox 2557 2011 2614 2065; x_wconf 90' lang='lat' dir='ltr'><strong>in</strong></span> <span class='ocrx_word' id='word_1_391' title='bbox 2660 2009 2913 2065; x_wconf 84' lang='lat' dir='ltr'><strong>cubilibus</strong></span> <span class='ocrx_word' id='word_1_392' title='bbox 2943 2010 3127 2066; x_wconf 80' lang='lat' dir='ltr'><strong>uestris</strong></span> <span class='ocrx_word' id='word_1_393' title='bbox 3154 2010 3571 2082; x_wconf 87' lang='lat' dir='ltr'><strong>compungimini</strong></span> 
     </span>
    </p>
   </div>
   <div class='ocr_carea' id='block_1_50' title="bbox 1963 2102 3572 2186">
    <p class='ocr_par' dir='ltr' id='par_1_50' title="bbox 1963 2102 3572 2186">
     <span class='ocr_line' id='line_1_50' title="bbox 1963 2102 3572 2186; baseline 0.001 -27"><span class='ocrx_word' id='word_1_394' title='bbox 1963 2102 2147 2174; x_wconf 78' lang='lat' dir='ltr'><strong>(Psal.</strong></span> <span class='ocrx_word' id='word_1_395' title='bbox 2172 2118 2263 2171; x_wconf 86' lang='lat' dir='ltr'><strong>tv,</strong></span> <span class='ocrx_word' id='word_1_396' title='bbox 2296 2103 2395 2186; x_wconf 57' lang='grc' dir='ltr'><strong>5)ι</strong></span> <span class='ocrx_word' id='word_1_397' title='bbox 2419 2102 2523 2173; x_wconf 93' lang='lat' dir='ltr'><strong>Qui</strong></span> <span class='ocrx_word' id='word_1_398' title='bbox 2567 2110 2750 2160; x_wconf 88' lang='lat' dir='ltr'><strong>autem</strong></span> <span class='ocrx_word' id='word_1_399' title='bbox 2780 2103 3206 2174; x_wconf 88' lang='lat' dir='ltr'><strong>compungitur,</strong></span> <span class='ocrx_word' id='word_1_400' title='bbox 3237 2103 3430 2175; x_wconf 88' lang='lat' dir='ltr'><strong>utique</strong></span> <span class='ocrx_word' id='word_1_401' title='bbox 3476 2103 3572 2161; x_wconf 87' lang='lat' dir='ltr'><strong>de-</strong></span> 
     </span>
    </p>
   </div>
   <div class='ocr_carea' id='block_1_51' title="bbox 1960 2196 3575 2270">
    <p class='ocr_par' dir='ltr' id='par_1_51' title="bbox 1960 2196 3575 2270">
     <span class='ocr_line' id='line_1_51' title="bbox 1960 2196 3575 2270; baseline 0.003 -19"><span class='ocrx_word' id='word_1_402' title='bbox 1960 2196 2310 2253; x_wconf 90' lang='lat' dir='ltr'><strong>lectationem</strong></span> <span class='ocrx_word' id='word_1_403' title='bbox 2342 2196 2586 2253; x_wconf 82' lang='lat' dir='ltr'><strong>excludit</strong></span> <span class='ocrx_word' id='word_1_404' title='bbox 2626 2196 2874 2253; x_wconf 89' lang='lat' dir='ltr'><strong>erroris:</strong></span> <span class='ocrx_word' id='word_1_405' title='bbox 2902 2205 2958 2252; x_wconf 92' lang='lat' dir='ltr'><strong>et</strong></span> <span class='ocrx_word' id='word_1_406' title='bbox 3000 2196 3094 2268; x_wconf 92' lang='lat' dir='ltr'><strong>qui</strong></span> <span class='ocrx_word' id='word_1_407' title='bbox 3131 2196 3245 2270; x_wconf 86' lang='lat' dir='ltr'><strong>agit</strong></span> <span class='ocrx_word' id='word_1_408' title='bbox 3290 2197 3575 2269; x_wconf 76' lang='lat' dir='ltr'><strong>poeniten-</strong></span> 
     </span>
    </p>
   </div>
   <div class='ocr_carea' id='block_1_52' title="bbox 1963 2290 3574 2363">
    <p class='ocr_par' dir='ltr' id='par_1_52' title="bbox 1963 2290 3574 2363">
     <span class='ocr_line' id='line_1_52' title="bbox 1963 2290 3574 2363; baseline 0.002 -17"><span class='ocrx_word' id='word_1_409' title='bbox 1963 2290 2132 2358; x_wconf 89' lang='lat' dir='ltr'><strong>tiam,</strong></span> <span class='ocrx_word' id='word_1_410' title='bbox 2180 2290 2423 2347; x_wconf 79' lang='lat' dir='ltr'><strong>excludit</strong></span> <span class='ocrx_word' id='word_1_411' title='bbox 2467 2290 2787 2362; x_wconf 85' lang='lat' dir='ltr'><strong>pudorem:</strong></span> <span class='ocrx_word' id='word_1_412' title='bbox 2834 2300 3143 2363; x_wconf 88' lang='lat' dir='ltr'><strong>sequestrat</strong></span> <span class='ocrx_word' id='word_1_413' title='bbox 3190 2292 3574 2349; x_wconf 88' lang='lat' dir='ltr'><strong>verecundiam</strong></span> 
     </span>
    </p>
   </div>
   <div class='ocr_carea' id='block_1_53' title="bbox 1963 2381 3575 2456">
    <p class='ocr_par' dir='ltr' id='par_1_53' title="bbox 1963 2381 3575 2456">
     <span class='ocr_line' id='line_1_53' title="bbox 1963 2381 3575 2456; baseline 0.002 -18"><span class='ocrx_word' id='word_1_414' title='bbox 1963 2383 2153 2454; x_wconf 85' lang='lat' dir='ltr'><strong>ﬁagitii</strong></span> <span class='ocrx_word' id='word_1_415' title='bbox 2180 2381 2515 2451; x_wconf 88' lang='lat' dir='ltr'><strong>conﬁtendi;</strong></span> <span class='ocrx_word' id='word_1_416' title='bbox 2549 2392 2611 2440; x_wconf 91' lang='lat' dir='ltr'><strong>ut</strong></span> <span class='ocrx_word' id='word_1_417' title='bbox 2640 2382 3033 2454; x_wconf 73' lang='lat' dir='ltr'><strong>recuperanda:</strong></span> <span class='ocrx_word' id='word_1_418' title='bbox 3068 2400 3221 2456; x_wconf 89' lang='lat' dir='ltr'><strong>spem</strong></span> <span class='ocrx_word' id='word_1_419' title='bbox 3250 2385 3444 2442; x_wconf 89' lang='lat' dir='ltr'><strong>salutis</strong></span> <span class='ocrx_word' id='word_1_420' title='bbox 3487 2386 3575 2441; x_wconf 84' lang='lat' dir='ltr'><strong>in-</strong></span> 
     </span>
    </p>
   </div>
   <div class='ocr_carea' id='block_1_54' title="bbox 1962 2477 3580 2551">
    <p class='ocr_par' dir='ltr' id='par_1_54' title="bbox 1962 2477 3580 2551">
     <span class='ocr_line' id='line_1_54' title="bbox 1962 2477 3580 2551; baseline 0.001 -17"><span class='ocrx_word' id='word_1_421' title='bbox 1962 2478 2170 2534; x_wconf 88' lang='lat' dir='ltr'><strong>veniat.</strong></span> <span class='ocrx_word' id='word_1_422' title='bbox 2200 2478 2505 2551; x_wconf 87' lang='lat' dir='ltr'><strong>Meritoque</strong></span> <span class='ocrx_word' id='word_1_423' title='bbox 2543 2488 2600 2534; x_wconf 91' lang='lat' dir='ltr'><strong>et</strong></span> <span class='ocrx_word' id='word_1_424' title='bbox 2633 2478 2750 2549; x_wconf 90' lang='lat' dir='ltr'><strong>ipse</strong></span> <span class='ocrx_word' id='word_1_425' title='bbox 2792 2477 2961 2533; x_wconf 88' lang='lat' dir='ltr'><strong>David</strong></span> <span class='ocrx_word' id='word_1_426' title='bbox 3005 2477 3095 2534; x_wconf 92' lang='lat' dir='ltr'><strong>ubi</strong></span> <span class='ocrx_word' id='word_1_427' title='bbox 3140 2479 3399 2551; x_wconf 86' lang='lat' dir='ltr'><strong>cognovit</strong></span> <span class='ocrx_word' id='word_1_428' title='bbox 3423 2494 3580 2536; x_wconf 88' lang='lat' dir='ltr'><strong>erro-</strong></span> 
     </span>
    </p>
   </div>
   <div class='ocr_carea' id='block_1_55' title="bbox 1963 2569 3574 2646">
    <p class='ocr_par' dir='ltr' id='par_1_55' title="bbox 1963 2569 3574 2646">
     <span class='ocr_line' id='line_1_55' title="bbox 1963 2569 3574 2646; baseline -0.001 -17"><span class='ocrx_word' id='word_1_429' title='bbox 1963 2587 2080 2629; x_wconf 91' lang='lat' dir='ltr'><strong>rem</strong></span> <span class='ocrx_word' id='word_1_430' title='bbox 2127 2591 2141 2630; x_wconf 91' lang='lat'><strong>:</strong></span> <span class='ocrx_word' id='word_1_431' title='bbox 2176 2571 2437 2640; x_wconf 78' lang='lat' dir='ltr'><strong>Peccavi,</strong></span> <span class='ocrx_word' id='word_1_432' title='bbox 2482 2570 2700 2645; x_wconf 87' lang='lat' dir='ltr'><strong>inquit,</strong></span> <span class='ocrx_word' id='word_1_433' title='bbox 2750 2569 3105 2644; x_wconf 75' lang='lat' dir='ltr'><strong>DominofUl</strong></span> <span class='ocrx_word' id='word_1_434' title='bbox 3134 2572 3268 2646; x_wconf 85' lang='lat' dir='ltr'><strong>Reg.</strong></span> <span class='ocrx_word' id='word_1_435' title='bbox 3310 2588 3424 2640; x_wconf 84' lang='lat' dir='ltr'><strong>xu,</strong></span> <span class='ocrx_word' id='word_1_436' title='bbox 3456 2570 3574 2645; x_wconf 78' lang='lat' dir='ltr'><strong>i3).</strong></span> 
     </span>
    </p>
   </div>
   <div class='ocr_carea' id='block_1_56' title="bbox 1966 2663 3576 2737">
    <p class='ocr_par' dir='ltr' id='par_1_56' title="bbox 1966 2663 3576 2737">
     <span class='ocr_line' id='line_1_56' title="bbox 1966 2663 3576 2737; baseline 0 -17"><span class='ocrx_word' id='word_1_437' title='bbox 1966 2663 2174 2723; x_wconf 88' lang='lat' dir='ltr'><strong>Tantus</strong></span> <span class='ocrx_word' id='word_1_438' title='bbox 2212 2681 2312 2722; x_wconf 85' lang='lat' dir='ltr'><strong>rex</strong></span> <span class='ocrx_word' id='word_1_439' title='bbox 2331 2708 2346 2732; x_wconf 96' lang='lat'><strong>,</strong></span> <span class='ocrx_word' id='word_1_440' title='bbox 2376 2672 2563 2722; x_wconf 86' lang='lat' dir='ltr'><strong>tantus</strong></span> <span class='ocrx_word' id='word_1_441' title='bbox 2590 2663 2858 2737; x_wconf 84' lang='lat' dir='ltr'><strong>propheta</strong></span> <span class='ocrx_word' id='word_1_442' title='bbox 2891 2680 2998 2719; x_wconf 92' lang='lat' dir='ltr'><strong>non</strong></span> <span class='ocrx_word' id='word_1_443' title='bbox 3045 2666 3265 2720; x_wconf 90' lang='lat' dir='ltr'><strong>erubuit</strong></span> <span class='ocrx_word' id='word_1_444' title='bbox 3292 2675 3576 2736; x_wconf 87' lang='lat' dir='ltr'><strong>peccatum</strong></span> 
     </span>
    </p>
   </div>
   <div class='ocr_carea' id='block_1_57' title="bbox 1967 2757 3583 2834">
    <p class='ocr_par' dir='ltr' id='par_1_57' title="bbox 1967 2757 3583 2834">
     <span class='ocr_line' id='line_1_57' title="bbox 1967 2757 3583 2834; baseline -0.002 -16"><span class='ocrx_word' id='word_1_445' title='bbox 1967 2761 2248 2834; x_wconf 90' lang='lat' dir='ltr'><strong>proprium</strong></span> <span class='ocrx_word' id='word_1_446' title='bbox 2274 2761 2567 2826; x_wconf 86' lang='lat' dir='ltr'><strong>conﬁteri;</strong></span> <span class='ocrx_word' id='word_1_447' title='bbox 2594 2768 2651 2815; x_wconf 92' lang='lat' dir='ltr'><strong>et</strong></span> <span class='ocrx_word' id='word_1_448' title='bbox 2676 2758 2801 2815; x_wconf 90' lang='lat' dir='ltr'><strong>ideo</strong></span> <span class='ocrx_word' id='word_1_449' title='bbox 2830 2758 3038 2815; x_wconf 89' lang='lat' dir='ltr'><strong>dictum</strong></span> <span class='ocrx_word' id='word_1_450' title='bbox 3066 2766 3153 2816; x_wconf 88' lang='lat' dir='ltr'><strong>est</strong></span> <span class='ocrx_word' id='word_1_451' title='bbox 3179 2759 3230 2815; x_wconf 92' lang='lat' dir='ltr'><strong>ei</strong></span> <span class='ocrx_word' id='word_1_452' title='bbox 3256 2776 3272 2815; x_wconf 90' lang='lat'><strong>:</strong></span> <span class='ocrx_word' id='word_1_453' title='bbox 3299 2757 3371 2813; x_wconf 87' lang='lat' dir='ltr'><strong>Et</strong></span> <span class='ocrx_word' id='word_1_454' title='bbox 3395 2757 3583 2814; x_wconf 86' lang='lat' dir='ltr'><strong>Domi-</strong></span> 
     </span>
    </p>
   </div>
   <div class='ocr_carea' id='block_1_58' title="bbox 1966 2850 3011 2926">
    <p class='ocr_par' dir='ltr' id='par_1_58' title="bbox 1966 2850 3011 2926">
     <span class='ocr_line' id='line_1_58' title="bbox 1966 2850 3011 2926; baseline -0.001 -17"><span class='ocrx_word' id='word_1_455' title='bbox 1966 2870 2066 2911; x_wconf 87' lang='lat' dir='ltr'><strong>nus</strong></span> <span class='ocrx_word' id='word_1_456' title='bbox 2091 2853 2309 2909; x_wconf 87' lang='lat' dir='ltr'><strong>abstulit</strong></span> <span class='ocrx_word' id='word_1_457' title='bbox 2332 2862 2601 2926; x_wconf 83' lang='lat' dir='ltr'><strong>peccatum</strong></span> <span class='ocrx_word' id='word_1_458' title='bbox 2624 2860 2772 2907; x_wconf 87' lang='lat' dir='ltr'><strong>tuum</strong></span> <span class='ocrx_word' id='word_1_459' title='bbox 2793 2850 3011 2924; x_wconf 85' lang='lat' dir='ltr'><strong>(fbid.).</strong></span> 
     </span>
    </p>
   </div>
   <div class='ocr_carea' id='block_1_59' title="bbox 2037 2944 3574 3020">
    <p class='ocr_par' dir='ltr' id='par_1_59' title="bbox 2037 2944 3574 3020">
     <span class='ocr_line' id='line_1_59' title="bbox 2037 2944 3574 3020; baseline -0.002 -17"><span class='ocrx_word' id='word_1_460' title='bbox 2037 2946 2092 3003; x_wconf 86' lang='lat'><strong>6.</strong></span> <span class='ocrx_word' id='word_1_461' title='bbox 2137 2945 2318 3020; x_wconf 78' lang='lat' dir='ltr'><strong>(Vers.</strong></span> <span class='ocrx_word' id='word_1_462' title='bbox 2343 2944 2471 3018; x_wconf 84' lang='lat'><strong>65.)</strong></span> <span class='ocrx_word' id='word_1_463' title='bbox 2505 2944 2734 3002; x_wconf 89' lang='lat' dir='ltr'><strong>Sublato</strong></span> <span class='ocrx_word' id='word_1_464' title='bbox 2760 2944 2925 3017; x_wconf 89' lang='lat' dir='ltr'><strong>igitur</strong></span> <span class='ocrx_word' id='word_1_465' title='bbox 2963 2954 3188 3015; x_wconf 88' lang='lat' dir='ltr'><strong>peccato</strong></span> <span class='ocrx_word' id='word_1_466' title='bbox 3226 2945 3342 3001; x_wconf 85' lang='lat' dir='ltr'><strong>ait:</strong></span> <span class='ocrx_word' id='word_1_467' title='bbox 3372 2944 3574 3001; x_wconf 74' lang='lat' dir='ltr'><strong>Iucun-</strong></span> 
     </span>
    </p>
   </div>
   <div class='ocr_carea' id='block_1_60' title="bbox 1967 3038 3577 3114">
    <p class='ocr_par' dir='ltr' id='par_1_60' title="bbox 1967 3038 3577 3114">
     <span class='ocr_line' id='line_1_60' title="bbox 1967 3038 3577 3114; baseline -0.002 -17"><span class='ocrx_word' id='word_1_468' title='bbox 1967 3043 2179 3098; x_wconf 90' lang='lat' dir='ltr'><strong>ditatem</strong></span> <span class='ocrx_word' id='word_1_469' title='bbox 2226 3041 2398 3114; x_wconf 79' lang='lat' dir='ltr'><strong>fecisti</strong></span> <span class='ocrx_word' id='word_1_470' title='bbox 2449 3056 2569 3096; x_wconf 89' lang='lat' dir='ltr'><strong>cum</strong></span> <span class='ocrx_word' id='word_1_471' title='bbox 2617 3056 2764 3097; x_wconf 86' lang='lat' dir='ltr'><strong>servo</strong></span> <span class='ocrx_word' id='word_1_472' title='bbox 2806 3050 2927 3107; x_wconf 86' lang='lat' dir='ltr'><strong>tuo,</strong></span> <span class='ocrx_word' id='word_1_473' title='bbox 2977 3038 3242 3110; x_wconf 82' lang='lat' dir='ltr'><strong>Domine,</strong></span> <span class='ocrx_word' id='word_1_474' title='bbox 3292 3041 3577 3096; x_wconf 87' lang='lat' dir='ltr'><strong>secundum</strong></span> 
     </span>
    </p>
   </div>
   <div class='ocr_carea' id='block_1_61' title="bbox 1967 3131 3579 3205">
    <p class='ocr_par' dir='ltr' id='par_1_61' title="bbox 1967 3131 3579 3205">
     <span class='ocr_line' id='line_1_61' title="bbox 1967 3131 3579 3205; baseline -0.001 -15"><span class='ocrx_word' id='word_1_475' title='bbox 1967 3134 2177 3191; x_wconf 78' lang='lat' dir='ltr'><strong>uerbum</strong></span> <span class='ocrx_word' id='word_1_476' title='bbox 2205 3142 2371 3189; x_wconf 89' lang='lat' dir='ltr'><strong>tuum.</strong></span> <span class='ocrx_word' id='word_1_477' title='bbox 2404 3133 2568 3190; x_wconf 86' lang='lat' dir='ltr'><strong>Multa</strong></span> <span class='ocrx_word' id='word_1_478' title='bbox 2595 3133 2850 3189; x_wconf 89' lang='lat' dir='ltr'><strong>videntur</strong></span> <span class='ocrx_word' id='word_1_479' title='bbox 2874 3134 2927 3189; x_wconf 90' lang='lat' dir='ltr'><strong>in</strong></span> <span class='ocrx_word' id='word_1_480' title='bbox 2962 3131 3068 3190; x_wconf 86' lang='lat' dir='ltr'><strong>hoc</strong></span> <span class='ocrx_word' id='word_1_481' title='bbox 3110 3133 3315 3190; x_wconf 62' lang='lat' dir='ltr'><strong>saeculo</strong></span> <span class='ocrx_word' id='word_1_482' title='bbox 3336 3134 3579 3205; x_wconf 83' lang='lat' dir='ltr'><strong>jucunda</strong></span> 
     </span>
    </p>
   </div>
   <div class='ocr_carea' id='block_1_62' title="bbox 244 3220 3573 3305">
    <p class='ocr_par' dir='ltr' id='par_1_62' title="bbox 244 3220 3573 3305">
     <span class='ocr_line' id='line_1_62' title="bbox 244 3220 3573 3305; baseline -0.001 -20"><span class='ocrx_word' id='word_1_483' title='bbox 244 3235 446 3305; x_wconf 84' lang='lat' dir='ltr'><strong>jugum</strong></span> <span class='ocrx_word' id='word_1_484' title='bbox 489 3248 644 3303; x_wconf 82' lang='lat' dir='ltr'><strong>grave</strong></span> <span class='ocrx_word' id='word_1_485' title='bbox 669 3230 887 3304; x_wconf 79' lang='lat' dir='ltr'><strong>(Thren.</strong></span> <span class='ocrx_word' id='word_1_486' title='bbox 931 3248 1023 3300; x_wconf 88' lang='grc' dir='ltr'>ιιι,</span> <span class='ocrx_word' id='word_1_487' title='bbox 1067 3229 1293 3303; x_wconf 74' lang='lat'><strong>25-27).</strong></span> <span class='ocrx_word' id='word_1_488' title='bbox 1330 3230 1459 3288; x_wconf 66' lang='lat' dir='ltr'><strong>Haec</strong></span> <span class='ocrx_word' id='word_1_489' title='bbox 1501 3230 1691 3303; x_wconf 87' lang='lat' dir='ltr'><strong>utique</strong></span> <span class='ocrx_word' id='word_1_490' title='bbox 1733 3231 1864 3303; x_wconf 91' lang='lat' dir='ltr'><strong>quid</strong></span> <span class='ocrx_word' id='word_1_491' title='bbox 1889 3220 1937 3286; x_wconf 86' lang='lat' dir='ltr'>C</span> <span class='ocrx_word' id='word_1_492' title='bbox 1967 3244 2277 3302; x_wconf 76' lang='lat' dir='ltr'><strong>esse,quse</strong></span> <span class='ocrx_word' id='word_1_493' title='bbox 2312 3245 2421 3285; x_wconf 91' lang='lat' dir='ltr'><strong>non</strong></span> <span class='ocrx_word' id='word_1_494' title='bbox 2461 3238 2623 3297; x_wconf 88' lang='lat' dir='ltr'><strong>sunt,</strong></span> <span class='ocrx_word' id='word_1_495' title='bbox 2665 3229 2834 3289; x_wconf 85' lang='lat' dir='ltr'><strong>multa</strong></span> <span class='ocrx_word' id='word_1_496' title='bbox 2878 3229 3098 3296; x_wconf 88' lang='lat' dir='ltr'><strong>suavia,</strong></span> <span class='ocrx_word' id='word_1_497' title='bbox 3131 3228 3271 3284; x_wconf 84' lang='lat' dir='ltr'><strong>bona</strong></span> <span class='ocrx_word' id='word_1_498' title='bbox 3321 3228 3573 3300; x_wconf 88' lang='lat' dir='ltr'><strong>plurima.</strong></span> 
     </span>
    </p>
   </div>
   <div class='ocr_carea' id='block_1_63' title="bbox 256 3323 1871 3395">
    <p class='ocr_par' dir='ltr' id='par_1_63' title="bbox 256 3323 1871 3395">
     <span class='ocr_line' id='line_1_63' title="bbox 256 3323 1871 3395; baseline 0.001 -16"><span class='ocrx_word' id='word_1_499' title='bbox 256 3324 411 3380; x_wconf 84' lang='lat' dir='ltr'><strong>aliud</strong></span> <span class='ocrx_word' id='word_1_500' title='bbox 442 3333 723 3389; x_wconf 88' lang='lat' dir='ltr'><strong>astruunt,</strong></span> <span class='ocrx_word' id='word_1_501' title='bbox 757 3324 863 3381; x_wconf 89' lang='lat' dir='ltr'><strong>nisi</strong></span> <span class='ocrx_word' id='word_1_502' title='bbox 894 3328 1051 3380; x_wconf 80' lang='lat' dir='ltr'><strong>home</strong></span> <span class='ocrx_word' id='word_1_503' title='bbox 1079 3324 1408 3381; x_wconf 89' lang='lat' dir='ltr'><strong>exclusionis</strong></span> <span class='ocrx_word' id='word_1_504' title='bbox 1438 3323 1581 3380; x_wconf 88' lang='lat' dir='ltr'><strong>hanc</strong></span> <span class='ocrx_word' id='word_1_505' title='bbox 1602 3324 1871 3395; x_wconf 90' lang='lat' dir='ltr'><strong>interpre-</strong></span> 
     </span>
    </p>
   </div>
   <div class='ocr_carea' id='block_1_64' title="bbox 258 3404 1871 3488">
    <p class='ocr_par' dir='ltr' id='par_1_64' title="bbox 258 3404 1871 3488">
     <span class='ocr_line' id='line_1_64' title="bbox 258 3404 1871 3488; baseline -0.001 -13"><span class='ocrx_word' id='word_1_506' title='bbox 258 3404 526 3475; x_wconf 82' lang='lat' dir='ltr'><strong>tationem</strong></span> <span class='ocrx_word' id='word_1_507' title='bbox 554 3417 771 3474; x_wconf 77' lang='lat' dir='ltr'><strong>videri?</strong></span> <span class='ocrx_word' id='word_1_508' title='bbox 804 3417 938 3488; x_wconf 88' lang='lat' dir='ltr'><strong>Quis</strong></span> <span class='ocrx_word' id='word_1_509' title='bbox 965 3418 1110 3473; x_wconf 89' lang='lat' dir='ltr'><strong>enim</strong></span> <span class='ocrx_word' id='word_1_510' title='bbox 1140 3417 1376 3473; x_wconf 89' lang='lat' dir='ltr'><strong>sustinet</strong></span> <span class='ocrx_word' id='word_1_511' title='bbox 1410 3418 1699 3473; x_wconf 91' lang='lat' dir='ltr'><strong>Dominum</strong></span> <span class='ocrx_word' id='word_1_512' title='bbox 1719 3458 1736 3484; x_wconf 89' lang='lat'><strong>,</strong></span> <span class='ocrx_word' id='word_1_513' title='bbox 1766 3417 1871 3473; x_wconf 91' lang='lat' dir='ltr'><strong>nisi</strong></span> 
     </span>
    </p>
   </div>
   <div class='ocr_carea' id='block_1_65' title="bbox 257 3510 1873 3584">
    <p class='ocr_par' dir='ltr' id='par_1_65' title="bbox 257 3510 1873 3584">
     <span class='ocr_line' id='line_1_65' title="bbox 257 3510 1873 3584; baseline 0.002 -18"><span class='ocrx_word' id='word_1_514' title='bbox 257 3510 450 3567; x_wconf 84' lang='lat' dir='ltr'><strong>studio</strong></span> <span class='ocrx_word' id='word_1_515' title='bbox 477 3510 791 3567; x_wconf 83' lang='lat' dir='ltr'><strong>cbaritatis?</strong></span> <span class='ocrx_word' id='word_1_516' title='bbox 834 3511 1047 3584; x_wconf 74' lang='lat'><strong>1080</strong></span> <span class='ocrx_word' id='word_1_517' title='bbox 1085 3511 1218 3579; x_wconf 85' lang='lat' dir='ltr'><strong>Quis</strong></span> <span class='ocrx_word' id='word_1_518' title='bbox 1265 3518 1351 3567; x_wconf 90' lang='lat' dir='ltr'><strong>est</strong></span> <span class='ocrx_word' id='word_1_519' title='bbox 1387 3511 1478 3582; x_wconf 91' lang='lat' dir='ltr'><strong>qui</strong></span> <span class='ocrx_word' id='word_1_520' title='bbox 1520 3519 1734 3581; x_wconf 86' lang='lat' dir='ltr'><strong>sperat,</strong></span> <span class='ocrx_word' id='word_1_521' title='bbox 1766 3510 1873 3569; x_wconf 84' lang='lat' dir='ltr'><strong>nisi</strong></span> 
     </span>
    </p>
   </div>
   <div class='ocr_carea' id='block_1_66' title="bbox 256 3603 1871 3676">
    <p class='ocr_par' dir='ltr' id='par_1_66' title="bbox 256 3603 1871 3676">
     <span class='ocr_line' id='line_1_66' title="bbox 256 3603 1871 3676; baseline 0 -17"><span class='ocrx_word' id='word_1_522' title='bbox 256 3603 360 3675; x_wconf 86' lang='lat' dir='ltr'><strong>qui</strong></span> <span class='ocrx_word' id='word_1_523' title='bbox 384 3603 529 3675; x_wconf 89' lang='lat' dir='ltr'><strong>quod</strong></span> <span class='ocrx_word' id='word_1_524' title='bbox 552 3612 765 3674; x_wconf 87' lang='lat' dir='ltr'><strong>sperat,</strong></span> <span class='ocrx_word' id='word_1_525' title='bbox 793 3612 970 3673; x_wconf 88' lang='lat' dir='ltr'><strong>optat,</strong></span> <span class='ocrx_word' id='word_1_526' title='bbox 994 3613 1051 3660; x_wconf 90' lang='lat' dir='ltr'><strong>et</strong></span> <span class='ocrx_word' id='word_1_527' title='bbox 1078 3604 1253 3676; x_wconf 87' lang='lat' dir='ltr'><strong>diligit</strong></span> <span class='ocrx_word' id='word_1_528' title='bbox 1273 3606 1297 3659; x_wconf 65' lang='grc' dir='ltr'>Υ</span> <span class='ocrx_word' id='word_1_529' title='bbox 1314 3603 1467 3671; x_wconf 90' lang='lat' dir='ltr'><strong>Quod</strong></span> <span class='ocrx_word' id='word_1_530' title='bbox 1500 3604 1646 3659; x_wconf 88' lang='lat' dir='ltr'><strong>enim</strong></span> <span class='ocrx_word' id='word_1_531' title='bbox 1679 3618 1871 3675; x_wconf 86' lang='lat' dir='ltr'><strong>spera-</strong></span> 
     </span>
    </p>
   </div>
   <div class='ocr_carea' id='block_1_67' title="bbox 258 3698 1872 3770">
    <p class='ocr_par' dir='ltr' id='par_1_67' title="bbox 258 3698 1872 3770">
     <span class='ocr_line' id='line_1_67' title="bbox 258 3698 1872 3770; baseline 0.001 -17"><span class='ocrx_word' id='word_1_532' title='bbox 258 3712 391 3754; x_wconf 88' lang='lat' dir='ltr'><strong>mus</strong></span> <span class='ocrx_word' id='word_1_533' title='bbox 412 3739 429 3763; x_wconf 95' lang='lat'><strong>,</strong></span> <span class='ocrx_word' id='word_1_534' title='bbox 466 3712 565 3769; x_wconf 84' lang='lat' dir='ltr'><strong>per</strong></span> <span class='ocrx_word' id='word_1_535' title='bbox 594 3698 908 3769; x_wconf 88' lang='lat' dir='ltr'><strong>patientiam</strong></span> <span class='ocrx_word' id='word_1_536' title='bbox 936 3708 1335 3770; x_wconf 80' lang='lat' dir='ltr'><strong>exspectamus.</strong></span> <span class='ocrx_word' id='word_1_537' title='bbox 1368 3698 1510 3770; x_wconf 84' lang='lat' dir='ltr'><strong>Ergo</strong></span> <span class='ocrx_word' id='word_1_538' title='bbox 1539 3698 1633 3769; x_wconf 88' lang='lat' dir='ltr'><strong>qui</strong></span> <span class='ocrx_word' id='word_1_539' title='bbox 1658 3706 1872 3770; x_wconf 81' lang='lat' dir='ltr'><strong>sperat,</strong></span> 
     </span>
    </p>
   </div>
   <div class='ocr_carea' id='block_1_68' title="bbox 259 3789 1876 3861">
    <p class='ocr_par' dir='ltr' id='par_1_68' title="bbox 259 3789 1876 3861">
     <span class='ocr_line' id='line_1_68' title="bbox 259 3789 1876 3861; baseline -0.001 -14"><span class='ocrx_word' id='word_1_540' title='bbox 259 3789 540 3847; x_wconf 83' lang='lat' dir='ltr'><strong>sustinet:</strong></span> <span class='ocrx_word' id='word_1_541' title='bbox 570 3790 665 3861; x_wconf 90' lang='lat' dir='ltr'><strong>qui</strong></span> <span class='ocrx_word' id='word_1_542' title='bbox 686 3792 921 3848; x_wconf 90' lang='lat' dir='ltr'><strong>sustinet</strong></span> <span class='ocrx_word' id='word_1_543' title='bbox 948 3790 1302 3861; x_wconf 74' lang='lat' dir='ltr'><strong>impatientia:</strong></span> <span class='ocrx_word' id='word_1_544' title='bbox 1324 3790 1508 3861; x_wconf 90' lang='lat' dir='ltr'><strong>utique</strong></span> <span class='ocrx_word' id='word_1_545' title='bbox 1533 3790 1773 3847; x_wconf 87' lang='lat' dir='ltr'><strong>excludit</strong></span> <span class='ocrx_word' id='word_1_546' title='bbox 1794 3790 1876 3846; x_wconf 87' lang='lat' dir='ltr'><strong>af-</strong></span> 
     </span>
    </p>
   </div>
   <div class='ocr_carea' id='block_1_69' title="bbox 260 3880 1879 3954">
    <p class='ocr_par' dir='ltr' id='par_1_69' title="bbox 260 3880 1879 3954">
     <span class='ocr_line' id='line_1_69' title="bbox 260 3880 1879 3954; baseline 0.004 -21"><span class='ocrx_word' id='word_1_547' title='bbox 260 3880 495 3937; x_wconf 85' lang='lat' dir='ltr'><strong>fectum.</strong></span> <span class='ocrx_word' id='word_1_548' title='bbox 521 3880 654 3949; x_wconf 90' lang='lat' dir='ltr'><strong>Quis</strong></span> <span class='ocrx_word' id='word_1_549' title='bbox 676 3892 761 3939; x_wconf 87' lang='lat' dir='ltr'><strong>est</strong></span> <span class='ocrx_word' id='word_1_550' title='bbox 789 3880 884 3953; x_wconf 90' lang='lat' dir='ltr'><strong>qui</strong></span> <span class='ocrx_word' id='word_1_551' title='bbox 911 3890 1091 3953; x_wconf 88' lang='lat' dir='ltr'><strong>portat</strong></span> <span class='ocrx_word' id='word_1_552' title='bbox 1115 3881 1307 3954; x_wconf 76' lang='lat' dir='ltr'><strong>iugum</strong></span> <span class='ocrx_word' id='word_1_553' title='bbox 1337 3898 1508 3953; x_wconf 90' lang='lat' dir='ltr'><strong>grave</strong></span> <span class='ocrx_word' id='word_1_554' title='bbox 1537 3898 1567 3937; x_wconf 91' lang='lat' dir='ltr'><strong>a</strong></span> <span class='ocrx_word' id='word_1_555' title='bbox 1590 3883 1879 3953; x_wconf 87' lang='lat' dir='ltr'><strong>juventute</strong></span> 
     </span>
    </p>
   </div>
   <div class='ocr_carea' id='block_1_70' title="bbox 262 3974 1879 4048">
    <p class='ocr_par' dir='ltr' id='par_1_70' title="bbox 262 3974 1879 4048">
     <span class='ocr_line' id='line_1_70' title="bbox 262 3974 1879 4048; baseline 0.001 -18"><span class='ocrx_word' id='word_1_556' title='bbox 262 3990 371 4030; x_wconf 84' lang='lat' dir='ltr'><strong>sua</strong></span> <span class='ocrx_word' id='word_1_557' title='bbox 390 4015 409 4041; x_wconf 92' lang='lat'><strong>,</strong></span> <span class='ocrx_word' id='word_1_558' title='bbox 438 3974 543 4029; x_wconf 86' lang='lat' dir='ltr'><strong>nisi</strong></span> <span class='ocrx_word' id='word_1_559' title='bbox 568 3974 662 4045; x_wconf 91' lang='lat' dir='ltr'><strong>qui</strong></span> <span class='ocrx_word' id='word_1_560' title='bbox 679 3974 890 4032; x_wconf 88' lang='lat' dir='ltr'><strong>deliciis</strong></span> <span class='ocrx_word' id='word_1_561' title='bbox 912 3975 1218 4041; x_wconf 89' lang='lat' dir='ltr'><strong>renuntiat,</strong></span> <span class='ocrx_word' id='word_1_562' title='bbox 1251 3975 1520 4033; x_wconf 81' lang='lat' dir='ltr'><strong>luxuriam</strong></span> <span class='ocrx_word' id='word_1_563' title='bbox 1551 3975 1719 4048; x_wconf 81' lang='lat' dir='ltr'><strong>fugit?</strong></span> <span class='ocrx_word' id='word_1_564' title='bbox 1747 3976 1879 4045; x_wconf 89' lang='lat' dir='ltr'><strong>Quis</strong></span> 
     </span>
    </p>
   </div>
   <div class='ocr_carea' id='block_1_71' title="bbox 263 4067 1876 4140">
    <p class='ocr_par' dir='ltr' id='par_1_71' title="bbox 263 4067 1876 4140">
     <span class='ocr_line' id='line_1_71' title="bbox 263 4067 1876 4140; baseline 0 -15"><span class='ocrx_word' id='word_1_565' title='bbox 263 4078 354 4125; x_wconf 88' lang='lat' dir='ltr'><strong>est</strong></span> <span class='ocrx_word' id='word_1_566' title='bbox 390 4068 483 4139; x_wconf 89' lang='lat' dir='ltr'><strong>qui</strong></span> <span class='ocrx_word' id='word_1_567' title='bbox 513 4067 863 4139; x_wconf 83' lang='lat' dir='ltr'><strong>singulariter</strong></span> <span class='ocrx_word' id='word_1_568' title='bbox 911 4067 1102 4137; x_wconf 88' lang='lat' dir='ltr'><strong>sedet,</strong></span> <span class='ocrx_word' id='word_1_569' title='bbox 1134 4068 1239 4124; x_wconf 92' lang='lat' dir='ltr'><strong>nisi</strong></span> <span class='ocrx_word' id='word_1_570' title='bbox 1271 4068 1365 4140; x_wconf 89' lang='lat' dir='ltr'><strong>qui</strong></span> <span class='ocrx_word' id='word_1_571' title='bbox 1394 4069 1750 4126; x_wconf 74' lang='lat' dir='ltr'><strong>stecularibus</strong></span> <span class='ocrx_word' id='word_1_572' title='bbox 1776 4083 1876 4125; x_wconf 81' lang='lat' dir='ltr'><strong>vo-</strong></span> 
     </span>
    </p>
   </div>
   <div class='ocr_carea' id='block_1_72' title="bbox 263 4160 1880 4235">
    <p class='ocr_par' dir='ltr' id='par_1_72' title="bbox 263 4160 1880 4235">
     <span class='ocr_line' id='line_1_72' title="bbox 263 4160 1880 4235; baseline 0 -16"><span class='ocrx_word' id='word_1_573' title='bbox 263 4162 576 4235; x_wconf 85' lang='lat' dir='ltr'><strong>luptatibns</strong></span> <span class='ocrx_word' id='word_1_574' title='bbox 620 4160 914 4231; x_wconf 87' lang='lat' dir='ltr'><strong>abdicatis,</strong></span> <span class='ocrx_word' id='word_1_575' title='bbox 947 4162 1325 4219; x_wconf 80' lang='lat' dir='ltr'><strong>molestiarum</strong></span> <span class='ocrx_word' id='word_1_576' title='bbox 1356 4164 1602 4219; x_wconf 90' lang='lat' dir='ltr'><strong>omnium</strong></span> <span class='ocrx_word' id='word_1_577' title='bbox 1633 4160 1880 4219; x_wconf 85' lang='lat' dir='ltr'><strong>excludit</strong></span> 
     </span>
    </p>
   </div>
   <div class='ocr_carea' id='block_1_73' title="bbox 262 4256 1878 4330">
    <p class='ocr_par' dir='ltr' id='par_1_73' title="bbox 262 4256 1878 4330">
     <span class='ocr_line' id='line_1_73' title="bbox 262 4256 1878 4330; baseline 0.001 -16"><span class='ocrx_word' id='word_1_578' title='bbox 262 4256 578 4314; x_wconf 81' lang='lat' dir='ltr'><strong>tumultus?</strong></span> <span class='ocrx_word' id='word_1_579' title='bbox 598 4256 707 4315; x_wconf 85' lang='lat' dir='ltr'><strong>Isle</strong></span> <span class='ocrx_word' id='word_1_580' title='bbox 732 4271 863 4330; x_wconf 88' lang='lat' dir='ltr'><strong>ergo</strong></span> <span class='ocrx_word' id='word_1_581' title='bbox 891 4257 1026 4313; x_wconf 89' lang='lat' dir='ltr'><strong>nihil</strong></span> <span class='ocrx_word' id='word_1_582' title='bbox 1052 4259 1245 4315; x_wconf 90' lang='lat' dir='ltr'><strong>timere</strong></span> <span class='ocrx_word' id='word_1_583' title='bbox 1274 4258 1516 4330; x_wconf 89' lang='lat' dir='ltr'><strong>poterit,</strong></span> <span class='ocrx_word' id='word_1_584' title='bbox 1544 4258 1670 4330; x_wconf 91' lang='lat' dir='ltr'><strong>quia</strong></span> <span class='ocrx_word' id='word_1_585' title='bbox 1698 4257 1878 4315; x_wconf 80' lang='lat' dir='ltr'><strong>cliari-</strong></span> 
     </span>
    </p>
   </div>
   <div class='ocr_carea' id='block_1_74' title="bbox 262 4349 1303 4419">
    <p class='ocr_par' dir='ltr' id='par_1_74' title="bbox 262 4349 1303 4419">
     <span class='ocr_line' id='line_1_74' title="bbox 262 4349 1303 4419; baseline 0.002 -13"><span class='ocrx_word' id='word_1_586' title='bbox 262 4349 404 4406; x_wconf 84' lang='lat' dir='ltr'><strong>tatis</strong></span> <span class='ocrx_word' id='word_1_587' title='bbox 430 4349 600 4419; x_wconf 83' lang='lat' dir='ltr'><strong>gratia</strong></span> <span class='ocrx_word' id='word_1_588' title='bbox 622 4349 731 4406; x_wconf 88' lang='lat' dir='ltr'><strong>vim</strong></span> <span class='ocrx_word' id='word_1_589' title='bbox 764 4350 975 4408; x_wconf 87' lang='lat' dir='ltr'><strong>timoris</strong></span> <span class='ocrx_word' id='word_1_590' title='bbox 1000 4352 1303 4409; x_wconf 87' lang='lat' dir='ltr'><strong>absorbuit.</strong></span> 
     </span>
    </p>
   </div>
   <div class='ocr_carea' id='block_1_75' title="bbox 339 4444 1878 4523">
    <p class='ocr_par' dir='ltr' id='par_1_75' title="bbox 339 4444 1878 4523">
     <span class='ocr_line' id='line_1_75' title="bbox 339 4444 1878 4523; baseline 0.005 -23"><span class='ocrx_word' id='word_1_591' title='bbox 339 4447 405 4500; x_wconf 64' lang='grc' dir='ltr'>ι.</span> <span class='ocrx_word' id='word_1_592' title='bbox 449 4444 541 4499; x_wconf 78' lang='lat' dir='ltr'><strong>Est</strong></span> <span class='ocrx_word' id='word_1_593' title='bbox 564 4452 621 4500; x_wconf 88' lang='lat' dir='ltr'><strong>et</strong></span> <span class='ocrx_word' id='word_1_594' title='bbox 644 4444 783 4501; x_wconf 85' lang='lat' dir='ltr'><strong>alius</strong></span> <span class='ocrx_word' id='word_1_595' title='bbox 811 4445 906 4518; x_wconf 89' lang='lat' dir='ltr'><strong>qui</strong></span> <span class='ocrx_word' id='word_1_596' title='bbox 943 4445 1265 4503; x_wconf 86' lang='lat' dir='ltr'><strong>excludatur</strong></span> <span class='ocrx_word' id='word_1_597' title='bbox 1291 4447 1347 4504; x_wconf 92' lang='lat' dir='ltr'><strong>in</strong></span> <span class='ocrx_word' id='word_1_598' title='bbox 1373 4449 1550 4517; x_wconf 91' lang='lat' dir='ltr'><strong>bono,</strong></span> <span class='ocrx_word' id='word_1_599' title='bbox 1579 4459 1641 4507; x_wconf 91' lang='lat' dir='ltr'><strong>ut</strong></span> <span class='ocrx_word' id='word_1_600' title='bbox 1669 4449 1762 4507; x_wconf 91' lang='lat' dir='ltr'><strong>ille</strong></span> <span class='ocrx_word' id='word_1_601' title='bbox 1786 4450 1878 4523; x_wconf 92' lang='lat' dir='ltr'><strong>qui</strong></span> 
     </span>
    </p>
   </div>
   <div class='ocr_carea' id='block_1_76' title="bbox 254 4539 1877 4615">
    <p class='ocr_par' dir='ltr' id='par_1_76' title="bbox 254 4539 1877 4615">
     <span class='ocr_line' id='line_1_76' title="bbox 254 4539 1877 4615; baseline 0.001 -16"><span class='ocrx_word' id='word_1_602' title='bbox 254 4539 591 4614; x_wconf 75' lang='lat' dir='ltr'><strong>Apostolica</strong></span> <span class='ocrx_word' id='word_1_603' title='bbox 636 4541 963 4598; x_wconf 88' lang='lat' dir='ltr'><strong>auctoritate</strong></span> <span class='ocrx_word' id='word_1_604' title='bbox 1005 4541 1248 4598; x_wconf 88' lang='lat' dir='ltr'><strong>sublatus</strong></span> <span class='ocrx_word' id='word_1_605' title='bbox 1276 4559 1308 4599; x_wconf 90' lang='lat' dir='ltr'><strong>e</strong></span> <span class='ocrx_word' id='word_1_606' title='bbox 1337 4544 1519 4601; x_wconf 91' lang='lat' dir='ltr'><strong>medio</strong></span> <span class='ocrx_word' id='word_1_607' title='bbox 1541 4545 1719 4615; x_wconf 89' lang='lat' dir='ltr'><strong>plebis</strong></span> <span class='ocrx_word' id='word_1_608' title='bbox 1762 4557 1877 4612; x_wconf 89' lang='lat' dir='ltr'><strong>est;</strong></span> 
     </span>
    </p>
   </div>
   <div class='ocr_carea' id='block_1_77' title="bbox 1972 3320 3581 3394">
    <p class='ocr_par' dir='ltr' id='par_1_77' title="bbox 1972 3320 3581 3394">
     <span class='ocr_line' id='line_1_77' title="bbox 1972 3320 3581 3394; baseline -0.001 -15"><span class='ocrx_word' id='word_1_609' title='bbox 1972 3322 2243 3379; x_wconf 86' lang='lat' dir='ltr'><strong>Luxuries</strong></span> <span class='ocrx_word' id='word_1_610' title='bbox 2265 3322 2484 3380; x_wconf 90' lang='lat' dir='ltr'><strong>videtur</strong></span> <span class='ocrx_word' id='word_1_611' title='bbox 2499 3338 2623 3379; x_wconf 89' lang='lat' dir='ltr'><strong>esse</strong></span> <span class='ocrx_word' id='word_1_612' title='bbox 2642 3322 2917 3394; x_wconf 89' lang='lat' dir='ltr'><strong>jucunda:</strong></span> <span class='ocrx_word' id='word_1_613' title='bbox 2946 3322 3041 3378; x_wconf 90' lang='lat' dir='ltr'><strong>sed</strong></span> <span class='ocrx_word' id='word_1_614' title='bbox 3064 3320 3335 3378; x_wconf 81' lang='lat' dir='ltr'><strong>exhausto</strong></span> <span class='ocrx_word' id='word_1_615' title='bbox 3354 3324 3413 3377; x_wconf 91' lang='lat' dir='ltr'><strong>ﬁt</strong></span> <span class='ocrx_word' id='word_1_616' title='bbox 3435 3338 3581 3378; x_wconf 89' lang='lat' dir='ltr'><strong>ama-</strong></span> 
     </span>
    </p>
   </div>
   <div class='ocr_carea' id='block_1_78' title="bbox 1974 3414 3578 3488">
    <p class='ocr_par' dir='ltr' id='par_1_78' title="bbox 1974 3414 3578 3488">
     <span class='ocr_line' id='line_1_78' title="bbox 1974 3414 3578 3488; baseline -0.001 -15"><span class='ocrx_word' id='word_1_617' title='bbox 1974 3432 2033 3473; x_wconf 89' lang='lat' dir='ltr'><strong>ra</strong></span> <span class='ocrx_word' id='word_1_618' title='bbox 2055 3416 2402 3488; x_wconf 89' lang='lat' dir='ltr'><strong>patrimonio.</strong></span> <span class='ocrx_word' id='word_1_619' title='bbox 2428 3416 2615 3473; x_wconf 86' lang='lat' dir='ltr'><strong>Dulcis</strong></span> <span class='ocrx_word' id='word_1_620' title='bbox 2638 3416 2807 3472; x_wconf 89' lang='lat' dir='ltr'><strong>libido</strong></span> <span class='ocrx_word' id='word_1_621' title='bbox 2827 3456 2842 3482; x_wconf 93' lang='lat'><strong>,</strong></span> <span class='ocrx_word' id='word_1_622' title='bbox 2868 3430 2995 3471; x_wconf 91' lang='lat' dir='ltr'><strong>cum</strong></span> <span class='ocrx_word' id='word_1_623' title='bbox 3027 3414 3238 3471; x_wconf 86' lang='lat' dir='ltr'><strong>fervet:</strong></span> <span class='ocrx_word' id='word_1_624' title='bbox 3270 3415 3366 3471; x_wconf 88' lang='lat' dir='ltr'><strong>sed</strong></span> <span class='ocrx_word' id='word_1_625' title='bbox 3386 3415 3578 3473; x_wconf 87' lang='lat' dir='ltr'><strong>eadem</strong></span> 
     </span>
    </p>
   </div>
   <div class='ocr_carea' id='block_1_79' title="bbox 1974 3509 3580 3581">
    <p class='ocr_par' dir='ltr' id='par_1_79' title="bbox 1974 3509 3580 3581">
     <span class='ocr_line' id='line_1_79' title="bbox 1974 3509 3580 3581; baseline -0.001 -14"><span class='ocrx_word' id='word_1_626' title='bbox 1974 3512 2194 3569; x_wconf 86' lang='lat' dir='ltr'><strong>horrida</strong></span> <span class='ocrx_word' id='word_1_627' title='bbox 2222 3522 2277 3568; x_wconf 89' lang='lat' dir='ltr'><strong>et</strong></span> <span class='ocrx_word' id='word_1_628' title='bbox 2311 3511 2645 3570; x_wconf 88' lang='lat' dir='ltr'><strong>exsecranda</strong></span> <span class='ocrx_word' id='word_1_629' title='bbox 2668 3553 2684 3580; x_wconf 95' lang='lat'><strong>,</strong></span> <span class='ocrx_word' id='word_1_630' title='bbox 2725 3527 2850 3567; x_wconf 92' lang='lat' dir='ltr'><strong>cum</strong></span> <span class='ocrx_word' id='word_1_631' title='bbox 2891 3509 3163 3581; x_wconf 90' lang='lat' dir='ltr'><strong>proditur.</strong></span> <span class='ocrx_word' id='word_1_632' title='bbox 3197 3509 3408 3567; x_wconf 90' lang='lat' dir='ltr'><strong>Suaves</strong></span> <span class='ocrx_word' id='word_1_633' title='bbox 3446 3526 3580 3580; x_wconf 81' lang='lat' dir='ltr'><strong>epu-</strong></span> 
     </span>
    </p>
   </div>
   <div class='ocr_carea' id='block_1_80' title="bbox 1976 3606 3579 3680">
    <p class='ocr_par' dir='ltr' id='par_1_80' title="bbox 1976 3606 3579 3680">
     <span class='ocr_line' id='line_1_80' title="bbox 1976 3606 3579 3680; baseline -0.001 -17"><span class='ocrx_word' id='word_1_634' title='bbox 1976 3609 2077 3673; x_wconf 81' lang='lat' dir='ltr'><strong>lae,</strong></span> <span class='ocrx_word' id='word_1_635' title='bbox 2109 3624 2235 3665; x_wconf 92' lang='lat' dir='ltr'><strong>cum</strong></span> <span class='ocrx_word' id='word_1_636' title='bbox 2285 3618 2617 3666; x_wconf 84' lang='lat' dir='ltr'><strong>sumuntur:</strong></span> <span class='ocrx_word' id='word_1_637' title='bbox 2655 3606 2751 3663; x_wconf 90' lang='lat' dir='ltr'><strong>sed</strong></span> <span class='ocrx_word' id='word_1_638' title='bbox 2798 3606 3019 3673; x_wconf 83' lang='lat' dir='ltr'><strong>fetidac,</strong></span> <span class='ocrx_word' id='word_1_639' title='bbox 3068 3621 3192 3663; x_wconf 90' lang='lat' dir='ltr'><strong>cum</strong></span> <span class='ocrx_word' id='word_1_640' title='bbox 3233 3606 3579 3680; x_wconf 89' lang='lat' dir='ltr'><strong>digeruntur.</strong></span> 
     </span>
    </p>
   </div>
   <div class='ocr_carea' id='block_1_81' title="bbox 1977 3698 3576 3769">
    <p class='ocr_par' dir='ltr' id='par_1_81' title="bbox 1977 3698 3576 3769">
     <span class='ocr_line' id='line_1_81' title="bbox 1977 3698 3576 3769; baseline 0 -13"><span class='ocrx_word' id='word_1_641' title='bbox 1977 3700 2125 3758; x_wconf 89' lang='lat' dir='ltr'><strong>Bona</strong></span> <span class='ocrx_word' id='word_1_642' title='bbox 2154 3700 2321 3758; x_wconf 86' lang='lat' dir='ltr'><strong>multa</strong></span> <span class='ocrx_word' id='word_1_643' title='bbox 2348 3701 2402 3757; x_wconf 91' lang='lat' dir='ltr'><strong>in</strong></span> <span class='ocrx_word' id='word_1_644' title='bbox 2434 3700 2539 3756; x_wconf 85' lang='lat' dir='ltr'><strong>hoc</strong></span> <span class='ocrx_word' id='word_1_645' title='bbox 2564 3700 2765 3757; x_wconf 70' lang='lat' dir='ltr'><strong>szeculo</strong></span> <span class='ocrx_word' id='word_1_646' title='bbox 2785 3742 2801 3769; x_wconf 93' lang='lat'><strong>,</strong></span> <span class='ocrx_word' id='word_1_647' title='bbox 2833 3698 2963 3755; x_wconf 91' lang='lat' dir='ltr'><strong>dum</strong></span> <span class='ocrx_word' id='word_1_648' title='bbox 2990 3698 3266 3767; x_wconf 85' lang='lat' dir='ltr'><strong>vivimus,</strong></span> <span class='ocrx_word' id='word_1_649' title='bbox 3300 3700 3576 3756; x_wconf 67' lang='lat' dir='ltr'><strong>aestiman-</strong></span> 
     </span>
    </p>
   </div>
   <div class='ocr_carea' id='block_1_82' title="bbox 1979 3794 3578 3869">
    <p class='ocr_par' dir='ltr' id='par_1_82' title="bbox 1979 3794 3578 3869">
     <span class='ocr_line' id='line_1_82' title="bbox 1979 3794 3578 3869; baseline -0.002 -16"><span class='ocrx_word' id='word_1_650' title='bbox 1979 3806 2094 3865; x_wconf 90' lang='lat' dir='ltr'><strong>tur;</strong></span> <span class='ocrx_word' id='word_1_651' title='bbox 2122 3796 2247 3869; x_wconf 91' lang='lat' dir='ltr'><strong>quia</strong></span> <span class='ocrx_word' id='word_1_652' title='bbox 2276 3796 2404 3853; x_wconf 90' lang='lat' dir='ltr'><strong>usui</strong></span> <span class='ocrx_word' id='word_1_653' title='bbox 2430 3795 2590 3853; x_wconf 87' lang='lat' dir='ltr'><strong>nobis</strong></span> <span class='ocrx_word' id='word_1_654' title='bbox 2617 3804 2784 3864; x_wconf 89' lang='lat' dir='ltr'><strong>sunt,</strong></span> <span class='ocrx_word' id='word_1_655' title='bbox 2821 3803 2880 3851; x_wconf 90' lang='lat' dir='ltr'><strong>ut</strong></span> <span class='ocrx_word' id='word_1_656' title='bbox 2920 3794 3185 3866; x_wconf 85' lang='lat' dir='ltr'><strong>pecunia,</strong></span> <span class='ocrx_word' id='word_1_657' title='bbox 3221 3810 3414 3851; x_wconf 88' lang='lat' dir='ltr'><strong>aurum</strong></span> <span class='ocrx_word' id='word_1_658' title='bbox 3441 3836 3457 3859; x_wconf 87' lang='lat'><strong><em>.</em></strong></span> <span class='ocrx_word' id='word_1_659' title='bbox 3491 3810 3578 3850; x_wconf 89' lang='lat' dir='ltr'><strong>ar-</strong></span> 
     </span>
    </p>
   </div>
   <div class='ocr_carea' id='block_1_83' title="bbox 1977 3889 3584 3964">
    <p class='ocr_par' dir='ltr' id='par_1_83' title="bbox 1977 3889 3584 3964">
     <span class='ocr_line' id='line_1_83' title="bbox 1977 3889 3584 3964; baseline -0.001 -17"><span class='ocrx_word' id='word_1_660' title='bbox 1977 3899 2201 3964; x_wconf 87' lang='lat' dir='ltr'><strong>gentum</strong></span> <span class='ocrx_word' id='word_1_661' title='bbox 2217 3932 2235 3960; x_wconf 94' lang='lat'><strong>,</strong></span> <span class='ocrx_word' id='word_1_662' title='bbox 2258 3892 2635 3963; x_wconf 86' lang='lat' dir='ltr'><strong>possessiones</strong></span> <span class='ocrx_word' id='word_1_663' title='bbox 2661 3909 2676 3949; x_wconf 93' lang='lat'><strong>:</strong></span> <span class='ocrx_word' id='word_1_664' title='bbox 2698 3890 2888 3947; x_wconf 90' lang='lat' dir='ltr'><strong>eadem</strong></span> <span class='ocrx_word' id='word_1_665' title='bbox 2912 3889 3044 3946; x_wconf 87' lang='lat' dir='ltr'><strong>nihil</strong></span> <span class='ocrx_word' id='word_1_666' title='bbox 3078 3901 3301 3961; x_wconf 90' lang='lat' dir='ltr'><strong>possunt</strong></span> <span class='ocrx_word' id='word_1_667' title='bbox 3321 3889 3584 3961; x_wconf 89' lang='lat' dir='ltr'><strong>prodesse</strong></span> 
     </span>
    </p>
   </div>
   <div class='ocr_carea' id='block_1_84' title="bbox 1979 3980 3584 4053">
    <p class='ocr_par' dir='ltr' id='par_1_84' title="bbox 1979 3980 3584 4053">
     <span class='ocr_line' id='line_1_84' title="bbox 1979 3980 3584 4053; baseline -0.004 -13"><span class='ocrx_word' id='word_1_668' title='bbox 1979 3982 2289 4040; x_wconf 81' lang='lat' dir='ltr'><strong>defunctis:</strong></span> <span class='ocrx_word' id='word_1_669' title='bbox 2322 3982 2413 4040; x_wconf 85' lang='lat' dir='ltr'><strong>hic</strong></span> <span class='ocrx_word' id='word_1_670' title='bbox 2440 3983 2622 4040; x_wconf 89' lang='lat' dir='ltr'><strong>omnia</strong></span> <span class='ocrx_word' id='word_1_671' title='bbox 2654 3982 3052 4053; x_wconf 85' lang='lat' dir='ltr'><strong>relinquuntur.</strong></span> <span class='ocrx_word' id='word_1_672' title='bbox 3082 3981 3223 4049; x_wconf 90' lang='lat' dir='ltr'><strong>Quin</strong></span> <span class='ocrx_word' id='word_1_673' title='bbox 3259 3980 3423 4037; x_wconf 88' lang='lat' dir='ltr'><strong>etiam</strong></span> <span class='ocrx_word' id='word_1_674' title='bbox 3468 3996 3584 4036; x_wconf 89' lang='lat' dir='ltr'><strong>ma-</strong></span> 
     </span>
    </p>
   </div>
   <div class='ocr_carea' id='block_1_85' title="bbox 1974 4072 3584 4150">
    <p class='ocr_par' dir='ltr' id='par_1_85' title="bbox 1974 4072 3584 4150">
     <span class='ocr_line' id='line_1_85' title="bbox 1974 4072 3584 4150; baseline -0.005 -15"><span class='ocrx_word' id='word_1_675' title='bbox 1974 4077 2083 4150; x_wconf 89' lang='lat' dir='ltr'><strong>jori</strong></span> <span class='ocrx_word' id='word_1_676' title='bbox 2108 4078 2300 4135; x_wconf 87' lang='lat' dir='ltr'><strong>dolore</strong></span> <span class='ocrx_word' id='word_1_677' title='bbox 2324 4078 2448 4150; x_wconf 90' lang='lat' dir='ltr'><strong>quis</strong></span> <span class='ocrx_word' id='word_1_678' title='bbox 2473 4078 2733 4146; x_wconf 90' lang='lat' dir='ltr'><strong>moritur,</strong></span> <span class='ocrx_word' id='word_1_679' title='bbox 2760 4072 2884 4134; x_wconf 77' lang='lat' dir='ltr'><strong>ct&#39;tm</strong></span> <span class='ocrx_word' id='word_1_680' title='bbox 2918 4076 3005 4132; x_wconf 82' lang='lat' dir='ltr'><strong>lllS</strong></span> <span class='ocrx_word' id='word_1_681' title='bbox 3035 4090 3097 4131; x_wconf 89' lang='lat' dir='ltr'><strong>se</strong></span> <span class='ocrx_word' id='word_1_682' title='bbox 3124 4074 3363 4130; x_wconf 85' lang='lat' dir='ltr'><strong>fraudari</strong></span> <span class='ocrx_word' id='word_1_683' title='bbox 3406 4074 3584 4146; x_wconf 88' lang='lat' dir='ltr'><strong>copiis</strong></span> 
     </span>
    </p>
   </div>
   <div class='ocr_carea' id='block_1_86' title="bbox 1980 4167 3581 4244">
    <p class='ocr_par' dir='ltr' id='par_1_86' title="bbox 1980 4167 3581 4244">
     <span class='ocr_line' id='line_1_86' title="bbox 1980 4167 3581 4244; baseline -0.004 -15"><span class='ocrx_word' id='word_1_684' title='bbox 1980 4171 2305 4244; x_wconf 88' lang='lat' dir='ltr'><strong>ingemiscit.</strong></span> <span class='ocrx_word' id='word_1_685' title='bbox 2336 4170 2457 4228; x_wconf 88' lang='lat' dir='ltr'><strong>Non</strong></span> <span class='ocrx_word' id='word_1_686' title='bbox 2498 4181 2583 4229; x_wconf 89' lang='lat' dir='ltr'><strong>est</strong></span> <span class='ocrx_word' id='word_1_687' title='bbox 2620 4187 2752 4242; x_wconf 88' lang='lat' dir='ltr'><strong>ergo</strong></span> <span class='ocrx_word' id='word_1_688' title='bbox 2778 4167 3088 4240; x_wconf 77' lang='lat' dir='ltr'><strong>iucunditas</strong></span> <span class='ocrx_word' id='word_1_689' title='bbox 3126 4183 3253 4225; x_wconf 90' lang='lat' dir='ltr'><strong>vera</strong></span> <span class='ocrx_word' id='word_1_690' title='bbox 3281 4210 3297 4235; x_wconf 91' lang='lat'><strong>,</strong></span> <span class='ocrx_word' id='word_1_691' title='bbox 3333 4168 3441 4224; x_wconf 90' lang='lat' dir='ltr'><strong>nisi</strong></span> <span class='ocrx_word' id='word_1_692' title='bbox 3487 4168 3581 4224; x_wconf 88' lang='lat' dir='ltr'><strong>illa</strong></span> 
     </span>
    </p>
   </div>
   <div class='ocr_carea' id='block_1_87' title="bbox 1980 4261 3583 4336">
    <p class='ocr_par' dir='ltr' id='par_1_87' title="bbox 1980 4261 3583 4336">
     <span class='ocr_line' id='line_1_87' title="bbox 1980 4261 3583 4336; baseline -0.002 -16"><span class='ocrx_word' id='word_1_693' title='bbox 1980 4280 2102 4336; x_wconf 65' lang='lat' dir='ltr'><strong>quae</strong></span> <span class='ocrx_word' id='word_1_694' title='bbox 2142 4263 2438 4321; x_wconf 91' lang='lat' dir='ltr'><strong>secundum</strong></span> <span class='ocrx_word' id='word_1_695' title='bbox 2476 4264 2706 4321; x_wconf 90' lang='lat' dir='ltr'><strong>verbum</strong></span> <span class='ocrx_word' id='word_1_696' title='bbox 2746 4262 2844 4320; x_wconf 91' lang='lat' dir='ltr'><strong>Dei</strong></span> <span class='ocrx_word' id='word_1_697' title='bbox 2883 4271 3006 4329; x_wconf 87' lang='lat' dir='ltr'><strong>est;</strong></span> <span class='ocrx_word' id='word_1_698' title='bbox 3045 4270 3107 4318; x_wconf 92' lang='lat' dir='ltr'><strong>ut</strong></span> <span class='ocrx_word' id='word_1_699' title='bbox 3150 4261 3272 4333; x_wconf 91' lang='lat' dir='ltr'><strong>quis</strong></span> <span class='ocrx_word' id='word_1_700' title='bbox 3313 4261 3583 4318; x_wconf 90' lang='lat' dir='ltr'><strong>bonorum</strong></span> 
     </span>
    </p>
   </div>
   <div class='ocr_carea' id='block_1_88' title="bbox 1982 4354 3585 4431">
    <p class='ocr_par' dir='ltr' id='par_1_88' title="bbox 1982 4354 3585 4431">
     <span class='ocr_line' id='line_1_88' title="bbox 1982 4354 3585 4431; baseline -0.003 -16"><span class='ocrx_word' id='word_1_701' title='bbox 1982 4359 2305 4416; x_wconf 91' lang='lat' dir='ltr'><strong>meritorum</strong></span> <span class='ocrx_word' id='word_1_702' title='bbox 2335 4368 2499 4431; x_wconf 91' lang='lat' dir='ltr'><strong>atque</strong></span> <span class='ocrx_word' id='word_1_703' title='bbox 2524 4358 2784 4414; x_wconf 89' lang='lat' dir='ltr'><strong>virtutum</strong></span> <span class='ocrx_word' id='word_1_704' title='bbox 2808 4355 3069 4413; x_wconf 90' lang='lat' dir='ltr'><strong>subsidiis</strong></span> <span class='ocrx_word' id='word_1_705' title='bbox 3106 4354 3339 4427; x_wconf 87' lang='lat' dir='ltr'><strong>gaudeat</strong></span> <span class='ocrx_word' id='word_1_706' title='bbox 3376 4370 3438 4412; x_wconf 91' lang='lat' dir='ltr'><strong>se</strong></span> <span class='ocrx_word' id='word_1_707' title='bbox 3462 4368 3585 4411; x_wconf 87' lang='lat' dir='ltr'><strong>esse</strong></span> 
     </span>
    </p>
   </div>
   <div class='ocr_carea' id='block_1_89' title="bbox 1983 4455 2273 4511">
    <p class='ocr_par' dir='ltr' id='par_1_89' title="bbox 1983 4455 2273 4511">
     <span class='ocr_line' id='line_1_89' title="bbox 1983 4455 2273 4511; baseline 0.007 -2"><span class='ocrx_word' id='word_1_708' title='bbox 1983 4455 2273 4511; x_wconf 90' lang='lat' dir='ltr'><strong>munitum.</strong></span> 
     </span>
    </p>
   </div>
   <div class='ocr_carea' id='block_1_90' title="bbox 2064 4543 3590 4623">
    <p class='ocr_par' dir='ltr' id='par_1_90' title="bbox 2064 4543 3590 4623">
     <span class='ocr_line' id='line_1_90' title="bbox 2064 4543 3590 4623; baseline -0.005 -15"><span class='ocrx_word' id='word_1_709' title='bbox 2064 4550 2275 4623; x_wconf 75' lang='lat'><strong>1081</strong></span> <span class='ocrx_word' id='word_1_710' title='bbox 2317 4550 2370 4604; x_wconf 89' lang='grc'><strong>7.</strong></span> <span class='ocrx_word' id='word_1_711' title='bbox 2406 4547 2518 4604; x_wconf 84' lang='lat' dir='ltr'><strong>Hac</strong></span> <span class='ocrx_word' id='word_1_712' title='bbox 2547 4546 2715 4603; x_wconf 86' lang='lat' dir='ltr'><strong>David</strong></span> <span class='ocrx_word' id='word_1_713' title='bbox 2737 4546 3079 4618; x_wconf 78' lang='lat' dir='ltr'><strong>iucunditate</strong></span> <span class='ocrx_word' id='word_1_714' title='bbox 3108 4544 3189 4601; x_wconf 90' lang='lat' dir='ltr'><strong>vel</strong></span> <span class='ocrx_word' id='word_1_715' title='bbox 3218 4544 3462 4602; x_wconf 88' lang='lat' dir='ltr'><strong>bonitate</strong></span> <span class='ocrx_word' id='word_1_716' title='bbox 3488 4543 3590 4600; x_wconf 84' lang='lat' dir='ltr'><strong>Dei</strong></span> 
     </span>
    </p>
   </div>
   <div class='ocr_carea' id='block_1_91' title="bbox 254 4629 3589 4712">
    <p class='ocr_par' dir='ltr' id='par_1_91' title="bbox 254 4629 3589 4712">
     <span class='ocr_line' id='line_1_91' title="bbox 254 4629 3589 4712; baseline 0 -20"><span class='ocrx_word' id='word_1_717' title='bbox 254 4635 407 4708; x_wconf 84' lang='lat' dir='ltr'><strong>quia</strong></span> <span class='ocrx_word' id='word_1_718' title='bbox 434 4634 637 4690; x_wconf 87' lang='lat' dir='ltr'><strong>malum</strong></span> <span class='ocrx_word' id='word_1_719' title='bbox 664 4648 805 4706; x_wconf 85' lang='lat' dir='ltr'><strong>Opus</strong></span> <span class='ocrx_word' id='word_1_720' title='bbox 831 4632 960 4691; x_wconf 87' lang='lat' dir='ltr'><strong>fecit</strong></span> <span class='ocrx_word' id='word_1_721' title='bbox 980 4676 997 4702; x_wconf 93' lang='lat'><strong>,</strong></span> <span class='ocrx_word' id='word_1_722' title='bbox 1027 4636 1252 4693; x_wconf 82' lang='lat' dir='ltr'><strong>traditus</strong></span> <span class='ocrx_word' id='word_1_723' title='bbox 1277 4645 1363 4693; x_wconf 91' lang='lat' dir='ltr'><strong>est</strong></span> <span class='ocrx_word' id='word_1_724' title='bbox 1389 4637 1444 4693; x_wconf 94' lang='lat' dir='ltr'><strong>in</strong></span> <span class='ocrx_word' id='word_1_725' title='bbox 1477 4639 1659 4695; x_wconf 88' lang='lat' dir='ltr'><strong>carnis</strong></span> <span class='ocrx_word' id='word_1_726' title='bbox 1689 4638 1879 4695; x_wconf 90' lang='lat' dir='ltr'><strong>interi-</strong></span> <span class='ocrx_word' id='word_1_727' title='bbox 1904 4629 1956 4690; x_wconf 90' lang='lat' dir='ltr'><strong>D</strong></span> <span class='ocrx_word' id='word_1_728' title='bbox 1980 4641 2228 4707; x_wconf 69' lang='lat' dir='ltr'><strong>laetatur;</strong></span> <span class='ocrx_word' id='word_1_729' title='bbox 2258 4641 2382 4712; x_wconf 90' lang='lat' dir='ltr'><strong>quia</strong></span> <span class='ocrx_word' id='word_1_730' title='bbox 2419 4640 2609 4711; x_wconf 82' lang='lat' dir='ltr'><strong>jugum</strong></span> <span class='ocrx_word' id='word_1_731' title='bbox 2640 4655 2809 4711; x_wconf 87' lang='lat' dir='ltr'><strong>grave</strong></span> <span class='ocrx_word' id='word_1_732' title='bbox 2847 4655 2878 4695; x_wconf 91' lang='lat' dir='ltr'><strong>a</strong></span> <span class='ocrx_word' id='word_1_733' title='bbox 2909 4638 3196 4711; x_wconf 77' lang='lat' dir='ltr'><strong>iuventute</strong></span> <span class='ocrx_word' id='word_1_734' title='bbox 3238 4639 3504 4711; x_wconf 88' lang='lat' dir='ltr'><strong>portavit,</strong></span> <span class='ocrx_word' id='word_1_735' title='bbox 3532 4645 3589 4695; x_wconf 89' lang='lat' dir='ltr'><strong>et</strong></span> 
     </span>
    </p>
   </div>
   <div class='ocr_carea' id='block_1_92' title="bbox 257 4727 1880 4804">
    <p class='ocr_par' dir='ltr' id='par_1_92' title="bbox 257 4727 1880 4804">
     <span class='ocr_line' id='line_1_92' title="bbox 257 4727 1880 4804; baseline 0.002 -19"><span class='ocrx_word' id='word_1_736' title='bbox 257 4741 391 4785; x_wconf 86' lang='lat' dir='ltr'><strong>tum</strong></span> <span class='ocrx_word' id='word_1_737' title='bbox 419 4768 435 4796; x_wconf 96' lang='lat'><strong>,</strong></span> <span class='ocrx_word' id='word_1_738' title='bbox 467 4734 528 4782; x_wconf 90' lang='lat' dir='ltr'><strong>ut</strong></span> <span class='ocrx_word' id='word_1_739' title='bbox 563 4727 684 4797; x_wconf 87' lang='lat' dir='ltr'><strong>ejus</strong></span> <span class='ocrx_word' id='word_1_740' title='bbox 727 4727 981 4799; x_wconf 89' lang='lat' dir='ltr'><strong>spriritus</strong></span> <span class='ocrx_word' id='word_1_741' title='bbox 1007 4728 1314 4786; x_wconf 85' lang='lat' dir='ltr'><strong>salvaretur</strong></span> <span class='ocrx_word' id='word_1_742' title='bbox 1354 4728 1553 4802; x_wconf 82' lang='lat' dir='ltr'><strong>(lCor.</strong></span> <span class='ocrx_word' id='word_1_743' title='bbox 1590 4746 1655 4800; x_wconf 93' lang='lat' dir='ltr'><strong>v,</strong></span> <span class='ocrx_word' id='word_1_744' title='bbox 1684 4731 1767 4804; x_wconf 76' lang='grc'><strong>5).</strong></span> <span class='ocrx_word' id='word_1_745' title='bbox 1797 4731 1880 4788; x_wconf 83' lang='lat' dir='ltr'><strong>Ex</strong></span> 
     </span>
    </p>
   </div>
   <div class='ocr_carea' id='block_1_93' title="bbox 256 4820 1881 4901">
    <p class='ocr_par' dir='ltr' id='par_1_93' title="bbox 256 4820 1881 4901">
     <span class='ocr_line' id='line_1_93' title="bbox 256 4820 1881 4901; baseline 0.004 -22"><span class='ocrx_word' id='word_1_746' title='bbox 256 4838 385 4896; x_wconf 87' lang='lat' dir='ltr'><strong>quo</strong></span> <span class='ocrx_word' id='word_1_747' title='bbox 422 4820 778 4894; x_wconf 85' lang='lat' dir='ltr'><strong>intelligimus</strong></span> <span class='ocrx_word' id='word_1_748' title='bbox 802 4822 930 4896; x_wconf 88' lang='lat' dir='ltr'><strong>quia</strong></span> <span class='ocrx_word' id='word_1_749' title='bbox 974 4823 1028 4879; x_wconf 93' lang='lat' dir='ltr'><strong>in</strong></span> <span class='ocrx_word' id='word_1_750' title='bbox 1059 4824 1206 4882; x_wconf 91' lang='lat' dir='ltr'><strong>bono</strong></span> <span class='ocrx_word' id='word_1_751' title='bbox 1233 4825 1572 4895; x_wconf 84' lang='lat' dir='ltr'><strong>excluditur,</strong></span> <span class='ocrx_word' id='word_1_752' title='bbox 1604 4829 1698 4901; x_wconf 92' lang='lat' dir='ltr'><strong>qui</strong></span> <span class='ocrx_word' id='word_1_753' title='bbox 1721 4828 1881 4900; x_wconf 88' lang='lat' dir='ltr'><strong>jube-</strong></span> 
     </span>
    </p>
   </div>
   <div class='ocr_carea' id='block_1_94' title="bbox 260 4916 1882 4994">
    <p class='ocr_par' dir='ltr' id='par_1_94' title="bbox 260 4916 1882 4994">
     <span class='ocr_line' id='line_1_94' title="bbox 260 4916 1882 4994; baseline 0.002 -19"><span class='ocrx_word' id='word_1_754' title='bbox 260 4929 364 4975; x_wconf 83' lang='lat' dir='ltr'><strong>tur</strong></span> <span class='ocrx_word' id='word_1_755' title='bbox 410 4931 575 4988; x_wconf 88' lang='lat' dir='ltr'><strong>agere</strong></span> <span class='ocrx_word' id='word_1_756' title='bbox 606 4916 1023 4988; x_wconf 64' lang='lat' dir='ltr'><strong>paenitentiam;</strong></span> <span class='ocrx_word' id='word_1_757' title='bbox 1061 4929 1122 4974; x_wconf 89' lang='lat' dir='ltr'><strong>ut</strong></span> <span class='ocrx_word' id='word_1_758' title='bbox 1152 4918 1495 4989; x_wconf 78' lang='lat' dir='ltr'><strong>ltumilietur,</strong></span> <span class='ocrx_word' id='word_1_759' title='bbox 1525 4930 1583 4978; x_wconf 90' lang='lat' dir='ltr'><strong>et</strong></span> <span class='ocrx_word' id='word_1_760' title='bbox 1619 4936 1882 4994; x_wconf 85' lang='lat' dir='ltr'><strong>compun-</strong></span> 
     </span>
    </p>
   </div>
   <div class='ocr_carea' id='block_1_95' title="bbox 256 5008 1885 5086">
    <p class='ocr_par' dir='ltr' id='par_1_95' title="bbox 256 5008 1885 5086">
     <span class='ocr_line' id='line_1_95' title="bbox 256 5008 1885 5086; baseline 0.004 -19"><span class='ocrx_word' id='word_1_761' title='bbox 256 5021 443 5086; x_wconf 79' lang='lat' dir='ltr'><strong>gatur</strong></span> <span class='ocrx_word' id='word_1_762' title='bbox 468 5009 657 5067; x_wconf 90' lang='lat' dir='ltr'><strong>corde.</strong></span> <span class='ocrx_word' id='word_1_763' title='bbox 684 5008 714 5048; x_wconf 71' lang='grc' dir='ltr'><strong>ι’</strong></span> <span class='ocrx_word' id='word_1_764' title='bbox 742 5010 873 5067; x_wconf 68' lang='lat' dir='ltr'><strong>llaec</strong></span> <span class='ocrx_word' id='word_1_765' title='bbox 900 5012 1047 5068; x_wconf 90' lang='lat' dir='ltr'><strong>enim</strong></span> <span class='ocrx_word' id='word_1_766' title='bbox 1074 5012 1537 5071; x_wconf 88' lang='lat' dir='ltr'><strong>reconciliationis</strong></span> <span class='ocrx_word' id='word_1_767' title='bbox 1558 5014 1737 5073; x_wconf 89' lang='lat' dir='ltr'><strong>solent</strong></span> <span class='ocrx_word' id='word_1_768' title='bbox 1760 5031 1885 5073; x_wconf 90' lang='lat' dir='ltr'><strong>esse</strong></span> 
     </span>
    </p>
   </div>
   <div class='ocr_carea' id='block_1_96' title="bbox 260 5103 558 5177">
    <p class='ocr_par' dir='ltr' id='par_1_96' title="bbox 260 5103 558 5177">
     <span class='ocr_line' id='line_1_96' title="bbox 260 5103 558 5177; baseline -0.017 -14"><span class='ocrx_word' id='word_1_769' title='bbox 260 5103 558 5177; x_wconf 60' lang='grc' dir='ltr'><strong>ωσι-θεῖε.</strong></span> 
     </span>
    </p>
   </div>
   <div class='ocr_carea' id='block_1_97' title="bbox 344 5276 1885 5364">
    <p class='ocr_par' dir='ltr' id='par_1_97' title="bbox 344 5276 1885 5364">
     <span class='ocr_line' id='line_1_97' title="bbox 344 5276 1885 5364; baseline 0.001 -20"><span class='ocrx_word' id='word_1_770' title='bbox 344 5299 376 5364; x_wconf 53' lang='grc' dir='ltr'><strong>αξ</strong></span> <span class='ocrx_word' id='word_1_771' title='bbox 412 5276 643 5357; x_wconf 86' lang='lat' dir='ltr'><strong>Quidam</strong></span> <span class='ocrx_word' id='word_1_772' title='bbox 674 5301 843 5364; x_wconf 86' lang='lat' dir='ltr'><strong>mss.,</strong></span> <span class='ocrx_word' id='word_1_773' title='bbox 880 5286 949 5344; x_wconf 82' lang='lat' dir='ltr'><strong>Et</strong></span> <span class='ocrx_word' id='word_1_774' title='bbox 977 5288 1201 5344; x_wconf 88' lang='lat' dir='ltr'><strong>occurrit</strong></span> <span class='ocrx_word' id='word_1_775' title='bbox 1229 5290 1604 5364; x_wconf 84' lang='lat' dir='ltr'><strong>interpretatio.</strong></span> <span class='ocrx_word' id='word_1_776' title='bbox 1643 5289 1789 5347; x_wconf 85' lang='lat' dir='ltr'><strong>Edit.</strong></span> <span class='ocrx_word' id='word_1_777' title='bbox 1810 5333 1823 5358; x_wconf 91' lang='lat'><strong>,</strong></span> <span class='ocrx_word' id='word_1_778' title='bbox 1844 5330 1885 5364; x_wconf 79' lang='lat'><strong>..</strong></span> 
     </span>
    </p>
   </div>
   <div class='ocr_carea' id='block_1_98' title="bbox 262 5361 1889 5436">
    <p class='ocr_par' dir='ltr' id='par_1_98' title="bbox 262 5361 1889 5436">
     <span class='ocr_line' id='line_1_98' title="bbox 262 5361 1889 5436; baseline -0.001 -17"><span class='ocrx_word' id='word_1_779' title='bbox 262 5363 327 5419; x_wconf 77' lang='lat' dir='ltr'><strong>in</strong></span> <span class='ocrx_word' id='word_1_780' title='bbox 358 5361 813 5428; x_wconf 70' lang='lat' dir='ltr'><strong>interpretatione.</strong></span> <span class='ocrx_word' id='word_1_781' title='bbox 834 5367 918 5436; x_wconf 62' lang='grc' dir='ltr'><strong>ΔΜ</strong></span> <span class='ocrx_word' id='word_1_782' title='bbox 961 5361 1436 5436; x_wconf 43' lang='grc' dir='ltr'><strong>ιηββηιιονειῐιρξ..</strong></span> <span class='ocrx_word' id='word_1_783' title='bbox 1467 5364 1520 5436; x_wconf 85' lang='lat' dir='ltr'><strong>in</strong></span> <span class='ocrx_word' id='word_1_784' title='bbox 1554 5372 1808 5436; x_wconf 81' lang='lat' dir='ltr'><strong>tempore.</strong></span> <span class='ocrx_word' id='word_1_785' title='bbox 1835 5362 1889 5417; x_wconf 88' lang='lat' dir='ltr'><strong>id</strong></span> 
     </span>
    </p>
   </div>
   <div class='ocr_carea' id='block_1_99' title="bbox 262 5431 1890 5503">
    <p class='ocr_par' dir='ltr' id='par_1_99' title="bbox 262 5431 1890 5503">
     <span class='ocr_line' id='line_1_99' title="bbox 262 5431 1890 5503; baseline -0.001 -10"><span class='ocrx_word' id='word_1_786' title='bbox 262 5446 360 5493; x_wconf 83' lang='lat' dir='ltr'><strong>est</strong></span> <span class='ocrx_word' id='word_1_787' title='bbox 390 5476 409 5500; x_wconf 90' lang='lat'><strong>,</strong></span> <span class='ocrx_word' id='word_1_788' title='bbox 446 5444 783 5503; x_wconf 86' lang='lat' dir='ltr'><strong>opportune;</strong></span> <span class='ocrx_word' id='word_1_789' title='bbox 815 5432 944 5489; x_wconf 88' lang='lat' dir='ltr'><strong>dum</strong></span> <span class='ocrx_word' id='word_1_790' title='bbox 974 5431 1226 5489; x_wconf 84' lang='lat' dir='ltr'><strong>videlicet</strong></span> <span class='ocrx_word' id='word_1_791' title='bbox 1255 5434 1387 5489; x_wconf 90' lang='lat' dir='ltr'><strong>mihi</strong></span> <span class='ocrx_word' id='word_1_792' title='bbox 1428 5431 1664 5489; x_wconf 58' lang='lat' dir='ltr'><strong>animus&#39;</strong></span> <span class='ocrx_word' id='word_1_793' title='bbox 1685 5434 1754 5491; x_wconf 85' lang='lat' dir='ltr'><strong>de</strong></span> <span class='ocrx_word' id='word_1_794' title='bbox 1785 5436 1890 5491; x_wconf 89' lang='lat' dir='ltr'><strong>hoc</strong></span> 
     </span>
    </p>
   </div>
   <div class='ocr_carea' id='block_1_100' title="bbox 262 5506 1187 5582">
    <p class='ocr_par' dir='ltr' id='par_1_100' title="bbox 262 5506 1187 5582">
     <span class='ocr_line' id='line_1_100' title="bbox 262 5506 1187 5582; baseline 0.001 -24"><span class='ocrx_word' id='word_1_795' title='bbox 262 5511 401 5582; x_wconf 55' lang='lat' dir='ltr'><strong>ipso</strong></span> <span class='ocrx_word' id='word_1_796' title='bbox 422 5506 777 5582; x_wconf 74' lang='lat' dir='ltr'><strong>inveniendo</strong></span> <span class='ocrx_word' id='word_1_797' title='bbox 791 5506 1056 5582; x_wconf 69' lang='lat' dir='ltr'><strong>sollicitus</strong></span> <span class='ocrx_word' id='word_1_798' title='bbox 1083 5516 1187 5582; x_wconf 81' lang='lat' dir='ltr'><strong>est.</strong></span> 
     </span>
    </p>
   </div>
   <div class='ocr_carea' id='block_1_101' title="bbox 348 5575 1885 5647">
    <p class='ocr_par' dir='ltr' id='par_1_101' title="bbox 348 5575 1885 5647">
     <span class='ocr_line' id='line_1_101' title="bbox 348 5575 1885 5647; baseline 0.001 -14"><span class='ocrx_word' id='word_1_799' title='bbox 348 5579 380 5618; x_wconf 72' lang='grc'><strong>1³</strong></span> <span class='ocrx_word' id='word_1_800' title='bbox 418 5578 519 5633; x_wconf 85' lang='lat' dir='ltr'><strong>llic</strong></span> <span class='ocrx_word' id='word_1_801' title='bbox 549 5586 605 5631; x_wconf 80' lang='lat' dir='ltr'><strong>et</strong></span> <span class='ocrx_word' id='word_1_802' title='bbox 648 5575 781 5631; x_wconf 87' lang='lat' dir='ltr'><strong>alibi</strong></span> <span class='ocrx_word' id='word_1_803' title='bbox 824 5576 1066 5647; x_wconf 87' lang='lat' dir='ltr'><strong>pluribus</strong></span> <span class='ocrx_word' id='word_1_804' title='bbox 1103 5578 1236 5634; x_wconf 85' lang='lat' dir='ltr'><strong>locis</strong></span> <span class='ocrx_word' id='word_1_805' title='bbox 1279 5578 1598 5635; x_wconf 87' lang='lat' dir='ltr'><strong>Ambrosius</strong></span> <span class='ocrx_word' id='word_1_806' title='bbox 1643 5586 1885 5634; x_wconf 88' lang='lat' dir='ltr'><strong>veterem</strong></span> 
     </span>
    </p>
   </div>
   <div class='ocr_carea' id='block_1_102' title="bbox 263 5648 1889 5722">
    <p class='ocr_par' dir='ltr' id='par_1_102' title="bbox 263 5648 1889 5722">
     <span class='ocr_line' id='line_1_102' title="bbox 263 5648 1889 5722; baseline -0.003 -11"><span class='ocrx_word' id='word_1_807' title='bbox 263 5652 495 5711; x_wconf 82' lang='lat' dir='ltr'><strong>indicat</strong></span> <span class='ocrx_word' id='word_1_808' title='bbox 515 5648 779 5704; x_wconf 78' lang='lat' dir='ltr'><strong>Ecclesia:</strong></span> <span class='ocrx_word' id='word_1_809' title='bbox 802 5663 1039 5722; x_wconf 82' lang='lat' dir='ltr'><strong>morem,</strong></span> <span class='ocrx_word' id='word_1_810' title='bbox 1068 5665 1175 5719; x_wconf 93' lang='lat' dir='ltr'><strong>quo</strong></span> <span class='ocrx_word' id='word_1_811' title='bbox 1202 5651 1436 5720; x_wconf 82' lang='lat' dir='ltr'><strong>episcopi</strong></span> <span class='ocrx_word' id='word_1_812' title='bbox 1470 5653 1751 5722; x_wconf 84' lang='lat' dir='ltr'><strong>impositas</strong></span> <span class='ocrx_word' id='word_1_813' title='bbox 1774 5666 1804 5705; x_wconf 91' lang='lat' dir='ltr'><strong>a</strong></span> <span class='ocrx_word' id='word_1_814' title='bbox 1828 5666 1889 5706; x_wconf 89' lang='lat' dir='ltr'><strong>se</strong></span> 
     </span>
    </p>
   </div>
   <div class='ocr_carea' id='block_1_103' title="bbox 265 5720 1893 5797">
    <p class='ocr_par' dir='ltr' id='par_1_103' title="bbox 265 5720 1893 5797">
     <span class='ocr_line' id='line_1_103' title="bbox 265 5720 1893 5797; baseline 0 -20"><span class='ocrx_word' id='word_1_815' title='bbox 265 5722 682 5797; x_wconf 66' lang='lat' dir='ltr'><strong>paenitentibus</strong></span> <span class='ocrx_word' id='word_1_816' title='bbox 728 5720 957 5797; x_wconf 78' lang='lat' dir='ltr'><strong>publicis</strong></span> <span class='ocrx_word' id='word_1_817' title='bbox 994 5735 1182 5797; x_wconf 73' lang='lat' dir='ltr'><strong>ptenas</strong></span> <span class='ocrx_word' id='word_1_818' title='bbox 1204 5724 1470 5797; x_wconf 89' lang='lat' dir='ltr'><strong>_minuere</strong></span> <span class='ocrx_word' id='word_1_819' title='bbox 1490 5765 1504 5788; x_wconf 90' lang='lat'><strong>,</strong></span> <span class='ocrx_word' id='word_1_820' title='bbox 1535 5720 1637 5778; x_wconf 84' lang='lat' dir='ltr'><strong>nec</strong></span> <span class='ocrx_word' id='word_1_821' title='bbox 1667 5739 1772 5778; x_wconf 85' lang='lat' dir='ltr'><strong>non</strong></span> <span class='ocrx_word' id='word_1_822' title='bbox 1796 5738 1893 5797; x_wconf 80' lang='lat' dir='ltr'><strong>ex-</strong></span> 
     </span>
    </p>
   </div>
   <div class='ocr_carea' id='block_1_104' title="bbox 264 5792 1897 5865">
    <p class='ocr_par' dir='ltr' id='par_1_104' title="bbox 264 5792 1897 5865">
     <span class='ocr_line' id='line_1_104' title="bbox 264 5792 1897 5865; baseline -0.004 -12"><span class='ocrx_word' id='word_1_823' title='bbox 264 5792 802 5853; x_wconf 65' lang='lat' dir='ltr'><strong>communicationis</strong></span> <span class='ocrx_word' id='word_1_824' title='bbox 831 5805 1042 5865; x_wconf 86' lang='lat' dir='ltr'><strong>tempus</strong></span> <span class='ocrx_word' id='word_1_825' title='bbox 1070 5793 1316 5850; x_wconf 85' lang='lat' dir='ltr'><strong>breviare</strong></span> <span class='ocrx_word' id='word_1_826' title='bbox 1345 5803 1768 5861; x_wconf 84' lang='lat' dir='ltr'><strong>consueverant,</strong></span> <span class='ocrx_word' id='word_1_827' title='bbox 1800 5793 1897 5848; x_wconf 76' lang='lat' dir='ltr'><strong>lia-</strong></span> 
     </span>
    </p>
   </div>
   <div class='ocr_carea' id='block_1_105' title="bbox 265 5866 1899 5940">
    <p class='ocr_par' dir='ltr' id='par_1_105' title="bbox 265 5866 1899 5940">
     <span class='ocr_line' id='line_1_105' title="bbox 265 5866 1899 5940; baseline -0.001 -15"><span class='ocrx_word' id='word_1_828' title='bbox 265 5869 397 5929; x_wconf 82' lang='lat' dir='ltr'><strong>bita</strong></span> <span class='ocrx_word' id='word_1_829' title='bbox 428 5866 641 5923; x_wconf 86' lang='lat' dir='ltr'><strong>ratione</strong></span> <span class='ocrx_word' id='word_1_830' title='bbox 669 5866 909 5937; x_wconf 88' lang='lat' dir='ltr'><strong>ipsorum</strong></span> <span class='ocrx_word' id='word_1_831' title='bbox 931 5866 1276 5922; x_wconf 87' lang='lat' dir='ltr'><strong>contritionis</strong></span> <span class='ocrx_word' id='word_1_832' title='bbox 1303 5874 1467 5940; x_wconf 83' lang='lat' dir='ltr'><strong>atque</strong></span> <span class='ocrx_word' id='word_1_833' title='bbox 1489 5867 1899 5933; x_wconf 82' lang='lat' dir='ltr'><strong>ltumiliationis,</strong></span> 
     </span>
    </p>
   </div>
   <div class='ocr_carea' id='block_1_106' title="bbox 760 5960 1254 6023">
    <p class='ocr_par' dir='ltr' id='par_1_106' title="bbox 760 5960 1254 6023">
     <span class='ocr_line' id='line_1_106' title="bbox 760 5960 1254 6023; baseline -0.002 0"><span class='ocrx_word' id='word_1_834' title='bbox 760 5962 1034 6023; x_wconf 70' lang='lat' dir='ltr'><strong>Pnnon.</strong></span> <span class='ocrx_word' id='word_1_835' title='bbox 1112 5960 1254 6022; x_wconf 84' lang='lat' dir='ltr'><strong>XV.</strong></span> 
     </span>
    </p>
   </div>
   <div class='ocr_carea' id='block_1_107' title="bbox 1981 4732 3586 4807">
    <p class='ocr_par' dir='ltr' id='par_1_107' title="bbox 1981 4732 3586 4807">
     <span class='ocr_line' id='line_1_107' title="bbox 1981 4732 3586 4807; baseline -0.002 -15"><span class='ocrx_word' id='word_1_836' title='bbox 1981 4736 2260 4804; x_wconf 89' lang='lat' dir='ltr'><strong>sustinuit,</strong></span> <span class='ocrx_word' id='word_1_837' title='bbox 2282 4746 2447 4807; x_wconf 89' lang='lat' dir='ltr'><strong>atque</strong></span> <span class='ocrx_word' id='word_1_838' title='bbox 2462 4734 2795 4807; x_wconf 82' lang='lat' dir='ltr'><strong>exspectavit</strong></span> <span class='ocrx_word' id='word_1_839' title='bbox 2811 4733 3026 4790; x_wconf 90' lang='lat' dir='ltr'><strong>Domini</strong></span> <span class='ocrx_word' id='word_1_840' title='bbox 3045 4734 3098 4790; x_wconf 93' lang='lat' dir='ltr'><strong>in</strong></span> <span class='ocrx_word' id='word_1_841' title='bbox 3124 4748 3185 4789; x_wconf 88' lang='lat' dir='ltr'><strong>se</strong></span> <span class='ocrx_word' id='word_1_842' title='bbox 3203 4732 3459 4805; x_wconf 87' lang='lat' dir='ltr'><strong>gratiam,</strong></span> <span class='ocrx_word' id='word_1_843' title='bbox 3476 4747 3586 4790; x_wconf 93' lang='lat' dir='ltr'><strong>non</strong></span> 
     </span>
    </p>
   </div>
   <div class='ocr_carea' id='block_1_108' title="bbox 1987 4825 3587 4904">
    <p class='ocr_par' dir='ltr' id='par_1_108' title="bbox 1987 4825 3587 4904">
     <span class='ocr_line' id='line_1_108' title="bbox 1987 4825 3587 4904; baseline -0.003 -16"><span class='ocrx_word' id='word_1_844' title='bbox 1987 4830 2288 4904; x_wconf 62' lang='lat' dir='ltr'><strong>praeripuit,</strong></span> <span class='ocrx_word' id='word_1_845' title='bbox 2318 4829 2411 4903; x_wconf 94' lang='lat' dir='ltr'><strong>qui</strong></span> <span class='ocrx_word' id='word_1_846' title='bbox 2440 4844 2587 4901; x_wconf 64' lang='lat' dir='ltr'><strong>saepe</strong></span> <span class='ocrx_word' id='word_1_847' title='bbox 2606 4828 2889 4886; x_wconf 82' lang='lat' dir='ltr'><strong>occidendi</strong></span> <span class='ocrx_word' id='word_1_848' title='bbox 2917 4828 3064 4900; x_wconf 85' lang='lat' dir='ltr'><strong>regis</strong></span> <span class='ocrx_word' id='word_1_849' title='bbox 3091 4826 3223 4886; x_wconf 89' lang='lat' dir='ltr'><strong>Saul</strong></span> <span class='ocrx_word' id='word_1_850' title='bbox 3253 4826 3450 4884; x_wconf 89' lang='lat' dir='ltr'><strong>tributa</strong></span> <span class='ocrx_word' id='word_1_851' title='bbox 3480 4825 3587 4883; x_wconf 91' lang='lat' dir='ltr'><strong>sibi</strong></span> 
     </span>
    </p>
   </div>
   <div class='ocr_carea' id='block_1_109' title="bbox 1986 4917 3593 4996">
    <p class='ocr_par' dir='ltr' id='par_1_109' title="bbox 1986 4917 3593 4996">
     <span class='ocr_line' id='line_1_109' title="bbox 1986 4917 3593 4996; baseline -0.005 -13"><span class='ocrx_word' id='word_1_852' title='bbox 1986 4926 2166 4996; x_wconf 83' lang='lat' dir='ltr'><strong>cepia,</strong></span> <span class='ocrx_word' id='word_1_853' title='bbox 2191 4924 2385 4982; x_wconf 85' lang='lat' dir='ltr'><strong>maluit</strong></span> <span class='ocrx_word' id='word_1_854' title='bbox 2422 4934 2604 4981; x_wconf 90' lang='lat' dir='ltr'><strong>tamen</strong></span> <span class='ocrx_word' id='word_1_855' title='bbox 2630 4932 2952 4994; x_wconf 89' lang='lat' dir='ltr'><strong>exspectare</strong></span> <span class='ocrx_word' id='word_1_856' title='bbox 2978 4937 3010 4976; x_wconf 90' lang='lat' dir='ltr'><strong>a</strong></span> <span class='ocrx_word' id='word_1_857' title='bbox 3039 4921 3272 4977; x_wconf 90' lang='lat' dir='ltr'><strong>Domino</strong></span> <span class='ocrx_word' id='word_1_858' title='bbox 3311 4917 3593 4977; x_wconf 90' lang='lat' dir='ltr'><strong>deferendi</strong></span> 
     </span>
    </p>
   </div>
   <div class='ocr_carea' id='block_1_110' title="bbox 1987 5010 3597 5090">
    <p class='ocr_par' dir='ltr' id='par_1_110' title="bbox 1987 5010 3597 5090">
     <span class='ocr_line' id='line_1_110' title="bbox 1987 5010 3597 5090; baseline -0.004 -16"><span class='ocrx_word' id='word_1_859' title='bbox 1987 5026 2200 5090; x_wconf 85' lang='lat' dir='ltr'><strong>tempus</strong></span> <span class='ocrx_word' id='word_1_860' title='bbox 2222 5016 2453 5088; x_wconf 91' lang='lat' dir='ltr'><strong>imperii,</strong></span> <span class='ocrx_word' id='word_1_861' title='bbox 2479 5032 2641 5090; x_wconf 89' lang='lat' dir='ltr'><strong>quam</strong></span> <span class='ocrx_word' id='word_1_862' title='bbox 2663 5015 2845 5072; x_wconf 92' lang='lat' dir='ltr'><strong>occiso</strong></span> <span class='ocrx_word' id='word_1_863' title='bbox 2869 5028 2998 5084; x_wconf 88' lang='lat' dir='ltr'><strong>rege</strong></span> <span class='ocrx_word' id='word_1_864' title='bbox 3025 5012 3336 5084; x_wconf 64' lang='lat' dir='ltr'><strong>praeripere.</strong></span> <span class='ocrx_word' id='word_1_865' title='bbox 3364 5010 3597 5083; x_wconf 89' lang='lat' dir='ltr'><strong>Semper</strong></span> 
     </span>
    </p>
   </div>
   <div class='ocr_carea' id='block_1_111' title="bbox 1991 5103 3588 5181">
    <p class='ocr_par' dir='ltr' id='par_1_111' title="bbox 1991 5103 3588 5181">
     <span class='ocr_line' id='line_1_111' title="bbox 1991 5103 3588 5181; baseline -0.003 -14"><span class='ocrx_word' id='word_1_866' title='bbox 1991 5110 2137 5168; x_wconf 90' lang='lat' dir='ltr'><strong>Deus</strong></span> <span class='ocrx_word' id='word_1_867' title='bbox 2159 5111 2336 5168; x_wconf 90' lang='lat' dir='ltr'><strong>bonus</strong></span> <span class='ocrx_word' id='word_1_868' title='bbox 2359 5119 2482 5167; x_wconf 90' lang='lat' dir='ltr'><strong>est:</strong></span> <span class='ocrx_word' id='word_1_869' title='bbox 2516 5108 2747 5181; x_wconf 89' lang='lat' dir='ltr'><strong>ideoque</strong></span> <span class='ocrx_word' id='word_1_870' title='bbox 2786 5117 2843 5165; x_wconf 91' lang='lat' dir='ltr'><strong>et</strong></span> <span class='ocrx_word' id='word_1_871' title='bbox 2880 5106 3083 5163; x_wconf 89' lang='lat' dir='ltr'><strong>Paulus</strong></span> <span class='ocrx_word' id='word_1_872' title='bbox 3122 5107 3242 5162; x_wconf 89' lang='lat' dir='ltr'><strong>ait:</strong></span> <span class='ocrx_word' id='word_1_873' title='bbox 3280 5103 3413 5161; x_wconf 86' lang='lat' dir='ltr'><strong>Vide</strong></span> <span class='ocrx_word' id='word_1_874' title='bbox 3460 5121 3588 5177; x_wconf 87' lang='lat' dir='ltr'><strong>ergo</strong></span> 
     </span>
    </p>
   </div>
   <div class='ocr_carea' id='block_1_112' title="bbox 1991 5288 3594 5363">
    <p class='ocr_par' dir='ltr' id='par_1_112' title="bbox 1991 5288 3594 5363">
     <span class='ocr_line' id='line_1_112' title="bbox 1991 5288 3594 5363; baseline 0 -17"><span class='ocrx_word' id='word_1_875' title='bbox 1991 5305 2113 5363; x_wconf 67' lang='lat' dir='ltr'><strong>quae</strong></span> <span class='ocrx_word' id='word_1_876' title='bbox 2139 5289 2372 5363; x_wconf 84' lang='lat' dir='ltr'><strong>proinde</strong></span> <span class='ocrx_word' id='word_1_877' title='bbox 2400 5290 2860 5349; x_wconf 87' lang='lat' dir='ltr'><strong>reconciliationis</strong></span> <span class='ocrx_word' id='word_1_878' title='bbox 2887 5290 3143 5347; x_wconf 92' lang='lat' dir='ltr'><strong>dicuntur</strong></span> <span class='ocrx_word' id='word_1_879' title='bbox 3166 5302 3290 5345; x_wconf 89' lang='lat' dir='ltr'><strong>esse</strong></span> <span class='ocrx_word' id='word_1_880' title='bbox 3313 5288 3594 5361; x_wconf 81' lang='lat' dir='ltr'><strong>sutfragia.</strong></span> 
     </span>
    </p>
   </div>
   <div class='ocr_carea' id='block_1_113' title="bbox 2069 5362 2917 5432">
    <p class='ocr_par' dir='ltr' id='par_1_113' title="bbox 2069 5362 2917 5432">
     <span class='ocr_line' id='line_1_113' title="bbox 2069 5362 2917 5432; baseline 0 -13"><span class='ocrx_word' id='word_1_881' title='bbox 2069 5374 2091 5432; x_wconf 64' lang='grc' dir='ltr'><strong><em>ς</em></strong></span> <span class='ocrx_word' id='word_1_882' title='bbox 2126 5363 2284 5419; x_wconf 75' lang='lat' dir='ltr'><strong>itum.</strong></span> <span class='ocrx_word' id='word_1_883' title='bbox 2311 5362 2445 5420; x_wconf 87' lang='lat' dir='ltr'><strong>edit.</strong></span> <span class='ocrx_word' id='word_1_884' title='bbox 2465 5407 2480 5432; x_wconf 96' lang='lat'><strong>,</strong></span> <span class='ocrx_word' id='word_1_885' title='bbox 2510 5363 2694 5420; x_wconf 77' lang='lat' dir='ltr'><strong>cecidit</strong></span> <span class='ocrx_word' id='word_1_886' title='bbox 2728 5363 2917 5419; x_wconf 80' lang='lat' dir='ltr'><strong>valide.</strong></span> 
     </span>
    </p>
   </div>
   <div class='ocr_carea' id='block_1_114' title="bbox 2064 5431 3599 5509">
    <p class='ocr_par' dir='ltr' id='par_1_114' title="bbox 2064 5431 3599 5509">
     <span class='ocr_line' id='line_1_114' title="bbox 2064 5431 3599 5509; baseline 0 -19"><span class='ocrx_word' id='word_1_887' title='bbox 2064 5431 2092 5472; x_wconf 70' lang='grc' dir='ltr'>ἀ</span> <span class='ocrx_word' id='word_1_888' title='bbox 2123 5431 2488 5509; x_wconf 22' lang='lat' dir='ltr'><strong>[ioniaeditg</strong></span> <span class='ocrx_word' id='word_1_889' title='bbox 2520 5454 2553 5491; x_wconf 88' lang='lat' dir='ltr'><strong>a</strong></span> <span class='ocrx_word' id='word_1_890' title='bbox 2580 5436 2849 5509; x_wconf 85' lang='lat' dir='ltr'><strong>sterilitate</strong></span> <span class='ocrx_word' id='word_1_891' title='bbox 2892 5451 3160 5509; x_wconf 72' lang='lat' dir='ltr'><strong>agrorum.</strong></span> <span class='ocrx_word' id='word_1_892' title='bbox 3193 5434 3435 5509; x_wconf 71' lang='lat' dir='ltr'><strong>Reliquae</strong></span> <span class='ocrx_word' id='word_1_893' title='bbox 3473 5450 3599 5509; x_wconf 84' lang='lat' dir='ltr'><strong>cum</strong></span> 
     </span>
    </p>
   </div>
   <div class='ocr_carea' id='block_1_115' title="bbox 1994 5507 3601 5578">
    <p class='ocr_par' dir='ltr' id='par_1_115' title="bbox 1994 5507 3601 5578">
     <span class='ocr_line' id='line_1_115' title="bbox 1994 5507 3601 5578; baseline -0.002 -14"><span class='ocrx_word' id='word_1_894' title='bbox 1994 5522 2128 5564; x_wconf 80' lang='lat' dir='ltr'><strong>is.</strong></span> <span class='ocrx_word' id='word_1_895' title='bbox 2156 5507 2437 5566; x_wconf 89' lang='lat' dir='ltr'><strong>omnibus.</strong></span> <span class='ocrx_word' id='word_1_896' title='bbox 2462 5525 2494 5562; x_wconf 89' lang='lat' dir='ltr'><strong>a</strong></span> <span class='ocrx_word' id='word_1_897' title='bbox 2524 5508 2785 5563; x_wconf 85' lang='lat' dir='ltr'><strong>nativitate</strong></span> <span class='ocrx_word' id='word_1_898' title='bbox 2813 5507 3079 5578; x_wconf 79' lang='lat' dir='ltr'><strong>agrorum.</strong></span> <span class='ocrx_word' id='word_1_899' title='bbox 3106 5507 3328 5568; x_wconf 79' lang='lat' dir='ltr'><strong>Melius;</strong></span> <span class='ocrx_word' id='word_1_900' title='bbox 3352 5507 3434 5562; x_wconf 92' lang='lat' dir='ltr'><strong>sic</strong></span> <span class='ocrx_word' id='word_1_901' title='bbox 3453 5507 3601 5561; x_wconf 76' lang='lat' dir='ltr'><strong>Pillm</strong></span> 
     </span>
    </p>
   </div>
   <div class='ocr_carea' id='block_1_116' title="bbox 1994 5578 3599 5671">
    <p class='ocr_par' dir='ltr' id='par_1_116' title="bbox 1994 5578 3599 5671">
     <span class='ocr_line' id='line_1_116' title="bbox 1994 5578 3599 5671; baseline -0.001 -37"><span class='ocrx_word' id='word_1_902' title='bbox 1994 5578 2140 5671; x_wconf 53' lang='lat' dir='ltr'><strong>pxx</strong></span> <span class='ocrx_word' id='word_1_903' title='bbox 2170 5622 2186 5645; x_wconf 87' lang='lat'><strong>,</strong></span> <span class='ocrx_word' id='word_1_904' title='bbox 2238 5582 2588 5658; x_wconf 78' lang='grc' dir='ltr'><strong>ἐπορεύθησαν</strong></span> <span class='ocrx_word' id='word_1_905' title='bbox 2659 5581 3060 5655; x_wconf 76' lang='grc' dir='ltr'><strong>ἐκκεκιντημένοι</strong></span> <span class='ocrx_word' id='word_1_906' title='bbox 3115 5581 3220 5639; x_wconf 80' lang='grc' dir='ltr'><strong>ἀπὸ</strong></span> <span class='ocrx_word' id='word_1_907' title='bbox 3276 5581 3599 5655; x_wconf 72' lang='grc' dir='ltr'><strong>γεννημάτων</strong></span> 
     </span>
    </p>
   </div>
   <div class='ocr_carea' id='block_1_117' title="bbox 2100 5677 2185 5707">
    <p class='ocr_par' dir='ltr' id='par_1_117' title="bbox 2100 5677 2185 5707">
     <span class='ocr_line' id='line_1_117' title="bbox 2100 5677 2185 5707; baseline 0.012 -1"><span class='ocrx_word' id='word_1_908' title='bbox 2100 5677 2185 5707; x_wconf 84' lang='grc' dir='ltr'><strong>ων.</strong></span> 
     </span>
    </p>
   </div>
   <div class='ocr_carea' id='block_1_118' title="bbox 1998 5673 3607 5793">
    <p class='ocr_par' dir='ltr' id='par_1_118' title="bbox 1998 5673 3607 5793">
     <span class='ocr_line' id='line_1_118' title="bbox 2100 5675 2185 5708; baseline 0.024 -2"><span class='ocrx_word' id='word_1_909' title='bbox 2100 5675 2185 5708; x_wconf 82' lang='grc' dir='ltr'><strong>ων.</strong></span> 
     </span>
     <span class='ocr_line' id='line_1_119' title="bbox 1998 5673 3607 5793; baseline -0.001 -13"><span class='ocrx_word' id='word_1_910' title='bbox 1998 5673 2099 5761; x_wconf 53' lang='lat' dir='ltr'><strong>wn:</strong></span> <span class='ocrx_word' id='word_1_911' title='bbox 2130 5728 2330 5780; x_wconf 81' lang='lat' dir='ltr'><strong>Omnes</strong></span> <span class='ocrx_word' id='word_1_912' title='bbox 2378 5724 2546 5793; x_wconf 92' lang='lat' dir='ltr'><strong>edit.,</strong></span> <span class='ocrx_word' id='word_1_913' title='bbox 2579 5724 2936 5781; x_wconf 86' lang='lat' dir='ltr'><strong>recordatione</strong></span> <span class='ocrx_word' id='word_1_914' title='bbox 2987 5725 3336 5790; x_wconf 84' lang='lat' dir='ltr'><strong>delictorum,-</strong></span> <span class='ocrx_word' id='word_1_915' title='bbox 3383 5722 3607 5778; x_wconf 86' lang='lat' dir='ltr'><strong>concin-</strong></span> 
     </span>
    </p>
   </div>
   <div class='ocr_carea' id='block_1_119' title="bbox 2005 5794 3610 5867">
    <p class='ocr_par' dir='ltr' id='par_1_119' title="bbox 2005 5794 3610 5867">
     <span class='ocr_line' id='line_1_120' title="bbox 2005 5794 3610 5867; baseline 0.001 -16"><span class='ocrx_word' id='word_1_916' title='bbox 2005 5794 2127 5851; x_wconf 87' lang='lat' dir='ltr'><strong>nius</strong></span> <span class='ocrx_word' id='word_1_917' title='bbox 2158 5796 2402 5867; x_wconf 86' lang='lat' dir='ltr'><strong>plerique</strong></span> <span class='ocrx_word' id='word_1_918' title='bbox 2426 5812 2556 5852; x_wconf 90' lang='lat' dir='ltr'><strong>mss.</strong></span> <span class='ocrx_word' id='word_1_919' title='bbox 2574 5839 2589 5864; x_wconf 95' lang='lat'><strong>,</strong></span> <span class='ocrx_word' id='word_1_920' title='bbox 2616 5801 2974 5854; x_wconf 87' lang='lat' dir='ltr'><strong>recordatione</strong></span> <span class='ocrx_word' id='word_1_921' title='bbox 2998 5800 3253 5853; x_wconf 87' lang='lat' dir='ltr'><strong>dictarunt</strong></span> <span class='ocrx_word' id='word_1_922' title='bbox 3275 5839 3289 5865; x_wconf 93' lang='lat'><strong>,</strong></span> <span class='ocrx_word' id='word_1_923' title='bbox 3322 5802 3381 5852; x_wconf 87' lang='lat' dir='ltr'><strong>ut</strong></span> <span class='ocrx_word' id='word_1_924' title='bbox 3405 5795 3610 5852; x_wconf 84' lang='lat' dir='ltr'><strong>citatus</strong></span> 
     </span>
    </p>
   </div>
   <div class='ocr_carea' id='block_1_120' title="bbox 2006 5868 3203 5939">
    <p class='ocr_par' dir='ltr' id='par_1_120' title="bbox 2006 5868 3203 5939">
     <span class='ocr_line' id='line_1_121' title="bbox 2006 5868 3203 5939; baseline 0 -15"><span class='ocrx_word' id='word_1_925' title='bbox 2006 5868 2186 5926; x_wconf 84' lang='lat' dir='ltr'><strong>statim</strong></span> <span class='ocrx_word' id='word_1_926' title='bbox 2218 5869 2356 5939; x_wconf 85' lang='lat' dir='ltr'><strong>psal.</strong></span> <span class='ocrx_word' id='word_1_927' title='bbox 2386 5884 2467 5935; x_wconf 86' lang='lat' dir='ltr'><strong>tv,</strong></span> <span class='ocrx_word' id='word_1_928' title='bbox 2502 5884 2643 5927; x_wconf 88' lang='lat' dir='ltr'><strong>vers.</strong></span> <span class='ocrx_word' id='word_1_929' title='bbox 2677 5870 2712 5926; x_wconf 84' lang='lat'><strong>5</strong></span> <span class='ocrx_word' id='word_1_930' title='bbox 2736 5911 2750 5935; x_wconf 87' lang='lat'><strong>,</strong></span> <span class='ocrx_word' id='word_1_931' title='bbox 2780 5871 2911 5927; x_wconf 88' lang='lat' dir='ltr'><strong>satis</strong></span> <span class='ocrx_word' id='word_1_932' title='bbox 2940 5870 3203 5927; x_wconf 87' lang='lat' dir='ltr'><strong>ostendit.</strong></span> 
     </span>
    </p>
   </div>
   <div class='ocr_carea' id='block_1_121' title="bbox 3059 5962 3097 6022">
    <p class='ocr_par' dir='ltr' id='par_1_121' title="bbox 3059 5962 3097 6022">
     <span class='ocr_line' id='line_1_122' title="bbox 3059 5962 3097 6022; baseline 0 0"><span class='ocrx_word' id='word_1_933' title='bbox 3059 5962 3097 6022; x_wconf 78' lang='lat'><strong>5</strong></span> 
     </span>
    </p>
   </div>
  </div>
