4104 6350
578 295 717 351 15ἑό

1943 288 2190 347 BANC'I'I
2226 287 2552 346 AMBROSII

3727 291 3867 357 1524

571 413 849 467 bonitatem
879 421 930 465 et
958 411 1276 466 severitatem
1309 407 1405 462 Dei
1443 409 1620 480 (llam.
1660 422 1747 472 XI,
1773 406 1906 478 2:2);
1949 406 2168 463 bonitas
2195 422 2246 483 Α
2272 403 2388 475 9.2).
2417 403 2576 459 Juxta
2608 403 2960 476 Evangeliqu
3009 407 3222 480 1082
3266 409 3506 480 χρηστόν
3535 423 3702 465 suave
3730 414 3868 466 acet.

570 509 716 563 enim
765 507 817 561 in
864 520 1055 561 omnes
1105 514 1223 571 est,
1268 502 1530 558 severitas
1575 501 1628 555 in
1676 515 1895 571 paucos.
1927 500 2169 570 Denique

573 599 815 656 subdidit
845 599 984 653 idem
1015 596 1311 667 Apostolus
1340 611 1355 648 :
1383 592 1448 647 In
1491 610 1576 648 eos
1611 593 1817 664 quidem
1844 593 1932 664 qui
1970 592 2170 647 cecide—

567 701 707 759 runt,
751 692 1074 746 seueritatem
1105 705 1125 742 :
1155 689 1208 742 iu
1243 697 1291 741 te
1330 695 1502 742 autem
1542 686 1826 742 bonitatem
1861 684 2076 757 (Ibid).
2111 684 2169 740 Si

571 787 718 842 enim
749 801 854 840 non
881 783 1228 848 cecidissent,
1274 780 1462 851 utique
1490 790 1776 835 uteremur
1801 789 1854 834 et
1885 779 1984 849 ipsi
2016 778 2170 832 boni-

572 889 680 936 tate
708 880 820 934 Dei.
850 879 984 932 Nam
1010 887 1065 932 et
1090 876 1183 930 tibi
1208 874 1328 931 ideo
1353 877 1524 930 bonus
1548 883 1652 940 est,
1682 875 1808 944 quia
1831 888 2125 945 permanes
2154 890 2164 926 :

567 977 713 1048 quod
739 977 786 1030 si
811 993 916 1030 ιιοιι
948 973 1316 1044 permanseris
1338 971 1392 1027 in
1417 973 1680 1039 bonitate,
1713 979 1768 1026 et
1787 980 1844 1026 tu
1873 969 2164 1026 excideris.

565 1070 682 1125 Non
705 1085 835 1141 ergo
862 1069 1010 1125 Deus
1039 1078 1329 1138 propterea
1378 1067 1552 1120 bonus
1598 1081 1720 1120 esse
1765 1065 2012 1131 desistit,
2042 1066 2165 1135 quia

565 1177 624 1222 tu
681 1168 866 1236 lapsus
906 1179 998 1231 es,
1043 1173 1095 1220 et
1151 1162 1361 1234 indiges
1412 1162 1726 1216 severitate.
1755 1158 2084 1232 “Siquidem
2113 1169 2169 1215 et

562 1259 827 1316 severitas
860 1259 957 1314 Dei
989 1258 1042 1312 in
1074 1258 1372 1313 bonitatem
1401 1255 1674 1320 recurrit;
1700 1264 1758 1310 ut
1788 1254 2168 1324 unusquisque

561 1352 856 1421 castigatus
887 1350 1078 1420 pedem
1107 1348 1313 1404 referat
1335 1365 1365 1403 a
1406 1351 1682 1418 peccatis,
1715 1358 1769 1402 et
1803 1347 1872 1401 ad
1905 1349 2165 1401 virtutum

567 1446 871 1512 tramitem,
906 1443 1215 1512 bonamque
1256 1443 1732 1498 conversationem
1764 1445 2028 1495 recurrat.
2062 1439 2166 1494 De-

567 1536 730 1604 nique
782 1535 941 1590 docet
1015 1535 1083 1589 dc
1133 1533 1244 1588 illis
1296 1534 1389 1603 qui
1445 1533 1758 1588 ceciderunt
1813 1530 2108 1602 Apostolus
2150 1552 2163 1586 :

563 1631 700 1698 Quia
731 1631 773 1683 si
801 1645 902 1683 non
943 1629 1321 1698 permanserint
1345 1629 1400 1681 in
1429 1628 1815 1692 incredulitate,
1846 1628 2161 1681 inserentur.

566 1721 760 1776 Potens
786 1724 922 1777 enim
951 1734 1024 1776 est
1043 1719 1182 1776 Deus
1213 1722 1400 1774 iterum
1426 1721 1655 1775 inserere
1678 1721 1798 1774 illos
1819 1716 2010 1792 (lbid.,
2035 1717 2161 1784 23);

2277 495 2472 566 pimus.
2501 497 2644 552 Dixit
2669 498 2816 552 enim
2846 514 2861 551 :
2893 496 3082 552 Tollite
3097 502 3290 571 jugum
3320 515 3585 554 meum....
3617 502 3740 572 quia
3765 503 3868 556 leue

2270 597 2368 652 est,
2391 598 2436 642 et
2463 604 2592 642 onus
2612 606 2801 657 meum,
2835 591 2960 656 quia
2981 606 3134 644 suave
3163 601 3238 645 est
3269 590 3447 662 (Matt.
3477 608 3550 658 xi,
3576 592 3647 649 29
3676 603 3724 647 et
3754 592 3867 664 30).

2276 677 2418 733 Dixit
2463 681 2643 746 enim,
2677 684 2734 736 τὸ
2775 683 2976 758 φορτίον
3020 703 3120 755 μου
3165 684 3424 760 χρηστὸν.
3470 681 3625 740 Unde
3675 690 3869 740 merito

2272 770 2569 828 bonitatem
2601 773 2698 829 Dei
2728 775 2797 828 ab
2825 776 2942 844 ipso
2973 775 3170 844 quierit
3199 776 3420 843 doceri,
3450 791 3520 831 ne
3566 779 3706 833 torte
3751 780 3869 848 quis

2271 865 2643 934 perfunctorie
2667 867 2946 937 accipiens
2973 868 3173 924 bonum
3205 870 3374 926 Deum
3411 867 3566 938 esse,
3606 871 3660 927 in
3712 887 3867 928 erro-

2273 956 2424 1013 ribus
2457 971 2801 1028 perseveret,
2850 961 2992 1031 quod
3030 977 3128 1033 per
3157 965 3588 1020 misericordiam
3619 965 3715 1022 Dei
3737 968 3871 1022 sciat

2271 1050 2652 1122 impunitatem
2683 1054 2797 1109 suis
2824 1054 2940 1110 dari
2988 1071 3149 1126 posse
3180 1058 3447 1128 peccatis;
3482 1071 3606 1116 cum
3653 1062 3754 1116 etsi
3791 1063 3872 1116 in-

2271 1146 2493 1218 dulgeat
2543 1149 2833 1218 Dominus,
2886 1160 3066 1210 tamen
3111 1151 3259 1208 finds
3306 1163 3394 1208 est
3440 1156 3783 1211 conversatio
3814 1156 3869 1211 in

2271 1243 2594 1300 criminibus
2647 1259 2866 1316 semper
2911 1247 3143 1304 haerere.
3191 1247 3305 1304 Non
3345 1265 3476 1320 ergo
3512 1250 3725 1306 bonitas
3768 1252 3872 1309 ista

2270 1337 2510 1407 Vulgaris
2556 1347 2642 1394 est
2672 1356 2688 1394 :
2719 1339 2817 1396 sed
2846 1356 2968 1412 quae
2998 1356 3219 1412 semper
3253 1341 3560 1414 disciplina:
3592 1353 3875 1416 exspeCtet

2271 1431 2594 1500 profectum.

2343 1525 2432 1581 10.
2475 1525 2713 1598 ideoque
2747 1527 2841 1598 qui
2869 1527 3123 1600 intelligit
3152 1530 3315 1585 altam
3363 1530 3454 1586 Dei
3495 1546 3617 1588 esse
3660 1535 3871 1588 bonita-

2272 1631 2411 1686 tem,
2443 1621 2629 1677 doceri
2661 1623 2936 1680 desiderat
2975 1625 3139 1679 etiam
3171 1624 3542 1695 disciplinam.
3588 1626 3722 1681 Nam
3757 1628 3872 1698 ple-

2271 1715 2427 1785 rique
2455 1723 2788 1772 avertuntur
2809 1733 2839 1771 a
2862 1718 3043 1773 studio
3063 1719 3389 1789 disciplinas,
3415 1719 3542 1774 dum
3565 1711 3683 1776 eam
3713 1736 3874 1777 seve-

564 1816 590 1857 h
625 1825 683 1870 ut
712 1815 1171 1885 quemadmodum
1197 1814 1412 1871 deserta
1442 1814 1698 1886 virgulta,
1729 1815 1802 1869 ita
1833 1823 1890 1869 et
1917 1813 2164 1868 homines
2195 1831 2243 1893 Β
2270 1823 2388 1863 ram
2419 1818 2473 1864 et
2504 1809 2717 1865 tristem
2747 1810 3088 1867 arbitrantur
3123 1829 3134 1866 :
3171 1811 3266 1866 sed
3315 1812 3681 1882 perspicacior
3703 1827 3872 1870 sensu

558 1912 708 1966 velut
727 1911 1043 1970 caudicibus
1063 1910 1385 1981 quibusdam
1416 1910 1631 1965 virtutis
1656 1909 1870 1976 inserti,
1895 1909 2162 1962 bonorum

557 2005 766 2062 fructus
798 2006 1008 2076 possint
1033 2005 1176 2061 ferre
1206 2006 1547 2061 meritorum.
1573 2008 1806 2060 Accusas
1829 2020 2056 2061 necesse
2079 2013 2165 2060 est

559 2099 830 2154 medicum
882 2099 1262 2161 crudelitatis,
1317 2099 1442 2169 quia
1496 2099 1830 2179 putreiagtas
1875 2099 2160 2153 vulnerum

560 2195 728 2248 libras
751 2191 897 2248 ferro
920 2194 1193 2263 putaverit
1215 2193 1591 2260 exsecandas;
1625 2194 1750 2264 quia
1780 2193 1938 2248 noxia
1970 2205 2024 2248 et
2045 2207 2160 2248 ser-

554 2287 736 2356 pentia
783 2286 967 2341 ulcera
1020 2286 1130 2356 igni
1179 2286 1483 2355 adusserit,
1513 2303 1582 2343 ne
1620 2289 1769 2344 virus
1809 2289 1862 2342 in
1901 2289 2161 2344 ulteriora

554 2391 942 2451 proserperet:
974 2381 1062 2437 vel
1091 2382 1218 2452 quia
1252 2383 1510 2454 magister
1547 2385 1874 2453 discipulum
1905 2385 2162 2440 verbera-

554 2475 694 2529 verit
738 2475 1139 2544 negligentem,
1173 2485 1232 2529 ut
1263 2485 1410 2530 metu
1438 2477 1721 2531 verberum
1751 2476 2003 2532 indueret
2031 2477 2158 2530 dili-

551 2569 838 2638 gentiam?
883 2566 1166 2638 Castigare
1217 2570 1362 2624 enim
1414 2576 1648 2626 amantis
1696 2581 1809 2636 est,
1843 2583 1951 2625 non
2003 2585 2161 2626 exse-

551 2663 794 2724 crantis;
823 2671 877 2717 et
903 2661 1027 2716 ideo
1055 2661 1312 2718 bonitatis
1330 2672 1438 2727 est,
1471 2679 1580 2718 non
1608 2663 1965 2719 crudelitatis.
1992 2663 2159 2718 Recte

553 2771 684 2826 ergo
703 2765 762 2811 et
795 2756 1062 2810 Dominus
1091 2756 1292 2826 ubique
1320 2765 1405 2810 est
1453 2755 1651 2823 bonus,
1679 2766 1735 2811 et
1771 2772 1894 2812 cum
1927 2757 2162 2812 remittit

555 2847 779 2918 ﬂagitia,
813 2856 867 2902 et
893 2864 1013 2902 rum
1048 2857 1270 2918 peccata
1295 2850 1567 2919 castigat:
1597 2849 1828 2924 (instigat
1868 2853 2005 2905 enim
2041 2850 2156 2905 Do-

554 2943 724 2996 minus
755 2958 904 3013 quem
924 2942 1093 3013 diligit
1115 2940 1280 3014 (Heli.
1305 2959 1401 3008 XII,
1431 2942 1509 3013 6).

631 3035 685 3089 8.
721 3033 1031 3105 Castigatus
1052 3043 1137 3089 est
1165 3037 1326 3090 etiam
1357 3035 1549 3090 David.
1585 3037 1823 3107 Denique
1841 3037 1918 3094 ait
1945 3053 1961 3090 :
1988 3035 2057 3090 Et
2081 3037 2156 3106 fui

553 3129 854 3200 ﬂttgellattts
882 3139 990 3184 tota
1019 3129 1100 3184 die
1133 3128 1309 3193 (Psal.
1343 3145 1508 3193 Lutl,
1546 3129 1655 3200 14).
1687 3130 1796 3186 Sed
1828 3131 1914 3185 vir
1939 3132 2156 3200 sapiens

2269 1902 2545 1973 intelligit,
2588 1903 2731 1974 quod
2777 1905 3064 1976 disciplina
3114 1907 3161 1960 si
3207 1906 3380 1961 tristis
3418 1907 3485 1961 ad
3521 1917 3731 1978 tempus
3772 1910 3869 1976 sit,

2267 1995 2666 2066 posterioribus
2691 1997 2788 2052 ﬁat
2809 1998 3048 2067 jucunda
3075 1999 3429 2069 temporibus.
3455 2000 3562 2056 Sed
3588 2011 3673 2056 est
3699 2002 3870 2058 disci-

2266 2090 2414 2158 plina
2449 2090 2530 2143 vel
2562 2092 2842 2162 correptio
2871 2094 3152 2147 severior:
3181 2103 3266 2148 est
3303 2095 3470 2148 etiam
3508 2094 3868 2151 moderatior.

2264 2181 2599 2238 Moderatiur
2646 2193 2760 2251 est,
2807 2183 2879 2239 de
2923 2201 3030 2256 qua
3069 2185 3204 2242 dicit
3233 2187 3497 2244 Dominus
3529 2205 3543 2242 :
3575 2186 3872 2261 Corripiant

2263 2295 2352 2333 eos
2380 2280 2436 2334 in
2463 2280 2652 2334 auditu
2699 2280 3054 2338 tribulationis
3083 2298 3259 2337 eorum
3298 2283 3446 2352 (Ose.
3479 2299 3589 2357 vn,
3621 2285 3736 2356 12).
3769 2287 3873 2342 Est

2261 2383 2320 2426 et
2355 2374 2616 2428 severior
2640 2389 2760 2444 qua:
2791 2387 2875 2430 est
2906 2377 2960 2432 in
2986 2375 3067 2431 ira
3097 2387 3153 2433 et
3180 2376 3368 2433 lurore
3386 2382 3683 2450 correptio.
3714 2380 3874 2440 Unde

2262 2465 2541 2538 refugiens
2569 2484 2688 2523 eam
2733 2471 3169 2540 correptionem,
3212 2473 3345 2529 dicit
3384 2473 3555 2529 David
3579 2492 3594 2528 :
3620 2474 3866 2544 Domine,

2257 2577 2325 2615 ne
2357 2562 2411 2616 in
2436 2562 2519 2616 ira
2535 2572 2625 2616 tua
2647 2580 2840 2636 arguas
2869 2581 2972 2633 me,
3001 2583 3164 2637 neque
3191 2568 3247 2622 in
3273 2573 3454 2639 furore
3487 2580 3574 2625 tuo
3609 2572 3870 2643 corripias

2261 2671 2343 2710 me
2377 2655 2570 2726 (Paul.
2598 2674 2682 2723 vr,
2713 2660 2794 2730 ﬁ).
2845 2659 2914 2714 Et
2959 2660 3264 2716 Hieremias
3299 2662 3551 2735 :Corripe
3581 2680 3704 2732 nos,
3758 2664 3870 2720 Do-

2258 2749 2416 2814 mine,
2445 2751 2500 2804 in
2525 2751 2745 2820 iudicio,
2771 2763 2819 2806 et
2847 2769 2951 2807 non
2977 2755 3032 2808 in
3053 2754 3232 2825 furore
3253 2754 3472 2828 (Jerem.
3501 2773 3559 2824 ι,
3592 2757 3703 2831 2t).
3735 2761 3868 2814 Um-

2255 2842 2344 2898 nis
2366 2857 2498 2914 ergo
2517 2844 2826 2915 disciplina,
2860 2848 2962 2902 etsi
2989 2848 3056 2904 ad
3079 2859 3296 2920 tempus
3322 2851 3521 2908 habeat
3547 2855 3870 2910 amaritudi-

2261 2951 2408 3005 nem,
2442 2938 2640 2995 habeat
2661 2941 3169 3009 perturbationem;
3193 2955 3381 3014 postea
3407 2955 3586 3004 tamen
3610 2948 3870 3017 paciﬁcos

2258 3031 2468 3086 fructus
2496 3047 2765 3102 generare
2791 3037 3100 3100 consuevit.

2334 3123 2422 3176 ll.
2463 3124 2572 3182 Sed
2601 3126 2692 3194 qui
2721 3128 2854 3196 petit
2883 3127 3068 3185 doceri
3090 3128 3391 3187 bonitatem
3417 3131 3864 3204 etdiscipllnam,

552 3224 642 3291 qui
699 3223 964 3278 intellexit
1006 3222 1420 3293 castigationem
1469 3223 1616 3277 illam
1662 3223 1871 3279 Domini
1898 3224 2001 3280 sibi
2025 3239 2155 3294 ιιι-ο·
2182 3237 2228 3300 C
2260 3214 2423 3271 debet
2448 3228 2636 3286 petere
2665 3221 2831 3276 etiam
2859 3222 3146 3279 scientiam
3171 3224 3385 3281 doceri.
3415 3225 3532 3282 Nisi
3572 3229 3720 3284 enim
3763 3229 3866 3284 ha-

553 3315 721 3371 iuisse
753 3317 828 3370 ait
857 3333 870 3370 :
899 3315 1190 3371 Boaitatem
1223 3317 1391 3389 fecisti
1429 3335 1546 3372 cum
1576 3334 1721 3372 seruo
1762 3329 1870 3385 tuo,
1901 3319 2150 3386 Domine,

551 3411 834 3465 secundum
874 3410 1084 3465 verbum
1131 3421 1312 3476 tuum;
1361 3411 1465 3465 hoc
1509 3422 1614 3476 est,
1639 3411 1743 3466 etsi
1781 3411 1873 3467 illa
1915 3413 2046 3466 mihi
2086 3413 2154 3468 ad

553 3513 768 3572 tempus
812 3518 995 3558 amara
1046 3503 1160 3557 visa
1207 3514 1293 3558 est
1341 3504 1647 3574 castigatio,
1681 3505 1813 3558 mihi
1855 3504 2152 3559 secundum

553 3612 798 3660 carnem,
823 3597 952 3652 mihi
981 3596 1280 3652 secundum
1311 3597 1623 3653 maestitiam
1656 3599 1900 3667 corporis
1925 3613 1939 3662 ;
1970 3605 2151 3653 tamen

551 3690 854 3746 secundum
881 3690 1106 3744 verbum
1144 3700 1291 3746 tuum
1329 3692 1613 3762 castigatio
1643 3691 1734 3746 illa
1763 3691 1971 3746 fructus
2001 3691 2154 3747 boni-

554 3782 680 3836 tatis
718 3781 923 3838 attulit.
957 3781 1110 3837 lllam
1141 3783 1274 3838 mihi
1313 3783 1727 3853 castigationem
1759 3784 1998 3854 intelligo
2028 3799 2151 3854 pro-

551 3876 747 3944 fuisse,
783 3876 873 3932 illa
918 3877 1275 3946 castigatione
1306 3892 1392 3931 me
1428 3891 1457 3934 a
1494 3876 1640 3932 vitiis
1666 3892 1788 3933 esse
1810 3886 2148 3946 revocatum,

555 3969 646 4025 illa
676 3970 1033 4042 castigatione
1061 3985 1166 4024 non
1201 3969 1292 4024 diu
1317 3969 1522 4040 aliquid
1551 3972 1604 4026 in
1635 3986 1722 4027 me
1749 3971 1970 4026 licuisse
1999 3969 2152 4040 llagi-

553 4062 674 4129 tiis,
716 4078 812 4132 per
863 4063 1010 4118 illam
1059 4062 1472 4132 caetigationem
1528 4064 1738 4119 Domini
1789 4062 1925 4119 nihil
1971 4063 2024 4117 in
2062 4079 2149 4120 me

547 4156 868 4211 adversario
909 4156 1131 4211 licuisse
1147 4189 1165 4216 -.
1202 4155 1333 4211 nihil
1366 4156 1550 4214 morti.
1582 4157 1846 4226 Denique,
1879 4156 2149 4228 Castigans

549 4249 818 4320 castigavit
845 4265 925 4304 me
954 4248 1226 4314 Dominus,
1256 4259 1303 4303 et
1324 4251 1477 4304 morti
1507 4267 1608 4306 non
1633 4252 1847 4305 tradidit
1872 4268 1950 4306 me
1969 4250 2147 4320 (Psal.

551 4357 730 4407 cxvn,
766 4340 889 4410 18),
945 4341 1065 4410 ipse
1124 4341 1391 4410 l’r0pbeta
1445 4343 1789 4398 memoravit.
1843 4344 2150 4415 Castigatur

549 4434 692 4489 enim
723 4433 812 4502 qui
852 4433 1151 4503 recipitur;
1177 4434 1265 4503 qui
1290 4443 1470 4488 autem
1503 4450 1609 4487 non
1653 4435 2008 4504 recipiuntur,
2038 4451 2146 4490 non

545 4525 912 4596 ﬂagellantur.
957 4524 1024 4580 In
1063 4527 1320 4582 laboribus
1369 4527 1514 4582 enim
1563 4526 1826 4583 hominum
1865 4544 1971 4592 non
2005 4540 2143 4593 sunt,

2259 3309 2390 3365 beat
2409 3312 2693 3366 scientiam
2713 3355 2726 3373 .
2761 3314 2994 3370 molesta
3023 3328 3105 3371 est
3130 3317 3451 3388 disciplina,
3487 3321 3713 3376 moleSta
3740 3337 3870 3378 cor-

2257 3405 2458 3474 reptio.
2495 3404 2634 3472 Quid
2665 3407 2735 3462 sit
2769 3409 2998 3464 scientia
3019 3451 3032 3476 ,
3057 3409 3255 3466 doceat
3283 3422 3334 3467 te
3359 3413 3644 3481 Salomon,
3671 3415 3761 3486 qui
3783 3417 3869 3472 ait

2257 3494 2327 3550 de
2357 3495 2592 3552 Domino
2627 3499 2736 3554 Deo
2766 3510 2957 3556 nostro
2987 3519 3000 3555 :
3041 3501 3160 3571 Ipse
3195 3503 3329 3563 enirn
3355 3505 3484 3559 mihi
3516 3506 3657 3560 dedit
3685 3523 3865 3563 eorum

2255 3605 2371 3660 qua:
2396 3601 2514 3649 sunt
2547 3593 2894 3664 cognitionem
2934 3611 3108 3650 ueram
3137 3597 3156 3667 (
3187 3598 3316 3668 Sap.
3352 3614 3457 3665 vn,
3491 3599 3601 3671 l7).
3633 3600 3706 3654 Et
3733 3602 3866 3657 alibi

2257 3681 2350 3737 hic
2376 3685 2518 3739 idem
2546 3684 2818 3756 Propheta
2845 3689 2920 3743 ait
2950 3706 2964 3742 :
2997 3690 3100 3757 Qui
3124 3691 3270 3746 docet
3301 3691 3555 3748 hominem
3589 3695 3865 3748 scientiam

2255 3775 2432 3844 (Psal.
2468 3779 2748 3850 xcm,10).
2780 3781 2881 3848 Qui
2921 3794 3104 3839 autem
3152 3786 3289 3854 petit
3327 3787 3650 3855 scientiam,
3680 3789 3868 3846 credit

2255 3873 2528 3930 mandatis
2557 3873 2674 3930 Dei.

2329 3966 2416 4023 l2.
2459 3965 2622 4022 Aliud
2664 3979 2748 4025 est
2791 3981 2971 4026 autem
3027 3972 3082 4026 in
3131 3974 3400 4031 mandatis
3457 3976 3554 4032 Dei
3601 3975 3862 4046 credere,

2253 4057 2400 4112 aliud
2450 4059 2728 4117 mandatis
2777 4063 3027 4120 credere.
3082 4066 3186 4134 Qui
3244 4067 3388 4122 enim
3441 4067 3713 4124 mandatis
3765 4070 3865 4126 Dei

2253 4150 2465 4217 credit,
2498 4153 2607 4208 cito
2638 4154 2807 4210 eflieit
2838 4166 2894 4210 ut
2924 4157 2995 4211 sit
3019 4158 3072 4212 in
3104 4159 3373 4215 mandatis
3403 4159 3525 4228 Dei,
3557 4170 3612 4218 et
3637 4163 3694 4217 in
3724 4163 3866 4233 ipsis

2253 4257 2632 4303 conversetur.
2689 4249 2793 4305 Per
2839 4250 3002 4306 {idem
3058 4253 3221 4324 igitur
3260 4255 3491 4310 scientia
3537 4258 3862 4323 assumitur,

2257 4353 2351 4406 per
2391 4340 2675 4396 scientiam
2724 4341 3034 4416 disciplina.
3081 4345 3237 4411 Quod
3291 4346 3436 4401 enim
3483 4347 3689 4402 scimus
3739 4347 3865 4417 pla-

2252 4444 2378 4486 cere
2423 4432 2542 4488 Deo
2590 4449 2782 4503 posse,
2831 4437 2885 4491 in
2934 4453 3002 4492 eo
3047 4451 3149 4493 nos
3192 4441 3543 4496 conversatio
3589 4441 3706 4511 ipsa
3759 4440 3866 4496 de-

2252 4524 2436 4583 lectat.
2477 4528 2721 4598 Denique
2756 4533 3016 4601 scriptum
3047 4543 3133 4590 est
3167 4552 3182 4590 z
3215 4533 3413 4589 Nostra
3443 4545 3614 4590 autem
3644 4551 3862 4591 consero

543 4629 728 4676 etcum
750 4619 1046 4674 hominibus
1075 4637 1174 4678 nan
1196 4621 1604 4692 ﬂagellabantur
1637 4621 1811 4693 (Paul.
1841 4638 1988 4678 uitii
2007 4665 2022 4690 ,
2049 4621 2141 4693 5,).
2175 4648 2230 4710 Β
2253 4621 2390 4676 satio
2420 4624 2474 4676 in
2498 4625 2638 4679 caelis
2659 4635 2735 4679 est
2755 4625 2979 4699 (Philip.
3015 4645 3071 4684 ιιι
3091 4669 3104 4695 ,
3135 4628 3249 4701 20).
3281 4627 3570 4686 Praecessit
3597 4631 3856 4699 scientia,

549 4714 784 4783 Ideoque
812 4727 976 4783 supra
1016 4715 1090 4767 ait
1115 4732 1128 4768 ;
1158 4713 1325 4780 Quam
1356 4716 1548 4781 bonus,
1587 4714 1783 4782 Israel,
1818 4714 1960 4772 Deus
1995 4717 2146 4772 rectis

546 4805 699 4861 corde
745 4803 936 4875 (Ibid.,
968 4805 1058 4875 ηε
1095 4805 1235 4874 Ergo
1268 4806 1440 4862 bonus
1468 4810 1754 4875 omnibus;
1783 4811 1906 4880 quia
1951 4825 2145 4866 omnes

549 4905 700 4956 recte
741 4898 855 4953 vult
883 4913 1006 4953 esse
1053 4899 1240 4953 corde.
1280 4901 1380 4967 Qui
1411 4910 1710 4958 autemcor
1748 4903 2141 4971 declinaverit,

543 4990 662 5063 ipse
702 5007 732 5046 a
775 5006 836 5046 se
879 4992 1108 5063 gratiam
1156 4991 1356 5048 divina:
1409 4993 1664 5050 bonitatis
1712 4996 1924 5049 avertit.

613 5085 666 5140 9.
711 5085 891 5157 (Vers.
933 5086 1049 5156 06.)
1089 5087 1386 5155 Sequitur:
1419 5087 1826 5155 Jucunditatem,
1844 5100 1890 5144 et
1909 5090 2136 5160 discipli-

544 5193 696 5244 nam,
728 5189 773 5231 et
801 5179 1065 5232 scientiam
1094 5180 1216 5234 tloce
1243 5195 1353 5245 me;
1382 5182 1504 5248 quia
1525 5181 1578 5234 in
1611 5181 1868 5234 mandatis
1900 5183 2001 5236 tuis
2032 5199 2142 5238 cre-

547 5269 678 5323 didi.
709 5269 866 5326 luxta
893 5269 1212 5340 Apostolum
1246 5271 1481 5350 χρηστόν
1509 5273 1707 5330 bonum
1743 5274 2133 5345 intelligimus;

541 5360 668 5430 quia
697 5361 832 5415 dirlt
859 5379 871 5417 :
904 5361 1035 5416 Vide
1082 5379 1201 5436 ergo
1249 5365 1524 5420 bonitatem
1567 5364 1782 5422 Domini
1820 5368 1838 5439 (
1864 5367 2016 5423 Rom.
2049 5383 2098 5424 xi
2119 5413 2133 5436 ,

610 5551 633 5580 α
679 5545 821 5600 Edit.
854 5549 907 5601 et
952 5562 1081 5604 mss.
1113 5559 1343 5616 quatuor
1374 5568 1384 5602 :
1420 5552 1753 5617 Siquidem...
1787 5555 1839 5607 in
1881 5551 2131 5618 bonitate,

538 5626 589 5670 ut
615 5624 842 5672 recurrat
871 5620 1232 5690 unusquisque,
1266 5631 1371 5675 etc.
1400 5621 1523 5676 MSS.
1555 5623 1918 5678 duodecim...
1947 5627 1999 5678 in
2044 5626 2134 5678 bo-

537 5692 744 5745 nitatem
790 5692 1039 5765 recurrit;
1071 5701 1122 5765 ut
1158 5695 1523 5765 unusquisque,
1559 5704 1666 5750 etc.
1697 5698 1748 5750 in
1791 5712 2020 5763 quarunt
2053 5704 2132 5750 ιτι-

530 5776 681 5887 (t‘ncnd
720 5763 990 5818 nonnullis
1021 5764 1279 5832 habetur,
1304 5763 1560 5836 recurrat,
1603 5778 1656 5823 et
1689 5767 2023 5838 conjunctio,
2053 5779 2128 5837 ut,

571 5848 644 5887 cs:
688 5846 892 5887 oratur.

571 5846 892 5891 CSldCl‘lllUl‘.

2254 4722 2438 4769 secuta
2488 4727 2573 4770 est
2619 4722 2985 4776 conversatio.
3039 4722 3113 4777 De
3163 4723 3434 4778 mandatis
3482 4723 3577 4779 Dei
3625 4724 3861 4781 credere

2253 4807 2510 4866 diximus.
2545 4810 2603 4866 ln
2628 4812 2902 4868 mandatis
2939 4823 3122 4870 autent
3164 4814 3260 4870 Dei
3289 4814 3532 4882 credere,
3558 4815 3662 4871 hoc
3692 4824 3776 4871 est
3799 4817 3861 4872 in

2250 4897 2385 4968 ipsis
2413 4916 2556 4972 esse,
2591 4912 2648 4959 et
2673 4905 2899 4962 credere
2939 4909 3064 4977 quia
3102 4921 3226 4962 vera
3266 4908 3519 4964 mandata
3551 4916 3695 4966 sunt.
3739 4907 3861 4964 Nisi

2251 4999 2394 5052 enim
2425 4999 2723 5056 credideris
2753 5003 3022 5058 mandatis
3053 5003 3178 5069 Dei,
3211 5019 3400 5060 eorum
3447 5005 3633 5075 utique
3671 5005 3858 5060 scien-

2252 5095 2381 5146 tiam
2407 5135 2420 5159 ,
2451 5109 2575 5164 quae
2623 5111 2718 5165 per
2764 5095 3018 5150 mandata
3058 5097 3156 5152 Dei
3196 5097 3475 5165 docemur,
3507 5092 3711 5154 habere
3743 5114 3858 5154 non

2249 5185 2474 5254 poteris.
3616 5252 3619 5258 λ
3680 5196 3686 5201 ’

2321 5282 2405 5335 13.
2441 5282 2620 5352 (Vers.
2643 5285 2763 5353 θεῖ.)
2794 5285 3050 5356 Sequitur
3063 5301 3254 5344 versus
3276 5289 3503 5344 tertius:
3533 5287 3859 5362 Priusquam

2248 5375 2549 5432 humilinrer
2585 5396 2678 5450 ego
2721 5380 2915 5449 deliqui
2939 5397 2956 5435 :
2980 5392 3187 5456 prapter
3211 5382 3308 5440 hoc
3337 5384 3544 5440 verbum
3572 5395 3716 5442 tuum
3753 5401 3856 5458 ego

2314 5558 2342 5598 ι)
2376 5559 2508 5614 Rom
2588 5560 2746 5628 edit.,
2793 5573 2848 5616 ut
2879 5565 3308 5640 quemadmodum
3359 5568 3554 5623 inserta
3582 5569 3854 5640 virgulta;

2241 5642 2568 5713 caeterarac
2632 5650 2759 5713 mss.
2796 5650 3135 5713 omnes”...
3179 5639 3378 5713 deserta
3438 5639 3704 5713 virgulta:
3735 5659 3850 5700 non

2243 5705 2412 5766 male,
2445 5705 2485 5758 si
2535 5705 2695 5760 modo
2727 5707 3184 5776 subintellexeris,
3231 5711 3376 5767 bonis
3415 5705 3718 5772 caudicibus
3761 5717 3852 5770 in-

2241 5787 2376 5830 serta
2387 5815 2397 5828 .
