4070 6504
206 398 349 458 1525

1282 388 1348 447 1N
1389 386 1717 448 PSALMU‘M
1757 387 1967 449 CXVIII
2004 390 2391 451 EXPOSITIO.

3374 396 3513 454 i326

204 513 484 569 custodivi.
511 521 538 550 ι
561 511 680 568 Alia
709 508 878 566 editio
905 507 1071 565 habet
1100 505 1455 576 :Priusquam
1479 505 1806 572 liumitiarer,
1836 507 1892 570 Α
1916 525 2106 566 narum
2130 509 2379 566 ordinem
2406 509 2814 582 Scripturarum
2833 552 2848 578 ,
2873 524 2996 566 cum
3025 511 3229 567 diceret
3259 526 3500 579 causam,

202 623 301 680 ego
323 609 531 664 nescivi.
566 605 720 664 Unde
753 613 949 676 putant
971 603 999 644 δ
1032 603 1201 676 aliqui
1231 602 1376 675 quod
1412 601 1649 658 hominis
1689 602 1807 658 ani-

203 718 295 758 ma
324 703 425 758 hoc
451 701 595 758 dicat
623 716 638 756 :
671 699 995 772 Priusquam
1026 698 1362 764 humiliarer,
1401 709 1459 753 ut
1499 699 1551 752 in
1592 698 1695 754 hoc
1726 698 1811 754 lu-

203 803 320 850 tum
350 794 594 865 corporis
623 793 907 849 introirem
927 835 943 860 ,
969 803 1062 848 tua
1080 807 1199 862 qua:
1224 806 1331 846 non
1363 792 1628 864 legeram,
1656 806 1811 848 man-

201 887 332 942 data
355 887 584 943 nescivi.
604 885 710 942 Sed
737 884 861 956 quia
882 885 1234 957 Septuaginta
1251 882 1489 940 virorum
1507 883 1811 940 sententias

200 983 378 1053 magis
419 983 669 1054 sequitur
718 980 986 1048 Ecclesia,
1013 989 1070 1036 et
1115 979 1204 1034 hic
1242 994 1434 1035 sensus
1463 988 1549 1035 est
1575 978 1809 1050 planior,

202 1085 260 1132 et
303 1074 438 1130 nihil
492 1073 815 1131 oﬂ‘ensionis
863 1073 1126 1140 admittit,
1157 1071 1303 1144 quod
1334 1071 1510 1142 possit
1537 1069 1812 1142 aliquibus

203 1168 524 1240 scrupulum
547 1181 926 1232 commovere;
953 1165 1074 1222 ideo
1103 1166 1456 1235 accipiamus,
1485 1163 1811 1229 humiliarer,

201 1261 279 1317 ita
306 1260 534 1327 dictum,
566 1277 633 1318 eo
664 1261 808 1333 quod
839 1259 1051 1334 1083
1081 1269 1305 1331 peccato
1349 1257 1596 1313 videatur
1636 1256 1814 1311 humi-

205 1353 396 1411 liatus.
455 1354 687 1426 Pronter
729 1365 1008 1426 peccatum
1060 1353 1206 1409 enim
1269 1353 1604 1408 tentationes
1667 1365 1814 1421 saepe

205 1457 529 1505 nascnntur.
575 1447 821 1519 Denique
860 1447 1032 1503 Adam
1079 1455 1129 1503 el
1174 1447 1283 1502 Eva
1311 1455 1437 1518 post
1463 1446 1678 1517 culpam
1713 1443 1814 1499 uti-

207 1555 319 1614 que
365 1541 565 1613 dejecti
612 1549 739 1599 sunt
779 1539 934 1614 (Gen.
991 1555 1084 1609 in,
1120 1540 1240 1610 24).
1299 1540 1441 1610 Ergo
1483 1536 1812 1594 humilitatis

211 1643 419 1692 nostrte
453 1649 618 1692 causa
663 1643 948 1707 peccatum
993 1643 1107 1698 est,
1128 1632 1214 1689 vel
1247 1631 1668 1698 humiliationis;
1701 1646 1811 1686 non

213 1727 361 1784 enim
387 1727 492 1784 hoc
516 1728 683 1800 fugio.
715 1729 902 1784 Potest
927 1727 1074 1784 enim
1104 1727 1173 1783 de
1212 1727 1456 1783 adversis
1485 1727 1812 1798 plerumque

211 1822 438 1894 intelligi
487 1823 798 1892 humilitas,
831 1829 892 1878 ut
938 1829 1025 1878 est
1067 1821 1197 1877 illud
1231 1836 1246 1876 :
1276 1819 1479 1875 Bonum
1523 1821 1650 1874 mihi
1675 1821 1815 1890 quod

1911 605 1986 660 ita
2026 605 2191 674 cmpit
2219 622 2232 659 :
2259 602 2341 662 De
2367 603 2601 660 omnibus
2644 606 2827 672 quibus
2870 621 3108 671 accusor,
3131 621 3224 660 rea:
3252 605 3506 677 Agrippa,

1913 715 1946 751 a
1970 695 2191 761 Jndteis,
2224 697 2288 751 de
2311 699 2391 753 his
2431 700 2628 753 restituo
2658 715 2737 753 me
2773 700 2995 770 felicem,
3019 698 3163 770 apud
3193 709 3240 753 te
3267 699 3514 772 incipiens

1913 791 2165 846 rationem
2183 792 2395 846 reddere
2419 791 2556 862 (Act.
2587 808 2733 859 xxw,
2752 792 2832 866 ‘2).
2875 791 2942 847 Et
2971 790 3112 847 infra
3142 810 3155 846 :
3184 789 3386 856 Credis,
3419 805 3512 845 rex

1914 884 2168 958 Agrippa,
2193 884 2498 954 prophetis?
2527 883 2650 940 Scio
2680 885 2800 957 quia
2823 883 2990 939 credis
3023 883 3071 956 (1
3080 883 3208 951 bid.,
3233 883 3349 956 27).
3373 882 3516 952 Ergo

1914 978 1959 1033 si
1985 976 2279 1033 laudantur
2308 977 2589 1043 homines,
2623 978 2676 1034 in
2725 977 2925 1051 quibus
2972 978 3292 1049 plerumque
3338 977 3514 1033 aliena

1915 1071 2245 1128 laudantur:
2278 1079 2486 1142 quanto
2513 1072 2686 1143 magis
2718 1072 3088 1144 unusquisque
3123 1072 3216 1128 Dei
3246 1071 3347 1127 sibi
3393 1085 3520 1142 gra-

1915 1166 2044 1220 tiam
2071 1164 2368 1221 conciliare
2409 1162 2592 1232 debet,
2625 1173 2684 1220 ut
2715 1165 2859 1220 dicat
2889 1183 2901 1220 :
2928 1164 3107 1220 Bonus
3149 1182 3224 1230 es,
3269 1161 3516 1219 Domine.

1915 1258 2048 1316 Nam
2081 1259 2128 1315 si
2149 1258 2255 1315 hoc
2273 1259 2420 1316 dicat
2446 1258 2676 1325 homini,
2710 1267 2767 1313 ut
2801 1273 2924 1315 esse
2963 1257 3345 1323 admoneatur,
3374 1256 3519 1327 quod

1911 1348 2140 1406 'iorsitan
2168 1367 2276 1406 non
2301 1350 2400 1418 sit;
2436 1349 2766 1405 utbonitatis
2793 1349 2956 1406 etiam
2985 1348 3103 1421 ipse
3133 1348 3523 1420 prmdicatione

1917 1448 2191 1513 mitescit,
2247 1458 2621 1519 terroremque
2692 1447 2918 1504 immitis
2974 1447 3200 1518 deponit
3245 1448 3515 1506 affectus:

1915 1549 2121 1611 quanto
2165 1541 2336 1613 magis
2377 1540 2494 1597 Deo
2543 1540 2662 1596 laus
2688 1555 2782 1596 sua
2810 1548 2894 1596 est
2933 1538 3228 1596 deferenda
3250 1583 3265 1608 ,
3293 1543 3384 1610 qui
3415 1541 3520 1597 nisi

1913 1631 2092 1690 bonus
2135 1646 2311 1702 esset,
2342 1649 2513 1707 super
2537 1643 2738 1692 terram
2786 1645 2932 1692 stare
2977 1635 3100 1707 quis
3129 1636 3360 1706 posset?
3385 1634 3523 1690 Pro—

1913 1726 2093 1796 prium
2121 1735 2300 1784 autem
2333 1727 2431 1784 Dei
2457 1736 2541 1784 est
2575 1738 2632 1784 ut
2653 1727 2830 1785 bonus
2854 1728 2953 1784 sit.
2985 1728 3231 1800 Denique
3261 1728 3314 1784 in
3334 1727 3518 1784 Evan-

1915 1819 2058 1891 gelio
2112 1820 2316 1888 habes,
2370 1822 2496 1892 quia
2542 1821 2707 1876 Arbor
2755 1823 2890 1886 bona
2935 1823 3133 1894 fructus
3185 1822 3346 1878 bonos
3392 1823 3524 1896 facit

210 1917 498 1973 humiliasti
522 1933 632 1984 me;
662 1917 934 1972 utdiscam
955 1915 1364 1989 justiﬁcationes
1390 1924 1526 1969 tuas.
1557 1914 1621 1970 Et
1647 1932 1659 1967 :
1693 1913 1812 1970 Nisi
1842 1913 1890 1973 B
1919 1912 2145 1985 (Matth.
2179 1927 2254 1968 vn
2278 1956 2292 1981 ,
2324 1913 2448 1986 l7).
2497 1913 2734 1970 Fructus
2765 1913 2881 1987 ejus
2903 1915 3081 1987 angeli
3109 1923 3241 1971 sunt
3271 1932 3286 1970 :
3319 1914 3527 1971 fructus

216 2009 300 2065 lea:
331 2019 418 2064 tua
447 2011 715 2065 meditatio
741 2027 853 2066 mea
878 2020 1040 2078 esset,
1091 2019 1208 2064 tunc
1239 2009 1456 2081 forsitan
1488 2009 1731 2082 perissem
1760 2008 1815 2062 in

209 2103 503 2160 humilitate
527 2120 640 2158 mea
663 2103 863 2175 (Infra,
891 2118 1026 2158 vers.
1045 2103 1111 2158 7i
1137 2112 1187 2157 et
1211 2101 1326 2174 92).
1354 2102 1421 2158 Et
1451 2118 1464 2156 :
1496 2101 1815 2157 Humiliatus

206 2208 324 2250 sum
375 2195 524 2251 valde
561 2194 752 2267 (Psal.
800 2211 956 2262 cxu,
985 2195 1066 2268 7).
1122 2194 1223 2250 Hic
1267 2209 1398 2267 ergo
1450 2193 1816 2251 ostendithu-

207 2290 494 2346 militatem
540 2300 716 2346 ortam
759 2305 886 2347 esse
915 2289 984 2346 de
1013 2289 1192 2361 culpa.
1228 2288 1299 2344 Et
1321 2289 1446 2361 quia
1477 2289 1636 2360 culpa
1676 2302 1815 2359 prae-

205 2383 404 2452 cessit,
459 2385 584 2442 ideo
647 2386 995 2442 humiliatum
1060 2401 1121 2442 se
1183 2384 1460 2453 ostendit,
1521 2385 1627 2450 hoc
1692 2389 1811 2447 est,

203 2476 453 2532 attritum
526 2477 918 2534 tentationibus
970 2489 1025 2534 et
1080 2477 1358 2545 adversis,
1422 2486 1478 2534 et
1549 2477 1810 2534 traditum

205 2571 588 2627 anxietatibus
631 2588 645 2627 :
690 2569 1150 2642 quemadmodum
1205 2579 1262 2626 et
1309 2570 1400 2626 ille
1447 2569 1538 2642 qui
1584 2570 1815 2626 traditus

194 2674 281 2721 est
321 2679 354 2719 a
388 2661 582 2719 Paulo
622 2664 676 2719 in
717 2663 996 2719 interitum
1042 2663 1246 2730 carnis,
1281 2662 1597 2719 humiliatus
1624 2665 1814 2735 utique

203 2765 326 2820 est;
355 2764 418 2810 ut
473 2764 663 2825 postea
711 2764 901 2826 posset
945 2755 1446 2812 reconciliationem
1495 2757 1694 2811 mereri
1748 2755 1813 2826 (l

209 2846 337 2904 Cor.
362 2861 416 2914 v,
451 2846 534 2918 5).

285 2939 372 2995 14.
413 2939 523 2996 Sed
568 2943 818 3014 quamvis
874 2943 1153 2998 humilitas
1203 2943 1340 3007 ista,
1373 2941 1478 2997 hoc
1526 2949 1639 3008 est,
1670 2941 1818 2997 velut

209 3032 460 3105 quaedam
509 3033 774 3103 dejectio,
821 3034 1254 3104 perturbationis
1285 3049 1391 3088 non
1441 3033 1656 3088 virtutis
1699 3032 1814 3098 sit;

212 3128 481 3183 virtutem
521 3137 700 3183 tamen
732 3142 877 3198 saepe
899 3137 1126 3198 generat
1153 3145 1166 3181 :
1197 3136 1253 3184 et
1282 3125 1340 3182 ﬁt
1368 3141 1473 3182 non
1505 3142 1659 3197 pinna
1681 3169 1696 3194 ,
1721 3126 1815 3183 sed

205 3219 514 3278 remedium
541 3221 935 3292 delinquentis.
969 3221 1102 3276 Nam
1133 3222 1177 3277 si
1208 3222 1448 3292 peccatis
1476 3221 1582 3276 tuis
1609 3222 1812 3277 tribuas

1917 2005 2034 2076 ejus
2063 2003 2316 2062 homines
2355 2005 2514 2072 sunt’,
2543 2004 2649 2062 hoc
2676 2015 2759 2062 est
2785 2048 2800 2076 ,
2844 2005 3219 2075 rationabiles,
3247 2007 3445 2075 sancti,
3480 2009 3524 2061 si

1916 2097 2128 2153 Domini
2155 2099 2759 2169 praecepta'eustodiunt
2791 2116 2804 2153 :
2841 2098 3048 2157 fructus
3069 2100 3188 2171 ejus
3217 2109 3345 2157 sunt
3373 2101 3407 2157 ii
3431 2103 3525 2172 qui

1915 2199 2210 2248 nascuntur
2243 2192 2296 2246 in
2343 2194 2504 2248 terris
2535 2211 2547 2246 :
2581 2192 2793 2249 fructus
2817 2193 2937 2264 ejus
2983 2204 3110 2250 sunt
3153 2194 3382 2251 virtutes
3413 2195 3519 2250 ho-

1916 2283 2142 2339 minum.
2214 2283 2429 2359 1085
2491 2285 2683 2342 Merito
2737 2301 2867 2358 ergo
2920 2287 3084 2344 arbor
3147 2288 3287 2344 bona
3343 2289 3528 2345 bonos

1914 2377 2121 2435 fructus
2151 2377 2304 2434 iacit.
2339 2379 2496 2434 Prius
2525 2379 2686 2451 igitur
2705 2380 2862 2436 radix
2893 2380 3183 2448 laudetur;
3218 2389 3277 2437 ut
3297 2380 3514 2438 fructus

1915 2472 2086 2542 possit
2118 2472 2358 2542 probari.
2389 2469 2497 2529 Sed
2521 2483 2577 2528 et
2599 2473 2729 2529 alibi
2756 2473 2832 2528 ait
2858 2473 3000 2529 idem
3027 2474 3287 2530 Dominus
3319 2473 3480 2530 Jesus
3510 2493 3522 2527 :

1916 2562 1988 2620 Et
2020 2564 2182 2620 Pater
2209 2575 2390 2631 vester,
2417 2565 2505 2636 qui
2542 2565 2706 2621 bonus
2743 2575 2840 2634 est,
2870 2567 3012 2622 dabit
3037 2566 3172 2623 bona
3197 2568 3322 2622 data
3352 2578 3529 2638 peten-

1918 2659 2051 2714 tibus
2077 2676 2130 2714 se
2160 2657 2327 2731 (Ibid.
2349 2702 2365 2727 ,
2402 2660 2517 2730 11).

1990 2750 2078 2807 16.
2121 2752 2231 2808 Sed
2284 2753 2535 2823 quamvis
2580 2753 2757 2809 bonus
2805 2753 2950 2810 Deus
2991 2754 3092 2819 sit,
3143 2754 3298 2826 cujus
3351 2755 3520 2812 etiam

1915 2859 2098 2899 amara
2143 2844 2262 2914 plus
2312 2853 2544 2916 prosunt
2593 2845 2738 2918 (non
2783 2845 2931 2901 enim
2970 2844 3304 2913 inferuntur,
3335 2855 3395 2902 ut
3423 2862 3530 2904 no-

1918 2945 2099 3004 ceant,
2127 2935 2222 2992 sed
2248 2947 2305 2992 ut
2343 2938 2641 3010 corrigunt)
2676 2948 2898 3010 rogatur
2923 2948 3139 3010 tamen,
3175 2947 3234 2996 ut
3275 2941 3329 2996 in
3370 2940 3527 2997 boni-

1917 3037 2029 3084 tate
2075 3043 2171 3084 sua
2215 3029 2412 3086 doceat
2448 3046 2548 3088 nos
2570 3032 2808 3102 justitias
2838 3047 2985 3089 suas.
3015 3033 3316 3091 Considera
3346 3036 3524 3092 medi-

1918 3137 2040 3179 cum
2093 3123 2241 3180 utilia
2288 3134 2651 3196 apponentem
2707 3125 3101 3183 medicamenta
3169 3127 3518 3197 vulneribus;

1915 3231 1980 3273 ea
2006 3225 2188 3274 tamen
2219 3233 2340 3290 qua:
2368 3219 2655 3276 mordeant
2676 3219 2875 3276 ulceris
2896 3221 3065 3289 virus,
3087 3230 3179 3277 aut
3199 3232 3349 3279 certe
3373 3221 3525 3280 ferro

203 3314 344 3386 quod
375 3313 696 3369 humiliatus
735 3328 824 3382 es,
849 3313 1108 3386 quidquid
1137 3313 1426 3381 acciderit,
1459 3312 1518 3369 in
1549 3321 1603 3371 te
1633 3323 1806 3370 retor-
1833 3309 1879 3373 C
1910 3310 2212 3382 pmrefacta
2261 3319 2636 3379 resecantcm;
2683 3328 2804 3370 cum
2849 3314 2903 3370 in
2944 3329 3011 3371 eo
3055 3316 3173 3387 ipso
3223 3316 3400 3373 bonus
3445 3318 3522 3375 sit

204 3422 361 3480 ques,
396 3415 452 3463 et
477 3421 550 3463 ex
581 3419 678 3462 reo
701 3404 933 3477 incipies
957 3421 1079 3462 esse
1104 3406 1305 3477 justus,
1328 3407 1420 3478 qui
1447 3417 1498 3462 te
1527 3405 1645 3478 ipse
1677 3423 1811 3466 con-

205 3500 458 3556 demnas.
511 3498 696 3554 Justus
738 3500 885 3554 enim
939 3509 1208 3554 accusator
1261 3509 1334 3554 est
1374 3500 1457 3554 sui
1501 3501 1558 3555 in
1601 3501 1813 3556 exordio

147 3583 152 3588 ’
207 3593 462 3648 sermonis
504 3590 702 3664 (Prov.
735 3607 889 3657 xvm,
917 3591 1032 3664 17).
1077 3592 1187 3648 Nec
1238 3601 1392 3664 potes
1430 3593 1710 3665 indignum
1760 3605 1812 3652 te

205 3683 454 3756 judicare
493 3682 825 3751 humilitate,
873 3686 964 3757 qui
1013 3688 1230 3756 propria
1265 3696 1443 3741 errata
1497 3687 1808 3758 cognoscis,

209 3775 264 3832 in
286 3776 481 3847 quibus
511 3775 892 3832 erubescendo
913 3792 1022 3833 non
1048 3779 1234 3849 utique
1261 3778 1564 3845 extolleris,
1587 3777 1682 3835 sed
1711 3778 1812 3834 hu-

205 3869 460 3926 miliaris.
485 3866 653 3925 Vides
679 3885 810 3940 ergo
849 3870 974 3941 quia
1024 3870 1142 3926 ideo
1187 3871 1503 3928 humiliatus
1545 3888 1637 3938 es,
1685 3871 1809 3944 quia

207 3962 518 4033 deliquisti,
550 3971 739 4018 etnon
772 3963 1000 4019 servasti
1033 3963 1244 4034 eloquia
1276 3963 1394 4019 Dei.
1452 3963 1604 4019 Unde
1645 3978 1810 4021 serva

205 4057 554 4129 diligentius,
612 4071 678 4112 ne
709 4071 939 4127 pecces;
970 4072 1037 4112 ne
1064 4058 1259 4113 iterum
1289 4058 1414 4128 quia
1447 4057 1688 4128 dejectus
1728 4072 1809 4124 es,

205 4152 430 4208 tristitia
458 4151 810 4208 absorbearis
836 4170 849 4207 :
878 4161 934 4208 et
977 4151 1070 4206 ﬁat
1113 4153 1208 4208 tibi
1249 4152 1484 4222 dejectio
1515 4159 1604 4206 tua
1639 4151 1813 4206 incre-

203 4252 455 4299 mentum
485 4243 788 4314 iniquitatis
806 4285 820 4310 ,
846 4259 967 4313 quae
996 4243 1160 4299 debet
1185 4244 1545 4299 correctionis
1573 4258 1695 4299 esse
1719 4258 1814 4298 oc-

207 4337 384 4394 casio.
415 4336 629 4391 Etenim
658 4335 713 4389 in
751 4335 1139 4392 tentationibus
1170 4336 1357 4402 homo,
1380 4334 1518 4391 sicut
1547 4351 1738 4390 aurum
1759 4334 1812 4389 in

207 4429 539 4486 conﬂaturio
565 4427 1156 4498 comprobatur.Vides
1175 4427 1450 4498 Propheta
1480 4428 1606 4498 quid
1639 4427 1811 4484 dicat:

141 4508 147 4512 γ
206 4519 531 4590 Priusquam
550 4519 881 4590 Immitiarer,
903 4520 1104 4592 inquit,
1136 4538 1229 4594 ego
1259 4521 1473 4591 deliqui.
1506 4519 1636 4578 Jure
1681 4537 1813 4595 ergo

207 4615 604 4672 tentationibus
634 4614 864 4672 traditus
884 4624 968 4672 est
985 4658 998 4682 ,
1024 4617 1279 4688 quoniam
1305 4615 1672 4687 delinquebat.
1703 4617 1809 4674 Dc-

1917 3406 2192 3475 medicus,
2223 3406 2348 3478 quia
2380 3407 2669 3462 utilitatem
2722 3415 2980 3478 Operatur
3007 3409 3226 3481 :egroti,
3259 3419 3316 3467 et
3360 3410 3528 3468 iaciat

1917 3500 2060 3574 quod
2105 3502 2367 3572 prodesse
2409 3502 2662 3565 noverit:
2695 3508 2874 3558 tamen
2924 3503 3048 3574 quia
3093 3519 3236 3576 ager
3275 3504 3522 3561 dolorem

1916 3602 2012 3650 aut
2040 3610 2147 3652 non
2175 3595 2309 3665 vult,
2339 3603 2432 3650 aut
2459 3611 2565 3651 non
2595 3601 2778 3666 potest
2807 3597 3079 3652 sustinere
3111 3605 3333 3668 promer
3370 3599 3523 3654 inﬁr-

1917 3688 2162 3744 mitatem
2195 3687 2424 3744 ail'ectus
2445 3687 2556 3754 sui,
2591 3694 2745 3760 rogat
2776 3697 2835 3743 ut
2865 3687 3108 3744 medicus
3137 3703 3262 3744 eum
3290 3690 3523 3762 quadam

1916 3780 2163 3837 bonitate
2216 3789 2272 3837 et
2319 3782 2590 3837 suavitate
2643 3795 2739 3835 sua
2785 3790 2974 3850 curet,
3024 3798 3131 3838 non
3173 3785 3524 3856 asperitatem

1916 3874 2171 3930 adhibeat
2212 3874 2761 3946 medicamentorum,
2793 3889 2896 3929 non
2939 3874 3086 3930 ‘terro
3115 3875 3526 3934 incidatvulne-

1917 3984 2037 4024 rum
2071 3968 2234 4022 ﬁbras
2263 3984 2277 4021 :
2304 3978 2396 4023 aut
2425 3969 2469 4023 si
2498 3968 2658 4023 aliter
2691 3981 2795 4022 non
2830 3975 3038 4036 potest,
3072 3977 3131 4023 ut
3168 3983 3291 4025 cum
3337 3969 3527 4026 mode-

1915 4063 2127 4116 ratione
2175 4057 2372 4127 faciat,
2416 4067 2472 4114 et
2514 4057 2746 4131 quadam
2795 4058 3098 4116 subtilitate
3148 4061 3357 4132 mitiget
3414 4062 3522 4116 vim

1917 4153 2146 4208 doloris.
2173 4153 2377 4207 Etideo
2397 4154 2448 4206 in
2481 4150 2756 4222 Evangelii
2780 4153 3020 4208 bonitate
3044 4155 3238 4209 melius
3259 4154 3525 4211 docentur

1911 4244 2332 4315 justiticationes
2372 4244 2501 4313 Dei,
2534 4259 2699 4314 quam
2741 4245 2795 4300 in
2840 4241 3000 4316 Legis
3029 4245 3342 4303 severitate.
3373 4246 3522 4320 Opus

1918 4345 2098 4392 autem
2139 4335 2366 4408 justitia:
2410 4335 2728 4406 justitlcatio
2783 4345 2880 4392 est.
2943 4335 3096 4393 Unde
3149 4337 3412 4410 scriptum
3435 4352 3523 4396 est

1917 4433 2044 4503 quia
2076 4443 2099 4472 ο
2136 4431 2396 4488 Pharisaei
2440 4447 2502 4489 se
2536 4433 2839 4504 justiﬁcare
2877 4437 3198 4505 noluerunt,
3242 4452 3348 4493 non
3397 4438 3521 4511 bap-

1917 4524 2062 4581 tizati
2111 4524 2385 4595 baptismo
2427 4524 2654 4582 Joannis
2699 4525 2869 4599 (Luc.
2919 4541 3014 4597 vn,
3038 4526 3151 4600 50).
3184 4527 3241 4583 In
3274 4545 3341 4585 eo
3367 4531 3514 4588 enim

1910 4617 2353 4688 justiticationem
2383 4631 2492 4672 non
2520 4616 2800 4683 fecerunt;
2848 4619 2975 4689 quia
3022 4619 3314 4678 noluerunt
3356 4636 3520 4695 agere

203 4707 485 4780 linquebat
531 4718 738 4777 autem,
769 4710 895 4781 quia
947 4711 1038 4767 Dei
1081 4711 1355 4782 eloquium
1409 4727 1516 4768 non
1566 4713 1808 4769 tenebat.
1839 4711 2292 4783 menitentiam
2356 4710 2718 4778 delictorum,
2769 4725 2929 4781 quam
2989 4709 3261 4784 Propheta
3315 4716 3369 4770 in
3423 4716 3517 4772 bo-

206 4801 408 4859 Verum
457 4803 584 4860 inde
635 4803 882 4860 ordinem
931 4803 1331 4861 emendationis
1385 4805 1627 4870 invenit,
1666 4804 1811 4862 unde

205 4899 363 4970 culpa
398 4909 765 4970 processerat.
811 4898 992 4973 Coepit
1019 4917 1148 4960 esse
1173 4903 1454 4976 subjectus
1482 4903 1698 4975 eloquio
1728 4903 1812 4961 di-

204 4991 356 5060 vino,
389 5003 444 5049 et
470 4993 630 5064 culpa
652 4994 870 5051 desivit.

281 5085 374 5142 15.
404 5085 585 5157 (νει-ε.
607 5086 726 5160 68.)
751 5086 1010 5160 Sequitur
1027 5101 1218 5145 versus
1241 5097 1470 5162 quartus
1492 5106 1507 5144 :
1528 5088 1706 5144 Bonus
1730 5107 1805 5157 es,

211 5174 456 5247 Domine,
474 5187 519 5234 et
543 5179 598 5233 in
621 5179 847 5235 bonitate
869 5193 958 5236 tua
979 5183 1107 5238 doce
1131 5199 1210 5238 me
1224 5183 1456 5258 justitias
1474 5191 1610 5238 tuas.
1638 5181 1814 5238 Etiam

203 5283 341 5327 usus
367 5271 677 5342 disciplina!
718 5275 1002 5331 swcularis
1054 5278 1304 5349 accepit,
1337 5289 1399 5333 ut
1441 5279 1815 5350 unusquisque

206 5363 445 5436 iudicem
471 5380 630 5422 suum
668 5365 869 5422 laudet.
904 5365 1061 5424 Unde
1085 5368 1379 5441 Apostolus
1419 5385 1653 5443 sequens
1680 5370 1816 5428 divi-

285 5513 309 5540 ιι
351 5503 600 5574 Plerique
628 5519 786 5567 mss.,
817 5505 935 5558 Atia
956 5505 1168 5559 traditio
1191 5506 1363 5562 habet.

247 5646 259 5658 ι
284 5574 444 5658 1"Non
461 5585 544 5631 est
568 5575 792 5658 dubium
817 5578 947 5658 quin
974 5577 1060 5633 hic
1080 5577 1440 5658 Origenistas,
1465 5578 1608 5650 quod
1629 5594 1817 5658 seuse-

215 5649 326 5704 rint
343 5649 554 5704 animas
573 5650 728 5718 prius
757 5650 1056 5714 exstitisse,
1077 5657 1243 5719 atque
1276 5649 1558 5719 peccasse,
1583 5667 1743 5720 quam
1763 5655 1816 5708 in

217 5734 444 5793 (λοι-βου
471 5720 846 5793 mitterentur.
873 5721 1088 5778 occulte
1119 5727 1448 5793 perstringat
1468 5722 1814 5780 Ambrosius.

218 5785 288 5867 Et
314 5785 457 5867 inde
479 5792 792 5867 confirmari
817 5802 999 5867 potest
1027 5785 1170 5867 quod
1223 5785 1482 5867 antevnon
1507 5797 1682 5851 semel
1705 5795 1817 5867 jam

221 5853 468 5926 diximus,
499 5880 622 5920 eum
651 5866 748 5920 has
776 5853 920 5920 solas
949 5853 1200 5938 Origenis
1221 5864 1505 5938 Opiniones
1523 5853 1820 5938 aliquando

223 5946 560 6005 pr0ponere,
615 5954 748 6007 quas
798 5938 867 5994 ab
921 5936 1192 6008 aliquibus
1249 5936 1370 5994 aliis
1424 5936 1673 5997 Patribus
1720 5938 1817 5994 ad-
1886 6003 1892 6010 _

1919 4805 2087 4861 nitate
2133 4805 2251 4860 vult
2304 4819 2502 4876 agere;
2559 4815 2617 4860 ut
2666 4804 2716 4860 ei
2762 4805 2858 4861 fiat
2916 4816 3263 4877 peccatorum
3316 4810 3514 4869 remis-

1918 4899 2002 4954 sio
2049 4899 2168 4954 sine
2217 4897 2502 4954 atrocitate
2552 4897 2954 4966 damnationis,
3004 4915 3128 4956 cum
3173 4901 3517 4961 remissionis

1917 4990 2111 5064 gratia.

1993 5085 2081 5140 l7.
2109 5082 2293 5152 (Vers.
2315 5081 2428 5154 69.)
2457 5082 2716 5153 Sequitur
2743 5099 2756 5137 :
2783 5080 3142 5156 Muttiplicata
3164 5096 3238 5142 est
3254 5104 3411 5160 super
3436 5106 3518 5146 me

1917 5173 2161 5248 iniquitas
2207 5176 2542 5249 superborum
2573 5192 2592 5231 :
2623 5191 2714 5248 ego
2753 5185 2919 5232 autem
2957 5178 3010 5232 in
3050 5188 3156 5234 toto
3202 5182 3355 5236 corde
3405 5199 3516 5240 meo

1916 5271 2182 5325 scrutabor
2208 5269 2454 5323 mandata
2486 5278 2594 5324 tua.
2625 5268 2841 5337 Quanto
2891 5272 3061 5342 magis
3098 5274 3219 5344 quis
3251 5274 3363 5330 Deo
3400 5290 3516 5332 ser-

1909 5365 2034 5421 ‘vire
2055 5362 2350 5429 desiderat,
2385 5369 2533 5416 tanto
2559 5363 2731 5432 magis
2758 5363 2811 5417 in
2839 5377 2898 5419 se
2920 5364 3123 5420 excitat
3139 5365 3516 5428 adversarios:

1922 5506 2115 5631 mims
2165 5502 2329 5557 fuisse
2379 5500 2738 5573 intelligebat,
2788 5517 2964 5573 neque
3019 5503 3088 5558 ab
3136 5503 3379 5561 Ecclesia
3430 5524 3521 5566 re-

1922 5593 1988 5631 nr
2099 5589 2199 5630 tas.

1921 5589 2199 5650 probatas.

1999 5681 2025 5742 ον
2065 5668 2213 5742 Edit.
2239 5678 2374 5735 vet.,
2406 5669 2526 5742 quia
2555 5668 2816 5725 Pharistei
2833 5688 2888 5726 se
2906 5671 3193 5741 iustiﬁcam
3222 5673 3514 5730 voluerunt.

1925 5741 2115 5814 Melius
2143 5741 2467 5814 Romscum
2518 5757 2771 5808 mss.,....
2825 5745 3122 5814 noluerunt,
3173 5751 3232 5797 ut
3273 5745 3432 5801 docet
3460 5747 3514 5804 id

1923 5813 2067 5886 quod
2117 5823 2249 5896 post
2282 5813 2511 5896 alterum
2564 5828 2785 5872 versum
2835 5813 3518 5888 diciturzquianotuerunt

1925 5901 2075 5957 agere
2096 5893 2464 5956 pamt'tentiam.
