4104 6350
526 286 550 339 i
563 283 667 374 527

1896 275 2145 333 SANCTI
2183 274 2507 357 AMBROSII

3694 282 3828 343 {538

528 411 584 454 et
622 408 896 468 tamquam
940 395 1143 453 athleta
1192 395 1346 453 fortis
1390 406 1649 450 coronam
1676 390 1901 462 iustitiae
1939 405 2129 461 repor—
2157 399 2201 458 Α
2234 391 2451 461 bormn,
2481 394 2637 450 lactis
2685 395 2927 467 speciem
2962 397 3322 468 prmferebant
3351 440 3366 467 ,
3424 399 3581 456 nulla
3630 399 3825 457 invidia

530 502 646 549 tare
681 492 1025 556 desiderans,
1068 490 1242 546 irritat
1290 489 1343 545 in
1392 503 1452 543 se
1508 486 1773 557 plurimos
1794 495 1849 541 et
1878 485 2126 552 lacessit,

531 589 621 660 qui
674 585 921 641 invident
958 596 1149 640 nostro
1179 581 1461 653 profecturi.
1485 578 1640 648 Quod
1671 578 1835 633 etiam
1864 579 1917 633 in
1949 590 2131 649 postc-

529 684 768 741 rioribus
814 680 1097 737 evidenter
1128 688 1152 714 ιι
1190 675 1447 732 ostendit.
1489 673 1621 731 Cum
1658 673 1777 727 odio
1827 672 2129 726 habentibus

536 792 735 845 pacem,
766 790 925 840 erant,
954 770 1147 839 inquit,
1174 770 1419 841 paciﬁcus
1456 766 1629 838 (Psal.
1672 782 1819 833 CXIX,
1856 765 1934 837 7).
1984 764 2128 820 Nihil

535 877 713 924 tamen
759 863 1118 935 tranquillitas
1150 862 1268 932 ejus
1301 860 1652 933 proﬁciebat;
1688 866 1745 913 ut
1787 873 1881 914 eos
1909 858 1998 929 qni
2036 873 2132 929 pa-

533 977 652 1019 cem
699 960 961 1025 oderant,
991 974 1087 1013 sua
1116 957 1512 1027 tranquillitate
1543 965 1919 1027 eotnponeret,
1949 961 2005 1009 et
2036 968 2131 1009 eo-

531 1072 649 1112 rum
694 1054 870 1109 studia
899 1052 1309 1119 comprimeret.
1344 1050 1473 1106 Cum
1522 1048 1765 1121 loquebar
1800 1048 1928 1115 illis,
1960 1047 2132 1119 impu-

536 1147 763 1221 gnabant
808 1163 888 1201 me
937 1145 1100 1217 gratis
1143 1142 1416 1216 (lbid.),
1468 1144 1569 1198 hoc
1607 1152 1723 1210 est,
1769 1156 1890 1197 cum
1937 1155 2130 1197 causas

524 1241 876 1313 impugnandi
925 1257 1031 1295 non
1083 1239 1347 1294 baberent
1371 1280 1388 1306 ,
1421 1248 1603 1295 tamen
1630 1236 1981 1309 impugnandi
2018 1245 2131 1291 stu-

526 1337 675 1392 dium
718 1352 824 1391 non
869 1333 1239 1405 dcponebaut.
1271 1333 1349 1390 lla
1382 1349 1513 1405 ergo
1554 1333 1989 1405 multiplicantur
2015 1333 2131 1388 sive

527 1430 787 1503 nequitizc
833 1429 1143 1499 Spiritales,
1175 1428 1292 1484 sive
1338 1428 1617 1492 homines,
1653 1438 1707 1484 et
1739 1427 2132 1497 multiplicatur

531 1524 791 1595 iniquitas
846 1538 1034 1578 eorum
1074 1536 1239 1590 super
1279 1520 1507 1591 justum.
1540 1520 1700 1576 Verbi
1741 1522 1945 1591 gratia,
1976 1520 2021 1575 si
2071 1520 2134 1575 ﬁ-

528 1622 658 1676 lium
684 1621 864 1689 justus
894 1620 1126 1684 amittat,
1154 1618 1297 1690 quod
1321 1617 1508 1673 saeculi
1538 1634 1637 1671 usu
1661 1632 1805 1687 saepe
1835 1615 2127 1687 contingit:

523 1714 570 1769 si
602 1712 809 1769 amittat
840 1712 1247 1781 patrimonimn.
1268 1709 1354 1765 vel
1381 1709 1613 1765 diversis
1633 1708 1905 1764 afﬁciatur
1924 1708 2130 1764 incom-

2233 495 2590 557 corruptam;
2641 485 2695 542 hi
2725 484 2774 544 si
2806 490 3075 559 coeperint
3116 492 3385 555 invidere,
3414 493 3734 565 coagulatur
3774 495 3826 551 in

2231 576 2424 631 vitimn
2447 592 2543 632 cor
2573 593 2787 646 eorum,
2817 590 2871 636 et
2900 581 2959 636 ﬁt
2993 581 3062 638 de
3082 584 3353 640 suavitate
3374 584 3637 640 amicitia:
3681 600 3829 641 ama-

2234 669 2415 725 ritudo
2444 670 2863 741 malevolentiae,
2889 683 2943 730 et
2966 675 3205 733 insuavis
3231 676 3451 749 quidam
3500 678 3696 733 horror
3742 677 3825 733 iii-

2232 763 2413 819 vidim.
2446 766 2591 836 Ergo
2620 768 2962 839 coagulatum
2999 780 3085 827 est
3111 786 3207 828 cor
3236 788 3331 843 per
3358 773 3669 843 superbiam
3689 815 3703 838 ,
3735 788 3830 846 per

2230 855 2515 924 invidiam,
2544 856 2573 895 ι)
2601 875 2720 929 qum
2741 861 3016 918 lenitatem
3041 873 3271 935 naturai,
3298 865 3562 922 ﬂuentem
3589 866 3830 923 benevo-

2233 948 2423 1018 lentia,
2440 950 2662 1007 malitia:
2680 956 3038 1012 concretione
3056 957 3337 1013 vitiarunt.
3366 957 3680 1029 lniquorum
3701 975 3831 1032 ergo

2229 1057 2329 1099 cor
2352 1045 2700 1116 coagulatur:
2715 1047 2895 1115 justus
2915 1061 3097 1107 autetn
3123 1052 3465 1119 humiliatur,
3497 1050 3659 1124 Legis
3686 1066 3827 1122 pra:-

2233 1148 2389 1210 cepta
2418 1140 2754 1209 meditando,
2782 1143 2873 1215 qui
2900 1143 3065 1199 habet
3094 1144 3416 1203 humilitatis
3434 1146 3831 1216 magisterium.

2302 1233 2393 1290 9.0.
2424 1231 2625 1306 (Vers.
2655 1235 2743 1290 7l.
2777 1233 2797 1308 )
2851 1236 3086 1308 Ideoque
3130 1238 3408 1294 subdidit:
3450 1236 3659 1293 Bonum
3702 1239 3833 1294 mihi

2232 1326 2369 1397 quod
2406 1326 2698 1382 humiliasti
2739 1345 2820 1383 me
2846 1346 2866 1397 ;
2895 1340 2951 1384 ut
2994 1330 3191 1386 discam
3229 1332 3637 1405 justi/icationes
3692 1343 3831 1388 tuas.

2236 1420 2348 1476 Hoc
2382 1431 2604 1478 secutus
2651 1422 2985 1494 Apostolus:
3026 1425 3225 1481 Placeo
3250 1426 3377 1481 mihi
3402 1468 3417 1495 ,
3458 1426 3552 1496 ait,
3589 1429 3645 1481 in
3684 1428 3835 1499 inﬁr-

2234 1514 2521 1583 mitatibus,
2552 1516 2605 1570 in
2647 1516 2880 1591 injuriis,
2910 1519 2966 1574 in
2994 1520 3404 1588 necessitatibus,
3438 1522 3493 1576 in
3516 1522 3832 1593 persecutio—

2233 1606 2407 1675 nibus,
2438 1609 2492 1661 in
2537 1611 2793 1681 angustiis
2822 1611 2841 1681 (
2870 1610 2913 1666 ll
2942 1611 3060 1668 Cor.
3095 1629 3135 1678 ι,
3170 1629 3271 1682 xu,
3340 1614 3407 1671 10
3425 1611 3469 1687 ).
3516 1613 3656 1671 Cum
3684 1615 3833 1672 enim

2232 1702 2533 1773 complacet
2563 1702 2616 1758 in
2649 1703 3076 1773 inlirmitatibus,
3112 1717 3167 1763 et
3200 1722 3307 1764 non
3328 1706 3599 1781 frangitur
3624 1709 3832 1779 animo,

524 1805 707 1862 modis
730 1821 933 1871 rerum,
956 1804 1043 1859 vel
1068 1803 1317 1873 corporis
1341 1803 1766 1868 inﬁrmitatilms,
1792 1810 1924 1858 tunc
1941 1801 2130 1858 dicunt
2161 1810 2207 1871 Β
2235 1813 2336 1853 nec
2364 1798 2509 1854 cedit
2535 1798 2769 1868 injuriae,
2802 1799 3019 1857 discere
3050 1800 3477 1872 justiﬁcationes
3503 1803 3602 1860 Dei
3641 1814 3695 1861 et
3722 1819 3838 1862 me-

528 1898 745 1970 Superbi
780 1896 921 1954 :Ulii
974 1904 1061 1953 est
1094 1896 1305 1967 justilia
1369 1896 1527 1966 ejus?
1577 1894 1679 1951 Ubi
1727 1894 2132 1951 misericordia?

529 1994 670 2049 Ecce
701 1991 824 2062 quia
862 1991 941 2046 sic
971 1990 1260 2045 mulctatus
1284 1997 1406 2043 est:
1439 2003 1568 2044 ecce
1587 1987 1715 2058 quia
1744 1989 1792 2043 ei
1822 1987 2131 2043 innocentia

531 2100 629 2141 sua
672 2083 806 2140 niztil
838 2081 1080 2154 prodest.
1136 2081 1368 2151 Ideoque
1395 2079 1462 2133 ad
1514 2080 1638 2133 vita:
1666 2078 1826 2147 hujus
1853 2078 2129 2148 specimen

529 2178 947 2243 extrahendum,
1012 2186 1121 2231 tres
1156 2175 1227 2229 ilh
1251 2183 1442 2230 sancto
1482 2172 1584 2227 .lob
1613 2172 1795 2242 Specie
1821 2172 2003 2236 amici,
2035 2171 2133 2227 ob-

528 2270 855 2327 trectatione
882 2279 1061 2325 autem
1099 2266 1336 2332 inimici,
1364 2266 1652 2337 probitatis
1705 2276 1869 2335 atque
1913 2266 2133 2335 iustitiae

526 2364 647 2434 ejus
677 2363 871 2430 invidi,
903 2361 1297 2433 exprobrantes
1336 2362 1516 2430 gravia
1549 2359 1839 2429 Oppri.bria
1870 2374 2132 2431 congere-

525 2460 690 2525 1›.ιιιῑ;
748 2469 802 2513 et
841 2457 932 2529 qui
978 2466 1240 2512 venerant
1290 2456 1357 2510 ad
1397 2454 1815 2521 consolandum,
1876 2456 2135 2512 insultare

531 2563 840 2620 cmpemtlt.

604 2646 690 2700 ts.
735 2644 842 2702 Sed
872 2643 1050 2710 iustus
1089 2643 1173 2699 his
1201 2659 1309 2698 non
1343 2650 1612 2703 movetur.
1642 2641 1873 2713 ideoque
1903 2658 2004 2699 nec
2031 2641 2134 2699 Job

526 2741 895 2807 frangebatur.
954 2740 1196 2812 Denique
1225 2742 1277 2794 in
1328 2739 1715 2796 amissronibus
1765 2739 1997 2796 ﬁliorum
2046 2741 2136 2797 vel

525 2835 838 2907 pattimonii
887 2833 1137 2891 dieebat:
1176 2832 1428 2888 Dominus
1480 2833 1643 2895 dedit,
1675 2832 1926 2890 Dominus
1956 2835 2131 2890 abstu-

527 2932 655 2985 lit...
689 2932 756 2984 sit
779 2946 960 2984 nomen
996 2927 1203 2983 Domini
1247 2928 1569 2983 benedictum
1596 2926 1736 2988 (Job.
1767 2946 1805 2995 ι,
1836 2927 1953 3001 21).
1992 2930 2134 2999 Ergo

529 3032 577 3076 et
648 3021 701 3075 in
760 3020 1004 3074 adversis
1065 3019 1223 3088 po-iti
1290 3018 1536 3073 dicmnus
1580 3017 1919 3074 :Bonitatem
1969 3021 2139 3091 fecisti

535 3114 748 3187 1085
768 3128 886 3166 cum
920 3128 1064 3166 seruo
1090 3122 1177 3165 tuo
1202 3110 1426 3185 (Supra,
1456 3111 1622 3183 v.65).
1656 3111 1843 3167 Potest
1863 3113 2006 3168 enim
2031 3114 2135 3169 Do-

531 3210 712 3263 minus
744 3212 795 3260 in
828 3204 1249 3260 meliusninuire
1275 3219 1399 3274 qua:
1426 3202 1562 3258 facta
1592 3212 1737 3270 sunt,
1763 3203 1939 3261 ntlob
1959 3204 2130 3260 sancti
2158 3208 2205 3274 (ζ

530 3299 798 3354 habemus
843 3295 1150 3353 exemplum
1205 3291 1349 3366 (Job.
1388 3310 1519 3357 xui.
1550 3294 1616 3350 l0
1636 3294 1878 3368 etseq.);
1936 3307 1990 3351 et
2014 3311 2135 3367 quae

531 3393 729 3449 amissa
762 3403 886 3447 sunt
920 3390 1170 3447 reddere.
1196 3389 1383 3445 Potest
1412 3392 1534 3459 quis
1557 3390 1847 3445 etamissis
1873 3388 2018 3450 ﬁliis.
2040 3405 2136 3460 ge-

532 3502 727 3543 nerare
755 3485 1035 3540 meliores.
1079 3480 1349 3552 Numquid
1395 3481 1507 3536 Deo
1534 3490 1619 3536 est
1658 3480 1881 3536 difficile
1913 3480 2137 3538 meliora

533 3579 778 3636 donare?
829 3578 1015 3633 l‘otest
1039 3568 1250 3631 etiamsi
1285 3575 1416 3631 nihil
1464 3576 1652 3644 donet,
1690 3577 1790 3630 hoc
1814 3575 1935 3646 ipso
1958 3587 2136 3633 tamen

529 3673 677 3742 justo
703 3685 827 3727 esse
862 3678 1233 3740 prOSpectum,
1280 3670 1324 3723 si
1364 3667 1502 3723 forte
1528 3666 1691 3724 futuri
1732 3668 1967 3738 improbi
2002 3669 2138 3738 rapti

535 3774 684 3829 sunt,
719 3780 787 3819 ne
816 3771 1053 3819 mutaret
1076 3762 1278 3817 malitia
1331 3776 1428 3818 cor
1456 3777 1673 3818 eorum.
1704 3761 1965 3817 Similiter
1992 3770 2049 3818 et
2073 3761 2141 3818 de

540 3857 889 3932 patrimonio,
945 3854 1099 3926 quasi
1155 3870 1259 3910 non
1295 3855 1577 3911 videamus
1629 3855 1894 3925 plurimos
1922 3862 2142 3926 propter

541 3968 673 4023 Opes
700 3948 1031 4024 patrimonii,
1065 3949 1117 4005 in
1141 3948 1439 4019 periculum
1482 3947 1675 4005 salutis
1703 3963 1827 4005 esse
1854 3948 2139 4016 deductos,

540 4046 789 4117 plurimis
810 4058 875 4100 ex
930 4041 1243 4097 divitiarum
1280 4040 1614 4097 abundantia
1662 4048 1837 4097 ortam
1865 4057 1988 4099 esse
2008 4057 2139 4098 cau-

542 4153 658 4193 sam
712 4135 989 4207 peceandi.
1033 4134 1135 4203 Qui
1185 4134 1329 4189 enim
1374 4150 1479 4189 non
1533 4134 1695 4191 habet
1750 4136 1893 4208 quod
1943 4135 2139 4205 donet,

545 4232 740 4288 ascribi
770 4232 819 4284 ei
848 4230 1002 4296 culpa
1026 4242 1133 4283 non
1165 4237 1362 4298 potest,
1392 4228 1531 4300 quod
1558 4243 1663 4284 non
1694 4228 1980 4285 donaverit
2007 4248 2022 4287 :
2049 4230 2143 4302 qui

545 4341 724 4387 autem
750 4328 910 4384 habet
925 4326 1065 4399 quod
1089 4326 1277 4393 donet,
1308 4336 1361 4383 et
1384 4342 1490 4381 non
1522 4324 1635 4393 dat,
1667 4326 1856 4399 utique
1876 4327 2145 4385 obnoxius

547 4439 669 4479 esse
701 4421 888 4492 incipit
914 4426 1158 4490 peccato.

622 4518 710 4575 l9.
743 4515 761 4586 (
792 4515 949 4571 Vcrs.
980 4513 1070 4570 70.
1108 4512 1129 4585 )
1158 4512 1448 4584 Sequitur:
1505 4510 1849 4585 Coagulatunt
1896 4522 1971 4569 est
2010 4514 2146 4570 sicut

2236 1892 2365 1960 ruit,
2390 1902 2445 1948 et
2467 1893 2732 1964 implevit.
2764 1894 2908 1967 Ergo
2948 1895 3064 1964 hic,
3096 1896 3385 1952 huntiliasti
3405 1914 3506 1967 me,
3573 1898 3677 1954 hoc
3726 1908 3834 1969 est,

2236 1986 2469 2043 diversis
2542 1985 2933 2045 tentationibus
2986 1997 3043 2045 et
3104 1988 3461 2045 incommodis
3518 1992 3833 2048 exercuisti.

2235 2082 2390 2150 Quod
2415 2086 2630 2155 aperuit
2657 2093 2712 2139 et
2746 2083 3110 2155 Symmachus
3137 2085 3409 2142 scribens:
3445 2084 3661 2158 Profuit
3707 2088 3838 2141 mihi

2240 2175 2378 2247 quod
2404 2177 2637 2247 afﬂictus
2680 2193 2838 2247 sum,
2892 2187 2949 2232 ut
2986 2177 3234 2233 discerem
3264 2178 3503 2251 justitias
3554 2189 3689 2234 tuas.
3737 2179 3836 2236 Er-

2233 2285 2302 2342 go
2351 2271 2445 2342 qui
2498 2269 2849 2340 humiliatur,
2894 2288 3002 2327 non
3051 2272 3275 2343 dejiciat
3327 2273 3599 2343 animum,
3658 2290 3839 2347 neque

2236 2364 2489 2435 frangat;
2520 2364 2615 2420 sed
2649 2365 2820 2436 magis
2853 2365 3188 2422 humiliando
3222 2365 3473 2438 proﬁciat
3501 2383 3516 2434 ;
3561 2376 3622 2423 ut
3644 2382 3839 2439 super-

2237 2457 2367 2514 bum
2410 2456 2717 2516 humilitate
2741 2474 2837 2515 sua
2861 2459 3106 2531 mitiget,
3154 2459 3454 2518 insolentes
3508 2477 3719 2519 morum
3750 2478 3839 2520 se-

2238 2553 2469 2609 veritate
2495 2553 2811 2622 conlundat,
2836 2553 3265 2611 contumeliosos
3287 2553 3549 2626 patientia
3571 2570 3667 2611 sua
3687 2554 3840 2612 fran-

2236 2656 2350 2719 gat,
2375 2662 2571 2703 avaros
2601 2663 3011 2719 nonnumquam
3056 2648 3223 2703 etiam
3268 2648 3678 2720 aequanimitate
3724 2649 3869 2713 dis-_

2241 2738 2421 2811 pendii
2452 2755 2480 2793 a
2513 2739 2676 2812 jurgii
2707 2740 3012 2796 intentione
3043 2737 3299 2797 deducat.
3333 2741 3425 2799 Sic
3461 2743 3606 2799 enim
3636 2742 3836 2815 legisti,

2239 2832 2362 2900 quia
2381 2833 2677 2907 justi/icata
2697 2841 2771 2888 est
2802 2833 3058 2904 sapientia
3108 2851 3140 2889 a
3179 2834 3305 2905 [iliis
3335 2836 3445 2891 suis
3482 2836 3503 2909 (
3552 2837 3682 2892 Luc.
3738 2853 3834 2906 vtt,

2239 2923 2309 2980 55
2333 2923 2377 2995 ),
2409 2923 2537 2981 dum
2558 2924 2813 2982 Christus
2839 2941 2900 2983 se
2924 2925 3085 2982 odert
3108 2926 3401 2998 supplicio,
3425 2927 3576 2985 dedit
3598 2929 3834 3002 injuriis,

2240 3032 2349 3072 non
2377 3016 2636 3073 subduxit
2666 3019 2995 3091 opprobriis,
3015 3036 3116 3078 nec
3140 3035 3170 3076 a
3199 3021 3522 3078 confusione
3546 3032 3837 3093 sputorum

2239 3110 2435 3166 avertit
2462 3109 2652 3167 faciem
2680 3126 2872 3178 suam;
2925 3122 2979 3169 et
3004 3113 3131 3171 ideo
3165 3126 3187 3154 ο
3211 3129 3403 3171 omnes
3426 3115 3687 3187 patientia
3735 3131 3835 3174 sua

2236 3203 2514 3270 instruxit,
2551 3214 2605 3259 et
2656 3204 2825 3262 livore
2852 3206 3086 3262 sanavit.

2309 3296 2396 3352 2i.
2435 3296 2454 3367 (
2489 3295 2645 3352 Vers.
2674 3297 2762 3352 7‘2.
2801 3300 2821 3369 )
2867 3299 3161 3372 Sequitur:
3200 3301 3408 3360 Bonum
3430 3304 3557 3359 mihi
3608 3306 3692 3362 lea:
3734 3304 3839 3362 oris

2239 3386 2315 3441 tui
2344 3402 2512 3458 super
2541 3387 2707 3442 millia
2732 3391 2846 3443 auri
2876 3401 2923 3446 et
2949 3394 3168 3466 argenti.
3216 3393 3335 3450 Non
3359 3394 3688 3467 quicumque
3730 3398 3838 3454 hoc

2240 3478 2371 3535 dicit
2404 3496 2416 3532 :
2454 3480 2624 3535 immo
2667 3496 2826 3537 rarus
2878 3482 2983 3540 hoc
3019 3484 3191 3555 dicit,
3243 3486 3296 3542 id
3345 3496 3428 3543 est
3459 3529 3475 3556 ,
3516 3489 3609 3559 qui
3667 3490 3841 3562 legem

2241 3570 2339 3628 Dei
2366 3586 2501 3627 auro
2530 3582 2699 3645 atque
2720 3586 2950 3647 argento
2981 3578 3258 3649 praeferat,
3291 3580 3385 3652 qui
3414 3591 3593 3651 potest
3616 3592 3842 3654 propter

2240 3667 2416 3738 legem
2456 3666 2552 3723 Dei
2581 3670 2763 3724 omnia
2792 3671 3132 3743 relinquere.
3168 3674 3275 3731 Sed
3294 3690 3395 3731 nec
3421 3674 3673 3732 Christus
3698 3676 3845 3734 hunc

2242 3759 2470 3829 reperit,
2511 3761 2614 3817 nisi
2664 3761 2733 3819 de
2762 3763 2829 3819 iis
2877 3781 3014 3837 quos
3053 3766 3170 3837 ipse
3197 3766 3397 3825 docere
3440 3769 3694 3841 dignatus
3733 3780 3842 3827 est.

2249 3853 2462 3926 1086
2487 3852 2683 3912 Petrus
2704 3855 2808 3911 hoc
2837 3856 2994 3925 dixit,
3018 3868 3074 3915 et
3103 3860 3355 3930 probavit
3403 3860 3604 3918 eﬁ'ectu
3635 3878 3651 3919 :
3705 3860 3832 3934 quia

2244 3944 2413 4015 pluris
2463 3945 2639 4016 legem
2670 3987 2685 4013 ,
2729 3963 2891 4017 quam
2947 3966 3139 4007 aurum
3196 3950 3406 4009 habuit.
3456 3952 3692 4023 Ideoque
3730 3948 3843 4011 ait:

2244 4038 2445 4094 Aurum
2488 4048 2535 4094 et
2585 4054 2852 4114 argentum
2905 4060 3009 4099 non
3060 4043 3222 4102 habeo
3270 4045 3434 4119 (Act.
3470 4063 3550 4115 ut,
3578 4046 3677 4120 6).
3724 4046 3844 4105 Non

2245 4146 2444 4188 avarus
2475 4133 2578 4190 hoc
2598 4132 2754 4201 dicit,
2782 4134 2877 4206 qui
2906 4135 3127 4192 defosso
3149 4153 3285 4194 auro
3308 4137 3547 4194 incubat.
3572 4138 3691 4196 Non
3710 4138 3847 4197 dicit

2245 4225 2594 4297 pecuniosus,
2621 4226 2715 4298 qui
2742 4226 3055 4298 quotidiana
3093 4230 3461 4288 emolumenta
3488 4231 3729 4288 sollicito
3763 4231 3847 4289 ri-

2246 4327 2427 4375 matur
2450 4320 2677 4390 aﬁ‘ectu,
2701 4323 2792 4394 qui
2818 4324 3065 4395 quotidie
3090 4340 3223 4397 opes
3273 4335 3516 4399 aggerat,
3545 4326 3641 4399 qui
3671 4327 3848 4384 lucre-

2247 4410 2431 4468 ditatis
2462 4413 2632 4469 tendit
2656 4416 2908 4487 aucupia,
2936 4417 3030 4488 qui
3055 4418 3199 4475 circa
3230 4419 3543 4491 tegrotantis
3581 4419 3846 4478 lectulum

2249 4506 2553 4564 indefessas
2574 4519 2798 4567 exercet
2821 4512 3097 4570 excubias.

551 4612 631 4665 lac
658 4625 745 4664 cor
779 4622 987 4673 eorum;
1006 4622 1097 4679 ego
1119 4616 1289 4661 autem
1317 4607 1480 4677 legem
1507 4617 1648 4660 luant
1678 4606 1980 4662 meditabar.
2008 4608 2136 4666 Sub-

2321 4598 2540 4655 22.]‘lic
2588 4600 2757 4673 aliqui
2804 4602 2978 4675 legem
3029 4606 3141 4663 oris
3189 4606 3282 4664 Dei
3333 4616 3609 4679 tamquam
3664 4610 3843 4683 legem

546 4704 639 4759 tile
668 4717 761 4757 cor
790 4708 1103 4755 sanctorum
1125 4700 1496 4769 :cOagulatum
1522 4710 1605 4755 est
1626 4715 1755 4756 vero
1775 4700 2136 4773 corsuperbo-

2253 4692 2417 4750 Verbi
2444 4691 2541 4749 Dei
2568 4693 2843 4766 accipiunt
2865 4739 2880 4765 ,
2914 4706 2973 4754 ut
2996 4699 3041 4755 si
3078 4698 3227 4756 dicas
3256 4701 3431 4774 legem
3450 4702 3688 4761 dextera:
3722 4705 3842 4764 Dei.

552 4810 690 4851 rum.
728 4793 797 4849 Ut
837 4790 983 4847 enim
1039 4790 1122 4846 lac
1167 4799 1358 4844 natura
1402 4791 1485 4846 sui
1539 4809 1731 4863 purum
1761 4832 1782 4861 ,
1836 4796 2146 4864 speciosum

553 4901 717 4961 atque
759 4887 1031 4942 sincerum
1064 4883 1297 4948 est,.sed
1323 4886 1679 4957 corruptione
1709 4889 2010 4945 coacescit:
2066 4890 2148 4946 sie

556 4983 754 5042 mentis
779 4991 837 5039 et
860 4980 1048 5036 cordis
1077 4980 1300 5035 humani
1332 4993 1525 5036 natura
1554 4999 1718 5053 pura.
1751 4984 1985 5053 sincera,
2024 5001 2148 5057 per-

550 5078 734 5150 spicua
760 5085 846 5132 est
882 5075 1196 5147 priusquam
1232 5073 1491 5131 vitiorum
1544 5076 1881 5133 adminione
1923 5094 2144 5135 coaces-

549 5183 657 5228 cat.
696 5168 997 5239 Coagulato
1040 5168 1185 5223 enim
1233 5168 1402 5235 laete,
1437 5169 1498 5225 ﬁt
1542 5171 1786 5243 quaedam
1841 5176 2140 5241 concretio,

552 5279 651 5320 nec
686 5262 1009 5318 suavitatem
1039 5259 1247 5316 habens
1289 5261 1571 5331 eamdem,
1624 5280 1725 5321 nec
1770 5266 2023 5336 gratiam.
2065 5267 2141 5325 Ita

548 5360 814 5422 homines,
846 5357 1087 5427 quiante
1122 5355 1432 5423 sedulitate,
1462 5360 1666 5430 gratia,
1713 5363 1979 5420 suavitate
2021 5379 2143 5420 ver-

622 5503 647 5531 ι
682 5490 809 5547 Mss.
863 5497 1216 5560 septem......
1263 5492 1484 5549 ostendit
1540 5495 1716 5551 dicens
1756 5496 1932 5553 :Cum
1959 5498 2155 5555 odiosis

544 5584 645 5621 non
670 5562 965 5617 habentibus
986 5579 1183 5634 pacem,
1208 5574 1315 5620 etc.

619 5636 645 5677 b
678 5637 764 5713 lia
801 5648 935 5713 mss.
968 5633 1113 5713 _Edit.
1148 5651 1299 5713 vero,
1331 5653 1445 5713 qua:
1482 5638 1691 5713 lenitate
1719 5652 1919 5697 natura:
1964 5644 2135 5713 ﬂuen-

540 5721 637 5765 tem
670 5704 1095 5782 benevolentiam,
1124 5717 1225 5763 etc.
1255 5704 1362 5782 Sed
1388 5709 1491 5782 hoc
1512 5710 1776 5782 significat
1804 5713 1865 5769 Β.
1905 5704 2128 5781 Doctor,

537 5797 632 5837 eos
672 5781 763 5853 qui
788 5776 1027 5849 aliquem
1058 5778 1433 5837 benevolentia
1484 5776 1940 5855 complectuntur,
1992 5776 2129 5845 leni;

2252 4784 2400 4842 Bene
2442 4800 2573 4858 ergo
2611 4795 2667 4844 et
2708 4787 2812 4845 hoc
2864 4791 3123 4848 convenit
3162 4792 3323 4850 Petro
3370 4793 3621 4853 dicenti:
3671 4795 3844 4856 Verba

2247 4882 2366 4937 vita:
2377 4890 2582 4937 interna:
2606 4880 2785 4953 habes,
2810 4894 2858 4941 et
2882 4902 2975 4942 nos
2997 4888 3339 4959 relinquemus
3366 4899 3414 4945 te
3429 4887 3691 4963 (locum,
3707 4892 3801 4966 69)
3822 4894 3849 4948 ’ἒ

2251 4977 2357 5033 hoc
2388 4987 2470 5034 est
2497 5020 2512 5045 ,
2561 4977 2673 5034 Lex
2700 4980 2805 5035 oris
2832 4981 2904 5036 tui
2932 4998 3087 5056 super
3124 4983 3291 5038 millia
3310 4985 3429 5039 auri
3452 4994 3503 5041 et
3530 4989 3848 5059 argentiest.

2252 5070 2319 5126 Et
2348 5085 2639 5141 possumus
2668 5080 2877 5128 tantum
2903 5073 3162 5132 deserere
3191 5076 3418 5143 bonum,
3448 5089 3504 5136 et
3538 5080 3727 5138 szeculi
3750 5082 3854 5140 hu-

2248 5162 2339 5233 jus
2369 5164 2735 5221 emolumenta
2766 5167 3032 5238 captare?
3070 5167 3180 5225 Sed
3232 5179 3286 5227 et
3335 5171 3552 5247 Moyses
3604 5175 3687 5231 lex
3737 5176 3854 5233 oris

2253 5255 2346 5312 Dei
2377 5265 2559 5326 potest
2577 5257 2706 5327 dici,
2740 5275 2836 5332 per
2864 5275 3029 5332 quem
3076 5261 3340 5322 Dominus
3392 5266 3608 5326 locutus
3659 5276 3749 5327 est
3794 5276 3855 5327 et

2252 5348 2400 5404 dedit
2431 5349 2651 5423 Legem.

2266 5512 2428 5582 tateu]
2454 5506 2713 5565 adversus
2743 5510 2918 5582 ipsum
2950 5514 3140 5571 solitos
3169 5517 3451 5577 exhibere.

2324 5589 2346 5616 ε
2385 5578 2587 5659 Omnes
2641 5578 2813 5659 editi,
2868 5588 3126 5659 sapientia
3167 5606 3264 5645 sua
3317 5591 3589 5649 instruxit.
3642 5594 3849 5654 Omnes

2246 5662 2407 5732 mss"
2439 5653 2695 5722 patientia
2738 5653 3131 5732 sua_irtstru:cit.
3164 5659 3357 5732 Melius
3381 5704 3399 5732 ,
3439 5680 3563 5722 cum
3596 5664 3703 5723 hoc
3751 5653 3849 5726 se;

2242 5730 2442 5845 qluatur
2479 5738 2547 5850 px
2580 5728 2956 5798 superioribus
2990 5731 3132 5799 istis,
3188 5728 3426 5792 Christus
3448 5752 3504 5792 se
3546 5736 3848 5812 oﬁ'ertsup—

2242 5808 2272 5850 ν
2296 5808 2417 5850 icio.
2449 5809 2480 5850 e
2508 5810 2555 5849 c.

2237 5808 2417 5860 pacto,
2449 5808 2555 5850 etc.
