4070 6472
205 382 376 440 1529
1302 387 1369 444 ΙΝ
1408 387 1739 447 PSALMUM
1780 390 1836 449 Οἳ

1940 391 1991 448 ιιι
2030 389 2422 451 EXPOSITIO.

731 502 962 561 SERMO
993 504 1311 563 DECIMUS.

954 651 991 698 ,ν
1033 641 1151 699 lod.

3396 402 3536 457 {5'50

1856 511 1911 571 Α
1937 510 2172 579 positum
2202 521 2289 567 est
2315 552 2331 578 ,
2366 520 2423 566 ιιι
2450 510 2672 567 doceret
2696 510 3055 579 Hierusalem,
3090 514 3193 567 hoc
3224 522 3328 581 est,
3358 515 3535 585 plebis

1931 600 2170 659 Iudaica:
2203 602 2500 661 Ecclesiam
2526 619 2633 660 non
2680 606 2840 663 aliter
2878 620 3000 662 esse
3027 606 3378 671 servandam,
3429 607 3530 662 nisi

1933 714 2031 770 per
2062 699 2333 770 Evangelii
2365 699 2754 771 disciplinam;
2810 710 2867 757 ut
2908 716 3029 756 eum
3082 702 3309 772 cmperit
3347 701 3531 756 Evan-

1932 790 2056 861 gelii
2091 803 2356 862 praecepta
2388 808 2633 853 servare,
2664 802 2720 847 et
2744 794 3004 859 aperibus
3028 792 3260 862 implere
3304 791 3530 847 manda—

1935 894 2047 939 tum
2080 885 2291 940 Domini
2325 883 2479 949 .lesu,
2533 894 2660 940 tunc
2693 886 2881 957 jngum
2924 886 3257 957 captivitatis
3310 886 3379 941 de
3420 902 3533 940 sum.

1932 978 2127 1033 animm
2175 978 2387 1034 cervice
2441 976 2720 1049 deponat,
2777 993 2897 1035 cum
2940 994 3001 1035 se
3060 978 3363 1035 subdiderit
3402 978 3535 1049 jngo

1932 1069 2159 1126 Christi.

2005 1161 2059 1216 4.
2121 1162 2188 1217 Et
2216 1163 2509 1233 satiabitur,
2543 1164 2735 1234 inquit,
2766 1165 2821 1219 in
2865 1165 3173 1237 opprobriis.
3210 1164 3329 1220 Non
3352 1164 3489 1220 dixit
3516 1180 3529 1217 :

1937 1254 2150 1312 Suhihit
2176 1256 2569 1325 opprobrium;
2607 1255 2766 1311 facile
2806 1266 2890 1309 est
2910 1256 3053 1309 enim
3108 1270 3271 1310 uuam
3320 1264 3414 1310 aut
3456 1255 3535 1308 al-

1938 1358 2106 1404 teram
2130 1350 2513 1403 contumeliam
2574 1348 2889 1411 sustinere;
2926 1348 3021 1403 sed
3065 1348 3309 1403 addidit:
3362 1346 3539 1404 Satia-

1938 1445 2071 1499 bitur
2107 1445 2159 1499 in
2206 1444 2547 1514 approbriis;
2600 1458 2707 1513 quo
2758 1442 2971 1497 facilius
3022 1442 3282 1497 Dominus
3322 1456 3539 1498 moveat

1937 1539 2399 1605 misericttrdiam,
2456 1539 2877 1609 opprobriornm
2925 1537 3288 1605 comllnrinm
3351 1536 3540 1591 defor-

1938 1631 2127 1687 mitate
2166 1631 2517 1686 miserabilis.
2561 1630 2717 1700 Quod
2747 1630 2933 1702 utique
2957 1645 3022 1685 ex
3053 1630 3195 1685 libro
3232 1629 3541 1699 Regnorum

1936 1736 2092 1797 potes
2121 1727 2449 1797 intelligere.
2488 1727 2702 1798 Quippe
2732 1741 2853 1782 cum
2902 1725 3305 1780 conviciaretur
3355 1724 3541 1779 Setnci

1941 1818 2083 1875 lilitts
2115 1819 2253 1876 Cera
2286 1829 2476 1876 sancto
2510 1821 2679 1875 David
2719 1864 2734 1887 ,
2777 1822 2953 1874 virum
2986 1818 3398 1888 sanguinarium
3442 1835 3541 1887 ap—

1865 1909 1912 1969 B
1939 1914 2167 1984 pellans.
2196 1922 2252 1969 et
2283 1913 2632 1969 malediceret
2684 1913 2732 1967 ei
2760 1955 2775 1980 ,
2840 1911 3055 1981 quando
3096 1911 3332 1982 fugiebat
3370 1910 3542 1965 lilium

1940 2022 2095 2063 sumn
2126 2006 2449 2071 Abessalon,
2484 2006 2822 2075 parricidalia
2843 2005 2910 2061 ad
2952 2016 3165 2075 tempus
3211 2003 3350 2058 bella
3377 2002 3556 2059 decli-

1940 2116 2097 2167 nans,
2144 2100 2353 2155 tacebat
2392 2098 2535 2165 Rex,
2584 2109 2637 2154 et
2688 2114 2959 2153 summum
3010 2096 3286 2169 patientia:
3333 2096 3551 2167 insigne

1941 2195 2254 2267 pnesntbat.
2286 2193 2504 2250 Etenim
2531 2208 2657 2249 cum
2684 2194 2998 2249 tentationis
3051 2207 3163 2246 sme
3199 2200 3413 2261 tempus
3462 2192 3553 2246 in—

1943 2288 2254 2359 telligerct,
2317 2295 2376 2341 ut
2403 2286 2451 2342 ei
2527 2284 2851 2357 parricidale
2904 2285 3153 2356 prndium
3206 2294 3549 2349 movi-retur,

1942 2382 2114 2453 magis
2147 2381 2404 2436 humilem
2437 2394 2497 2436 se
2524 2381 2744 2435 Volebat
2779 2379 2955 2434 videri
2981 2420 2997 2441 ,
3028 2395 3138 2450 quo
3171 2376 3381 2432 Domini
3440 2377 3551 2431 mi—

1943 2474 2425 2546 tigaretoll‘ensatn
2458 2491 2473 2540 ;
2506 2490 2667 2543 quam
2723 2472 3156 2543 exasperandum
3218 2471 3338 2542 ejus
3392 2470 3543 2524 arbi-

1941 2570 2189 2623 trabatur
2216 2569 2267 2623 itt
2300 2582 2395 2623 sua
2425 2565 3011 2637 tentationejudicinm
3043 2606 3059 2629 ,
3119 2564 3165 2619 si
3218 2563 3362 2619 forte
3419 2577 3549 2615 suas

1947 2663 2174 2732 injurias
2206 2662 2380 2715 ultum
2415 2662 2537 2715 iret.
2572 2658 2731 2715 Unde
2758 2671 2810 2712 et
2840 2658 2907 2713 ad
2939 2659 3122 2729 populi
3149 2658 3341 2710 ducem
3373 2655 3551 2712 Abes-

1946 2771 2061 2811 sant
2090 2754 2370 2809 vindicare
2395 2754 2705 2823 cupientem
2737 2753 2813 2805 ait
2837 2768 2852 2805 :
2887 2751 3026 2817 Quid
3056 2751 3183 2803 mihi
3210 2761 3257 2802 et
3284 2750 3376 2803 tibi
3426 2758 3501 2801 est
3527 2788 3544 2813 ,

1949 2849 2027 2917 ﬁli
2056 2846 2301 2902 Sarriw?
2341 2843 2470 2898 Ideo
2494 2844 2752 2897 maledicit
2796 2844 2966 2908 milii;
3004 2842 3245 2913 quoniam
3297 2841 3551 2894 Dominus

1950 2940 2080 2994 dixit
2111 2939 2225 3005 illi,
2275 2950 2330 2993 ut
2359 2939 2758 2993 maledicat.....
2795 2935 2926 2990 Ecce
2950 2936 3093 3007 [ilius
3129 2951 3298 2997 meus,
3327 2937 3418 3005 qui
3444 2936 3557 2988 exi-

1949 3035 2018 3088 vit
2050 3034 2113 3088 de
2138 3042 2310 3088 ventre
2338 3049 2479 3096 meo,
2510 3032 2694 3101 quierit
2745 3033 2970 3084 animant
3015 3046 3198 3082 meum.
3253 3026 3315 3084 Si
3376 3038 3551 3081 autem

300 786 357 840 i.
400 784 595 855 incipit
618 784 802 841 littera
834 782 979 855 apud
1012 782 1275 840 Hebraeos
1299 782 1512 840 decima
1542 783 1666 851 Iod,
1708 799 1828 857 qute

200 876 422 933 Latina
453 877 854 949 significatione
878 878 1137 949 confessio
1189 877 1409 945 dicitur,
1452 878 1535 933 vel
1562 886 1712 934 certe
1741 878 1831 933 de-

195 973 437 1027 solatio.
476 970 589 1028 Nec
614 970 828 1028 discors
848 987 913 1028 ac
934 972 1225 1029 dissonans
1251 973 1470 1029 videtur
1500 975 1796 1047 interpreta
1813 1003 1829 1015 -

196 1066 322 1122 tio.
356 1066 635 1139 Siquidem
663 1068 756 1138 qui
782 1066 1014 1123 desolati
1046 1076 1173 1123 sunt
1194 1110 1209 1134 ,
1267 1067 1431 1123 citius
1467 1068 1825 1136 confitentur;

198 1159 404 1231 magis
440 1160 586 1215 enim
616 1160 875 1215 secundis
933 1160 1097 1216 rebus
1144 1161 1357 1217 animus
1413 1161 1598 1217 extolli
1645 1162 1828 1228 solet;

195 1268 356 1309 cum
383 1262 566 1309 autem
594 1263 818 1325 urgetur
854 1252 1120 1318 adversis,
1154 1266 1280 1309 tunc
1307 1253 1551 1309 divinum
1577 1254 1835 1326 implorat

198 1345 518 1401 auxilium.
545 1343 679 1401 Nam
710 1354 768 1401 et
819 1347 871 1400 in
925 1345 991 1401 iis
1014 1360 1135 1417 qua:
1185 1347 1419 1403 humana
1474 1357 1639 1416 sunt,
1689 1347 1835 1403 hunc

201 1455 394 1495 usum
438 1454 565 1496 esse
614 1441 1043 1513 cognoscimus;
1094 1450 1151 1496 ut
1189 1441 1275 1497 cui
1326 1442 1631 1498 succedunt
1675 1459 1834 1515 pros-

204 1547 390 1603 pera,
416 1533 633 1588 animus
675 1533 868 1591 elatior
892 1534 992 1590 sit:
1040 1534 1130 1590 cui
1182 1535 1371 1591 mundi
1421 1535 1583 1607 hujus
1638 1535 1834 1594 infesta

205 1635 397 1695 sunt,
430 1637 485 1683 et
543 1627 777 1697 potentia
806 1628 1041 1699 alicujus
1068 1629 1319 1707 adversa,
1355 1640 1485 1685 tunc
1530 1629 1833 1703 confugiat,

207 1730 363 1777 tunc
391 1735 551 1792 Opem
580 1730 829 1793 quaerat;
870 1731 930 1777 ut
958 1722 1044 1778 vel
1068 1723 1313 1793 rogando
1335 1724 1640 1795 superioris
1688 1723 1835 1779 miti-

201 1823 317 1886 get
350 1823 714 1886 potestatem,
747 1815 836 1872 vel
861 1832 921 1871 se
952 1816 1158 1871 viribus
1183 1826 1363 1872 armet
1392 1817 1666 1888 adjunctis
1696 1832 1710 1882 ;
1769 1832 1837 1872 ne

203 1906 385 1978 quasi
415 1905 649 1962 inferior
674 1907 1077 1977 potentioribus
1105 1908 1311 1963 viribus
1338 1907 1697 1979 opprimatur.

283 1999 351 2054 2.
415 1998 661 2071 Denique
716 1998 1026 2057 Hieremias
1084 2001 1184 2056 sub
1230 2001 1332 2058 bac
1387 2002 1565 2058 littera
1606 2002 1686 2057 sic
1714 2002 1833 2059 ait:

206 2093 427 2147 Manus
454 2109 578 2148 suas
605 2094 833 2148 extendit
856 2094 947 2165 qui
976 2092 1255 2149 tribulatur
1277 2094 1334 2149 in
1364 2096 1540 2149 omnia
1576 2093 1837 2150 desideria

202 2187 369 2257 ejus.
427 2181 573 2240 Vidit
598 2187 732 2240 enim
770 2196 944 2257 gentes
992 2188 1311 2241 introeuntes
1357 2187 1414 2241 in
1464 2187 1837 2256 sanctiﬁcatio—

203 2294 336 2332 nem
381 2293 559 2344 suam;
586 2278 772 2349 quibus
827 2278 1090 2333 mandasti
1135 2295 1198 2333 ne
1241 2278 1515 2334 introirent
1556 2280 1611 2334 in
1654 2278 1839 2335 Eccle-

202 2370 353 2425 siam
386 2374 503 2444 ejus
529 2371 549 2444 (
579 2370 771 2426 Thren.
806 2387 845 2437 t,
882 2372 1013 2445 10).
1050 2373 1122 2427 De
1153 2371 1492 2429 Hierusalem
1526 2374 1713 2444 utique
1736 2373 1840 2428 hoc

204 2462 355 2520 dicit
387 2464 666 2537 Propheta
696 2466 850 2537 cujus
877 2466 1127 2539 deplorat
1149 2484 1474 2535 :erumnam,
1505 2468 1662 2540 cujus
1688 2485 1837 2541 prte-

203 2560 393 2616 cessit
414 2558 683 2616 desolatio
720 2577 784 2617 ac
806 2561 1094 2618 destitutio
1126 2580 1140 2629 ;
1175 2574 1235 2618 ut
1264 2573 1449 2635 postea
1506 2573 1839 2635 sequeretur

206 2650 528 2708 confessio.
560 2651 805 2722 Castigat
858 2653 1004 2710 enim
1072 2654 1334 2712 Dominus
1393 2671 1611 2714 omnem
1666 2656 1840 2713 lilium

204 2760 388 2817 quem
424 2747 645 2816 recipit.
680 2747 1023 2819 Recepturus
1068 2749 1234 2821 igitur
1288 2750 1631 2807 Hierusalem
1655 2795 1670 2818 ,
1718 2762 1844 2807 ante

208 2837 568 2908 captivitatis
595 2838 890 2910 llagellavit
916 2841 1447 2898 :erumnis.Nimium
1472 2844 1617 2899 enim
1644 2844 1845 2899 insole-

206 2940 420 2997 verat,
458 2942 523 2988 et
550 2931 736 2988 inﬂato
764 2949 825 2991 se
865 2934 1032 2991 corde
1054 2936 1401 3005 jactaverat;
1448 2947 1505 2992 ut
1558 2949 1720 3009 caput
1767 2947 1845 2994 te-

204 3040 353 3083 nere
383 3040 509 3080 non
549 3035 734 3096 posset
778 3026 1072 3083 Dominum
1102 3026 1318 3094 Iesum,
1369 3028 1421 3083 id
1460 3038 1565 3095 est,
1625 3027 1846 3084 humili-

200 3127 407 3187 tatem,
443 3115 713 3188 graliam,
738 3118 1030 3188 justitiam,
1075 3120 1419 3191 sapientiam,
1447 3121 1549 3177 hoc
1570 3129 1676 3188 est,
1702 3136 1847 3178 verae
1950 3128 2104 3179 modo
2123 3136 2399 3179 extraneas
2430 3122 2691 3180 maledicit
2714 3123 2839 3175 mihi
2858 3164 2872 3186 ,
2900 3120 3101 3175 dimitte
3138 3121 3311 3185 illum,
3343 3114 3397 3175 ut
3438 3137 3551 3175 ma-

203 3212 341 3269 lldei
394 3211 789 3283 magisterium
833 3227 942 3267 non
1002 3221 1232 3270 teneret.
1293 3214 1363 3269 Et
1403 3214 1526 3271 ideo
1582 3217 1845 3274 Dominus
1949 3219 2137 3273 ledirut
2165 3235 2185 3284 ,'
2216 3218 2457 3288 quoniam
2492 3213 2747 3269 Dominus
2777 3213 2907 3267 dixit
2941 3214 3044 3280 illi,
3077 3222 3133 3267 ut
3162 3214 3329 3267 videat
3371 3212 3550 3266 ltumi-

200 3304 521 3375 caStigavil
545 3318 687 3370 eam,
716 3304 808 3375 qni
838 3305 1152 3362 moderator
1192 3307 1433 3363 omnium
1466 3310 1615 3365 novit
1644 3326 1831 3383 qttem-
1857 3306 1906 3371 C
1937 3313 2133 3368 litatem
2162 3328 2325 3365 nteant
2353 3326 2372 3365 :
2415 3320 2463 3366 et
2518 3309 2762 3365 retribuet
2808 3309 2933 3362 mihi
2972 3307 3227 3362 Dominus
3277 3307 3411 3361 bona
3450 3325 3551 3381 pro

209 3395 526 3453 admodum
591 3411 1036 3470 unumquemque
1092 3400 1341 3471 castiget.
1408 3399 1480 3457 Ut
1526 3402 1670 3457 enim
1724 3418 1836 3457 me-

211 3491 377 3546 dicus
413 3488 670 3559 graviora
717 3490 941 3545 vulnera
1001 3492 1372 3563 asperioribus
1417 3494 1835 3551 medicamentis

211 3596 419 3638 curare
441 3580 755 3649 consuevit,
805 3581 1009 3639 leviora
1062 3585 1397 3642 levioribus:
1455 3588 1527 3644 ita
1583 3599 1640 3645 et
1691 3589 1836 3645 Deus

214 3684 413 3732 noster
444 3673 700 3745 graviora
744 3686 962 3745 peccata
988 3676 1194 3748 majore
1234 3681 1531 3737 severitate
1580 3682 1831 3752 castigat.

210 3767 325 3826 Sed
368 3768 490 3840 ipsa
519 3767 806 3837 castigatio
827 3768 893 3823 ad
933 3769 1166 3824 salutem
1198 3771 1431 3842 prolicit.
1492 3774 1640 3829 Dixit
1686 3775 1833 3830 enim

216 3861 537 3918 Dominus:
581 3859 899 3927 Percutiam,
928 3871 979 3917 et
998 3879 1091 3935 ego
1134 3866 1328 3919 sanabo
1374 3867 1394 3939 (
1431 3865 1589 3923 Deut.
1639 3884 1788 3925 xxxii
1817 3912 1831 3936 ,

218 3957 296 4014 39
322 3955 369 4029 ).

297 4054 358 4108 '5.
395 4050 647 4121 Denique
675 4049 745 4106 de
775 4050 1116 4107 Hierusalem
1151 4068 1303 4125 Spem
1336 4056 1503 4124 coepit
1532 4056 1837 4113 Hieremias

215 4145 496 4218 prapbeta
531 4144 872 4215 promittere.
905 4143 1037 4199 Nam
1079 4146 1132 4200 in
1173 4148 1569 4215 posterioribus
1600 4149 1702 4203 sub
1732 4148 1835 4203 bac

217 4238 403 4292 littera
433 4235 511 4288 ait
541 4252 555 4288 :
615 4233 770 4287 Dabit
800 4238 1101 4304 percutienti
1143 4237 1414 4292 maxillam
1466 4256 1632 4306 suam,
1667 4247 1713 4293 ct
1746 4256 1837 4293 sa-

215 4328 439 4383 tiabitur
472 4327 529 4379 in
571 4326 886 4398 approbriis.
934 4327 1091 4381 Dabit
1118 4330 1171 4383 in
1219 4331 1489 4402 sepultura
1539 4348 1596 4385 os
1650 4348 1839 4399 suum;

214 4422 265 4475 si
306 4430 486 4474 tamen
533 4427 611 4472 est
645 4435 761 4489 spes
804 4420 1115 4494 patientia:(
1159 4419 1355 4475 Tltren.
1394 4438 1473 4488 ιιι,
1529 4424 1599 4478 50
1628 4434 1675 4479 et
1694 4424 1765 4480 29
1794 4423 1835 4496 ).

218 4514 277 4570 in
322 4512 624 4582 Evangelia
655 4512 911 4567 Dominus
953 4511 1113 4569 Jesus
1144 4513 1350 4571 docens
1379 4516 1639 4572 virtutem
1670 4525 1832 4588 atque

218 4606 439 4678 insigne
470 4604 773 4676 patientia),
813 4606 1026 4678 1087
1053 4608 1157 4661 ait:
1214 4607 1317 4676 Qui
1360 4618 1408 4663 te
1449 4610 1756 4676 percusserit
1786 4614 1839 4663 in

1937 3405 2214 3460 maledicto
2245 3402 2343 3458 hoc
2374 3405 2391 3474 (
2419 3402 2460 3458 ll
2498 3403 2628 3475 Reg.
2684 3416 2774 3457 xvt
2811 3443 2826 3469 ,
2875 3400 2945 3456 10
2972 3410 3018 3455 et
3070 3417 3177 3471 seq.
3210 3399 3253 3467 ).
3290 3400 3446 3468 Quod
3498 3412 3557 3455 et

1938 3500 2260 3571 prophetico
2300 3497 2433 3553 dixit
2466 3498 2685 3566 Spiritu,
2722 3507 2776 3551 et
2827 3495 3077 3565 probat-it
3131 3508 3355 3552 eventu.
3408 3491 3548 3548 Cum

1937 3597 2081 3653 enim
2130 3596 2337 3667 repleta
2386 3594 2551 3650 fuerit
2596 3592 2919 3657 humilitas,
2964 3600 3249 3662 peccatum
3291 3589 3543 3645 solvitur.

1940 3694 2182 3765 Denique
2204 3704 2259 3749 et
2281 3692 2523 3748 inEsttia:
2554 3690 2696 3746 libro
2728 3690 2897 3745 habes
2923 3690 3047 3758 quia
3082 3688 3215 3743 dixit
3239 3685 3503 3741 Dominus
3533 3706 3547 3741 :

1939 3788 2248 3843 Sacerdows
2275 3828 2289 3853 ,
2323 3786 2591 3858 loquimini
2616 3784 2687 3839 ad
2712 3799 2799 3837 cor
2816 3781 3181 3837 Hierusalem:
3204 3780 3549 3835 consolamini

1937 3897 2071 3946 eam,
2098 3881 2219 3951 quia
2246 3880 2441 3947 repleta
2468 3889 2540 3933 est
2568 3877 2864 3931 humiliatio
2886 3880 2999 3949 ejus
3025 3916 3040 3939 ,
3069 3876 3299 3929 solutum
3323 3883 3395 3928 est
3426 3891 3549 3941 pec-

1939 3984 2111 4027 catum
2156 3976 2311 4046 ejus;
2340 3973 2462 4038 quia
2490 3971 2684 4040 accepit
2741 3970 2805 4023 de
2859 3984 3014 4023 manu
3059 3966 3272 4021 Domini
3310 3967 3549 4037 duplicia

1940 4078 2153 4137 peccata
2176 4082 2273 4119 sua
2313 4065 2333 4135 (
2370 4064 2513 4117 Esai.
2546 4079 2639 4129 XL,
2666 4062 2701 4115 ‘2
2735 4060 2776 4130 ).
2812 4061 3073 4115 Advertis
3104 4060 3272 4131 igitur
3303 4062 3429 4129 quia
3454 4060 3549 4114 ubi

1940 4158 2226 4223 desolatio,
2259 4158 2333 4211 ibi
2364 4157 2659 4211 humilitas.
2716 4153 3123 4208 Desolationem
3179 4152 3322 4206 enim
3356 4152 3549 4221 sequi-

1942 4259 2033 4305 tur
2068 4249 2344 4303 bumilitas
2394 4249 2544 4316 justo
2574 4247 2788 4311 ordine,
2835 4245 3198 4299 humilitatem
3249 4244 3545 4314 patientia,

1944 4342 2257 4414 patientiam
2284 4340 2559 4407 probatio,
2599 4337 2985 4409 probationem
3026 4336 3353 4391 consolatio.
3391 4336 3547 4401 Quod

1944 4430 2111 4485 babes
2138 4428 2270 4484 etin
2312 4426 2864 4498 Apostoloscriptnm
2896 4441 2909 4478 :
2961 4422 3100 4489 Quia
3141 4422 3410 4477 tribulatio
3446 4440 3545 4494 pa-

1944 4525 2174 4580 tientiam
2199 4532 2461 4595 aperatur,
2499 4520 2750 4594 patientia
2793 4529 2965 4573 autent
3002 4516 3389 4589 probationem,
3417 4533 3541 4590 pro-

1947 4620 2087 4673 batio
2126 4628 2299 4673 autem
2348 4633 2513 4688 spem,
2550 4632 2666 4685 spes
2703 4624 2873 4668 autem
2923 4629 3025 4666 non
3052 4611 3370 4681 confundit;
3422 4611 3550 4680 quia

218 4700 521 4761 maxillam,
558 4698 733 4769 praebe
776 4700 823 4753 ei
859 4709 907 4753 et
936 4699 1157 4755 alteram
1185 4701 1207 4773 (
1233 4700 1423 4757 Matth.
1449 4718 1504 4770 v,
1537 4700 1608 4758 59
1646 4702 1690 4775 ).
1714 4701 1841 4759 Vult
1866 4704 1924 4765 D
1948 4712 2174 4765 εΙιαγεεαε
2210 4708 2307 4763 Dei
2338 4706 2532 4775 diﬁ'usa
2575 4717 2647 4760 est
2688 4706 2742 4760 in
2772 4704 3013 4759 cordibus
3061 4702 3251 4757 nostris
3278 4718 3367 4774 per
3420 4701 3549 4771 spi.

219 4797 368 4851 enim
400 4794 708 4866 discipulos
736 4808 865 4850 suos
905 4804 961 4850 et
997 4796 1323 4865 injuriarum
1381 4812 1503 4852 esse
1540 4798 1837 4867 patientes,

222 4905 325 4946 nec
354 4888 588 4945 referire
629 4888 812 4953 facile,
844 4897 870 4925 δ
900 4887 1100 4944 nedum
1148 4888 1333 4945 ferire.
1380 4890 1647 4946 Patientia
1688 4889 1835 4946 enim

222 4980 553 5036 humilitatis
586 4978 849 5034 indicium
892 4988 997 5035 est.
1031 4980 1099 5035 Et
1130 4980 1256 5037 ideo
1304 4983 1562 5051 quoniam
1594 4982 1836 5037 desolata

222 5087 345 5132 erat
373 5092 441 5132 ac
480 5076 743 5132 destituta
779 5075 1149 5131 Hierusalem:
1194 5075 1375 5143 Dabit,
1426 5076 1617 5147 inquit,
1656 5092 1837 5145 percu-

226 5169 372 5225 tienti
417 5166 699 5222 maxillam
730 5183 917 5233 suam;
952 5177 1010 5224 ut
1038 5184 1143 5224 non
1175 5184 1236 5224 se
1265 5168 1535 5225 subducat
1596 5170 1831 5239 injuria,

225 5277 329 5318 nec
369 5260 619 5317 declinet
639 5259 807 5316 caedis
830 5260 1099 5327 dolorem,
1146 5262 1243 5319 sed
1290 5263 1617 5335 percutienti
1643 5262 1839 5319 maxil-

225 5356 335 5411 lam
377 5354 597 5412 ol'ferat.
629 5354 935 5424 Utrumque
963 5357 1190 5426 intelligi
1226 5366 1445 5429 potest,
1487 5359 1603 5415 sive
1660 5359 1709 5413 ei
1750 5359 1843 5429 qui

229 5457 520 5519 percutere
548 5449 795 5519 incipiat,
831 5448 947 5504 sive
974 5450 1024 5504 ei
1077 5451 1167 5520 qui
1200 5450 1313 5522 jam
1352 5450 1717 5521 percusserit;
1781 5459 1846 5507 ut

226 5543 364 5598 illud
402 5544 795 5614 Evangelicum
847 5543 1217 5614 compleatur:
1269 5545 1373 5613 Qui
1443 5559 1491 5602 te
1533 5547 1841 5620 percusserit

230 5638 286 5693 in
310 5638 607 5705 maxillam,
650 5638 824 5707 prtebe
845 5639 963 5694 eiet
1018 5640 1253 5695 alteram.
1289 5642 1354 5698 Et
1402 5641 1719 5713 prophetice
1744 5640 1848 5698 hoc

258 5803 267 5851 ξ
309 5785 335 5812 ﬂ
378 5776 525 5851 Edit.
557 5792 775 5851 omnes,
820 5775 1059 5851 Nedum
1114 5778 1271 5849 ferire
1339 5789 1523 5847 potens
1582 5781 1837 5851 injuriam

242 5850 452 5916 faceret,
470 5849 736 5921 iudicium
766 5848 1074 5921 humilitatis
1106 5866 1208 5903 non
1230 5852 1511 5921 exhiberet.
1545 5854 1615 5906 At
1632 5848 1700 5921 ea
1721 5865 1840 5921 qua}

240 5914 606 5974 resecat'imus
640 5919 693 5975 in
729 5934 858 5975 tun.
912 5914 1329 5985 desiderantur,
1380 5932 1433 5975 et
1480 5916 1583 5977 lttta
1636 5914 1838 5973 intrasti

1941 4806 2097 4857 ritum
2144 4811 2375 4856 sanctum
2423 4799 2619 4872 (Rom.
2668 4814 2748 4861 ιιι.
2794 4798 2933 4868 5-5)
2966 4840 2980 4863 ,
3034 4797 3127 4869 qui
3184 4795 3371 4868 utique
3422 4810 3552 4851 nos-

1945 4902 2151 4948 trorum
2194 4891 2514 4947 consolator
2559 4898 2645 4945 est
2684 4888 2997 4944 all‘ectuttm.

2017 4989 2233 5062 1088
2260 4988 2313 5041 5.
2362 4984 2516 5054 Quod
2546 4994 2725 5039 autent
2748 4984 2859 5038 ait:
2924 4980 3078 5036 Dabit
3106 4982 3158 5034 in
3187 4980 3455 5049 sepultura
3492 4996 3552 5035 os

1941 5101 2091 5139 suum
2122 5084 2141 5154 (
2176 5080 2368 5137 Thren.
2406 5095 2483 5144 ιιι,
2507 5078 2579 5133 29
2620 5077 2686 5150 );
2746 5075 2985 5133 ostendit
3038 5074 3327 5146 quamdam
3384 5090 3550 5145 supra

1946 5176 2166 5232 ntodum
2211 5172 2487 5244 patientiae
2532 5168 3001 5228 taciturnitatem:
3034 5176 3091 5223 ut
3137 5177 3411 5239 tamquam
3461 5181 3551 5222 se-

1946 5269 2113 5341 peliat
2139 5283 2201 5324 os
2232 5265 2531 5337 proprium,
2586 5278 2653 5318 ne
2694 5262 2980 5333 loquatur;
3009 5268 3065 5315 et
3120 5261 3270 5315 velut
3311 5260 3551 5332 quodam

1950 5376 2145 5433 aggere
2175 5359 2435 5414 virtutum
2490 5357 2766 5420 obstruat,
2803 5369 2871 5410 ne
2899 5368 3087 5409 vocem
3135 5352 3342 5409 doloris
3396 5351 3557 5408 emit-

1952 5462 2059 5520 tat;
2090 5459 2298 5508 tantum
2349 5449 2563 5520 pondus
2594 5461 2846 5503 asserens
2908 5446 3185 5517 patientia:
3225 5460 3388 5516 quam
3428 5458 3559 5516 spes

1952 5546 2165 5611 foveat;
2195 5550 2257 5598 ut
2283 5557 2471 5598 vocem
2501 5542 2674 5611 ipsam
2703 5540 2852 5595 velut
2889 5539 3049 5596 busto
3080 5537 3314 5605 quodam
3354 5552 3418 5590 ac
3473 5546 3559 5589 tu-

1954 5639 2101 5696 mulo
2142 5635 2391 5707 sepeliat,
2430 5649 2495 5689 ac
2526 5631 2791 5698 includat,
2831 5647 2993 5703 quam
3026 5631 3174 5686 nulla
3202 5640 3557 5699 extorquere,

1947 5780 2202 5835 videntur
2224 5776 2293 5833 ab
2337 5776 2540 5841 aliquo,
2572 5774 2666 5845 qui
2716 5774 2901 5827 nedum
2928 5771 3082 5846 ferire
3106 5811 3120 5833 ,
3150 5766 3297 5846 idem
3336 5763 3551 5846 ezse'ac

1948 5852 2114 5977 quulto
2143 5852 2312 5906 minus
2336 5834 2490 5913 ferire
2515 5834 2537 5910 ,I
2578 5834 2717 5907 sive,
2742 5834 2978 5911 aggredi,
3039 5854 3167 5909 non,
3194 5836 3329 5890 satis
3376 5834 3549 5888 intel-

1974 5923 2170 5977 ikcbttti

1975 5930 2188 5992 ιερυιμ,
