4104 6350
495 323 628 380 1551

1821 307 2072 372 SANCTI
2109 307 2440 370 AMBROS“

3659 306 3682 362 i
3692 302 3800 364 352

491 438 705 495 nullave
733 433 972 502 excitare
1005 431 1176 504 possit
1206 429 1422 501 injuria.
1451 425 1622 497 Hujus.
1647 438 1862 501 quoque
1887 423 2086 491 littera:
2114 425 2166 486 Α
2192 431 2249 478 et
2278 422 2446 477 maria
2473 465 2487 489 ,
2544 408 2903 491 posteaquam
2957 418 3140 474 omnia
3199 416 3417 489 reptilia
3447 457 3460 482 ,
3509 414 3752 470 volatilia
3779 456 3796 482 ,

489 529 1024 602 interpretationem,
1063 537 1120 582 ut
1151 523 1450 596 potuimus,
1506 519 1942 594 explicavimus;
2001 534 2096 573 vc~

491 625 705 684 niamus
732 620 798 678 ad
829 620 1122 693 psalmum.

563 718 616 774 6.
645 715 825 792 (Vers.
861 715 975 784 73.)
1001 714 1181 784 Itaque
1202 707 1408 782 primus
1428 705 1726 764 versiculus
1748 712 1831 762 cst
1855 722 1868 760 :
1904 703 2096 758 Manus

493 821 597 868 tute
630 810 862 879 fecerunt
890 824 988 874 me,
1019 816 1065 868 et
1093 812 1403 876 paraverunt
1431 818 1511 858 me
1543 816 1561 855 :
1602 800 1670 854 da
1697 798 1823 853 mihi
1863 795 2096 851 intellec-

494 916 627 971 tum,
667 911 721 958 ut
753 902 950 956 discam
1004 899 1250 960 mandata
1287 908 1396 953 tua.
1429 897 1625 968 Magno
1661 891 2096 951 commendatio-

492 999 580 1054 nis
606 996 832 1053 exordio
859 1009 989 1049 usus
1017 1001 1122 1060 est,
1163 1000 1219 1047 ut
1270 1006 1408 1062 opus
1463 989 1557 1043 Dei
1589 1002 1712 1044 esse
1752 1001 1811 1042 se
1835 986 2045 1042 diceret
2074 1001 2092 1052 ;

493 1104 603 1160 quo
633 1089 843 1148 facilius
872 1087 1018 1142 circa
1044 1086 1233 1156 Operis
1259 1085 1342 1140 sui
1398 1083 1629 1155 gratiam
1671 1081 1826 1137 favor
1865 1079 2096 1136 inclina-

494 1193 646 1239 retur
673 1180 930 1240 auctoris,
959 1178 1197 1235 Grandis
1226 1177 1372 1234 enim
1401 1175 1762 1246 praerogativa
1789 1184 1872 1230 est
1929 1173 2097 1228 etiam

493 1279 549 1331 in
579 1274 747 1331 rebus
775 1272 1031 1332 humanis
1058 1288 1078 1338 ;
1105 1279 1168 1327 ιιι
1186 1269 1388 1340 aliquis
1414 1266 1677 1340 operibus
1712 1275 1767 1322 et
1813 1265 2095 1322 beneficiis

495 1366 673 1424 faveat
699 1365 817 1422 suis
847 1405 862 1429 ,
935 1378 1037 1419 nec
1061 1363 1314 1418 meritum
1347 1367 1558 1432 spectet
1587 1359 1822 1422 alienum
1855 1372 1870 1423 ;
1904 1355 1998 1412 sed
2041 1357 2096 1412 in

494 1475 607 1518 sua:
630 1459 819 1532 gratim
851 1471 1046 1513 munus
1092 1457 1365 1522 intendat;
1409 1470 1478 1510 ne
1533 1453 1781 1509 videatur
1830 1451 2097 1523 abrogare

494 1551 644 1623 quod
673 1551 789 1622 ipse
818 1549 1060 1616 donavit.
1094 1547 1282 1619 Itaque
1311 1548 1414 1604 etsi
1446 1546 1514 1602 de
1547 1545 1662 1600 luto
1690 1543 1938 1613 corporis
1967 1555 2097 1597 nos-

496 1644 567 1698 tri
607 1641 910 1698 substantia
933 1641 1033 1709 sit,
1064 1648 1119 1694 et
1140 1653 1305 1695 carne
1331 1636 1644 1704 induamur,
1671 1646 1725 1691 et
1753 1648 1952 1704 corpus
2001 1647 2093 1688 os-

495 1736 644 1792 sibus
670 1736 943 1790 intexatur
973 1743 1027 1789 et
1054 1732 1264 1798 nervis;
1318 1739 1499 1787 tamen
1528 1726 1670 1800 quod
1701 1728 1869 1782 simus
1890 1727 2097 1799 pretio-

2197 516 2518 579 animantia,
2549 523 2739 585 postea
2771 513 3050 569 hominem
3087 510 3209 567 fecit
3233 553 3248 578 ,
3305 525 3469 579 quem
3502 509 3798 564 animanti-

2197 609 2298 665 bus
2330 607 2638 663 viventibus
2661 608 2961 662 anteferret
2985 622 2998 659 :
3031 603 3099 660 de
3127 619 3236 674 quo
3260 617 3370 659 non
3393 591 3669 658 immerito
3692 615 3800 657 cm-

2197 703 2318 761 lesiti
2342 703 2613 757 sententia
2632 700 2920 758 resultavit
2945 715 2963 756 :
2989 697 3273 755 Faciamus
3300 697 3514 772 1m
3530 696 3794 758 hominem

2198 797 2266 851 ad
2295 796 2574 868 imaginem
2608 805 2654 850 et
2684 795 3074 850 similitudinem
3102 802 3332 848 nostram
3384 789 3538 862 (Cen.
3583 807 3598 844 ι
3627 831 3642 856 ,
3674 789 3796 862 26).

2195 889 2391 946 Caetera
2417 889 2570 957 dixit,
2601 899 2650 944 et
2679 890 2820 960 facta
2865 897 2983 943 sunt
3008 904 3027 943 :
3057 887 3342 955 mandavit,
3373 895 3420 940 et
3447 895 3626 944 creata
3673 893 3800 946 sunt

2200 983 2219 1057 (
2249 982 2395 1038 Psal.
2424 998 2646 1050 csum,
2681 981 2756 1056 5)
2787 999 2803 1048 ;
2845 991 2908 1038 ut
2935 981 3102 1043 homo
3141 980 3260 1048 ﬁat,
3293 980 3549 1050 specialis
3577 977 3803 1048 quidam

2198 1076 2296 1140 Dei
2323 1077 2533 1134 accedit
2568 1076 2845 1142 hortatus;
2875 1085 2936 1131 ut
2962 1083 3241 1144 tamquam
3274 1073 3582 1130 laborantis
3612 1073 3712 1138 Dei
3741 1073 3795 1127 in

2198 1168 2362 1240 hujus
2389 1185 2616 1226 munere
2636 1177 2905 1226 creaturae
2937 1167 3340 1238 significaretur
3366 1165 3633 1237 operatio.
3657 1165 3801 1220 Deus

2197 1264 2416 1342 quidem
2448 1277 2665 1336 ;expers
2718 1261 2922 1324 laboris
2960 1271 3091 1322 est:
3134 1259 3230 1316 sed
3273 1269 3458 1325 tamen
3499 1257 3800 1336 scripturae

2197 1358 2360 1416 verba
2389 1358 2522 1432 quid
2548 1357 2716 1426 aliud,
2755 1371 2776 1398 ε
2809 1355 2914 1412 nisi
2959 1354 3264 1416 studiosam
3297 1355 3374 1418 tui
3423 1352 3802 1423 operationem

2197 1453 2322 1524 ejus
2345 1451 2690 1513 ostendunt?
2724 1452 2870 1523 Ergo
2901 1451 2946 1506 si
2975 1449 3120 1510 Deus
3148 1449 3360 1518 majore
3397 1445 3635 1518 quodam
3683 1454 3800 1504 stu-

2199 1547 2289 1602 dio
2319 1556 2372 1612 te
2398 1546 2622 1613 creavit,
2656 1560 2754 1604 cur
2786 1545 2904 1616 ipse
2933 1542 3010 1598 tui
3035 1541 3278 1606 studium
3303 1539 3656 1610 derelinquas
3681 1538 3705 1592 ἲ
3736 1537 3793 1593 Si

2199 1639 2342 1697 Dens
2376 1640 2430 1696 in
2465 1651 2514 1696 te
2541 1639 2831 1705 laboravit,
2883 1638 2972 1710 qui
3006 1636 3265 1702 laborare,
3305 1650 3416 1700 nou
3473 1634 3646 1706 novit,
3698 1647 3798 1689 cur

2198 1731 2317 1806 ipse
2345 1733 2586 1805 fugitans
2611 1731 2686 1790 sis
2714 1729 2920 1789 laboris
2949 1729 2973 1783 ?

495 1831 773 1885 sissimum
803 1841 941 1898 opus
973 1826 1066 1886 Dei
1097 1868 1112 1894 ,
1144 1839 1307 1882 nemo
1332 1823 1680 1880 dubitaverit.
1723 1820 1858 1877 Nam
1905 1828 1963 1876 et
2009 1819 2092 1876 fa-
2122 1830 2172 1892 Β
2269 1825 2321 1879 9.
2355 1823 2548 1878 Manus
2578 1831 2708 1888 tuae,
2748 1821 2960 1892 inquit,
3007 1823 3236 1892 fecerunt
3269 1835 3379 1882 me,
3411 1825 3458 1873 et
3490 1825 3804 1888 paraverunt

499 1921 706 1980 bricam
748 1918 920 1989 ipsam
944 1917 1165 1975 humani
1193 1917 1440 1988 corporis
1469 1917 1514 1971 si
1568 1915 1690 1986 quis
1739 1912 2090 1969 considerare

498 2013 665 2084 velit,
697 2011 828 2066 nihil
861 2010 1062 2088 poterit
1091 2009 1144 2064 in
1189 2019 1334 2065 terra
1378 2006 1671 2078 pretiosius
1695 2004 1959 2076 judicare.
1995 2003 2094 2060 Est

499 2105 646 2162 enim
696 2103 860 2160 homo
900 2113 1045 2160 statu
1087 2102 1300 2169 celsus,
1347 2101 1498 2156 vultu
1547 2099 1778 2156 decorus
1805 2139 1820 2165 ,
1870 2097 2094 2153 caesarie

497 2209 715 2270 gratus,
765 2214 874 2253 non
930 2197 983 2252 in
1032 2197 1216 2252 alvum
1254 2203 1577 2252 caeterorum
1634 2207 1786 2248 more
1836 2201 2095 2247 curvatus

498 2290 877 2358 animantium,
914 2289 1008 2346 sed
1039 2289 1158 2360 ipso
1204 2297 1411 2344 natura:
1442 2286 1566 2358 jure
1602 2283 1873 2352 sublimis,
1903 2283 1996 2354 qui
2039 2283 2094 2338 in

497 2383 698 2440 caelum
731 2381 902 2438 libero
928 2390 1139 2454 spectet
1166 2382 1379 2448 obtutu;
1405 2379 1558 2434 nulla
1579 2377 1807 2450 captiva:
1833 2375 2098 2430 servitute

499 2476 730 2532 cervicis
767 2475 1065 2546 depressus
1089 2475 1142 2530 in
1175 2483 1398 2540 terram,
1434 2470 1527 2528 sed
1565 2479 1832 2544 tamquam
1862 2469 2096 2540 prepriai

502 2568 757 2628 conscius
780 2569 1072 2635 libertatis,
1103 2576 1159 2623 et
1188 2567 1442 2639 locuples
1470 2566 1557 2621 sui
1597 2566 1751 2620 testis
1780 2562 2040 2618 auctoris.

573 2664 626 2717 7.
673 2659 1062 2731 Verumtamen
1093 2659 1147 2718 in
1178 2645 1394 2717 caeteris
1421 2659 1792 2714 animantibus
1820 2655 2095 2711 membro~

501 2770 620 2810 rum
653 2755 827 2814 forma
879 2754 1152 2823 laudetur,
1184 2755 1234 2808 in
1267 2753 1464 2828 quibus
1494 2761 1692 2822 praeter
1713 2750 1940 2820 gratiam
1972 2762 2098 2803 cor-

507 2848 656 2920 poris
676 2847 812 2904 nihil
842 2855 926 2904 est
963 2847 1112 2906 aliud
1162 2847 1309 2919 quod
1348 2847 1680 2919 requiratur.
1716 2845 1891 2900 Homo
1944 2844 1996 2898 in
2033 2856 2100 2898 eo

500 2953 584 2999 est
615 2942 891 3016 pulchrior
920 2941 1063 3013 quod
1092 2956 1198 2997 non
1222 2940 1461 3005 videtur,
1487 2957 1594 2994 non
1624 2940 1680 2994 in
1704 2953 1934 3009 corpore
1954 2935 2101 3010 quod

501 3035 716 3090 videtur
745 3052 759 3090 :
791 3034 845 3088 in
873 3049 932 3090 se
965 3031 1169 3096 habens
1199 3033 1523 3088 mternitatis
1561 3032 1814 3103 gratiam,
1872 3039 1926 3084 et
1959 3041 2102 3103 prm-

506 3129 743 3194 sentium
774 3136 1136 3186 venustatem.
1190 3126 1318 3192 Qua:
1346 3126 1486 3180 enim
1512 3123 1769 3187 videntur,
1799 3121 2102 3194 temporalia

2198 1933 2280 1974 me
2319 1916 2493 1990 (Psal.
2531 1931 2783 1980 cxxxvn,
2822 1916 2903 1986 8).
2945 1911 3155 1969 Clamat
3193 1911 3260 1968 ad
3293 1912 3463 1968 Deum
3494 1909 3800 1982 Propheta:

2197 2011 2348 2084 Opus
2388 2022 2572 2078 tuum,
2607 2012 2866 2079 Domine,
2905 2025 2976 2068 ne
3001 2011 3258 2080 deseras,
3299 2024 3408 2072 non
3431 2008 3802 2080 derelinquas.

2199 2107 2276 2164 Te
2291 2116 2570 2168 auctorem
2589 2107 2879 2172 convenio,
2901 2113 2955 2167 te
2979 2114 3139 2162 teneo
3161 2103 3525 2170 conditorem,
3550 2102 3804 2176 praesidia

2199 2198 2376 2256 aliena
2409 2212 2516 2253 non
2547 2213 2758 2272 qumro.
2785 2195 2840 2252 ln
2864 2196 3238 2267 adjumentum
3268 2195 3572 2268 accingere,
3595 2193 3690 2266 qui
3713 2209 3806 2253 ac-

2197 2291 2405 2356 cinctus
2435 2307 2494 2348 es
2523 2299 2581 2350 ut
2601 2306 2841 2348 creares.
2871 2291 2965 2349 Dic
2987 2290 3102 2361 ipse
3131 2289 3332 2357 David,
3363 2289 3493 2362 quid
3523 2291 3804 2356 senseris,

2199 2400 2298 2440 cur
2336 2385 2540 2444 dixeris
2579 2402 2591 2438 :
2625 2383 2816 2440 Manus
2838 2394 2939 2439 tua:
2962 2384 3189 2454 fecerunt
3216 2384 3336 2439 me?
3363 2383 3468 2448 Sed
3499 2383 3682 2444 dixisti
3720 2383 3804 2438 in-

2201 2478 2369 2535 ferius
2403 2496 2416 2532 :
2445 2477 2690 2546 Domine,
2722 2461 2972 2542 retriliues
3003 2489 3214 2551 propter
3227 2496 3349 2534 me:
3380 2477 3619 2545 Domine,
3653 2479 3806 2533 mise-

2199 2572 2430 2627 ricordia
2470 2581 2559 2626 tua
2587 2573 2642 2626 in
2685 2573 2929 2630 oraculum
2949 2615 2966 2638 ,
2996 2590 3152 2644 opera
3189 2589 3434 2628 manuum
3465 2581 3669 2628 tuarum
3702 2587 3807 2634 non

2202 2665 2407 2727 omittas
2431 2662 2655 2736 (lbid.);
2690 2665 2794 2721 hoc
2822 2675 2908 2722 est
2934 2665 3120 2722 dicere
3152 2683 3170 2721 :
3197 2666 3407 2724 Bestius
3430 2680 3538 2721 non
3561 2664 3807 2722 fecerunt

2203 2773 2397 2814 manus
2424 2769 2550 2826 tuae,
2573 2758 2670 2816 sed
2700 2759 2883 2816 dixisti
2916 2775 2930 2812 :
2962 2758 3267 2824 Producaut
3293 2775 3440 2826 aqua
3463 2759 3674 2829 reptilia
3691 2761 3806 2814 ani-

2203 2869 2404 2906 marum
2431 2853 2710 2908 viventium
2733 2851 2899 2924 (Gen.
2933 2869 2982 2920 ι.
3021 2852 3147 2926 20),
3181 2861 3240 2916 et
3264 2853 3516 2924 produxit
3546 2864 3694 2917 terra
3721 2869 3806 2912 se-

2202 2945 2437 3001 cundum
2464 2961 2636 3015 genus
2669 2945 3076 3016 quadrupedia,
3123 2954 3177 3001 et
3215 2946 3467 3016 reptilia,
3507 2955 3562 3002 et
3603 2947 3806 3002 bestias

2205 3051 2387 3098 terrae.
2436 3041 2519 3096 Me
2557 3049 2738 3096 autem
2762 3082 2777 3108 ,
2819 3042 3021 3114 inquit,
3049 3041 3265 3116 fecisti,
3306 3056 3391 3097 me
3423 3041 3528 3102 tuis
3556 3041 3808 3098 manibus

2205 3133 2469 3206 ﬁgurasti,
2497 3135 2598 3190 hoc
2626 3143 2730 3198 est,
2758 3149 2864 3188 non
2900 3133 3146 3204 figurasti
3164 3133 3366 3195 bestias
3394 3133 3645 3198 manibus
3672 3133 3805 3200 tuis,
3834 3195 3843 3208 κ

500 3232 655 3288 sunt;
678 3237 796 3282 nam
826 3235 941 3292 qua
963 3235 1064 3280 non
1092 3217 1330 3276 videntur
1359 3225 1552 3274 wterna
1600 3215 1620 3289 (
1651 3213 1690 3268 ll
1719 3213 1838 3268 Cor.
1863 3228 1935 3280 tv,
1971 3214 2037 3266 l8
2057 3212 2097 3286 ).

2207 3242 2314 3281 non
2347 3225 2558 3296 reptilia
2581 3268 2596 3292 ,
2632 3241 2740 3290 non
2777 3225 3016 3287 volatilia
3061 3244 3074 3282 :
3115 3224 3200 3280 Me
3229 3235 3400 3282 autem
3431 3226 3657 3295 [ecerunt
3694 3241 3806 3279 ma-

501 3316 560 3369 ln
591 3315 691 3368 hoc
732 3311 981 3376 terrestri
1034 3307 1266 3380 hospitio
1306 3305 1524 3372 indutus
1579 3304 1912 3360 habitatione
1987 3321 2100 3361 coe-

500 3408 649 3471 lesti,
674 3404 759 3461 cui
791 3403 955 3459 simul
1001 3401 1262 3472 competit
1283 3408 1339 3456 et
1369 3401 1423 3455 in
1454 3398 1617 3454 terris
1647 3396 1842 3465 videri,
1886 3407 1943 3454 et
1988 3399 2101 3454 Deo

497 3499 672 3574 jungi.
707 3496 960 3568 Magnum
1016 3509 1148 3550 sane
1173 3506 1391 3560 munus,
1423 3492 1468 3546 si
1501 3507 1562 3548 se
1596 3493 1715 3563 ipse
1763 3502 2096 3564 cognoscat;

501 3573 1012 3664 etquaadamforma
1031 3587 1280 3658 justitite,
1310 3595 1336 3623 α
1368 3583 1571 3642 mundo
1600 3587 1772 3658 magis
1805 3601 1967 3656 quam
1999 3587 2100 3642 sibi

503 3667 676 3742 nasci.
727 3682 882 3738 Unde
907 3691 962 3737 et
993 3681 1253 3737 Salomon
1295 3680 1400 3734 ait:
1435 3677 1646 3733 Grande
1703 3679 1877 3745 homo,
1907 3689 1955 3733 et
1981 3696 2100 3750 pre-

507 3779 698 3833 tiosum
721 3790 850 3846 Opus
876 3774 950 3829 vir
977 3772 1318 3843 misericors;
1347 3771 1515 3826 virum
1541 3782 1710 3825 autem
1738 3770 1945 3840 fidelem
1973 3787 2103 3841 Opus

504 3879 578 3924 est
599 3865 872 3938 invenire(
917 3863 1074 3919 Prov.
1106 3878 1214 3930 xx,
1250 3863 1283 3917 6
1316 3861 1361 3933 ).
1431 3863 1500 3916 Et
1555 3877 1686 3918 vere
1735 3876 1966 3933 magnus
2019 3869 2104 3916 est

503 3960 600 4034 qui
628 3969 683 4016 et
710 3949 882 4014 divini
910 3955 1096 4027 operis
1127 3955 1401 4025 interpres
1423 3963 1546 4020 est,
1600 3964 1656 4010 et
1687 3953 1928 4008 imitator
1981 3952 2098 4007 Dei.

502 4056 682 4111 Homo
730 4061 812 4109 est
842 4053 989 4108 enim
1017 4050 1110 4122 qui
1160 4048 1337 4120 potuit
1363 4048 1586 4104 dicere:
1646 4045 1946 4101 Imitatores
2002 4044 2105 4100 mei

502 4158 682 4215 estote,
705 4148 836 4202 sicut
862 4154 910 4201 et
944 4160 1037 4217 ego
1084 4142 1277 4200 Christi
1313 4142 1380 4214 (Ι
1423 4141 1546 4196 Cor.
1595 4156 1649 4196 χι
1671 4183 1686 4208 ,
1717 4143 1742 4196 1
1778 4137 1818 4211 ).
1877 4139 2102 4196 Terram

507 4242 734 4310 excolit,
784 4241 927 4296 mari
976 4249 1255 4310 tamquam
1307 4237 1659 4308 possessione
1716 4237 1934 4300 utitur,
1979 4233 2102 4290 οωιί

505 4341 827 4398 ornamenta
871 4331 898 4370 δ
944 4340 1132 4404 gratus
1178 4331 1408 4384 miratur
1461 4337 1726 4384 assertor.
1790 4327 2105 4381 Evanuerat

503 4445 691 4486 rerum
737 4405 1084 4502 natura,'nisi
1105 4424 1199 4504 qui
1221 4438 1286 4479 ea
1310 4431 1577 4488 uteretur,
1603 4420 1788 4476 divina
1808 4420 2100 4492 providen-

504 4527 578 4583 tia
624 4531 771 4579 esset
804 4522 1075 4597 adjectus.

2208 3337 2303 3374 nus
2333 3329 2453 3384 tum,
2484 3329 2530 3373 et
2561 3328 2870 3387 paraverunt
2903 3335 3004 3374 me.

2280 3412 2366 3467 '10.
2399 3410 2516 3470 Non
2554 3412 2832 3472 mediocre
2872 3427 3009 3482 opus
3050 3421 3171 3479 est,
3217 3412 3361 3483 quod
3392 3422 3634 3483 paratum
3672 3422 3757 3469 est
3789 3429 3802 3465 :

2205 3520 2328 3560 cum
2361 3505 2629 3576 sapientia
2673 3505 3092 3575 unumquodque
3129 3504 3436 3576 disponitur
3475 3513 3530 3564 et
3560 3514 3803 3574 paratur.

2207 3597 2448 3668 Denique
2487 3596 2768 3670 Sapientia
2807 3597 2938 3662 dicit
2985 3614 3000 3652 :
3049 3596 3181 3657 Cum,
3224 3607 3430 3667 pararet
3469 3597 3652 3661 cmlos,
3683 3613 3807 3658 cum

2204 3691 2294 3744 illo
2325 3706 2465 3744 eram
2503 3688 2686 3762 (Prov.
2719 3705 2843 3756 vnt,
2882 3687 2996 3760 27).
3041 3687 3197 3757 Quod
3235 3689 3308 3756 de
3336 3688 3646 3758 hominibus
3671 3687 3807 3746 dicit

2207 3779 2350 3836 idem
2405 3779 2673 3854 Propheta
2737 3799 2749 3833 ε
2813 3778 2926 3835 νοτ
2976 3777 3190 3846 Domini
3243 3781 3586 3854 prtrparantis
3631 3795 3808 3836 cervos

2207 3874 2380 3946 (Psal.
2417 3889 2614 3940 xxvut,
2634 3875 2709 3945 9).
2735 3875 2867 3943 Quae
2897 3891 2999 3929 vox
3026 3874 3238 3929 Domini
3269 3874 3362 3929 Dei
3393 3883 3497 3939 est,
3529 3875 3663 3929 nisi:
3694 3873 3807 3928 Fa-

2207 3968 2402 4020 ciamus
2437 3966 2687 4020 hominem
2721 3965 2876 4038 (Gen.
2911 3981 2950 4033 ι,
2972 3965 3207 4038 26).ρυί
3238 3976 3365 4022 sunt
3387 3965 3474 4028 isti
3499 3966 3668 4032 cervi,
3698 3968 3803 4022 nisi

2208 4059 2413 4117 inimici
2437 4061 2804 4132 serpentibus,
2837 4063 2930 4132 qui
2959 4075 3128 4131 super
3155 4060 3374 4131 aspides
3402 4061 3714 4132 ambulant,
3747 4072 3806 4130 et

2205 4168 2415 4209 venena
2448 4169 2554 4208 non
2582 4152 2997 4209 sentiunt?Non
3031 4151 3136 4210 vile
3157 4152 3345 4224 igitur,
3380 4168 3487 4208 non
3519 4156 3808 4223 corporale

2208 4248 2468 4314 arbitror,
2497 4247 2640 4319 quod
2663 4249 2875 4318 paravit
2905 4248 3068 4304 Deus.
3093 4246 3269 4304 Nosce
3287 4256 3340 4308 te
3364 4247 3564 4318 ipsum,
3589 4246 3752 4310 homo
3787 4265 3804 4304 :

2207 4351 2316 4410 tuae
2340 4343 2534 4400 animae
2563 4343 2761 4398 dicitur
2787 4341 2839 4406 in
2869 4340 3116 4398 Canticis
3143 4340 3491 4399 Canticorum
3523 4360 3536 4397 :
3569 4341 3690 4398 Nisi
3718 4359 3806 4397 co.-

2206 4436 2440 4507 gnoveris
2477 4444 2524 4488 te
2551 4438 2834 4506 formosam
2878 4436 2932 4489 in
2977 4434 3273 4490 mulieribus
3309 4433 3489 4505 (Cant.
3513 4449 3563 4499 ι,
3594 4433 3669 4506 'i).
3697 4435 3808 4490 Co-

2205 4542 2405 4600 gnosce
2431 4536 2506 4592 te,
2531 4527 2734 4593 anima,
2762 4527 2885 4598 quia
2913 4543 3020 4585 non
3045 4528 3116 4586 de
3145 4539 3312 4594 terra,
3341 4543 3450 4584 non
3479 4527 3548 4585 de
3573 4528 3686 4588 luto.
3710 4543 3802 4593 es;

571 4617 626 4673 8.
671 4615 911 4694 Denique
940 4624 1222 4690 postquam
1247 4614 1372 4671 fecit
1421 4613 1563 4671 Deus
1590 4613 1784 4674 cmlum
1817 4625 1872 4684 et
1903 4625 2101 4674 terram
2129 4615 2184 4684 Ι)
2208 4617 2235 4658 ά
2263 4620 2392 4692 quia
2427 4617 2722 4676 insufllavit
2746 4629 2800 4676 te
2827 4621 2970 4677 Deus
2989 4662 3005 4690 ,
3038 4629 3094 4678 et
3122 4619 3250 4678 fecit
3280 4629 3334 4678 te
3369 4621 3426 4677 in
3459 4623 3698 4678 animam
3727 4621 3806 4678 vi-

576 4797 602 4825 α
646 4784 798 4841 Hanc
846 4777 1176 4835 sententiam
1207 4776 1618 4848 elegantissime
1653 4782 1965 4850 expositam
2010 4796 2099 4837 re-

504 4860 686 4932 peries
713 4853 854 4932 apud
880 4851 1187 4932 Romanum
1228 4860 1527 4932 oratorem,
1557 4849 1656 4904 lib.
1736 4849 1821 4906 De
1853 4853 2097 4932 Ofﬁciis,

509 4920 562 4988 in
593 4932 710 4990 haec
739 4920 906 4986 verba
941 4964 953 4976 .
999 4921 1109 4986 Sed
1150 4920 1429 4996 quoniam,
1460 4929 1517 4974 ut
1543 4921 1791 4996 prwelare
1847 4920 2098 4996 scriptum

507 5013 580 5069 est
609 5020 642 5056 a
670 4999 912 5060 Platone,
943 4991 1218 5069 nonnobis
1247 4991 1416 5069 solum
1468 4994 1576 5046 nati
1605 5008 1780 5046 sumus
1805 5034 1822 5068 ,
1855 4991 2096 5067 ortusque

503 5061 669 5129 nostri
702 5078 899 5140 partem
925 5064 1094 5134 patria
1141 5063 1366 5140 vindicat
1396 5103 1412 5128 ,
1432 5072 1643 5140 partem
1675 5061 1929 5140 parentes,
1955 5061 2099 5140 par-

506 5157 605 5200 tem
647 5133 800 5196 amici
823 5155 841 5192 :
861 5208 870 5211 _
892 5133 1042 5206 atque
1071 5145 1123 5211 ut
1153 5133 1319 5211 placet
1345 5135 1541 5211 stoicis,
1573 5149 1692 5205 quae
1741 5137 1798 5211 in
1842 5133 1992 5211 terris
2017 5140 2098 5211 gi-

503 5225 753 5287 gnuntur,
802 5208 872 5287 ad
899 5222 1049 5264 usum
1078 5205 1348 5267 nuntiatam
1387 5206 1562 5287 omnia
1612 5208 1824 5287 creari!
1856 5205 2096 5287 gamma

502 5276 673 5360 autem
696 5276 963 5360 (conlinunt
993 5294 1151 5348 causa
1181 5293 1289 5336 esse
1313 5276 1553 5360 genitos;
1609 5286 1664 5330 ut
1723 5279 1824 5347 ipsi
1862 5281 1994 5360 inter
2041 5299 2095 5336 se

506 5348 642 5412 alius
666 5349 758 5409 alii
787 5351 1032 5422 prodesse
1059 5358 1288 5419 possent,
1318 5348 1372 5402 in
1424 5348 1522 5422 [ioc
1563 5359 1804 5403 naturam
1854 5349 2093 5408 debemus

505 5427 685 5482 ducem
734 5420 887 5500 sequi
910 5462 924 5486 ,
957 5429 1015 5500 et_
1045 5429 1337 5500 communes
1358 5420 1612 5500 utilitates
1672 5421 1724 5500 in
1755 5425 2096 5500 medrunr__af-

504 5503 660 5572 ferre,
710 5507 818 5552 etc.
870 5491 1078 5572 haudat
1130 5490 1294 5572 etiarn
1358 5490 1617 5572 Lucanus
1667 5491 1934 5560 Catonem
1978 5490 2097 5556 υίί..

500 5561 722 5638 censeat
743 5563 891 5641 quod
917 5564 1036 5632 ejus
1059 5570 1210 5626 secta
1242 5561 1402 5618 fuerit
1437 5582 1452 5622 ;

751 5667 866 5718 Non
887 5665 999 5726 sibi,
1023 5662 1115 5714 sed
1137 5663 1223 5713 toti
1245 5663 1468 5727 genitum
1489 5675 1546 5714 se
1566 5663 1777 5714 credere
1800 5665 1997 5714 mundo.

508 5778 701 5844 Mirum
733 5783 820 5834 est
866 5770 1379 5844 itaqne_inventum
1419 5784 1541 5826 esse
1583 5769 1939 5844 christianum
1994 5770 2095 5827 ho-

508 5841 743 5920 minem,
785 5844 879 5919 qui
928 5841 1246 5917 praeclarum
1301 5841 1404 5896 hoc
1457 5842 1870 5920 pronuntiatum
1921 5844 2096 5914 impn-

2200 4797 2368 4852 gnare
2399 4780 2977 4855 auderet._Prte_cipua
3026 4783 3145 4852 ejus
3191 4793 3505 4852 argumenta
3564 4785 3801 4855 displosa

2201 4855 2444 4928 reperies
2491 4863 2624 4908 tom.
2666 4852 2738 4928 lli
2765 4852 2971 4909 Philas.
2996 4864 3121 4928 Avet.
3177 4863 3234 4910 et
3267 4870 3394 4910 nov.
3433 4897 3448 4918 ,
3511 4852 3670 4913 tract.
3720 4860 3754 4916 '5
3783 4903 3799 4928 ,

2203 4925 2344 4996 disp.
2397 4927 2453 4987 l.
2484 4933 2679 4997 quam.
2709 4926 2743 4982 5
2773 4968 2788 4991 ,
2851 4936 2951 4981 art.
2986 4926 3042 4982 2.

2273 4997 2301 5035 ι)
2345 4997 2491 5056 Etlit.
2519 5013 2750 5066 omnes,
2789 4999 3002 5074 grandis
3049 4998 3269 5052 miratur
3308 5009 3580 5068 assertor;
3631 5016 3800 5069 mss.,

2239 5081 2401 5130 ratus,
2434 5078 2540 5125 etc.
3176 5107 3191 5122 .

2239 5088 2401 5130 ratus,
2434 5088 2485 5124 et
2529 5111 2540 5125 .
3176 5107 3191 5122 .

2203 5088 2236 5142 g
2280 5153 2300 5180 ε
2333 5088 2652 5196 Rom.cedit.
2676 5182 2691 5206 ,
2737 5140 2836 5215 nisi
2859 5140 3248 5215 custodinmtui
3278 5144 3340 5197 ob
3363 5144 3586 5213 gratiam
3613 5160 3804 5215 opera-

2204 5214 2404 5270 tianum
2426 5215 2540 5285 ejus
2571 5212 2864 5271 ostendunt.
2915 5211 3030 5268 Vat.
3081 5213 3212 5285 edit.
3237 5257 3251 5279 ,
3297 5211 3395 5269 nisi
3426 5211 3712 5270 studiosam
3738 5219 3802 5272 ob

2202 5285 2423 5356 gratiam
2443 5282 2917 5358 iuioperationem.
2948 5291 3055 5358 etc.
3089 5282 3220 5352 Sed,
3258 5286 3319 5340 ob
3344 5290 3590 5358 gratiam,
3617 5304 3719 5345 nec
3745 5290 3799 5346 iu

2204 5371 2334 5411 mss.
2359 5357 2649 5426 reperitur,
2681 5371 2777 5410 nec
2801 5357 2982 5410 sensui
3021 5357 3386 5412 necessarium
3419 5369 3523 5413 est.

2278 5426 2305 5463 ἀ
2329 5425 2549 5481 Cuncta:
2576 5427 2708 5482 edit.
2737 5468 2751 5492 ,
2783 5426 2904 5493 quia
2924 5429 3211 5500 insufﬂauit
3241 5429 3294 5483 in
3321 5439 3370 5482 te
3397 5428 3565 5485 Deus.
3606 5430 3797 5487 Cuncti

2207 5497 2324 5554 fere
2372 5513 2504 5556 mss.
2556 5513 2665 5570 non
2707 5509 3008 5566 agnoscunt
3043 5497 3532 5570 praepositionem.
3590 5502 3802 5557 Rursus

2204 5579 2311 5644 vet.
2350 5571 2529 5644 edit.._
2543 5569 2686 5638 Opus
2715 5578 2802 5644 _est
2840 5569 3205 5644 magniﬁcum,
3233 5569 3331 5634 Dei
3357 5574 3686 5644 genet‘qilone
3718 5575 3799 5640 in-

2200 5641 2470 5723 spiratam.
2499 5640 2677 5723 Ront.,
2703 5639 2850 5723 Op‘us
2873 5639 3205 5712 magniﬁcum
3226 5654 3296 5723 est
3321 5639 3494 5710 homo,
3516 5639 3798 5723 Deiinspi—

2197 5713 2401 5785 ratione
2431 5714 2724 5785 tenuatum.
2755 5713 2954 5785 omnes
2985 5729 3114 5770 mss.
3147 5717 3284 5774 utin
3310 5724 3490 5780 textu;
3522 5716 3626 5772 nisi
3652 5713 3794 5785 quod

2198 5782 2391 5840 ultima
2423 5782 2585 5837 verba
2617 5793 2732 5840 tres
2770 5783 2850 5839 sic
2880 5785 3282 5854 iuvertuut,....
3328 5782 3685 5860 inspiratione
3707 5805 3795 5860 ge?

2199 5864 2454 5916 iteratum.
3175 5862 3179 5865 ’
3414 5871 3417 5885 ⁵
