4104 6350
252 322 370 383 i353
1304 317 1373 377 ΙΝ
1410 316 1742 381 Ρεειιιιιιιι
1774 318 1873 385 (ΣΧ

1895 318 1991 385 "ll
2029 319 2419 385 EXPOSITIO.
3378 328 3516 387 ιδιιι

252 450 440 498 ventem
459 435 618 508 (Gen.
648 449 709 505 ιι,
736 434 817 510 6).
849 434 1000 507 Opus
1025 451 1086 493 cs
1114 436 1493 508 magniﬁcum,
1522 436 1619 495 Del
1647 451 1815 509 gene-
1839 442 1898 507 Α
1922 455 2031 497 non
2059 439 2367 501 invenitur?
2390 439 2526 503 Nam
2555 442 2603 498 si
2631 443 2938 508 inveniatur
2964 446 3023 505 in
3051 454 3108 507 to
3132 447 3308 518 imago
3335 444 3435 506 ne;
3462 458 3531 507 αι,

248 535 429 592 ratione
453 531 797 602 inspiratam.
833 530 1054 587 Attende
1086 530 1200 597 tibi,
1230 538 1295 587 ut
1317 529 1436 588 Lex
1466 530 1603 587 dicit
1629 528 1811 602 (Deut.
1916 532 2247 601 similitudo,
2286 549 2395 593 non
2439 534 2710 605 Supplicia
2747 538 2945 615 incipis
2986 539 3185 611 dignus
3220 553 3378 603 esse.
3419 543 3516 601 sed

248 645 310 695 tv,
344 626 419 696 ll),
441 623 547 682 hoc
570 634 655 687 est
682 622 800 689 tibi,
839 622 891 678 id
918 635 1025 692 est,
1059 624 1252 683 animae
1285 634 1413 681 tuae.
1440 623 1732 682 Saeuiaria
1760 633 1813 681 te
1916 628 2164 695 praemio.
2193 626 2271 687 ita
2298 628 2475 700 imago
2504 629 2598 685 illa
2621 645 2726 701 qua
2756 632 2825 688 ad
2856 632 3145 705 imaginem
3181 641 3239 695 et
3264 634 3518 697 similitu-

245 732 290 779 et
313 718 567 777 mundana
588 733 656 774 ne
680 725 923 784 teneant,
954 717 1231 774 terrestria
1262 732 1371 775 non
1400 728 1704 779 morentur.
1729 716 1813 777 Ad
1915 718 2101 774 dinem
2129 720 2226 781 Dei
2256 720 2428 779 lactus
2455 737 2534 793 es,
2566 738 2675 783 non
2704 725 3131 800 condemnatur,
3161 726 3257 789 sed
3288 741 3517 795 corona-

244 816 371 874 illum
408 822 514 869 tota
561 811 865 869 intentione
892 808 1093 867 festina
1111 852 1128 878 ,
1159 826 1230 869 ex
1260 809 1419 881 cujus
1447 809 1813 881 inspiratione
1914 822 2023 869 tur.
2041 813 2440 881 Condemnaris
2462 827 2642 875 autem
2668 820 2721 880 in
2748 835 2838 891 eo.
2856 822 3001 893 quod
3025 822 3141 895 ipse
3162 830 3404 885 mutatus
3424 841 3514 892 cs;

245 909 486 969 mnsistis.
519 905 751 971 Grande,
783 904 978 976 inquit,
1010 904 1165 961 homo
1194 914 1243 961 et
1266 906 1551 976 pretiosum
1570 922 1699 977 opus
1736 905 1813 963 uir
1916 918 1974 965 ut
2000 908 2159 966 ﬁeres
2187 926 2259 968 ex
2291 912 2511 969 homine
2537 928 2800 985 serpens,
2829 918 3041 991 mulus,
3081 933 3253 992 equus
3278 961 3293 986 ,
3323 920 3515 991 vulpe-

244 1002 528 1068 ntisericors;
548 999 717 1054 uirum
737 1007 905 1053 autem
921 996 1131 1069 ﬁdelem
1146 994 1812 1069 opusestinuenire(Proo-.
1914 1005 2055 1060 cuia.
2103 1005 2199 1062 His
2235 1006 2382 1065 enim
2424 1008 2739 1065 nominibus
2773 1010 2885 1081 jam
2926 1027 3028 1069 nos
3068 1013 3350 1085 Scriptura
3379 1028 3514 1072 con-

243 1117 318 1165 xx,
346 1098 416 1171 ὃ).
445 1098 623 1163 Disce,
655 1097 841 1164 homo,
876 1098 964 1155 ubi
993 1097 1255 1169 grandis,
1287 1098 1379 1155 ubi
1406 1098 1681 1170 pretiosus
1708 1097 1807 1153 sis.
1915 1097 2225 1167 demnavit;
2257 1100 2382 1171 quia
2425 1103 2572 1167 exuti
2604 1103 2844 1167 caelestis
2872 1106 3126 1177 imaginis
3150 1118 3474 1167 ornamento
3495 1151 3511 1177 ,

197 1252 206 1272 7.
242 1194 391 1251 Vitem
433 1204 489 1249 te
538 1201 684 1251 terra
723 1192 1067 1251 demonstrat
1115 1210 1130 1250 :
1168 1194 1267 1253 sed
1299 1194 1601 1266 gloriosum
1635 1191 1813 1248 virtus
1913 1190 2078 1246 etiam
2122 1207 2320 1249 nomen
2364 1192 2603 1255 hominis
2635 1196 2975 1267 amittimus,
3008 1200 3100 1271 qui
3139 1201 3369 1272 gratiam
3420 1180 3519 1261 bo;

240 1287 370 1353 facit,
394 1284 532 1343 ﬁdes
554 1300 777 1352 rarum,
809 1285 989 1356 imago
1023 1285 1345 1356 pretiosum.
1393 1288 1476 1343 An
1513 1284 1811 1357 quidquam
1913 1281 2080 1338 minis
2104 1299 2214 1339 non
2238 1293 2505 1343 tenemus.

241 1389 332 1436 tam
368 1378 708 1449 pretiosum,
753 1393 917 1450 quam
957 1378 1136 1451 imago
1172 1387 1260 1436 est
1297 1379 1426 1444 Dei,
1469 1393 1594 1448 qua
1632 1376 1813 1448 primo
1990 1375 2078 1430 12.
2122 1375 2181 1430 In
2233 1377 2510 1450 aliquibus
2569 1389 2750 1439 tamen
2808 1382 3094 1442 codicibus
3144 1386 3456 1449 invenimus.
3502 1408 3514 1444 :

240 1471 320 1527 tibi
345 1469 502 1527 ﬁdem
543 1469 709 1531 debet
754 1470 1075 1538 inlundere;
1116 1482 1175 1528 ut
1213 1472 1267 1528 in
1305 1471 1474 1531 corde
1506 1481 1601 1527 tuo
1638 1469 1810 1527 reful-
1916 1465 2109 1523 Manus
2130 1479 2233 1524 tua:
2252 1474 2484 1541 fecerunt
2506 1489 2608 1540 me,
2627 1483 2674 1530 et
2695 1473 3087 1547 plasmauerunt
3108 1494 3209 1534 me.
3234 1478 3344 1536 Nec
3368 1479 3513 1537 istud

238 1573 341 1637 goat
365 1561 616 1635 quaedam
645 1564 882 1623 auctoris
908 1564 1151 1636 efﬁgies:
1178 1581 1249 1623 ne
1274 1566 1369 1636 qui
1395 1572 1636 1621 mentem
1661 1573 1808 1621 tuam
1913 1560 2188 1625 alienum;
2221 1561 2347 1633 quia
2377 1572 2432 1619 et
2466 1563 2572 1621 Job
2611 1565 2747 1622 dixit
2791 1584 2805 1623 :
2849 1566 3042 1625 Manus
3083 1579 3189 1627 tute
3228 1570 3517 1639 plasmare-

239 1659 546 1730 interrogat,
587 1671 699 1715 non
740 1667 1004 1730 agnoscat
1041 1661 1359 1717 auctorem?
1398 1661 1482 1716 An
1512 1658 1808 1730 quidquam
1913 1665 2036 1709 runt
2067 1672 2165 1724 me,
2197 1665 2245 1711 et
2268 1661 2498 1729 [emunt
2527 1676 2607 1714 me
2636 1658 2779 1731 (Job.
2811 1677 2868 1728 ιι,
2902 1661 2982 1735 8).
3007 1662 3165 1721 Unde
3194 1673 3250 1721 et
3277 1664 3369 1729 hic
3398 1666 3515 1723 edi-

236 1762 327 1808 tam
352 1753 673 1825 pretiosum,
700 1766 862 1823 quam
894 1751 1208 1819 humilitas;
1240 1763 1300 1810 ut
1324 1761 1574 1811 naturam
1609 1766 1809 1822 corpo-
1914 1747 2088 1814 citur,
2138 1758 2198 1805 ut
2248 1750 2559 1815 meminerit
2606 1753 2749 1813 Deus
2795 1755 2920 1827 quia
2970 1757 3151 1829 pulvis
3198 1772 3427 1827 sumus;
3460 1771 3520 1817 ut

237 1847 300 1903 ris
320 1846 624 1917 abitumque
656 1845 1013 1917 perspiciens,
1043 1854 1072 1884 α
1094 1846 1253 1905 alteri
1278 1855 1334 1903 te
1359 1845 1640 1916 subjiciat,
1671 1845 1807 1901 alte-
1836 1858 1883 1919 Β
1911 1841 2183 1898 uberioris
2205 1844 2395 1915 gratiae
2424 1859 2620 1901 munus
2642 1843 2914 1923 infundat,
2947 1864 3049 1907 nec
3076 1850 3352 1913 inﬁrmum
3380 1866 3518 1923 opus

234 1958 333 2001 rum
350 1957 539 2014 regere
562 1941 774 2015 ι,ωο
798 1939 1119 2010 cognoscas?
1138 1940 1311 1998 Prona
1335 1941 1388 1996 in
1415 1940 1604 1996 vitium
1630 1939 1812 1995 carnis
1914 1937 2156 1994 deserat.
2201 1936 2550 1999 Gubernator
2578 1938 2874 2001 ﬂuctuante
2905 1942 3119 2014 navigio
3163 1943 3283 2013 plus
3314 1944 3519 2009 laboris

235 2034 468 2092 illecebra
521 2032 956 2091 misericordiam
1012 2033 1244 2099 suadet;
1292 2033 1417 2104 quia
1466 2031 1613 2102 quod
1652 2031 1809 2087 alteri
1915 2028 2219 2103 impendit,
2270 2046 2431 2102 quam
2480 2044 2653 2091 cumc
2687 2033 2930 2093 secundo
2978 2036 3265 2111 remigium
3312 2035 3519 2099 labitur

235 2127 536 2195 contuleris,
556 2125 656 2187 tibi
688 2126 854 2187 solvis
879 2144 894 2181 :
936 2126 1198 2199 quidquid
1224 2142 1256 2182 a
1279 2134 1333 2185 te
1353 2126 1625 2198 procedit,
1663 2127 1723 2182 in
1758 2135 1810 2183 te
1913 2120 2085 2179 ﬂuctu
2107 2164 2121 2189 ,
2153 2131 2247 2181 aut
2276 2135 2560 2189 ventorum
2591 2124 2753 2187 ﬂatus
2774 2169 2789 2193 ,
2823 2142 2922 2184 suo
2953 2138 3247 2203 superante
3285 2129 3476 2186 labore
3499 2171 3514 2195 ,

236 2221 445 2277 recurrit
475 2238 489 2275 :
520 2230 577 2277 et
596 2219 859 2290 quidquid
889 2218 1187 2291 profueris,
1220 2219 1319 2275 tibi
1347 2218 1583 2291 prolicit.
1912 2219 2227 2289 praecurrit.

292 2312 370 2369 ιι.
398 2309 623 2369 Vivacis
648 2311 845 2371 animm
867 2314 1027 2384 vigor
1051 2325 1270 2377 sensus,
1296 2310 1548 2377 rationis,
1573 2318 1630 2369 et
1652 2309 1812 2369 intel-
1988 2312 2076 2366 15.
2109 2309 2304 2367 Manus
2346 2321 2480 2378 tute.
2512 2312 2723 2384 inquit,
2771 2313 3161 2385 plasmauerunt
3193 2331 3292 2371 me.
3325 2314 3519 2381 Manus

236 2404 380 2469 lectus
412 2420 625 2476 capax,
656 2411 823 2476 atque
855 2403 1048 2475 judicii
1088 2421 1105 2472 ;
1144 2413 1206 2463 ut
1238 2405 1402 2477 digna
1431 2404 1628 2461 domus
1658 2412 1813 2461 tanto
1915 2402 2050 2460 dicit
2087 2404 2405 2478 pluraliter,
2438 2422 2546 2461 non
2577 2421 2821 2475 manum.
2853 2409 2921 2465 At
2948 2423 3078 2465 vero
3101 2406 3227 2469 alibi
3253 2408 3330 2464 ait
3359 2426 3373 2464 :
3401 2406 3518 2482 Ego

237 2495 521 2558 habitatore
546 2497 829 2565 videatur,
863 2511 971 2553 non
1005 2497 1220 2555 amittat
1256 2512 1372 2555 suae
1394 2497 1809 2568 praerogativam
1915 2514 2073 2552 manu
2103 2514 2216 2552 mea
2239 2498 2457 2554 solidavi
2484 2497 2665 2554 cwlum
2689 2496 2861 2575 (Esai.
2896 2516 3021 2567 va,
3048 2500 3156 2572 12).
3183 2499 3250 2556 Et
3283 2518 3298 2554 :
3329 2499 3520 2555 Manus

239 2598 454 2657 natura,
491 2606 561 2651 ne
595 2590 831 2649 hominis
857 2606 1056 2649 nomen
1082 2592 1314 2648 amittat.
1357 2591 1637 2661 Scriptura
1664 2592 1811 2649 enim
1915 2606 2028 2644 mea
2075 2591 2198 2661 fecit
2237 2591 2346 2647 lucc
2393 2590 2565 2667 (Esai.
2613 2607 2771 2659 wa,
2811 2591 2894 2662 2).
2934 2593 3145 2669 109}
3183 2590 3246 2648 In
3277 2592 3519 2651 hominis

236 2700 340 2741 eum
365 2685 643 2745 hominem
673 2685 835 2751 dicit,
876 2685 971 2756 qui
998 2694 1084 2745 est
1112 2684 1183 2743 ad
1213 2685 1503 2756 imaginem
1528 2694 1585 2745 et
1611 2685 1811 2747 simili-
1914 2683 2308 2740 constitutione
2334 2683 2550 2739 videtur
2577 2699 2685 2739 non
2710 2684 3038 2752 abundasse,
3063 2682 3208 2756 quod
3238 2686 3336 2743 toti
3364 2701 3520 2740 mun-

239 2779 453 2836 tudinem
488 2781 583 2837 Dei
618 2797 633 2834 :
665 2790 982 2851 peccantem
1008 2787 1216 2845 autem,
1246 2795 1355 2839 non
1386 2779 1683 2846 hominem,
1713 2779 1814 2837 sed
1916 2777 2008 2846 do,
2040 2788 2099 2834 ut
2124 2777 2302 2845 ﬁeret,
2326 2777 2643 2833 abundavit.
2671 2776 2882 2834 Caelum
2908 2794 3012 2834 una
3038 2777 3277 2833 ﬁrmavit
3298 2793 3516 2847 manus,

237 2883 314 2928 aut
337 2882 684 2945 serpentem,
726 2880 823 2929 aut
867 2888 1067 2943 equum
1107 2871 1521 2929 adhinnientem
1563 2871 1810 2938 feminis,
1917 2880 1973 2925 ut
2006 2871 2271 2941 scriptum
2311 2877 2395 2925 est
2439 2888 2453 2926 :
2503 2870 2562 2925 et
2602 2879 2837 2940 utraque
2868 2869 2962 2926 Dei
3003 2884 3195 2925 manus
3238 2868 3517 2935 hominem

236 2974 312 3019 aut
342 2966 712 3036 vulpeculam,
762 2973 857 3029 aut
898 2963 1207 3036 iumentum
1252 2978 1453 3025 vocare
1501 2963 1807 3025 consuevit.
1916 2965 2195 3036 ﬁguravit,
2228 2973 2289 3018 ut
2318 2963 2565 3035 legimus.
2598 2961 2811 3020 Caelum
2842 2978 2949 3020 non
2979 2964 3047 3019 ad
3080 2962 3513 3030 similitudinem,

236 3056 389 3115 Nolite
414 3058 537 3129 ﬁeri
573 3059 707 3115 sicut
741 3074 899 3131 equus
939 3069 1031 3113 aut
1060 3058 1233 3113 mulus
1270 3057 1456 3128 quibus
1481 3072 1584 3113 non
1611 3064 1689 3112 est
1723 3056 1811 3111 in—
1915 3054 2082 3111 homo
2133 3054 2200 3110 ad
2250 3054 2685 3111 similitudinem.
2748 3054 2940 3126 Angeii
2992 3054 3059 3109 ad
3117 3054 3514 3123 ministerium,

234 3150 455 3205 tellectus.
498 3148 565 3204 In
597 3165 745 3204 como
774 3158 820 3204 et
851 3154 1000 3220 freno
1028 3149 1274 3206 maxillas
1292 3164 1472 3203 eorum
1493 3148 1810 3218 constringe,
1917 3146 2084 3203 homo
2108 3147 2175 3202 ad
2197 3146 2509 3218 imaginem.

236 3241 306 3308 qui
338 3242 404 3295 ad
440 3250 497 3297 te
545 3257 649 3296 non
686 3242 1112 3313 appropinquant
1141 3239 1318 3315 (Psal.
1348 3254 1505 3307 XXXI,
1559 3236 1640 3309 9).
1688 3238 1758 3293 Et
1796 3255 1809 3293 :
1841 3241 1891 3306 C
1992 3240 2079 3297 14.
2117 3241 2249 3296 Esto
2279 3247 2337 3293 ut
2365 3246 2422 3295 et
2448 3238 2629 3310 angeli
2661 3238 2728 3294 ad
2761 3239 3075 3311 imaginem.
3121 3238 3404 3310 Scriptum
3439 3247 3519 3294 ta-

238 3331 383 3391 Dicite
403 3335 530 3391 huic
554 3334 697 3406 vulpi
724 3332 878 3408 (Luc.
896 3349 1009 3399 xm,
1031 3334 1150 3405 52),
1182 3335 1249 3391 de
1279 3333 1496 3395 llerode
1520 3332 1613 3389 ait.
1647 3330 1812 3389 Gene-
1916 3348 2040 3389 men
2086 3331 2155 3388 de
2190 3330 2412 3387 homine
2443 3331 2623 3386 locuta
2670 3341 2755 3387 est
2795 3329 2943 3402 quod
2987 3333 3060 3387 sit
3084 3331 3153 3386 ad
3204 3332 3517 3404 imaginem.

233 3428 347 3485 ratio
380 3430 683 3499 rimarum
728 3436 953 3487 vocatur
997 3442 1027 3481 a
1075 3426 1289 3489 Joanne
1334 3427 1494 3498 plebs
1528 3426 1813 3482 hominum
1915 3426 2191 3482 Habemus
2239 3425 2386 3480 enim
2427 3423 2632 3494 aliquid
2680 3423 2824 3494 quod
2872 3422 3107 3478 fortasse
3169 3423 3349 3495 angeli
3410 3432 3519 3479 nun

237 3521 368 3593 (Luc.
397 3540 494 3589 ιιι,
524 3520 603 3595 7).
632 3523 884 3595 Magnum
910 3538 1043 3595 ergo
1065 3537 1203 3594 opus
1232 3522 1330 3583 Dei
1356 3537 1437 3590 es,
1461 3524 1659 3589 homo,
1693 3537 1813 3578 ma~
1916 3520 2186 3584 habeant;
2242 3518 2331 3574 ubi
2380 3519 2527 3574 enim
2594 3516 2894 3574 abundavit
2958 3525 3268 3589 peccatum,
3325 3533 3518 3588 super-

234 3633 376 3689 gnum
400 3630 489 3677 est
522 3618 668 3691 quod
694 3618 846 3677 dedit
881 3619 977 3675 tibi
1011 3618 1188 3685 Deus;
1233 3618 1358 3676 vide
1389 3634 1457 3677 ne
1486 3618 1633 3690 quod
1666 3618 1812 3679 Deus
1917 3612 2212 3670 abundavit
2236 3613 2434 3684 gratia.
2462 3610 2631 3667 Nobis
2660 3620 2745 3667 est
2782 3619 2946 3667 natus
2973 3611 3226 3667 Christus
3246 3626 3311 3668 ex
3342 3610 3522 3682 Virgi-

234 3711 424 3778 tribuit,
445 3711 673 3773 amittas
718 3726 972 3783 magnum
1003 3710 1137 3766 illud
1182 3727 1410 3780 munus,
1454 3711 1599 3782 quod
1644 3726 1706 3768 es
1745 3712 1812 3766 ad
1915 3720 2008 3763 ne.
2041 3704 2295 3776 Legimus
2335 3705 2482 3760 enim
2519 3721 2534 3759 :
2566 3702 2711 3758 Puer
2749 3713 2906 3758 natus
2946 3712 3022 3758 est
3062 3701 3239 3768 nobis,
3285 3708 3339 3756 et
3375 3701 3518 3771 ﬁlius

233 3805 501 3877 imaginem
533 3806 673 3873 Dei;
711 3815 768 3861 ct
798 3804 902 3861 hoc
940 3806 995 3861 in
1040 3813 1095 3862 te
1134 3806 1390 3877 puniatur
1428 3806 1623 3877 magis.
1670 3805 1814 3865 Deus
1917 3801 2070 3856 datus
2096 3811 2169 3855 est
2190 3800 2336 3855 nobis
2358 3797 2531 3872 (Emi.
2562 3813 2637 3863 rx,
2662 3795 2740 3869 6).
2774 3796 2946 3852 Nobis
2969 3811 3190 3852 carnem
3222 3796 3462 3865 suscepit
3502 3813 3514 3848 :

234 3900 361 3957 enim
386 3916 501 3961 non
532 3900 691 3971 punit
713 3899 1125 3961 similitudinem
1154 3915 1308 3957 suam
1345 3899 1480 3956 :sed
1503 3915 1628 3957 eum
1659 3902 1817 3969 punit
1916 3895 2086 3950 immo
2140 3893 2322 3964 potius
2369 3908 2470 3948 nos
2524 3891 2577 3947 in
2624 3891 2715 3946 illa
2769 3904 2936 3947 carne
2990 3889 3265 3960 suscepit,
3301 3887 3330 3926 ⁶
3374 3888 3520 3960 quod

232 3995 309 4063 qui
337 3995 400 4053 ad
429 3993 849 4063 similitudinem
888 3993 985 4049 Dei
1017 3993 1211 4059 factus,
1251 3992 1356 4050 hoc
1393 3992 1540 4064 quod
1576 3994 1806 4064 accepit,
1916 3987 2114 4043 Filium
2170 3986 2411 4041 hominis
2455 3985 2511 4040 in
2560 3984 2657 4040 Dei
2699 3983 2829 4040 sede
2870 3984 3173 4039 constituit.
3228 3982 3346 4037 Non
3400 3982 3522 4051 lego

232 4082 484 4144 itset-vare
536 4100 647 4145 non
696 4086 889 4157 potuit.
937 4086 1166 4143 Ponitur
1203 4100 1337 4157 ergo
1379 4084 1513 4142 illud
1562 4083 1709 4152 quod
1743 4084 1810 4140 ad
1916 4081 2144 4150 angelos
2190 4080 2244 4134 in
2286 4078 2380 4133 Dei
2411 4075 2546 4132 sede
2590 4076 2693 4131 nisi
2725 4083 2964 4141 stantes,
3008 4073 3109 4128 nisi
3145 4070 3515 4128 ministerium

230 4176 626 4239 similitudinem
674 4177 770 4233 Dei
800 4192 923 4235 esse
964 4177 1212 4246 desistit,
1244 4176 1350 4234 hoc
1378 4186 1464 4232 est
1484 4219 1498 4243 ,
1528 4183 1810 4250 peccatum
1916 4173 2231 4231 deterentes
2258 4171 2445 4245 (Hebr.
2477 4186 2517 4236 ι,
2546 4170 2647 4235 ib;
2678 4171 2842 4241 Apoc.
2866 4183 2986 4230 vm,
3013 4168 3078 4232 2;
3104 4167 3244 4222 Dan.
3276 4180 3370 4233 vu,
3401 4164 3513 4237 10).

231 4277 382 4326 ιιιιιιιι.
414 4271 555 4329 Nam
589 4285 744 4326 suam
775 4270 919 4329 Deus
947 4286 1055 4326 non
1083 4270 1308 4327 damnat
1348 4270 1640 4342 imaginem
1662 4310 1677 4337 ,
1710 4283 1813 4325 nec
1916 4269 2032 4325 Non
2061 4268 2183 4338 lego
2202 4267 2426 4338 angelos
2446 4306 2463 4333 ,
2496 4263 2590 4320 sed
2623 4262 2873 4318 homines
2901 4261 3254 4332 consepuitos
3277 4257 3517 4325 Christo,

230 4360 276 4417 in
310 4364 439 4420 illud
478 4362 795 4420 incendium
828 4362 998 4421 mittit
1025 4372 1293 4421 aeternum
1321 4380 1336 4418 :
1363 4362 1462 4418 sed
1494 4362 1666 4432 magis
1694 4362 1813 4417 vin—
1915 4372 1971 4421 et
1997 4362 2052 4419 in
2083 4362 2301 4418 Christo
2339 4357 2692 4416 resuscitatos
2725 4354 2904 4429 (Rom.
2923 4370 2998 4421 vr,
3030 4354 3066 4409 4
3087 4362 3137 4409 et
3163 4354 3243 4423 5).
3276 4350 3521 4422 Denique

228 4455 353 4514 dicat
377 4459 672 4531 imaginem
697 4473 849 4513 suam
878 4458 947 4514 de
976 4473 1063 4525 eo,
1091 4459 1183 4530 qui
1215 4456 1443 4529 imagini
1472 4458 1550 4517 illi
1575 4456 1702 4515 fecit
1729 4458 1813 4513 in-
1914 4460 1991 4513 ait
2016 4456 2340 4528 Apostolus:
2369 4454 2511 4520 Quia
2532 4449 2906 4521 conuiuiﬁcavil
2927 4464 3020 4503 nos
3040 4447 3095 4501 in
3119 4444 3346 4513 Christo,
3367 4448 3520 4519 cujus

224 4550 440 4620 iuriam;
483 4561 547 4608 ut
576 4568 671 4619 per
698 4552 959 4608 malitiam
984 4550 1171 4618 homo,
1200 4551 1347 4622 quod
1373 4567 1495 4609 eras
1515 4593 1529 4616 ,
1564 4567 1685 4613 esse
1714 4551 1811 4608 de-
1915 4551 2084 4623 gratia
2112 4550 2234 4605 estis
2272 4544 2400 4603 salui
2430 4546 2559 4615 facti
2599 4560 2619 4599 :
2659 4552 2710 4598 et
2747 4540 2905 4597 simul
2936 4540 3228 4606 suscitavit,
3263 4537 3518 4609 simulque

228 4644 448 4712 sineres,
478 4654 542 4702 et
568 4646 724 4703 lieres
753 4644 933 4703 mulus
953 4661 1019 4701 ex
1051 4645 1297 4702 homine.
1328 4644 1650 4703 Vindicatur
1680 4661 1809 4715 ergo
1838 4637 1892 4698 D
1917 4645 2091 4699 sedere
2121 4643 2239 4713 fecit
2263 4641 2317 4695 in
2346 4637 2655 4704 calonibus,
2678 4636 2735 4690 in
2763 4635 2968 4691 Christo
2995 4630 3124 4688 Jesu
3147 4631 3368 4706 (Ephes.
3393 4647 3452 4695 ll,
3486 4631 3521 4684 5

230 4736 423 4811 imago,
471 4754 587 4797 non
614 4740 1033 4803 condemnatur.
1081 4738 1403 4797 Vindicatur
1432 4740 1584 4809 quasi
1617 4740 1808 4809 expui-
1920 4747 1967 4792 et
1998 4738 2075 4809 t5).
2110 4735 2280 4789 Filius
2301 4747 2433 4802 ergo
2462 4729 2697 4786 hominis
2723 4728 2792 4785 ad
2817 4720 3242 4793 dexteram'llei,
3275 4740 3380 4780 non
3407 4725 3521 4779 Au-

227 4845 279 4885 sa
317 4851 333 4888 :
376 4849 488 4891 non
534 4832 929 4893 condemnatur
972 4834 1126 4903 quasi
1171 4848 1285 4888 rea.
1328 4832 1621 4904 Postquam
1664 4834 1809 4890 enim
1917 4831 2105 4901 geius,
2161 4840 2269 4882 non
2317 4820 2725 4892 Archangelus.
2766 4828 2873 4876 nec
2907 4819 3202 4875 Cherublm
3259 4828 3313 4872 et
3354 4817 3520 4874 Sera-

227 4926 484 4995 peccasti,
530 4925 675 4981 aliud
708 4941 832 4998 esse
862 4926 1074 4995 cmpisti
1110 4944 1127 4981 :
1157 4924 1291 4996 illud
1318 4925 1463 4994 quod
1503 4940 1662 4992 eras,
1692 4941 1815 4983 esse
1921 4922 2091 4993 phim.
2128 4920 2221 4974 illa
2253 4917 2479 4973 laudant
2512 4933 2525 4970 :
2557 4914 2727 4970 Filius
2755 4913 2985 4968 hominis
3015 4912 3186 4967 sedet.
3220 4910 3388 4967 Filius
3417 4911 3518 4964 ho-

229 5015 445 5077 dcsiisti.
469 5017 756 5086 Quomodo
795 5015 958 5091 igitur
986 5015 1209 5089 punitur
1249 5016 1302 5075 in
1346 5023 1427 5083 te,
1472 5016 1619 5086 quod
1661 5018 1714 5072 in
1763 5026 1815 5073 te
1921 5017 2083 5072 minis
2112 5015 2427 5087 angelorum
2465 5027 2563 5068 ore
2601 5009 2883 5076 laudatur,
2925 5007 3068 5079 quod
3096 5005 3323 5076 angelos
3353 5006 3526 5061 malos

288 5163 313 5189 ιι
343 5151 492 5208 Edit.
542 5160 656 5209 ant.
704 5166 769 5207 ac
809 5166 942 5206 mss.
990 5164 1158 5221 prope
1201 5163 1397 5222 omnes
1443 5149 1529 5204 hic
1572 5152 1816 5220 corrupti
1921 5162 2093 5208 torum
2120 5152 2304 5222 [latum
2330 5166 2423 5203 suo
2461 5162 2689 5222 suppara
2715 5143 3186 5222 superante_(G7il7l.
3230 5142 3284 5198 in
3317 5158 3515 5222 marg,

229 5234 361 5278 sunt.
403 5224 554 5280 ﬁdit.
584 5226 741 5279 iiom.
766 5266 780 5287 ,
821 5215 1058 5278 altero'te
1093 5215 1372 5295 subjiciat,
1404 5221 1568 5297 altera
1595 5230 1643 5297 te
1672 5215 1817 5297 reco-
1918 5215 2247 5297 properunle)
2271 5215 2737 5297 procurritfiiom.
2764 5215 2789 5283 ,⁷
2825 5215 3053 5270 secundo
3081 5215 3277 5297 labitur
3311 5215 3476 5297 ﬂu_c_tu
3501 5257 3515 5281 ,

226 5312 452 5366 σκοπαί.
489 5297 855 5366 νει-ιιιηῌειιηι
898 5311 926 5347 a
972 5310 1105 5366 mss.
1151 5288 1214 5366 ac
1252 5303 1358 5366 vel.
1408 5293 1540 5353 edit.
1586 5294 1813 5351 nimium
1918 5288 2314 5350 aut'ventor'uru
2360 5293 2490 5363 ﬂatu
2533 5297 3175 5366 _suppar7'o7prosperante_,
3229 5294 3335 5342 etc.
3383 5288 3514 5366 Mss.

229 5359 467 5435 recedat,
511 5367 633 5423 eod.
692 5364 849 5421 Vind.
884 5375 940 5419 ct
981 5364 1139 5421 Sorb.
1176 5363 1464 5419 lectionem
1507 5366 1675 5420 secuti
1726 5382 1818 5421 su-
1916 5382 2067 5431 vero,
2096 5379 2317 5428 ornues,
2350 5359 2573 5417 secundo
2601 5362 2871 5435 remigium
2904 5360 3089 5413 labitur
3112 5359 3311 5428 ﬂuctu;
3342 5368 3397 5411 at
3428 5359 3518 5435 hic

229 5452 357 5493 mus.
391 5431 600 5497 Rursus
632 5436 835 5497 ibidem
873 5436 1006 5495 edit.
1037 5451 1258 5500 omnes,
1286 5436 1529 5490 illeoebra
1563 5452 1581 5490 :
1608 5437 1814 5492 miseri-
1920 5439 2103 5501 divisi,
2123 5439 2334 5506 aliquot
2356 5434 2574 5495 habent,
2599 5441 2685 5485 aut
2707 5432 2838 5501 ﬂatu
2861 5442 3194 5500 prosperante
3216 5431 3518 5501 prtecurrit;

227 5509 394 5569 cordia
433 5510 637 5566 suadet.
665 5507 866 5580 Contra
897 5523 1089 5563 omnes
1120 5521 1255 5563 mss.
1278 5549 1291 5571 ,
1332 5506 1577 5563 illecebra
1611 5508 1815 5564 miseri-
1919 5509 2107 5580 plures
2134 5525 2194 5565 ac
2216 5507 2578 5577 probatiores,
2608 5514 2662 5559 ut
2697 5506 2749 5557 in
2773 5512 3051 5580 contextu.

229 5582 452 5651 cordiam
468 5584 669 5637 suadet.
698 5579 814 5636 Non
838 5581 1013 5651 male.
1461 5650 1471 5651 7
1592 5650 1597 5651 7
1632 5650 1635 5651 7
1923 5571 1937 5580 ’
1996 5578 2021 5619 (1
2054 5579 2130 5636 ita
2160 5571 2406 5651 plerique
2445 5592 2577 5651 mss.
2622 5582 2676 5631 et
2714 5589 2905 5630 omnes
2934 5572 3203 5651 editznisi
3243 5571 3514 5651 quod77lrte

291 5650 317 5690 ¹³
348 5653 509 5708 Rom.
540 5655 670 5707 edit.
704 5648 855 5717 sola,
884 5666 1088 5705 servare
1114 5666 1218 5723 non
1245 5651 1426 5707 voluit.
1452 5650 1559 5706 Sed
1589 5650 1700 5717 hic,
1728 5668 1819 5720 ρο-
1923 5651 2138 5721 legunt,
2162 5642 2393 5723 'quan'do
2441 5648 2606 5719 ﬁlium
2630 5660 2798 5723 ,“pro
2818 5688 2832 5712 ,
2882 5643 3017 5716 quod
3041 5643 3253 5723 ﬁliuni.
3302 5642 3521 5723 βειιίᾳυὶ

233 5725 342 5798 urit,
366 5726 445 5797 uti
478 5724 544 5779 de
569 5725 759 5798 eodem
792 5716 959 5781 verbo
973 5723 1085 5795 jam
1113 5722 1373 5790 diximus,
1394 5723 1635 5781 iiberiori
1662 5716 1823 5781 sensu
1926 5716 2065 5798 mss.
2080 5766 2095 5789 ,
2126 5716 2255 5795 quos
2293 5716 2462 5798 tamen
2503 5735 2593 5791 per
2636 5718 2992 5798 ﬁliunt,_etc.
3032 5716 3171 5798 Quae
3202 5716 3360 5798 lectio
3410 5728 3518 5770 non

232 5807 305 5849 est
330 5789 825 5865 interpretandum.
974 5789 991 5795 ⁷
1258 5864 1261 5865 7
1361 5789 1365 5790 ⁷
1927 5789 2262 5864 ἄίειιιὶεριθι,
2286 5793 2390 5849 nisi
2417 5789 2518 5847 vos
2546 5802 2715 5845 tamen
2744 5790 2830 5846 hic
2856 5789 3037 5860 inepte
3057 5789 3249 5859 posita,
3279 5789 3520 5864 interpo-

300 5878 321 5907 ε
352 5864 663 5953 γριζειιὶιη
697 5868 922 5947 secundo
951 5866 1167 5939 remigio
1193 5864 1383 5922 labitur
1407 5867 1567 5940 ﬂuctu
1587 5909 1602 5933 ,
1631 5877 1677 5923 et
1705 5881 1826 5945 uen-
1930 5867 2183 5929 lationem
2216 5866 2448 5947 aliquam
2481 5864 2747 5939 innueret.
