4104 6350
501 316 640 375 1533
674 330 675 333 ‘

497 526 623 593 bus,
653 524 1069 597 triumphaverit
1105 541 1120 578 :
1147 522 1293 595 quod
1320 521 1512 580 fecerit
1539 518 1750 576 similes
1777 517 2097 591 angelorum

502 620 753 678 homines
770 662 786 689 ,
821 622 877 676 in
902 620 1096 692 quibus
1123 627 1250 676 ante
1275 626 1432 674 erant
1457 617 1707 688 contagia
1732 622 2096 672 mortuorum.

577 739 667 796 15.
708 737 899 806 Verbo,
929 737 1123 810 inquit,
1151 734 1363 790 Domini
1386 734 1497 789 caeli
1529 733 1720 802 ﬁrmati
1747 740 1886 799 sunt,
1917 742 1965 785 et
1990 730 2098 803 spi-

502 835 604 890 ritu
634 833 739 888 oris
762 835 875 906 ejus
901 831 1066 886 omnis
1092 830 1251 885 virtus
1282 844 1457 883 eorum
1485 825 1660 897 (Psal.
1689 840 1862 889 xxx".
1888 823 1965 896 6).
1995 822 2106 878 Ilo-

505 945 595 984 mo
624 941 840 998 quoque
869 924 1061 996 spiritu
1103 922 1318 978 Domini
1347 920 1735 992 perfectionem
1772 919 1901 974 vitae
1921 959 1936 985 ,
1967 932 2103 975 con-

506 1020 1039 1088 summatimcmque
1069 1018 1291 1075 virtutis
1326 1017 1558 1087 accepit.
1586 1014 1873 1086 [aspiravit
1902 1015 1958 1068 in
1988 1029 2105 1067 eum

508 1115 647 1172 Deus
674 1116 919 1184 spiritum
944 1115 1084 1180 vitm,
1114 1123 1161 1167 et
1193 1115 1364 1183 factus
1390 1119 1465 1164 est
1500 1110 1654 1164 homo
1688 1109 1743 1163 in
1774 1108 2001 1162 animam
2030 1106 2106 1160 υἱ-

505 1221 701 1267 ventem
733 1207 887 1280 (Gen.
923 1224 985 1274 tt,
1010 1208 1089 1279 7).
1128 1203 1247 1261 Vita
1273 1218 1405 1276 ergo
1436 1211 1620 1259 nostra
1650 1202 1815 1273 coepit
1843 1216 1912 1256 ex
1939 1197 2109 1269 inspi-

507 1304 719 1359 ratione
740 1301 921 1357 divina
953 1318 967 1354 :
991 1298 1088 1355 sed
1120 1298 1229 1354 vita
1257 1296 1376 1353 hac
1401 1297 1712 1353 secessione
1740 1296 1959 1359 animae.
1989 1306 2109 1348 cor-

509 1398 767 1468 porisque
815 1392 1167 1460 dissolvitur,
1214 1391 1499 1463 inspiratio
1545 1400 1726 1445 autem
1775 1388 1953 1443 divina
2000 1400 2107 1441 non

505 1488 755 1545 solvitur.
790 1488 855 1542 Et
880 1487 1002 1543 ideo
1033 1485 1277 1556 intellige
1303 1483 1451 1540 aliud
1490 1497 1610 1539 esse
1641 1480 1785 1553 quod
1819 1482 2107 1552 ﬁguratum

510 1592 625 1647 est,
669 1580 814 1635 aliud
851 1578 993 1651 quod
1025 1579 1223 1635 factum
1249 1586 1355 1641 est,
1387 1577 1474 1633 vel
1503 1587 1770 1646 paratum.
1809 1574 2110 1645 Meritoque

509 1674 796 1744 dupliciter
833 1674 999 1729 habes
1032 1673 1293 1743 scriptum
1322 1670 1391 1727 de
1418 1668 1661 1725 homine.
1693 1667 1934 1725 Primum
1962 1668 2108 1723 enim

510 1765 772 1835 scriptum
813 1773 897 1819 est
945 1781 960 1819 :
1010 1761 1292 1818 Faciamus
1329 1763 1589 1816 hominem
1632 1763 1702 1817 ad
1742 1763 2019 1833 imaginem
2064 1771 2112 1815 et

512 1857 907 1913 similitudinem
934 1867 1169 1911 nostram
1197 1854 1351 1928 (Gen.
1381 1870 1421 1922 ι,
1457 1853 1528 1909 26
1550 1865 1598 1910 et
1616 1853 1733 1927 27).
1776 1853 1844 1909 Et
1879 1871 1892 1907 :
1927 1853 2116 1908 Domi-

512 1951 803 2018 nubuntur,
832 1951 1035 2022 inquit,
1062 1950 1143 2005 vel
1179 1952 1529 2024 principatum
1555 1948 1835 2004 habebunt.
1867 1947 1936 2003 Et
1965 1965 1977 2001 :
2008 1946 2115 2001 Fe-

513 2047 581 2102 cit
621 2047 758 2101 Deus
789 2046 1050 2101 hominem
1086 2045 1155 2099 ad
1190 2046 1470 2118 imaginem
1505 2042 1623 2098 Dei.
1654 2042 1906 2101 Secundo
1935 2052 2115 2097 autem

515 2139 641 2196 loco
673 2140 746 2195 ita
779 2141 1042 2211 scriptum
1069 2148 1174 2207 est,
1204 2139 1331 2209 quia
1358 2138 1569 2210 Accepit
1594 2134 1738 2193 Deus
1769 2139 2029 2208 pulverem
2056 2137 2120 2192 de

516 2245 677 2301 terra,
706 2242 754 2288 et
782 2232 1058 2304 plasmauit
1083 2232 1343 2287 hominem
1372 2228 1530 2303 (Gen.
1562 2245 1623 2298 tt,
1655 2230 1734 2303 7).
1768 2228 1873 2287 Ubi
1904 2230 2118 2300 pulvis,

518 2328 590 2383 ibi
620 2326 949 2397 plasmatio:
982 2326 1072 2381 ubi
1103 2334 1283 2381 autem
1325 2341 1430 2380 non
1460 2324 1664 2394 pulvis,
1697 2322 1773 2379 ibi
1807 2339 1912 2378 non
1943 2333 2115 2389 terra,

520 2438 627 2477 non
659 2422 916 2487 materia;
946 2421 1040 2476 sed
1074 2421 1483 2491 incorporeum,
1514 2419 1609 2475 sed
1637 2417 1965 2475 admirabile
1997 2434 2013 2473 :
2046 2418 2123 2473 ibi

522 2533 633 2573 non
661 2517 910 2581 materia,
934 2515 1030 2571 sed
1062 2515 1441 2571 immateriale.
1464 2513 1621 2585 Quod
1647 2518 1794 2571 enim
1822 2513 2122 2571 secundum

522 2611 813 2682 imaginem
838 2608 936 2665 Dei
962 2618 1081 2675 est,
1110 2626 1216 2665 non
1244 2618 1329 2665 est
1357 2608 1410 2663 iu
1442 2623 1706 2679 corpore,
1741 2623 1842 2665 nec
1870 2606 1924 2663 iu
1956 2616 2125 2664 mate-

522 2704 623 2767 ria,
655 2701 751 2758 sed
776 2704 828 2757 in
857 2702 1040 2757 anima
1064 2701 1397 2757 rationabili.
1427 2701 1507 2758 ibi
1528 2710 1807 2772 operatur,
1840 2703 1912 2760 ibi
1943 2711 2127 2758 osten-

522 2798 670 2853 ditur
708 2797 872 2852 homo
910 2796 979 2852 ad
1010 2796 1420 2853 similitudinem
1452 2805 1511 2852 ct
1540 2796 1828 2868 imaginem
1866 2796 1993 2865 Dei,
2034 2796 2127 2852 ubi

520 2888 768 2960 iustitiae,
803 2889 895 2944 ubi
924 2888 1227 2961 sapientiae,
1261 2889 1351 2946 ubi
1393 2887 1573 2945 omnis
1601 2887 1774 2944 forma
1802 2887 2019 2945 virtutis
2040 2904 2126 2945 as-

526 2986 781 3042 sumitur.

600 3101 691 3158 l6.
725 3102 783 3159 Si
812 3101 1081 3174 intelligas
1105 3102 1399 3173 imaginem
1422 3142 1439 3167 ,
1463 3100 1674 3157 videbis
1698 3101 1768 3157 ad
1800 3102 2124 3175 imaginem;

525 3195 692 3251 homo
718 3195 864 3251 enim
892 3209 1001 3251 non
1027 3203 1111 3250 est
1138 3195 1317 3265 imago
1343 3194 1462 3260 Dei,
1495 3194 1591 3250 sed
1621 3195 1689 3250 ad
1716 3195 2127 3251 similitudinem
2154 3215 2200 3279 ρ

526 3289 702 3344 factus
729 3297 832 3346 est.
866 3288 1020 3343 Alius
1054 3297 1138 3344 est
1167 3288 1349 3359 imago
1374 3288 1468 3344 Dei
1496 3288 1814 3355 invisibilis,
1854 3288 2130 3360 primoge-

521 3380 675 3438 nitus
726 3380 996 3437 universas
1044 3390 1345 3449 creaturze,
1415 3398 1514 3453 per
1575 3398 1736 3453 quem
1794 3381 1936 3437 facta
1999 3392 2131 3438 sunt

531 3476 736 3532 omnia.
771 3475 867 3532 Ille
912 3491 1024 3532 non
1053 3476 1121 3531 ad
1172 3475 1496 3546 imaginem,
1528 3476 1625 3532 sed
1678 3476 1855 3545 imago
1890 3493 1902 3529 :
1934 3484 1989 3531 tu
2022 3492 2129 3532 non

531 3568 742 3640 imago,
772 3568 869 3624 sed
894 3568 962 3623 ad
1001 3569 1318 3640 imaginem.
1346 3568 1524 3625 Habes
1544 3584 1673 3640 ergo
1700 3569 1911 3643 1092
1952 3569 2004 3625 in
2039 3578 2128 3624 tua

527 3662 829 3719 substantia
860 3663 1063 3733 aliquid
1106 3662 1177 3719 de
1207 3663 1443 3734 imagine
1488 3674 1543 3718 et
1592 3664 1953 3719 similitudine
2002 3665 2128 3732 Dei,

531 3756 678 3829 quod
704 3758 776 3813 sit
804 3758 1001 3815 divinae
1028 3757 1207 3814 simile
1236 3758 1505 3829 imaginis.
1529 3758 1829 3831 Propterea
1857 3761 2033 3834 imago
2061 3762 2129 3819 ad

532 3865 661 3907 eum
693 3852 782 3922 qui
806 3860 893 3907 est
930 3851 996 3906 ad
1040 3852 1365 3923 imaginem,
1398 3853 1584 3908 venit:
1629 3864 1684 3909 et
1720 3855 1917 3925 quaerit
1954 3857 2131 3927 imago

533 3960 680 4011 eum,
709 3944 802 4017 qui
834 3954 920 4001 est
946 3945 1013 4000 ad
1041 3945 1452 4002 similitudinem
1475 3946 1592 4014 sui;
1617 3955 1677 4003 ut
1702 3948 1899 4003 iterum
1930 3949 2129 4021 signet,

534 4050 595 4095 ut
644 4038 840 4094 iterum
885 4041 1227 4107 conﬁrmet;
1279 4039 1404 4111 quia
1460 4040 1727 4097 amiseras
1781 4043 1927 4112 quod
1976 4058 2134 4099 accc-

534 4131 687 4203 pisti.
734 4131 1111 4188 lnsufllaverat
1136 4134 1281 4189 enim
1316 4133 1413 4188 tibi
1444 4133 1613 4201 Deus,
1659 4143 1715 4189 ut
1758 4135 2132 4206 inspirationis

534 4241 649 4282 sure
694 4226 839 4283 dono
880 4227 1110 4283 haberes
1161 4228 1422 4298 gratiam,
1477 4243 1638 4298 quam
1689 4229 1782 4284 tibi
1834 4240 1920 4285 tua
1973 4231 2132 4303 culpa

533 4318 851 4374 susmlerat.
899 4317 1098 4373 Factus
1138 4332 1263 4373 eras
1299 4318 1354 4373 in
1392 4319 1628 4375 animam
1656 4320 1929 4377 viventem
1960 4338 1973 4377 :
2008 4323 2131 4379 audi

532 4409 664 4480 quid
703 4410 881 4479 dicat,
913 4426 1022 4467 non
1069 4411 1122 4464 in
1160 4425 1417 4477 carnem,
1452 4410 1549 4465 sed
1578 4411 1633 4466 in
1672 4413 1907 4468 animam
1949 4415 2135 4470 viven-

533 4514 668 4560 tem.
711 4504 819 4560 Sed
846 4505 971 4575 quia
1008 4514 1268 4576 peccator
1303 4505 1640 4577 signaculum
1680 4517 1872 4563 tenere
1901 4523 2010 4564 non
2037 4525 2133 4581 po-

1824 301 2072 361 SANCTI
2110 301 2435 361 AMBROSII

500 432 714 499 vicerit,
738 431 808 489 de
833 429 1088 503 nequitiis
1116 427 1452 502 spiritalibus
1476 440 1599 500 quas
1628 431 1757 480 sunt
1779 421 1833 479 in
1860 420 2101 478 coelesti-
2125 424 2183 485 Α

3671 295 3809 352 {536

2278 420 2367 477 t7.
2416 417 2658 477 Videsne
2686 433 2819 492 ergo
2852 433 2973 491 qua:
3004 432 3200 475 manus
3234 417 3466 476 fecerint
3498 416 3807 481 hominem,

2203 506 2296 571 aut
2323 529 2487 586 quem
2515 514 2795 571 hominem
2828 513 3100 579 fecerint;
3132 511 3281 569 illum
3324 512 3510 583 utique
3534 526 3693 584 quem
3721 524 3805 565 se—

2203 605 2441 662 cundum
2480 606 2754 662 Christum
2796 605 3070 662 induimus
3118 623 3131 659 :
3183 604 3552 677 Ezspoliantes
3593 612 3808 659 ueterem

2205 699 2463 753 hominem
2504 714 2622 753 cum
2658 697 2859 754 actibus
2903 707 3038 774 ejus,
3066 708 3114 754 et
3156 698 3422 753 induimus
3454 713 3675 763 novum,
3722 695 3811 765 qui

2206 802 2483 847 renovatur
2512 794 2568 846 in
2596 792 2913 863 agnitionem
2950 791 3233 847 secundum
3272 791 3550 861 imaginem
3580 792 3695 862 ejus
3721 788 3811 858 qui

2206 885 2394 940 creavit
2419 900 2571 949 eum;
2603 884 2690 939 ubi
2717 902 2819 939 non
2849 895 2992 940 est...
3026 899 3208 959 servus
3237 893 3284 939 et
3316 882 3471 948 liber,
3515 881 3606 936 sed
3636 881 3812 935 omnia

2208 989 2258 1034 et
2292 980 2347 1034 in
2384 978 2625 1033 onmibus
2652 977 2893 1034 Christus
2935 977 3159 1050 (Coloss.
3188 994 3246 1034 tu
3269 1018 3284 1045 ,
3318 978 3503 1048 9-H).
3533 974 3811 1032 Christum

2210 1087 2345 1145 ergo
2373 1072 2684 1137 induimus,
2726 1072 2867 1128 sicut
2891 1081 2946 1127 et
2972 1072 3102 1127 alibi
3128 1071 3331 1127 dictum
3367 1079 3453 1126 est
3496 1088 3511 1127 :
3550 1068 3815 1125 Christum

2209 1166 2454 1221 induistis
2493 1164 2689 1240 (Galat.
2737 1181 2795 1221 ιιι
2816 1207 2832 1234 ,
2864 1165 2979 1237 27).
3012 1166 3341 1237 Accepimus
3366 1164 3627 1236 Spiritum
3657 1178 3817 1218 sanc-

2212 1268 2323 1315 tum
2344 1300 2361 1325 ,
2394 1231 2627 1331 qui'non
2657 1231 2834 1315 solum
2872 1231 3057 1317 nostra
3092 1270 3117 1298 ιι
3160 1231 3380 1332 peccata
3407 1231 3630 1314 dimittit
3670 1275 3685 1313 :
3717 1256 3817 1313 sed
3907 1231 3925 1251 ἡ

2212 1354 2379 1411 etiam
2420 1369 2519 1410 nos
2547 1352 2680 1410 facit
2708 1354 3025 1411 sacerdotes
3063 1370 3193 1410 suos
3222 1356 3343 1410 aliis
3372 1362 3593 1425 peccata
3634 1351 3819 1408 dimit-

2212 1458 2347 1506 tere.
2381 1448 2509 1506 ldeo
2538 1450 2615 1505 ait
2651 1449 2925 1521 Propheta
2962 1467 2975 1503 :
3006 1449 3089 1504 Tu
3130 1450 3329 1521 tinxisti
3368 1466 3448 1505 me
3468 1491 3483 1516 ,
3511 1460 3563 1504 et
3589 1449 3815 1521 posuisti

2211 1559 2370 1614 super
2390 1560 2469 1597 me
2493 1559 2705 1597 manum
2734 1552 2875 1597 tuam
2901 1541 3075 1610 (Psal.
3101 1558 3363 1609 cxxxvut,
3391 1542 3471 1615 5).
3500 1540 3685 1597 Finxit
3715 1556 3815 1611 per

2216 1635 2414 1701 lutum;
2448 1635 2632 1707 posuit
2660 1650 2757 1707 per
2782 1635 3010 1707 gratiam
3041 1635 3374 1705 Spiritalem;
3407 1635 3534 1691 licet
3576 1634 3822 1705 plerique

2218 1726 2363 1799 hunc
2408 1728 2678 1799 psalmum
2720 1744 2786 1784 cx
2837 1744 3072 1801 persona
3102 1729 3305 1785 dictum
3341 1728 3638 1785 Salvatoris
3676 1729 3825 1783 acci-

2146 1814 2195 1877 B
2222 1823 2393 1895 piant.
2425 1822 2565 1881 Audi
2596 1823 2721 1892 quia
2751 1836 2943 1877 manus
2970 1822 3205 1889 Domini,
3231 1824 3396 1878 etiam
3424 1822 3661 1893 Spiritus
3688 1820 3828 1877 dici-

2221 1924 2328 1971 tur.
2352 1914 2566 1971 Clamat
2593 1914 2697 1971 Job
2727 1932 2739 1969 :
2774 1915 3007 1986 Spiritus
3039 1916 3265 1981 divinus,
3297 1915 3386 1983 qui
3416 1915 3538 1985 fecit
3566 1930 3645 1969 me
3675 1912 3819 1984 (Job.

2222 2027 2420 2076 xxxm,
2454 2010 2535 2083 4).
2571 2011 2692 2066 istae
2721 2018 2848 2066 sunt
2877 2026 3009 2082 ergo
3045 2025 3239 2066 manus
3266 2026 3387 2080 qua:
3417 2009 3691 2065 hominem
3725 2024 3826 2080 pa-

2221 2112 2482 2160 raverunt
2502 2144 2517 2167 .
2547 2102 2798 2158 Christus
2821 2117 2877 2160 et
2902 2103 3161 2174 Spiritus.
3196 2102 3343 2175 Ergo
3371 2102 3635 2158 Dominus
3664 2101 3824 2159 .lesns

2223 2206 2281 2252 et
2301 2196 2551 2267 corporis
2579 2206 2769 2252 auctor
2805 2206 2891 2253 est
2926 2196 3136 2264 nostri,
3164 2197 3253 2268 qui
3289 2197 3521 2266 primum
3564 2195 3690 2251 fecit
3728 2195 3827 2250 ho-

2225 2290 2425 2346 minem
2457 2288 2525 2345 ad
2553 2289 2863 2361 imaginem,
2893 2297 2949 2344 et
2976 2299 3164 2360 postea
3192 2288 3262 2345 de
3288 2288 3405 2344 luto
3438 2289 3616 2354 tinxit,
3644 2296 3700 2344 et
3730 2302 3825 2342 vo-

2224 2384 2324 2440 luit
2349 2399 2568 2441 servare
2591 2383 2736 2455 quod
2765 2383 2991 2446 fecerat,
3016 2382 3232 2440 salvare
3254 2382 3397 2453 quod
3427 2383 3823 2455 plasmavcrat;

2227 2487 2287 2534 ut
2317 2486 2489 2534 totum
2522 2477 2797 2532 hominem
2837 2476 3047 2532 salvum
3078 2477 3315 2543 faceret,
3348 2476 3493 2532 sicut
3531 2476 3651 2545 ipse
3686 2475 3826 2530 dixit

2227 2572 2281 2627 in
2308 2571 2607 2642 Evangelio
2639 2587 2653 2625 :
2686 2569 2822 2625 Mihi
2859 2570 3179 2635 irascimini,
3210 2571 3332 2640 quia
3383 2578 3546 2623 totum
3569 2567 3825 2622 hominem

2227 2664 2432 2721 salvum
2471 2664 2570 2736 feci
2615 2664 2670 2718 in
2706 2662 2917 2719 sabbato
2948 2662 3127 2735 (Joan.
3161 2679 3254 2730 vn,
3294 2659 3410 2733 2'5).
3436 2659 3590 2731 Quod
3619 2661 3827 2731 Specia-

2230 2758 2363 2815 liter
2387 2757 2417 2797 b
2442 2758 2686 2815 Ecclesia
2727 2758 2924 2824 docet,
2962 2759 3089 2829 quia
3115 2773 3222 2814 non
3253 2756 3430 2813 solum
3470 2756 3651 2811 anima
3672 2797 3686 2821 ,
3728 2755 3824 2811 sed

2231 2851 2395 2909 etiam
2433 2867 2565 2909 caro
2589 2860 2779 2908 nostra
2807 2860 3054 2908 servetur
3082 2870 3095 2905 :
3128 2852 3307 2907 anima
3334 2866 3434 2922 per
3457 2849 3826 2921 cognitionem

2232 2945 2363 3014 Dei,
2393 2960 2523 3002 caro
2546 2961 2644 3016 per
2666 2946 3132 3003 resurrectionem
3164 2963 3179 3001 :
3209 2959 3439 3016 quorum
3469 2943 3701 2999 alterum
3730 2943 3827 2998 do-

2230 3038 2346 3093 cuit
2393 3037 2562 3095 divini
2606 3039 2932 3096 auctoritate
2976 3037 3281 3106 sermonis,
3326 3037 3557 3094 alterum
3592 3036 3828 3108 propria:

2234 3134 2652 3191 resurrectionis
2689 3135 2967 3205 exemplo.

2306 3228 2395 3284 l8.
2437 3228 2537 3285 Hic
2565 3239 2649 3285 est
2693 3244 2824 3300 ergo
2855 3228 3019 3285 homo
3055 3227 3286 3300 gemina:
3327 3225 3665 3283 substantiae.
3710 3225 3829 3280 Alia

2232 3328 2317 3375 est
2337 3321 2482 3376 enim
2514 3320 2638 3377 facti
2670 3321 2998 3387 substantia,
3033 3332 3057 3359 ο
3086 3321 3190 3375 alia
3220 3320 3433 3391 ﬁgurati
3460 3337 3474 3374 :
3503 3319 3604 3375 ista
3624 3318 3701 3383 .de
3732 3318 3828 3373 Dei

2234 3412 2459 3484 Spiritu,
2489 3414 2578 3469 illa
2605 3414 2674 3469 de
2703 3414 2853 3469 limo.
2888 3414 3182 3486 Propterea
3210 3416 3285 3468 ait
3308 3412 3412 3469 Job
3440 3429 3454 3467 :
3487 3411 3834 3468 Resuscitabit

2232 3510 2430 3564 corium
2455 3526 2621 3565 meum
2650 3508 2791 3583 (Job.
2818 3526 2933 3576 xIx,
2963 3509 3083 3579 26),
3123 3509 3248 3581 quia
3278 3508 3422 3581 quod
3450 3507 3519 3565 de
3549 3508 3683 3563 limo
3711 3517 3826 3571 est.

2233 3604 2607 3670 resuscitatur;
2634 3612 2777 3659 terra
2804 3603 2951 3659 enim
2978 3602 3030 3658 in
3064 3611 3265 3657 terram
3290 3601 3453 3664 redit;
3482 3598 3625 3672 quod
3646 3608 3828 3655 autem

2233 3696 2434 3753 factum
2474 3706 2591 3763 est,
2636 3706 2694 3753 ut
2735 3697 3096 3768 principatum
3143 3694 3377 3752 haberet
3414 3707 3577 3763 super
3598 3698 3831 3747 cieteras

2234 3790 2539 3847 animantes
2560 3831 2575 3854 ,
2607 3789 2660 3844 id
2692 3788 3040 3859 prmstantius
3067 3803 3189 3843 esse
3218 3785 3499 3857 intelligis.
3532 3783 3653 3839 Luti
3681 3782 3827 3839 enim

2235 3885 2399 3939 etiam
2430 3882 2622 3939 bestiis
2645 3881 2929 3939 nobiscum
2956 3895 3248 3937 commune
3274 3877 3605 3936 consortium
3631 3885 3744 3943 est;
3774 3885 3832 3931 et

2235 3976 2360 4033 ideo
2387 3976 2585 4032 animm
2614 3975 2869 4047 Specialis
2900 3974 3257 4046 praerogativa
3280 3970 3306 4010 ά
3329 3972 3525 4027 donata
3547 3979 3651 4026 est.
3682 3968 3829 4025 Idem

2236 4081 2415 4128 tamen
2455 4072 2580 4143 quia
2628 4072 2846 4128 caeteris
2886 4069 3251 4126 animantibus
3287 4069 3545 4139 imperat;
3576 4074 3635 4120 ut
3662 4062 3834 4135 possit

2236 4167 2536 4238 imperare,
2579 4166 2740 4221 debet
2781 4166 2890 4220 Deo
2928 4178 3049 4221 esse
3084 4162 3384 4232 subjectus.
3413 4162 3647 4216 Docetur
3667 4158 3833 4228 igitur

2236 4260 2476 4325 servire;
2507 4269 2563 4315 ut
2582 4258 2649 4314 ad
2674 4274 2903 4330 regnum
2932 4257 3223 4328 pervenire
3246 4265 3537 4311 mereatur.
3561 4252 3662 4322 Qui
3683 4251 3829 4307 enim

2236 4353 2404 4409 servit
2433 4354 2673 4420 Chri5to,
2702 4352 2905 4423 placuit
2932 4350 3175 4419 Deo.Qui
3204 4350 3371 4405 servit
3398 4346 3637 4413 Christo,
3665 4355 3689 4383 ο
3717 4345 3834 4415 pla-

2236 4458 2325 4501 cet
2350 4446 2534 4515 utique
2566 4445 2777 4518 1093
2804 4444 3021 4501 veritati
3041 4487 3057 4509 ,
3090 4454 3145 4499 et
3168 4443 3329 4498 debet
3364 4441 3578 4497 nescire
3610 4437 3833 4495 menda-

2237 4540 2401 4594 cium.
2432 4539 2533 4606 Qui
2574 4539 2752 4594 servit
2775 4538 2998 4609 justitisc
3022 4580 3036 4603 ,
3073 4536 3237 4593 debet
3277 4533 3545 4606 repellere
3580 4531 3833 4603 iniquita-

536 4595 655 4701 tuit,
676 4605 731 4652 et
756 4597 1071 4701 incrimine
1092 4600 1301 4669 positus
1328 4614 1434 4655 non
1464 4597 1699 4701 habebat
1717 4617 1839 4701 quia
1870 4602 1960 4659 Dei
1984 4612 2129 4671 sum,
2157 4615 2210 4676 D
2238 4640 2367 4687 tem.
2396 4595 2496 4701 Qui
2540 4633 2707 4687 servit
2735 4595 3119 4696 immaculato,
3147 4628 3311 4686 debet
3344 4595 3544 4683 tenere
3577 4595 3833 4681 castimo-

535 4690 631 4747 sed
659 4704 780 4761 quae.
811 4688 1126 4758 hominum;
1166 4703 1458 4763 propterea
1485 4691 1638 4749 venit
1667 4693 1924 4750 Dominus
1948 4704 2134 4751 noster

534 4784 693 4841 Jestts
718 4784 966 4840 Christus
987 4826 1003 4849 ,
1035 4793 1092 4838 ut
1117 4785 1296 4857 legisti
1327 4786 1379 4840 in
1406 4784 1732 4857 Evangelio,
1762 4797 1815 4843 et
1845 4804 1875 4843 a
1904 4790 2133 4847 mortuis

532 4895 821 4953 resurgens
842 4895 966 4935 cum
987 4879 1200 4935 clausos
1222 4878 1518 4950 discipulos
1539 4880 1857 4950 reperisset,
1880 4883 2135 4940 claustris

532 4976 812 5045 ingressus
837 4981 923 5029 est
947 4974 1313 5039 manentibus,
1347 4981 1401 5027 et
1427 4972 1566 5028 dixit
1599 4990 1612 5028 :
1643 4972 1762 5027 Pax.
1786 4974 1946 5030 vobis.
1977 4976 2129 5033 Sicut

528 5070 668 5123 misit
698 5084 778 5123 me
806 5066 986 5135 Pater,
1018 5076 1063 5121 et
1089 5084 1182 5140 ego
1208 5066 1354 5123 mitto
1377 5081 1486 5121 vos.
1516 5066 1746 5138 Cumque
1767 5070 1863 5123 hoc
1889 5071 2125 5137 dixisset,

527 5161 848 5233 insufﬂauit,
891 5170 943 5216 et
985 5161 1116 5215 dixit
1157 5161 1229 5217 eis
1275 5177 1293 5215 :
1343 5161 1572 5231 Accipite
1593 5160 1851 5233 Spiritum
1894 5175 2128 5219 sanctum

531 5251 714 5324 (Joau.
759 5270 851 5319 xx,
880 5253 944 5309 21
976 5264 1023 5309 et
1047 5252 1162 5325 9:2).

601 5417 628 5445 ³
667 5408 907 5486 Adverte
935 5408 1023 5486 hic
1057 5408 1259 5486 diserte
1287 5409 1473 5466 doceri
1511 5412 1827 5469 sacerdotes
1859 5426 1952 5470 aut
1980 5417 2123 5486 epis-

522 5494 720 5548 copum
764 5481 820 5557 in
867 5479 1211 5557 ordinatione
1251 5496 1348 5535 sua
1396 5491 1450 5538 et
1495 5486 1839 5555 pr0priorum
1873 5479 2125 5557 peccato-

522 5567 641 5605 rum
671 5550 1051 5626 remissionem
1074 5554 1345 5624 accipere,
1375 5564 1429 5610 et
1455 5550 1778 5626 potestatem
1808 5550 2121 5616 reinittendi

527 5632 747 5693 peccata
776 5622 1029 5678 aliorum.

530 5790 566 5841 Δ
597 5714 627 5755 δ
652 5716 782 5844 ῗιεε.
817 5733 925 5773 non
955 5719 1144 5791 pauci,
1176 5734 1279 5777 nec
1318 5719 1596 5779 inferioris
1624 5733 1804 5792 notae,
1835 5723 2119 5780 Ecclesium

568 5805 655 5843 oce
684 5830 696 5843 .
725 5830 729 5844 ς
1118 5822 1121 5825 »
1512 5822 1517 5827 ~
1818 5818 1821 5825 λ

568 5805 696 5844 οερι.
724 5830 729 5845 ς
1118 5822 1121 5825 ι
1512 5822 1517 5827 ~
1818 5818 1821 5825 λ

601 5872 622 5893 ε·
653 5860 790 5915 Rom
818 5861 948 5919 edit.
971 5903 985 5925 ,
1026 5847 1133 5919 alia
1168 5863 1445 5931 insui/tati.
1483 5862 1591 5921 Sed
1620 5855 1965 5926 retinendum
1992 5880 2116 5927 cum

2243 4728 2345 4783 nise.
2411 4725 2803 4798 disciplinam.’
2840 4727 2943 4797 Qui
2994 4727 3161 4783 servit
3218 4724 3365 4792 luci,
3433 4724 3599 4780 debet
3648 4721 3835 4778 odisse

2244 4816 2909 4891 tenebras‘peccatorum.
2948 4818 3092 4889 Ergo
3136 4819 3263 4885 quia
3310 4831 3509 4887 corpus
3555 4814 3831 4871 inﬁrmum

2242 4925 2345 4981 est,
2375 4914 2743 4970 visitationem
2772 4912 2985 4968 Domini
3013 4912 3375 4983 postulentus.
3405 4908 3561 4966 Unde
3590 4907 3832 4979 Pr0phe-

2240 5016 2293 5063 ta
2317 5008 2391 5063 ait
2419 5025 2433 5062 :
2464 5007 2603 5074 Quid
2622 5016 2699 5062 est
2724 5008 2877 5062 homo
2901 5049 2916 5069 ,
2945 5007 3087 5076 quod
3108 5021 3304 5060 memor
3334 5021 3387 5060 es
3406 5005 3555 5076 ejus;
3578 5013 3669 5058 aut
3692 5003 3834 5071 filius

2238 5101 2482 5165 hominis,
2511 5101 2631 5173 quia
2660 5101 2840 5155 visitas
2866 5115 2981 5153 eum
3010 5097 3185 5171 (Psal.
3212 5114 3330 5166 vut,
3359 5096 3442 5168 5)?

2309 5192 2396 5247 19.
2439 5191 2506 5247 Et
2534 5206 2677 5247 nunc
2706 5191 2758 5246 in
2787 5190 2994 5261 reliqua
3030 5190 3281 5245 versiculi
3332 5190 3582 5261 portione
3602 5186 3677 5242 ait
3709 5204 3723 5242 :
3752 5185 3835 5241 Da

2237 5285 2362 5339 mihi
2389 5284 2729 5353 intellectum,
2761 5293 2809 5339 et
2854 5283 3052 5338 discam
3080 5285 3328 5339 mandata
3376 5291 3485 5336 tua.
3515 5280 3832 5353 Spiritalem

2230 5419 2351 5474 aliis
2380 5429 2435 5475 et
2464 5419 2675 5474 cunctis
2703 5432 2835 5472 mss.
2855 5459 2871 5486 ,
2899 5418 3005 5472 alia
3031 5419 3258 5489 ﬁgurati.
3307 5418 3403 5475 llic
3439 5419 3706 5490 siquidem
3752 5419 3833 5473 in-

2236 5492 2451 5556 nuitur,
2484 5490 2627 5561 quod
2654 5504 2819 5561 supra
2858 5505 2965 5544 non
3003 5492 3169 5545 semel
3202 5490 3463 5546 traditum
3492 5503 3598 5554 est,
3624 5490 3832 5547 homini

2232 5578 2340 5646 non
2371 5564 2424 5618 in
2446 5577 2684 5647 corpore
2705 5603 2719 5626 ,
2752 5562 2846 5617 sed
2880 5561 2934 5616 in
2962 5562 3143 5616 anima
3180 5563 3499 5634 impressam
3545 5562 3713 5619 fuisse
3749 5562 3833 5618 di-

2233 5648 2415 5689 vinam
2445 5648 2757 5703 imaginem.

2302 5725 2329 5766 ἀ
2354 5728 2512 5783 Rom.
2536 5727 2695 5792 edit.,
2719 5728 2911 5783 donata
2938 5738 3036 5796 est,
3067 5737 3122 5783 ut
3146 5730 3297 5784 homo
3321 5731 3521 5786 cwteris
3547 5730 3829 5786 animantia

2230 5800 2323 5855 bus
2344 5799 2710 5870 imperet,sed
2741 5809 2794 5854 ut
2826 5801 3015 5870 possit,
3035 5809 3143 5857 etc.
3202 5852 3205 5855 .
3305 5822 3308 5827 θ

2304 5882 2326 5906 ε
2356 5868 2511 5927 Rern.
2548 5869 2704 5937 edit.,
2761 5868 2917 5929 servit
2944 5868 3115 5939 utique
3142 5870 3361 5927 ueritati.
