4070 6464
103 357 131 414 1
142 354 271 414 337

1232 350 1299 408 IN
1339 348 1669 410 PSALMUII
1704 349 1920 412 CXVIII
1957 350 2343 412 EXPOSITIO.

3302 361 3446 418 i538

106 478 302 549 igitur
333 492 399 534 se
426 488 548 532 esse
571 484 596 514 ο
623 485 955 546 cognoscens
1001 471 1298 545 Propheta,
1349 471 1486 544 petit
1513 471 1746 544 gratiam
1772 479 1829 539 Α
1851 472 2147 541 auditione,
2189 490 2364 546 neque
2415 474 2620 533 auditio
2647 475 2766 532 sine
2811 475 2954 532 facto
2983 484 3161 548 potest
3204 491 3329 534 esse
3349 491 3438 534 sa-

110 571 380 643 Spiritus
397 569 590 626 sancti.
622 569 834 624 Etenim
858 565 1193 622 intellectum
1215 563 1334 622 dari
1363 579 1394 620 a
1411 564 1662 631 Domino,
1685 573 1742 621 et

110 665 280 721 inter
307 679 536 720 munera
558 662 856 734 gratiarum
874 659 1319 732 primoconstitui
1347 659 1486 726 loco,
1517 659 1571 714 in
1599 659 1745 731 Apo-

112 760 336 816 stolica
370 759 605 815 lectione
631 756 910 822 didicisti;
941 754 1067 826 quia
1107 754 1397 826 unicuique
1426 756 1588 809 datur
1630 769 1743 808 ma-

115 851 419 909 nifestatio
443 851 672 923 spiritus
695 849 763 904 ad
792 848 1079 904 utilitatem
1109 847 1175 912 (ll
1201 847 1340 903 Tim.
1375 863 1436 915 tt,
1469 846 1557 920 7);
1587 856 1644 903 et
1688 847 1741 902 in

114 941 412 1016 propheta
438 943 614 1014 primo
634 943 754 998 loco
773 941 1057 1011 sapientiae
1076 950 1130 996 et
1157 940 1467 996 intellectus
1484 939 1746 1011 spiritalis

117 1039 310 1108 gratia
346 1039 652 1109 postulatur
676 1036 850 1110 (Esai.
894 1037 1071 1110 xt,2).
1119 1037 1326 1092 Petitur
1371 1051 1501 1108 ergo
1529 1036 1626 1092 Dei
1646 1035 1745 1092 do-

119 1151 290 1191 num.
343 1135 555 1192 Deinde
593 1137 719 1193 vide
743 1136 989 1193 ordinem
1017 1154 1031 1191 :
1068 1135 1152 1192 Da
1185 1136 1334 1202 milii,
1368 1135 1564 1208 inquit,
1591 1137 1747 1193 intel-

123 1230 370 1296 lectum;
400 1240 456 1285 ut
486 1229 684 1285 discam
711 1231 954 1285 ntandata
979 1240 1089 1288 tua.
1122 1231 1436 1288 Intellectus
1465 1228 1748 1300 prazmitti-
1775 1235 1789 1250 ‘

125 1331 244 1388 tur,
281 1331 348 1377 ut
363 1323 596 1379 scientia
623 1333 898 1394 sequatur.
946 1322 1080 1379 Nam
1112 1323 1218 1378 nisi
1246 1323 1368 1394 quis
1391 1321 1744 1388 intellexerit,

129 1417 342 1472 doctus
369 1429 494 1472 esse
525 1433 632 1472 non
663 1417 883 1489 poterit.
918 1416 1228 1472 Doetrinam
1250 1416 1411 1487 igitur
1438 1415 1747 1472 intellectus

132 1509 298 1576 facit,
346 1525 457 1566 non
507 1511 787 1566 memoria.
818 1508 962 1565 Nihil
984 1511 1129 1566 enim
1181 1509 1404 1579 prodest
1449 1510 1613 1564 multa
1662 1509 1743 1564 le-

133 1603 311 1674 gisse,
349 1603 453 1658 nisi
481 1603 747 1674 intelligas
770 1604 884 1673 ipse
912 1619 1032 1675 qua
1061 1603 1278 1675 legeris.
1303 1601 1371 1658 Et
1398 1603 1449 1657 in
1481 1602 1746 1673 Apostolo

137 1705 268 1766 post
298 1695 790 1754 manifestationem
835 1697 1090 1768 Spiritus,
1144 1711 1453 1752 sermonem
1501 1694 1745 1751 scientiae

138 1787 319 1860 legisti
345 1797 534 1858 postea
572 1789 922 1844 substitutum
948 1805 964 1850 :
1017 1796 1077 1844 ut
1099 1789 1240 1844 scias
1271 1789 1606 1844 intellectum
1633 1801 1748 1840 mc-

1847 566 2045 637 pientis
2072 584 2089 626 :
2113 567 2212 624 sed
2248 568 2340 640 qui
2375 569 2527 625 audit
2555 577 2610 624 et
2644 566 2792 623 facit.
2833 567 3135 624 Audiamus
3165 568 3348 640 igitur,
3379 581 3443 624 ut

1845 660 2254 732 intelligamus:
2287 661 2545 718 faciamus
2573 669 2633 718 ut
2661 660 2994 719 intellexisse
3038 675 3140 718 nos
3181 661 3324 734 quod
3355 677 3446 718 au-

1845 753 2102 820 divimus,
2134 756 2572 826 comprobemus.

1917 849 2009 904 22.
2049 849 2234 923 (Vers.
2286 851 2403 924 74.)
2457 851 2718 925 Sequitur
2744 868 2938 911 versus
2991 853 3264 911 secundus
3297 870 3310 909 :
3341 852 3448 922 Qui

1848 943 2025 998 timent
2053 953 2120 1009 te,
2166 943 2408 1000 videbunt
2437 962 2538 1012 me,
2565 955 2614 1000 et
2657 947 3010 1015 (elabuntur;
3047 949 3172 1020 quia
3204 948 3259 1002 in
3288 947 3441 1003 verba

1847 1048 1936 1093 tua
1980 1038 2364 1108 supersperavi.
2431 1036 2685 1095 Fortasse
2735 1040 3006 1112 aliquibus
3057 1041 3308 1097 videatur
3337 1039 3443 1096 hoc

1847 1143 1972 1187 esse
2019 1131 2375 1198 contrarium,
2419 1131 2544 1203 quia
2587 1131 2770 1202 justus
2805 1133 2980 1189 dicit:
3015 1133 3118 1200 Qui
3167 1121 3344 1189 tinient
3372 1143 3438 1199 te,

1847 1224 2210 1292 videbuntme,
2237 1233 2283 1280 et
2311 1223 2666 1293 testabantur;
2693 1226 2879 1282 multis
2922 1227 3066 1282 enim
3097 1227 3278 1298 justus
3320 1243 3446 1299 gra-

1847 1318 1931 1375 vis
1949 1329 2054 1386 est,
2077 1333 2221 1382 eum.
2240 1318 2476 1375 videtur.
2511 1317 2751 1389 Denique
2789 1317 2842 1373 in
2866 1317 3170 1390 Evangelio
3199 1319 3447 1391 plerique

1850 1411 2136 1467 Dominum
2181 1411 2366 1468 Jesum
2396 1411 2584 1468 videre
2614 1426 2721 1466 non
2770 1418 3024 1482 poterant
3060 1429 3074 1466 :
3107 1411 3252 1468 sicut
3277 1411 3450 1470 Gera-

1849 1507 1964 1562 seni
1992 1506 2256 1576 rogabant
2287 1523 2444 1573 eum,
2497 1515 2555 1562 nt
2581 1506 2759 1562 abiret
2793 1505 2862 1561 de
2899 1505 3214 1578 regionibus
3254 1521 3444 1562 eorum

1849 1599 2002 1670 (Luc.
2033 1615 2148 1667 vttt,
2204 1600 2296 1672 57)
2325 1617 2339 1655 :
2373 1611 2428 1656 et
2478 1599 2572 1655 alii
2625 1600 2676 1655 ei
2731 1601 3016 1656 transitum
3065 1599 3445 1672 denegabant,

1855 1705 1876 1732 ο
1903 1692 2118 1763 quando
2149 1701 2329 1748 tamen
2377 1708 2474 1765 per
2523 1708 2619 1750 eos
2642 1692 2882 1749 transire
2934 1691 3158 1749 nolebat
3189 1691 3343 1764 (Luc.
3372 1708 3449 1760 ιι,

1851 1785 1922 1841 52
1950 1797 1996 1841 et
2025 1785 2141 1859 55).
2177 1785 2329 1842 Unde
2360 1797 2492 1857 puto
2521 1785 2666 1858 quod
2697 1786 2835 1841 sicut
2862 1785 2972 1842 illic
2998 1785 3239 1840 Iudaica:
3268 1783 3445 1841 forma

137 1883 334 1939 moria:
357 1884 1009 1955 prazferendntn,etillutn
1027 1900 1186 1956 posse
1203 1884 1404 1940 habere
1433 1882 1736 1948 scientiam,
1769 1887 1818 1948 Β
1843 1877 2140 1949 impietatis
2165 1878 2493 1950 exprimitur
2528 1896 2544 1935 :
2575 1879 2646 1934 ita
2678 1877 2766 1934 hic
2791 1877 3054 1934 Ecclesiae
3091 1877 3262 1949 gratia
3285 1891 3446 1934 reve-

137 1978 227 2035 cui
251 1988 382 2035 ante
411 1978 722 2035 intellectus
761 1979 1025 2035 all‘ulserit
1054 1979 1097 2051 (l
1118 1976 1240 2034 Cor.
1272 1992 1378 2043 xu,
1414 1976 1514 2048 7).

207 2073 304 2128 20.
347 2072 519 2129 Sitqu
550 2073 904 2130 humilitatem
929 2074 1239 2130 considera.
1288 2072 1344 2128 Si
1372 2071 1637 2142 Propheta
1667 2069 1749 2125 in-

143 2167 427 2223 tellectum
469 2166 586 2222 dari
616 2167 718 2237 sibi
751 2168 1004 2238 postulat,
1037 2167 1158 2238 quis
1203 2175 1310 2221 tam
1339 2179 1622 2236 arrogans,
1655 2163 1748 2235 qui

143 2257 470 2328 profiteatur
488 2258 542 2314 in
566 2274 658 2314 sua
685 2268 952 2331 potestate
967 2274 1088 2316 esse
1111 2259 1552 2330 intelligentiam?
1577 2257 1747 2314 Intel-

145 2351 347 2408 lectum
378 2352 534 2424 petit,
563 2363 622 2409 ut
650 2355 767 2425 ipse
785 2369 846 2410 se
873 2354 1105 2421 noverit,
1129 2361 1184 2409 et
1211 2363 1418 2408 natura:
1440 2369 1552 2408 suae
1579 2351 1751 2424 possit

143 2447 288 2501 scire
342 2447 618 2502 rationem
655 2465 669 2502 :
701 2459 752 2501 at
782 2446 855 2502 illi
887 2447 979 2518 qui
1025 2446 1092 2502 de
1114 2462 1300 2503 rerum
1349 2455 1537 2501 natura
1562 2446 1750 2516 dispu-

142 2549 275 2605 tant,
304 2539 439 2596 οωιὶ
469 2548 784 2596 scrutantur
805 2541 989 2612 plagas
1013 2583 1026 2605 ,
1053 2541 1140 2610 qtti
1171 2554 1231 2595 se
1261 2539 1409 2609 ipsos
1453 2539 1596 2595 scire
1639 2553 1748 2593 non

140 2641 399 2703 possunt,
445 2641 640 2702 putant
678 2631 1090 2703 intelligentiam
1127 2633 1252 2688 sine
1272 2631 1366 2685 Dei
1416 2629 1562 2686 dono
1587 2643 1751 2700 posse

151 2724 397 2779 concedi.
419 2723 578 2780 Unde
592 2734 760 2780 etnos
790 2725 1152 2780 humilitatem
1165 2724 1749 2788 debemnsassumere;

162 2814 230 2870 ne
256 2815 610 2883 extollamur,
654 2820 699 2872 si
747 2816 886 2872 forte
915 2833 1080 2873 unam
1103 2817 1340 2887 aliquam
1365 2817 1434 2871 de
1458 2815 1754 2886 Scripturis

160 2907 468 2977 parabolam
495 2909 913 2978 cognoverimus
943 2927 957 2962 :
987 2909 1221 2980 autquia
1264 2908 1531 2963 interdum
1562 2921 1756 2962 secun-

162 3001 284 3055 dum
298 3001 529 3057 litteram
551 3001 709 3072 plana
728 3002 974 3073 legimus;
997 3001 1044 3057 s't
1058 3002 1196 3057 forte
1211 3001 1506 3058 secundum
1522 3000 1754 3056 litteram

163 3092 364 3164 aliquid
417 3093 879 3160 intellexerimus,
927 3095 1191 3152 doctrina:
1229 3096 1387 3151 nobis
1413 3109 1757 3150 assumamus

161 3187 459 3242 scientiam.
524 3187 794 3259 Propheta
819 3188 911 3244 ille
936 3189 1026 3260 qni
1069 3189 1276 3258 accepit
1310 3187 1570 3259 Spiritum
1627 3200 1755 3242 san-

1853 1971 2016 2028 letur.
2044 1971 2340 2042 Protiltetat
2363 1973 2508 2028 enim
2540 1983 2712 2028 totum
2738 1971 2930 2030 orbem
2954 1971 3278 2043 replendum
3325 1984 3450 2027 esse.

1851 2064 2047 2120 timore
2076 2066 2297 2131 divino;
2331 2075 2386 2122 et
2413 2065 2538 2123 ideo
2567 2067 2720 2138 quasi
2751 2068 3005 2124 timentes
3033 2065 3203 2122 Deum
3226 2074 3448 2120 sancto-

1851 2176 1970 2216 rum
1995 2159 2458 2231 dieitcognitione
2487 2161 2696 2226 laetari;
2730 2160 2821 2232 qui
2871 2159 3016 2215 enim
3047 2157 3446 2230 videtjttstum,

1851 2253 2121 2324 etgaudct
2147 2294 2162 2318 ,
2185 2253 2348 2308 etiam
2379 2253 2494 2324 ipse
2520 2253 2638 2308 vult
2661 2267 2786 2309 esse
2808 2252 3008 2322 justus.
3040 2250 3332 2306 Pulchrum
3364 2259 3454 2304 est

1850 2347 1996 2402 enim
2026 2356 2084 2401 ut
2119 2347 2172 2400 in
2195 2346 2318 2401 aliis
2363 2335 2684 2413 delectetur,
2717 2347 2861 2418 quod
2896 2346 3010 2401 vult
3043 2345 3096 2402 in
3122 2361 3184 2402 se
3206 2358 3452 2410 servare,

1851 2440 1878 2479 α
1907 2443 1952 2499 si
1973 2441 2290 2512 sumpserit.
2345 2440 2603 2497 Estenim
2649 2441 2869 2496 insitum
2895 2439 3086 2505 bonis;
3131 2447 3190 2494 ut
3215 2449 3451 2502 casmm,

1851 2537 2128 2609 pudicum,
2162 2536 2483 2606 prudentem
2514 2535 2732 2607 sapiens
2760 2533 2958 2590 all'ectu
2991 2533 3080 2605 pio
3109 2532 3320 2604 diligat,
3343 2531 3450 2586 mi—

1852 2631 2090 2687 sericors
2127 2630 2444 2694 liberalem;
2493 2639 2548 2684 et
2601 2627 2824 2683 virtutes
2864 2642 2990 2682 suas
3045 2627 3098 2680 in
3137 2625 3264 2680 aliis
3283 2633 3453 2680 amet.

1855 2722 2134 2793 Plerisque
2159 2722 2304 2776 enim
2327 2721 2460 2791 juSti
2486 2729 2740 2791 aspectus
2765 2719 3066 2774 admonitio
3089 2715 3452 2772 correctionis

1855 2826 1941 2873 est
1964 2860 1979 2884 ,
2023 2813 2447 2889 periectioribus
2468 2831 2597 2870 vero
2625 2814 2811 2870 laetitia
2833 2823 2939 2869 est.
2962 2811 3132 2881 Quam
3163 2809 3450 2882 pulcltrum

1856 2925 2007 2981 ergo,
2042 2917 2102 2964 ut
2130 2907 2367 2964 videaris
2395 2917 2452 2963 et
2481 2911 2661 2979 prosis
2678 2907 2941 2962 .tBonum
2969 2921 3099 2977 ergo
3125 2905 3210 2960 vir
3245 2904 3450 2976 justus.

1927 3001 2019 3059 25.
2062 3000 2358 3076 Propterea
2404 2999 2641 3071 denique
2685 2999 2884 3054 Paulus
2930 2999 3211 3070 apostolus
3255 3011 3452 3052 ascen-

1857 3095 1938 3151 dit
1961 3095 2418 3168 Hierosolymam,
2448 3104 2506 3151 ut
2546 3095 2726 3166 justus
2762 3094 2972 3150 videret
3002 3111 3016 3148 :
3047 3101 3102 3150 et
3142 3108 3263 3149 cum
3293 3091 3456 3148 Petro

1858 3192 2059 3248 mansit
2086 3191 2279 3248 diebus
2322 3191 2672 3262 quindecim;
2706 3199 2765 3245 ut
2791 3204 2858 3245 ex
2888 3189 3006 3260 ejus
3035 3186 3238 3260 aliquid
3291 3187 3459 3242 coha-

161 3286 326 3346 ctum,
349 3289 639 3351 postquam
680 3289 874 3336 unctus
899 3291 982 3336 est
1009 3280 1064 3334 in
1115 3295 1365 3351 regnum,
1422 3288 1616 3334 unctus
1667 3288 1751 3334 est
1778 3284 1824 3346 ο
1857 3288 2123 3344 pisatione
2166 3287 2456 3358 proliceret
2501 3285 2701 3358 (Galat.
2736 3302 2774 3352 ι,
2822 3286 2938 3358 l8).
2997 3285 3289 3357 Propterea
3339 3283 3458 3354 ipse

165 3369 218 3424 in
265 3370 626 3443 Prophetatn,
683 3373 1040 3428 centesimum
1089 3380 1142 3427 et
1174 3382 1425 3427 octavum
1481 3371 1749 3427 decimum

170 3464 425 3536 psahnum
466 3467 740 3533 scribens,
788 3466 1121 3522 intellectum
1150 3466 1252 3521 sibi
1293 3466 1409 3521 dari
1467 3466 1662 3538 poscit,
1696 3475 1755 3522 ttt

174 3558 417 3616 mandata
446 3560 540 3618 Dei
571 3561 835 3631 intelligat
869 3579 882 3616 :
911 3569 967 3616 et
993 3561 1095 3616 scit
1135 3560 1237 3615 nisi
1264 3575 1293 3614 a
1325 3559 1555 3617 Domino
1600 3575 1756 3616 acce-

179 3653 309 3724 perit
335 3655 578 3726 gratiam,
604 3654 908 3725 intelligere
935 3656 1054 3725 ejus
1075 3668 1135 3709 se
1161 3652 1410 3709 mandata
1438 3670 1548 3710 non
1570 3668 1752 3725 posse.

180 3748 234 3802 lu
264 3749 546 3820 Evangelio
585 3764 800 3821 quoque
848 3748 989 3820 lego,
1013 3747 1142 3820 quia
1165 3747 1502 3818 proponebat
1528 3747 1757 3818 parabo-

183 3843 258 3898 las
305 3844 554 3901 Dominus
600 3843 795 3910 Jesus,
843 3854 898 3900 et
941 3843 1173 3914 apostoli
1234 3857 1340 3897 non
1385 3842 1757 3914 intelligebant

184 3935 404 4007 (Matth.
434 3955 549 4006 χιιι,
582 3938 697 4010 56).
729 3937 968 4009 Denique
989 3937 1431 4010 explanationem
1463 3937 1757 4010 propositae

186 4030 440 4098 parabolae
469 4031 829 4104 postulabant.
1165 4026 1169 4030 ’

252 4121 342 4182 21.
381 4125 493 4194 Ipse
519 4124 784 4181 Dominus
823 4124 982 4182 Jesus
1006 4141 1132 4180 cum
1155 4125 1381 4190 diceret,
1427 4134 1484 4180 ut
1505 4123 1685 4195 legisti
1707 4124 1758 4180 in

192 4213 323 4271 libro
392 4215 668 4289 Evangelii
719 4217 1018 4272 secundum
1084 4217 1396 4273 Matthmnm
1451 4217 1758 4288 scriptum:

194 4303 330 4360 Beati
346 4323 580 4378 pauperes
591 4309 776 4380 spiritu
801 4306 1015 4379 (Matth.
1035 4323 1089 4373 v,
1103 4306 1200 4380 ‘5);
1230 4307 1448 4378 subjecit
1468 4307 1522 4362 in
1538 4306 1564 4345 δ
1583 4318 1763 4375 postc-

198 4399 418 4457 rioribus
441 4421 454 4458 :
480 4401 656 4457 Omnis
683 4403 771 4471 qui
798 4402 1024 4456 audierit
1053 4419 1166 4457 mea
1193 4402 1344 4457 verba
1386 4407 1514 4465 lucc,
1561 4413 1607 4456 et
1628 4402 1764 4474 fece-

197 4494 260 4548 rit
281 4510 359 4560 ea,
392 4497 563 4551 similis
585 4496 681 4552 erit
722 4497 830 4551 viro
850 4497 1074 4569 sapienti
1125 4495 1341 4569 (Matth.
1371 4511 1463 4563 vlt,
1493 4495 1609 4569 24).
1644 4495 1761 4552 Νοη

202 4600 322 4655 ergo
348 4587 431 4658 qui
470 4589 611 4646 audit
654 4589 1054 4657 tantummodo,
1104 4589 1300 4646 similis
1346 4589 1491 4645 erit:
1526 4589 1621 4646 sed
1669 4591 1760 4662 qui

1855 3379 2054 3436 Paulus
2098 3389 2153 3435 et
2193 3378 2494 3446 Barnabas,
2545 3393 2665 3435 cum
2718 3378 3152 3451 Hierosolymam
3201 3376 3456 3447 ingrede-

1855 3482 2078 3539 rentur,
2120 3471 2407 3544 magniliee
2437 3472 2880 3544 'excipiebantttr
2927 3473 2997 3527 ab
3051 3470 3329 3537 Ecclesia,
3385 3470 3457 3524 ab

1855 3567 2140 3639 apostolis,
2189 3577 2246 3622 et
2277 3565 2581 3637 majoribus
2610 3576 2738 3622 natu
2773 3567 2912 3639 (Act.
2946 3581 3034 3630 xv,
3065 3565 3144 3637 ι).
3194 3563 3330 3620 Cum
3359 3577 3458 3617 au.

1857 3669 1964 3716 tem
2018 3659 2170 3715 abire
2196 3658 2393 3714 Vellent
2415 3700 2432 3726 ,
2463 3674 2531 3714 ne
2581 3658 2930 3715 discederent
2975 3655 3304 3729 rogabantur
3333 3673 3346 3708 :
3377 3664 3454 3718 et,

1858 3762 1914 3806 ιιι
1942 3760 2131 3823 postea
2159 3752 2228 3807 de
2255 3750 2424 3806 Paulo
2451 3751 2709 3823 legimus,
2743 3767 2868 3806 cum
2920 3749 3178 3822 laerytnis
3217 3747 3456 3804 deduce-

1858 3846 2058 3903 bantur
2079 3845 2218 3920 (Act.
2248 3862 2342 3911 xx,
2375 3845 2493 3917 38).
2526 3845 2659 3901 Nam
2693 3845 2740 3900 si
2765 3854 2851 3900 est
2873 3853 3023 3900 tanta
3053 3841 3135 3898 vis
3164 3843 3456 3898 innatura-

1858 3939 2020 4006 libus,
2053 3947 2112 3994 ut
2133 3939 2335 3994 animal
2365 3939 2536 3993 visum
2571 3939 2741 4009 prosit
2769 3937 3036 4001 icterieis;
3070 3937 3142 3991 ita
3171 3945 3230 3991 ut
3256 3937 3455 3990 mortui

1859 4049 2072 4105 quoque
2102 4043 2125 4070 υ
2159 4047 2327 4088 cornu
2355 4032 2474 4103 ejus
2516 4031 2810 4087 animantis
2841 4030 3106 4101 prodesse
3151 4029 3385 4090 dicatur,
3411 4027 3456 4081 si

1862 4125 2024 4180 fuerit
2054 4123 2484 4179 demonstratum
2516 4122 2619 4190 iis,
2660 4123 2753 4194 qtti
2805 4120 3114 4193 Itujusntodi
3171 4119 3459 4174 inciderint

1861 4218 2170 4288 passionem
2206 4235 2221 4269 :
2253 4215 2506 4272 dubitare
2529 4230 2818 4286 possumus
2849 4213 2991 4284 quod
3013 4213 3145 4283 justi
3195 4222 3352 4268 sanet
3372 4227 3460 4267 as-

1865 4312 2090 4384 pectus?
2119 4311 2262 4383 Ergo
2287 4310 2400 4374 vile
2444 4310 2642 4366 animal
2690 4309 3061 4366 irrationabile
3106 4318 3310 4364 tantam
3359 4309 3460 4364 viro

1863 4416 2030 4461 ttttem
2074 4406 2272 4474 habet,
2303 4415 2362 4462 ttt
2401 4421 2600 4462 sanare
2645 4405 2816 4477 possit
2857 4404 3133 4460 hominem
3182 4411 3463 4459 momento

1863 4500 2092 4570 exiguo,
2144 4515 2254 4571 quo
2308 4497 2564 4554 videtur:
2595 4497 2987 4568 ltomojnstus,
3021 4497 3065 4550 si
3115 4506 3296 4551 tamen
3337 4509 3458 4550 cum

1868 4593 1972 4650 llde
2001 4594 2071 4649 ab
2091 4609 2157 4650 eo
2182 4593 2498 4664 aspicietur,
2525 4593 2613 4663 qtti
2669 4591 2958 4646 utilitatem
2990 4590 3059 4645 ab
3087 4604 3154 4644 eo
3183 4587 3461 4660 percipere

205 4679 320 4736 facit
357 4697 468 4749 qua:
493 4683 741 4740 audierit.
771 4682 983 4758 1095
1027 4683 1170 4756 Ergo
1198 4699 1372 4756 neque
1413 4683 1612 4741 factum
1643 4685 1761 4742 sine
1788 4678 1840 4738 υ
1866 4685 2170 4752 desiderat,
2218 4685 2350 4742 nihil
2393 4683 2638 4740 confert?
2670 4685 2882 4739 Annon
2910 4683 2996 4739 vel
3031 4683 3134 4752 ipsi
3182 4681 3460 4739 oculorum

277 4919 300 4947 °
328 4910 396 4966 lta
424 4911 535 4967 cod.
567 4910 748 4983 scripti
774 4908 1054 4966 tredecim.
1085 4909 1392 4983 Alilautem
1416 4911 1765 4983 atqueedit.,

214 4985 446 5054 cognoscit
472 4981 706 5054 propheta
731 4999 822 5056 per
847 4983 1062 5054 gratiam
1094 4982 1325 5056 Spiritus
1351 4981 1535 5035 sancti.
1562 4981 1765 5056 Eorum

215 5053 506 5126 att’temqute
528 5053 818 5126 sequuntur
850 5053 892 5108 ’a
925 5068 1056 5109 voce
1094 5053 1342 5126 didicisti,
1373 5068 1544 5126 usque
1572 5053 1638 5108 ad
1685 5056 1769 5109 in-

223 5124 426 5179 tellectus
467 5124 802 5193 prtemittitur,
850 5126 1096 5181 ordinem
1125 5124 1258 5179 edit.
1284 5124 1442 5178 Rom.
1473 5125 1556 5179 sic
1583 5125 1764 5181 inver-

223 5194 314 5268 tit:
347 5195 584 5267 Propheta
627 5213 742 5253 vero
769 5199 935 5268 primo
966 5197 1076 5251 loco
1119 5196 1408 5264 sapientiw,
1461 5195 1582 5248 inde
1606 5197 1731 5251 inte!
1749 5230 1759 5239 -

225 5266 364 5320 lectus
389 5266 564 5323 donum
609 5271 739 5324 inter
770 5266 990 5323 munera
1037 5268 1318 5339 gratiarum
1363 5267 1648 5322 constituit.
1696 5269 1765 5324 Et

228 5339 334 5404 quia
375 5341 620 5406 unicuique
665 5341 816 5394 datur
841 5339 1186 5408 manifestatio
1223 5339 1436 5408 spiritus
1463 5339 1532 5391 ad
1561 5341 1761 5394 utilita-

231 5418 317 5482 tem
338 5424 355 5474 ;
380 5411 484 5466 ideo
507 5411 592 5466 Det
618 5413 809 5466 donum
835 5411 960 5482 petit
1012 5409 1272 5482 Propttcttt
1296 5426 1316 5464 :
1349 5408 1431 5463 Da
1460 5411 1592 5464 mihi
1619 5411 1768 5465 intel-

235 5478 418 5544 lectum,
439 5494 489 5536 ut
514 5483 692 5538 discam
721 5478 966 5536 mandata
997 5478 1128 5536 tua.'
1164 5480 1293 5536 Vide
1330 5482 1587 5550 ordinent,
1615 5483 1769 5537 intel-

237 5549 376 5605 lectus
404 5558 716 5620 prtcmittitur,
746 5563 852 5609 etc.

302 5620 325 5659 δ
363 5622 477 5681 Voci
506 5627 876 5695 posterioribus,
904 5624 1179 5696 subjttngit
1197 5623 1330 5680 edit.
1351 5624 1535 5693 Rom,
1557 5625 1648 5696 qui
1671 5642 1763 5681 au-

244 5701 328 5770 tem
345 5699 516 5765 fecerit,
543 5711 584 5751 et
605 5699 856 5765 docuerit,
885 5713 1102 5770 magnus
1123 5697 1385 5770 vocabitur
1404 5700 1457 5753 in
1480 5713 1638 5770 regno
1666 5714 1767 5753 cte-

246 5765 408 5838 lorttm.
437 5770 494 5823 Et
517 5770 565 5824 in
586 5771 682 5827 alio
707 5773 848 5833 loco,
880 5765 1058 5823 Omnis
1081 5771 1169 5838 qui
1196 5769 1447 5834 audierit,
1476 5765 1583 5824 etc.

260 5848 268 5855 '
311 5846 332 5873 ο
367 5835 619 5896 lta'cuncti
666 5858 796 5898 mss.
855 5856 922 5896 ac
966 5835 1256 5896 vetﬁedit.
1285 5851 1299 5903 ;
1331 5870 1344 5907 ί
1353 5839 1508 5895 Rom.
1547 5849 1758 5907 autem,

253 5907 427 5962 minutio
447 5916 616 5966 tantum
639 5922 827 5986 perusus
858 5909 1074 5968 transiri:
1093 5902 1306 5968 valeant.
1327 5902 1522 5966 Planus
1543 5902 1752 5976 θεηιιικέ

1878 4913 1979 4969 nisi
2007 4922 2153 4969 esset
2173 4914 2320 4970 omni
2349 4913 2454 4969 alio
2476 4911 2728 4984 praesidio
2748 4911 3057 4968 destitutus.

1947 4984 1974 5022 (³
2017 4985 2163 5041 Edit.
2197 4987 2380 5054 Rom.,
2412 4987 2457 5040 si
2479 4980 2666 5054 possit.
2713 4986 2847 5039 Alia:
2871 4998 2992 5038 cum
3023 4998 3154 5039 mss.
3183 4980 3457 5046 omnibus,

1873 5057 1919 5111 si
1943 5059 2242 5128 sumpserit.
2273 5057 2501 5114 Videtur
2531 5070 2710 5111 autem
2753 5057 2799 5110 is
2843 5070 3061 5128 sensus
3086 5069 3208 5128 esse
3228 5095 3242 5118 ,
3275 5055 3460 5128 qvirum

1869 5125 2070 5196 jttstttni
2101 5125 2169 5185 eo
2200 5130 2342 5184 bono
2365 5128 2625 5184 delectari
2648 5129 2702 5182 in
2733 5127 2878 5190 aliis,
2923 5127 3066 5198 quod
3095 5127 3210 5197 ipse
3239 5125 3462 5195 elegerit

1871 5215 1934 5254 ac
1961 5201 2263 5271 susceperit
2283 5202 2334 5255 in
2357 5215 2416 5255 se
2436 5199 2886 5255 conservandum.

1945 5282 1968 5310 ο
2005 5266 2204 5328 Eadem
2232 5272 2364 5327 edit.
2401 5271 2581 5338 Rom,
2610 5287 2797 5342 corpus
2825 5272 2939 5342 ejus
2954 5270 3254 5342 animantis.
3287 5266 3458 5342 Nimi-

1870 5359 1988 5398 rum
2018 5345 2142 5412 quia
2188 5359 2310 5398 cutn
2343 5343 2482 5398 Plin.
2532 5343 2624 5396 lib.
2676 5338 2784 5397 xxx
2847 5341 2984 5396 llist.
3041 5340 3332 5412 Nat..cap_.
3370 5338 3458 5404 li,

1873 5410 2101 5470 avicula:
2126 5416 2381 5470 virtutem
2406 5413 2656 5470 medendi
2701 5414 2924 5468 icterico
2958 5412 3147 5466 morbo
3175 5410 3455 5474 attribuat,

1873 5501 1978 5543 non
2010 5486 2293 5542 videbatur
2313 5501 2413 5542 vox
2439 5503 2596 5542 cornu
2621 5485 2916 5556 legitimum
2945 5498 3162 5556 sensum
3177 5481 3454 5556 exhibere.

1871 5557 1978 5614 Sed
2001 5573 2123 5614 cunt
2151 5559 2341 5614 eadem
2389 5573 2496 5612 vox
2544 5552 2859 5612 consianter
2888 5556 3096 5622 legatur
3125 5555 3175 5606 itt
3208 5552 3460 5622 omnibus

1869 5641 1925 5687 et
1955 5646 2084 5686 mss.
2115 5641 2170 5686 et
2194 5640 2306 5685 aut.
2334 5630 2490 5691 etlit.,
2522 5628 2808 5683 dicendum
2857 5619 2995 5678 hunc
3023 5623 3199 5678 Ineunt
3225 5622 3364 5676 forte
3388 5619 3456 5673 de

1869 5702 2219 5776 quadrupede
2256 5704 2518 5776 quapiam
2565 5697 2782 5776 animali
2843 5694 3249 5776 intelligendum
3294 5705 3451 5776 esse;

1871 5764 2116 5845 uisiquis
2163 5764 2313 5832 mali't
2355 5764 2451 5843 per
2492 5785 2660 5828 cornu
2711 5767 2958 5842 ejusdem
2996 5764 3111 5820 aris
3163 5775 3368 5834 ungues
3393 5775 3457 5814 ac

1869 5857 2103 5903 rostrum
2138 5845 2450 5918 signiﬁcari“.
2734 5865 2742 5873 -
