4104 6350
533 286 672 348 i339

1843 287 2086 348 SANCTI
2129 288 2452 349 Αιιιιιιοδιι

3683 294 3822 354 ιπιο

533 412 669 469 radii
700 411 956 470 virtutem
1003 411 1290 482 quamdam
1315 411 1563 468 videnlur
1606 379 1892 468 infundere
1912 409 2001 477 iis,
2030 411 2120 482 qui
2150 414 2204 476 Α
2229 411 2380 466 illum
2407 411 2476 467 ad
2504 411 2658 482 cujus
2687 410 3103 467 similitudinem
3152 411 3326 468 factus
3356 423 3460 476 est,
3491 412 3821 468 bonorvmus

534 503 767 561 ﬁdeliter
794 520 922 562 eum
950 503 1139 563 videre
1161 504 1509 562 deslderant?

601 595 694 652 24.
733 595 838 653 Sed
865 597 1320 667 quemadmodum
1364 600 1541 665 justus
1578 596 1816 654 lmtiﬁcat
1841 611 1938 654 cor
1968 599 2126 654 Inno-

529 690 793 753 centium,
827 704 948 744 cum
979 689 1193 745 videtur
1225 708 1238 743 :
1267 688 1337 745 ita
1378 689 1613 760 improbi
1642 690 1916 761 justorum
1941 691 2128 762 cogni-

529 785 681 840 tione
712 792 1078 854 torquentur;
1109 784 1244 854 quia
1270 785 1355 840 vel
1385 785 1562 840 tacitis
1599 795 1909 842 sanetorum
1962 785 2128 843 mori-

531 877 634 933 bus
679 887 998 948 arguuntur.
1069 875 1311 948 Torquet
1367 879 1588 934 castitas
1638 879 2125 946 incontinentiam,

528 969 810 1024 avaritiam
839 968 1169 1035 liberalitas,
1198 971 1532 1041 impietatem
1562 969 1715 1028 ﬁdes.
1760 971 1836 1030 De
1865 973 1968 1030 hoc
1994 988 2128 1043 quo-

531 1078 637 1134 que
660 1063 829 1131 parile
853 1061 973 1116 vilis
1002 1064 1299 1120 animantis
1323 1079 1601 1120 sumamus
1631 1066 1956 1135 exemplum.
1991 1065 2124 1123 Nam

526 1156 669 1212 sicut
698 1157 962 1228 prodesse
984 1155 1223 1244 diximus
1266 1169 1474 1213 mutum
1510 1159 1719 1232 1095
1744 1161 1970 1227 animal,
2000 1175 2125 1217 cum

527 1249 781 1308 videtur:
815 1251 887 1306 ita
934 1238 1131 1306 obesse
1152 1238 1490 1320 percipimus
1535 1253 1744 1322 lupum,
1793 1251 1842 1308 si
1887 1253 2126 1324 aliquem

530 1341 765 1398 videndo
791 1341 1160 1412 praevenerit;
1193 1356 1380 1398 vocem
1410 1344 1556 1399 enim
1582 1343 1828 1402 feruntur
1850 1345 2124 1412 amittere,

529 1451 668 1508 quos
702 1436 853 1507 prius
884 1435 1042 1506 lupus
1073 1435 1293 1492 viderit.
1318 1436 1610 1496 Basiliscus
1632 1453 1869 1510 quoque,
1895 1439 1999 1496 hoc
2017 1451 2123 1507 est,

530 1530 725 1586 noxius
747 1544 998 1600 serpens,
1022 1531 1066 1586 si
1090 1529 1471 1602 quodcumque
1494 1533 1644 1600 prior
1671 1533 1867 1590 viderit
1887 1534 2123 1604 animal,

529 1625 699 1680 fertur
728 1623 976 1684 occidere
1007 1643 1019 1681 :
1049 1634 1105 1684 et
1132 1626 1398 1697 allegatur
1439 1629 1621 1684 statim
1655 1631 1874 1697 necari,
1905 1631 1996 1701 qui
2022 1646 2122 1701 po-

531 1719 688 1774 tuerit
717 1732 747 1773 a
784 1729 1038 1788 serpente
1070 1719 1378 1789 huiusmodi
1410 1722 1719 1793 praevideri.
1761 1725 1880 1796 Ipse
1909 1741 2126 1796 quoque

529 1824 755 1880 serpens
794 1812 931 1868 mori
975 1811 1205 1880 dicitur,
1241 1813 1286 1870 si
1336 1813 1500 1870 fuerit
1529 1815 1764 1872 hominis
1815 1827 2125 1887 praeventus

531 1912 774 1972 aspectu.
798 1904 943 1976 Ergo
970 1906 1016 1962 si
1046 1915 1194 1964 tanta
1214 1905 1410 1976 virtus,
1433 1909 1522 1964 vel
1546 1909 1602 1966 in
1628 1911 1801 1967 oculis
1833 1913 2118 1982 serpentis,

531 1997 620 2054 vel
653 1998 708 2052 in
736 1998 909 2052 oculis
931 2006 1016 2054 est
1035 1997 1308 2064 hominis;
1343 2008 1403 2057 ut
1445 2001 1668 2058 si‘alter
1715 2003 1944 2060 alterum
1975 2005 2129 2076 prior

530 2089 766 2154 viderit,
815 2091 988 2159 possit
1035 2091 1288 2148 occidere
1329 2109 1342 2147 :
1377 2108 1483 2149 non
1530 2103 1614 2150 est
1645 2093 1818 2152 virtus
1869 2097 1922 2151 in
1954 2099 2130 2154 oculis

527 2181 681 2252 justi,
705 2181 798 2254 qui
833 2184 1076 2252 repletus
1102 2185 1322 2240 virtutis
1341 2195 1426 2242 est
1444 2188 1646 2257 gratia;
1675 2203 1797 2245 cum
1822 2191 2129 2260 praesertim

530 2287 737 2332 tantum
765 2287 1017 2349 operetur
1052 2277 1211 2345 ﬁdes,
1244 2279 1469 2336 utetilla
1488 2297 1608 2352 quae
1630 2282 1896 2338 ﬁmbriam
1917 2283 2131 2340 Domini

531 2370 728 2440 tetigit,
771 2379 1056 2428 sanaretur
1085 2371 1305 2441 (Matth.
1336 2389 1414 2441 ιι,
1437 2373 1554 2444 22),
1585 2385 1641 2432 et
1667 2377 1759 2433 ille
1788 2379 1874 2433 cui
1903 2378 2132 2435 intendit

536 2464 800 2524 Dominus
824 2465 984 2523 Jesus
1004 2508 1019 2534 .
1044 2468 1229 2526 statim
1257 2483 1324 2524 ex
1371 2469 1491 2538 ejus
1529 2470 1703 2526 oculis
1729 2473 1957 2542 gratiam
1984 2476 2134 2530 sani-

527 2559 659 2616 tatis
692 2559 934 2617 hauriret
959 2559 1115 2632 (Luc.
1148 2577 1223 2628 ix,
1256 2561 1326 2617 38
1351 2574 1396 2617 et
1429 2561 1562 2633 45)?

602 2654 693 2710 25.
728 2653 836 2710 Sed
866 2655 958 2725 qui
992 2654 1385 2726 videtjustum,
1415 2657 1577 2712 debet
1595 2657 1738 2714 scire
1758 2658 1890 2730 quid
1915 2659 2129 2716 videat:

533 2767 644 2808 nou
672 2751 828 2808 illum
852 2751 1000 2808 videt
1031 2752 1082 2807 in
1114 2765 1370 2823 corpore,
1403 2768 1508 2808 non
1545 2753 1598 2810 in
1644 2755 1995 2823 vestimento,
2025 2773 2134 2814 non

532 2844 583 2899 in
628 2845 982 2914 patrimonio,
1016 2859 1122 2900 non
1156 2845 1209 2900 in
1233 2846 1419 2911 vultu;
1452 2845 1547 2902 sed
1591 2849 1737 2903 intus
1789 2848 1967 2915 videt;
2001 2867 2133 2918 non,

530 2938 750 3007 inquam
771 2979 784 3001 ,
819 2937 972 2992 illum
999 2937 1172 3003 videt,
1202 2937 1308 2992 nisi
1337 2938 1457 3009 ejus
1511 2939 1710 2995 viderit
1736 2950 1999 3010 mentem,
2032 2945 2134 3000 nisi

531 3028 650 3099 ejus
679 3044 990 3086 sermonem
1040 3029 1355 3098 intenderit,
1406 3032 1507 3086 nisi
1539 3046 1737 3091 sensus
1773 3035 1922 3092 illius
1945 3045 2137 3105 potuc-

531 3123 604 3179 rit
648 3123 1147 3194 comprehendere,
1193 3125 1516 3196 sapientiam
1547 3127 1615 3183 de
1646 3136 1881 3188 tractatu
1907 3129 2026 3200 ejus
2049 3146 2137 3186 as-

504 3233 770 3274 -sumere.
798 3217 952 3274 Tunc
983 3219 1149 3290 igitur
1169 3219 1464 3288 laetabitur,
1485 3235 1608 3277 cum
1637 3223 1739 3278 ista
1770 3227 2133 3295 perspexerit,

530 3329 653 3368 cum
686 3315 787 3369 ista
814 3313 1151 3384 cognoverit.
1218 3313 1292 3370 lta
1325 3330 1456 3386 ergo
1485 3326 1542 3372 et
1589 3332 1689 3373 nos
1719 3319 1892 3375 sicubi
1919 3321 2126 3376 audivi~
2159 3342 2205 3405 ρ

533 3423 651 3465 mus
690 3407 920 3477 justum.
977 3407 1298 3464 festinemus
1350 3407 1573 3475 videre,
1617 3411 1759 3468 sicut
1800 3412 1892 3467 illa
1938 3414 2133 3470 mulier

530 3517 653 3572 quae
683 3501 892 3558 audivit
921 3502 974 3556 in
998 3501 1163 3557 domo
1194 3500 1445 3571 pharisaei
1467 3502 1814 3560 discumbere
1843 3504 2131 3562 Dominum

529 3596 736 3660 Jesum,
755 3604 810 3650 et
833 3596 1070 3666 ingressa
1085 3605 1190 3658 est,
1206 3605 1259 3650 et
1277 3594 1394 3664 ejus
1409 3595 1574 3664 pedes
1600 3596 1836 3667 perfudit
1859 3615 2068 3670 tmguen
2079 3611 2132 3658 to

531 3689 686 3761 (Luc.
722 3705 816 3756 vn,
849 3690 916 3745 57
943 3699 988 3744 et
1019 3688 1133 3760 38).
1161 3689 1308 3746 Illius
1342 3691 1641 3748 imitatores
1669 3695 1870 3760 simus;
1897 3711 2131 3768 namque

533 3781 830 3838 Ecclesiam
864 3781 917 3837 in
950 3783 1040 3838 illa
1099 3782 1323 3839 muliere
1348 3784 1630 3854 figuratam
1657 3800 1780 3842 esse
1811 3789 1931 3856 quis
1972 3789 2130 3844 dubi-

531 3878 649 3932 tet?
703 3876 890 3933 Sicubi
943 3892 1076 3947 ergo
1103 3877 1282 3946 justus
1319 3877 1536 3942 sedeat,
1582 3878 1755 3934 sicubi
1807 3882 2128 3949 accumbat,

532 3967 854 4024 festinemus
906 3968 1093 4025 videre
1137 3985 1285 4026 eum.
1339 3969 1642 4026 Pretiosum
1694 3979 1780 4027 est
1823 3973 2008 4030 videre
2049 3977 2132 4028 vi-

531 4077 651 4117 rum
687 4061 934 4132 justum;
967 4070 1026 4118 ut
1071 4061 1256 4118 videas
1310 4077 1434 4118 eum
1481 4063 1786 4119 secundum
1837 4064 2130 4136 imaginem

530 4155 646 4210 Dei.
697 4155 852 4224 Quod
883 4154 1014 4212 foris
1053 4164 1170 4223 est,
1215 4156 1349 4212 nihil
1383 4156 1606 4227 prodest
1639 4176 1650 4211 :
1679 4158 1825 4229 quod
1857 4160 2002 4215 intus
2025 4171 2128 4228 est,

527 4260 706 4304 sanat.
740 4248 882 4305 Sane
909 4259 964 4305 et
992 4250 1044 4305 in
1076 4265 1144 4305 eo
1171 4251 1263 4320 qui
1294 4249 1430 4308 foris
1451 4259 1535 4306 est
1566 4251 1716 4306 illum
1735 4253 1824 4322 qui
1848 4253 1997 4310 intus
2024 4265 2130 4323 est,

529 4344 846 4417 frequenter
897 4343 1233 4415 aspicimus;
1264 4353 1322 4401 ut
1366 4344 1410 4399 si
1466 4343 1762 4402 viderimus
1811 4361 2128 4417 pauperem,

601 4501 627 4529 ι
668 4491 793 4546 Mss.
819 4505 1034 4557 novem,
1064 4490 1318 4562 Quienim
1342 4488 1630 4544 honorat...
1649 4489 1939 4562 imaginem
1962 4491 2122 4546 hono-

531 4565 682 4619 ravit.
700 4561 803 4617 Alii
822 4571 873 4613 et
888 4573 1096 4616 cuncta:
1121 4560 1273 4626 edit.,
1306 4560 1874 4615 coronat...coronavil.
1899 4561 2120 4628 Melius;

2231 506 2283 560 in
2319 521 2576 577 paupere,
2612 506 2680 562 de
2705 521 2814 577 quo
2840 506 2918 560 ait
2941 524 2953 560 :
2985 504 3218 561 Dedisti:
3244 508 3368 561 mihi
3386 509 3819 562 manducare.....

2228 600 2351 669 quia
2378 597 2517 668 quod
2559 600 2652 653 uui
2691 615 2870 653 eorum
2920 599 3151 663 dedistis,
3195 597 3324 654 mihi
3353 599 3563 654 dedistis
3604 599 3819 672 (Matth.

2229 708 2364 759 xxv,
2395 693 2464 748 55
2486 701 2533 747 et
2560 691 2675 763 40).
2702 702 2727 730 α
2757 691 2860 761 Qui
2896 693 3043 749 enim
3075 704 3310 749 coronat
3334 693 3622 763 imaginem
3656 693 3829 765 impe-

2229 787 2448 852 ratoris,
2476 789 2663 858 utique
2685 788 2836 843 illum
2868 787 3126 853 honorat,
3149 787 3306 858 cujus
3332 787 3622 858 imaginem
3663 802 3826 842 coro-

2230 881 2377 934 navit
2411 897 2426 934 :
2454 889 2509 935 et
2537 881 2628 949 qui
2649 889 2886 936 statuam
2916 881 3310 951 contempserit.
3339 881 3706 950 imperatoris,
3725 881 3826 936 im-

2231 973 2468 1043 peratori
2492 974 2676 1043 utique
2699 973 2853 1045 cujus
2901 983 3136 1030 statuam
3166 975 3597 1046 consputaverit,
3628 973 3826 1030 fecisse

2230 1063 2734 1136 videturinjuriam.
2762 1065 3009 1124 Gentiles
3047 1067 3248 1137 lignum
3280 1065 3511 1122 adorant
3531 1107 3545 1130 ,
3575 1067 3698 1136 quia
3731 1066 3826 1121 Dei

2230 1159 2520 1230 imaginem
2556 1166 2746 1228 putant
2763 1177 2778 1214 :
2794 1159 2890 1216 sed
2915 1159 3203 1218 invisibilis
3227 1158 3532 1230 Deiimago,
3553 1175 3660 1214 non
3689 1161 3743 1216 in
3759 1175 3830 1216 eo

2228 1251 2472 1323 estquod
2494 1251 2710 1309 videtur
2743 1271 2758 1308 :
2789 1252 2888 1310 sed
2910 1253 2962 1308 in
2995 1268 3060 1309 eo
3081 1254 3265 1324 utique
3279 1255 3424 1326 quod
3449 1270 3558 1310 non
3590 1254 3823 1310 videtur.

2301 1346 2392 1402 26.
2429 1344 2594 1401 Vides
2635 1360 2767 1418 ergo
2788 1347 2916 1415 quia
2937 1348 3080 1404 inter
3111 1349 3308 1404 multas
3337 1346 3540 1403 Cbrisﬁ
3566 1347 3829 1419 imagines

2228 1439 2610 1495 ambulamus?
2658 1437 2964 1496 Caveamus
3016 1454 3084 1496 ne
3145 1454 3404 1496 coronam
3458 1440 3678 1511 imagini
3732 1441 3830 1497 de-

2229 1531 2454 1588 trahere
2482 1531 2769 1586 videamur
2789 1571 2806 1600 ,
2837 1546 3000 1601 quam
3049 1531 3343 1602 unicuique
3371 1530 3621 1588 Christus
3653 1532 3831 1604 impo-

2228 1626 2356 1682 suit.
2407 1624 2712 1682 Caveamus
2766 1640 2834 1682 ne
2859 1626 3066 1696 aliquid
3113 1626 3470 1684 detrahamus
3514 1628 3582 1682 iis
3630 1628 3831 1697 quibus

2228 1718 2495 1776 debemus
2523 1718 2848 1789 adjungere.
2877 1717 2987 1776 Sed
3016 1717 3158 1788 quod
3192 1718 3346 1790 pejus
3374 1728 3478 1784 est,
3512 1733 3620 1774 non
3650 1719 3828 1774 solum

2230 1825 2336 1867 nOu
2367 1811 2716 1868 honestamus
2748 1825 3055 1882 pauperes;
3084 1811 3178 1868 sed
3197 1813 3358 1868 etiam
3381 1812 3826 1880 dehonestamns,

2230 1906 2594 1971 destruimus,
2652 1907 3032 1976 persequimur
3063 1923 3078 1960 :
3111 1915 3167 1962 et
3210 1907 3518 1977 ignoramus
3557 1905 3701 1976 quod
3732 1905 3834 1962 has

2235 2001 2328 2060 Dei
2355 2001 2572 2071 imagini
2601 2015 2959 2072 congeramus
2986 1999 3236 2070 injurias,
3271 2001 3485 2072 ιοω
3513 2016 3634 2056 cum
3659 2000 3834 2058 factos

2231 2094 2296 2148 ad
2325 2094 2612 2165 imaginem
2645 2094 2740 2150 Dei
2767 2105 3020 2164 putamus
3047 2109 3171 2152 esse
3201 2094 3496 2152 laudandos.
3551 2094 3654 2162 Qui
3684 2097 3832 2151 enim

2231 2188 2425 2246 irridet
2468 2203 2792 2258 pauperem,
2837 2189 3136 2246 exacerbat
3178 2204 3303 2246 eum
3342 2188 3437 2258 qui
3477 2188 3606 2248 fecit
3651 2189 3828 2244 illum.

2231 2281 2338 2342 Sed
2362 2282 2535 2340 aderit
2561 2283 2652 2338 ille
2681 2283 2773 2353 qui
2793 2281 2938 2339 dicat
2967 2299 2981 2335 :
3011 2280 3244 2347 Esurivi,
3263 2292 3310 2336 et
3337 2298 3439 2337 non
3465 2283 3681 2338 dedistis
3701 2284 3833 2337 mihi

2233 2375 2548 2431 manducare
2577 2392 2594 2432 :
2618 2377 2777 2443 sitiri,
2805 2385 2854 2430 et
2880 2391 2982 2430 non
3009 2374 3224 2430 dedistis
3247 2375 3372 2428 mihi
3400 2375 3665 2430 bibere...
3695 2391 3833 2445 aeger

2234 2485 2465 2524 eram....
2523 2479 2568 2524 et
2623 2487 2725 2524 non
2756 2469 3003 2524 visitastis
3031 2485 3110 2522 me
3135 2467 3351 2541 (Matth.
3386 2485 3523 2526 xxv.
3549 2467 3621 2522 42
3635 2477 3686 2522 et
3713 2471 3830 2536 45).

2237 2562 2529 2632 thuanto
2553 2563 2653 2618 ista
2684 2562 2887 2618 leviora
2933 2571 3082 2628 sunt,
3113 2577 3275 2633 quam
3301 2563 3344 2616 si
3378 2562 3523 2618 dicat
3555 2579 3568 2615 :
3605 2563 3835 2632 lnjurias

2234 2655 2366 2710 mihi
2393 2654 2620 2719 fecistis,
2644 2653 2890 2710 nudastis
2923 2671 3031 2723 me,
3063 2655 3393 2711 verberastis
3421 2656 3540 2710 me?
3590 2656 3762 2722 Quem
3786 2655 3832 2710 si

2237 2751 2360 2821 quis
2402 2750 2821 2820 interrogaverit
2853 2749 3119 2818 :Quando
3161 2749 3260 2805 tibi
3311 2749 3536 2820 injurias
3582 2747 3831 2815 ferimus,

2236 2841 2452 2914 quando
2489 2841 2862 2912 spoliavimus,
2906 2841 3125 2911 quando
3177 2843 3343 2898 etiam
3385 2841 3832 2902 verberavimus?

2239 2934 2392 2989 Dicet
2429 2952 2441 2987 :
2479 2933 2745 3001 Quamdiu
2775 2936 2870 2987 uni
2896 2935 3084 2988 Irarum
3105 2934 3436 2988 minimarum
3467 2934 3682 3005 fecistis,
3706 2933 3836 2987 mihi

2237 3025 2429 3096 fecistis
2460 3024 2650 3097 (Ιὺὶά.,
2683 3024 2800 3096 45).
2831 3023 3124 3095 Propterea
3167 3038 3457 3080 caveamus
3491 3023 3829 3090 diligentius,

2238 3135 2306 3176 ne
2334 3119 2423 3177 cui
2475 3119 2558 3176 vel
2604 3119 2828 3175 minimo
2851 3117 3238 3176 contumeliam
3270 3117 3601 3188 irrogemus;
3629 3133 3696 3172 ne
3728 3115 3829 3186 ipsi

2239 3215 2473 3270 Domino
2487 3214 2538 3269 in
2555 3213 2662 3270 illis
2682 3212 2918 3269 minimis
2936 3211 3318 3268 c0ntumeliosi
3340 3210 3510 3268 fuisse
3523 3210 3826 3266 videamur.

2309 3310 2400 3365 27.
2441 3310 2556 3376 Qua
2589 3309 2799 3365 ratione
2825 3317 3008 3363 autem
3037 3306 3236 3363 dixerit
3265 3323 3278 3358 :
3315 3307 3412 3370 Qui
3451 3305 3626 3359 timent
3653 3313 3720 3368 te,
3750 3305 3831 3356 ui-

2238 3403 2422 3460 debunt
2445 3420 2523 3458 me
2545 3413 2592 3457 et
2622 3401 2954 3465 (relabuntur,
3012 3400 3127 3470 ipsc
3158 3399 3411 3468 exposuit
3435 3397 3621 3454 dicens
3648 3413 3662 3454 :
3695 3397 3833 3464 Quia

2239 3499 2292 3552 in
2324 3495 2471 3551 verba
2502 3506 2590 3552 tua
2629 3493 2986 3564 supersperavi
3017 3507 3035 3546 :
3064 3492 3165 3546 hoc
3193 3501 3276 3546 est
3305 3489 3490 3546 dicere
3518 3507 3532 3544 :
3563 3490 3712 3545 intus
3744 3508 3832 3546 me

2237 3592 2517 3651 viderunt.
2547 3592 2693 3646 intus
2723 3603 2808 3644 me
2833 3588 3145 3658 tetigerunt,
3176 3585 3322 3641 intus
3353 3600 3439 3640 me
3461 3596 3829 3653 aSpexerunt;

2238 3688 2329 3742 ubi
2351 3701 2500 3755 apem
2533 3683 2802 3754 assumpsi
2830 3681 2897 3737 de
2929 3679 3034 3736 tuis
3066 3679 3269 3743 verbis,
3291 3679 3379 3734 ubi
3404 3687 3493 3734 tua
3516 3679 3676 3734 verba
3708 3695 3831 3746 per.

2235 3781 2376 3848 cepi.
2449 3776 2600 3834 Beati
2635 3790 2770 3844 ergo
2817 3774 2907 3844 qui
2950 3772 3134 3828 vident
3169 3777 3398 3841 justum,
3440 3780 3494 3830 et
3540 3771 3828 3837 laetantur;

2234 3875 2356 3944 quia
2385 3880 2606 3941 Sperant
2652 3871 2705 3924 in
2737 3869 2832 3924 Dei
2856 3867 3041 3924 verba.
3094 3867 3268 3934 Quam
3297 3866 3451 3922 multi
3498 3874 3677 3921 autem
3703 3877 3832 3922 sunt

2233 3969 2324 4039 qui
2356 3967 2586 4022 oderunt
2620 3964 2820 4035 justus,
2874 3962 2967 4033 qui
3027 3970 3438 4032 perscrutantur
3494 3960 3587 4016 Dei
3635 3962 3828 4026 verba,

2235 4062 2324 4134 qui
2351 4061 2483 4131 jusu
2509 4067 2632 4114 sunt
2664 4076 2678 4113 :
2707 4065 2763 4113 et
2782 4071 2908 4113 cum
2932 4055 3142 4126 aliquos
3163 4053 3356 4110 doctos
3397 4053 3628 4111 audiunt
3653 4055 3830 4124 impii,

2235 4171 2330 4214 eos
2356 4164 2576 4225 propter
2597 4152 2900 4208 doctrinam
2935 4150 3104 4205 vitare
3134 4158 3488 4204 consuerunt.

2305 4251 2398 4305 28.
2440 4249 2618 4320 (Vers.
2643 4245 2760 4318 75.)
2801 4243 3057 4315 Sequitur
3100 4257 3288 4300 versus
3335 4242 3572 4296 tertius:
3605 4241 3829 4311 Agnori,

2236 4346 2474 4409 Domine,
2509 4343 2752 4414 quoniam
2769 4341 2918 4412 justo
2938 4337 3145 4411 judicia
3195 4345 3284 4390 tua
3313 4351 3331 4390 :
3357 4345 3402 4398 et
3428 4336 3483 4388 in
3505 4334 3712 4413 ueritate
3739 4344 3831 4388 tua

2228 4490 2518 4545 adorarent
2543 4485 2923 4541 exisﬁmantes
2971 4482 3020 4536 in
3068 4481 3172 4536 illis
3205 4479 3492 4550 imaginem
3549 4483 3640 4538 Dei
3692 4485 3830 4538 resi-

2231 4562 2384 4626 dere,
2413 4560 2502 4630 qui
2533 4572 2655 4612 cum
2687 4558 2759 4609 sit
2791 4556 3142 4630 incorporeus
3189 4552 3454 4606 materiali
3483 4553 3832 4630 effigierassi-

530 4608 2126 4702 seiciiantenimimperatortimimaginesﬂoribuscoronari:
2156 4608 2207 4669 D
2233 4608 2412 4688 iiiilai'i
2433 4608 2443 4630 Ι
2467 4630 2780 4702 neutiquam
2815 4608 3013 4702 potest.
3051 4625 3398 4702 llinc_aute_m_
3440 4608 3709 4702 contﬁaria
3741 4645 3832 4702 ra-

532 4717 589 4760 ut
620 4707 874 4761 obseruit
899 4705 1014 4758 .los.
1049 4705 1374 4759 Laurentius
1399 4703 1608 4776 Polym.
1639 4704 1733 4758 lib.
1761 4720 1810 4766 v,
1844 4720 1963 4774 pag.
1995 4705 2120 4762 59L

531 4779 715 4849 Neque
769 4790 901 4830 vero
925 4778 1126 4849 mirum
1181 4775 1447 4844 ejusmodi
1479 4775 1739 4849 honorem
1783 4782 1944 4831 etiam
1975 4779 2123 4832 chri-

528 4847 826 4905 stia'norum
861 4847 1160 4916 principum
1182 4849 1374 4901 statuis
1399 4847 1666 4909 redditum
1696 4863 1854 4913 esse;
1883 4850 2127 4918 quando-

529 4923 747 4992 quidem
765 4926 978 4973 constat
1001 4918 1219 4992 casdem
1243 4933 1366 4974 cum
1384 4919 1434 4992 in
1462 4919 1654 4988 oppida
1677 4919 2068 4992 inferebantur,
2093 4937 2122 4976 a

529 4989 848 5063 magistratu
877 5005 941 5063 ac
963 4991 1175 5063 pupulis
1200 5005 1326 5063 cum
1376 4989 1554 5054 thure,
1591 4991 1767 5063 cereis
1812 5001 1974 5059 atque
1994 4993 2126 5046 ado-

529 5062 741 5122 ratione
798 5062 974 5131 excipi
1036 5062 1241 5116 solitas.
1305 5062 1409 5116 Sed
1462 5076 1585 5116 eum
1645 5062 1850 5115 cultum
1907 5063 2122 5119 tandem

528 5131 1064 5208 prohibttit'l‘beod._
1100 5133 1227 5186 Jun.
1249 5131 1492 5208 C9d._tit_.
1518 5133 1574 5197 4,
1609 5132 1712 5202 leg.
1739 5133 1927 5208 unica;
1953 5150 2118 5208 quam

527 5203 752 5263 consule
781 5207 922 5260 sicut
947 5212 1002 5261 et
1027 5206 1239 5260 Cmnm.
1281 5203 1530 5259 Gothofr.
1566 5207 1615 5258 in
1657 5205 1922 5260 eamdem.
1966 5206 2121 5261 Libet

528 5289 710 5334 autem
775 5279 878 5331 huc
946 5276 1181 5344 adjicere
1239 5291 1358 5345 qme
1427 5274 1660 5330 Hilarius
1730 5275 1886 5330 Pont.
1957 5277 2116 5332 Rom.

527 5353 689 5419 epist.
722 5347 974 5404 secunda:
1013 5347 1282 5421 Nieasyn.
1311 5348 1526 5421 inserta
1558 5346 1736 5421 refert
1757 5365 1820 5402 ex
1852 5349 1913 5406 D.
1943 5351 2088 5421 (λιι-γ
2108 5381 2120 5391 υ

529 5418 688 5486 sust.;
710 5421 996 5474 suntenim
1018 5419 1288 5474 simillima
1309 5419 1507 5488 iisquae
1527 5418 1596 5472 ab
1624 5419 1909 5488 Ambrnsin
1937 5418 2124 5475 nostro

529 5492 620 5548 hic
641 5492 944 5546 traduntur.
965 5492 1053 5546 Ait
1073 5493 1230 5558 igitur
1249 5509 1264 5544 :
1280 5497 1385 5549 Οὐκ
1407 5487 1549 5554 bis“;
1575 5488 1652 5547 ὅτι
1679 5487 1820 5554 ὅστις
1840 5499 1932 5552 τήν
1956 5495 2126 5549 εἰκόνα

529 5571 622 5626 τήν
665 5567 728 5643 ἐκ.
759 5564 909 5630 ξύλου
941 5567 1028 5643 uari
1047 5567 1342 5643 χρωμᾴῖῳγ
1368 5565 1603 5643 λοιδρρεῖ,
1631 5566 1734 5643 oux
1845 5563 2132 5643 πρᾲςᾶψυ-

531 5660 632 5709 χον
655 5638 912 5708 τολμήσας
945 5636 1191 5710 κρίνεὲαιν,
1217 5640 1342 5694 ἀλλὰ
1369 5636 1602 5694 narraret“)
1629 5636 1905 5708 βασιλέωςζ
1935 5636 2133 5694 UDSt-r-

539 5707 669 5768 vatu
719 5707 880 5778 porro
929 5707 1150 5775 dignum
1187 5723 1269 5765 es:
1323 5707 1668 5764 Ambrosium
1727 5717 1848 5775 post
1901 5717 2134 5775 quatuor.

539 5800 732 5840 versus
756 5786 807 5840 in
828 5797 896 5839 eo
913 5783 1277 5840 idololatriam
1296 5783 1639 5836 ethnicorum
1652 5780 2001 5842 constituere,
2027 5794 2136 5845 non

533 5857 678 5940 quod
720 5857 863 5934 idola
915 5857 1054 5912 Deos
1084 5869 1208 5913 esse
1241 5853 1551 5933 crederent,
1602 5851 1696 5909 sed
1750 5849 1890 5935 quod
1943 5849 2131 5910 eadem

2237 4706 2385 4760 tione
2426 4695 2778 4769 COtISqutilur
2801 4695 2924 4752 cum
2955 4697 3154 4751 Christi
3187 4695 3425 4758 Domini,
3474 4697 3532 4751 Β.
3569 4699 3828 4767 Virginis,

2237 4788 2574 4844 martyrum,
2625 4771 2977 4844 aliorumque
3006 4779 3328 4844 sanctorum
3388 4782 3570 4844 sacras
3614 4771 3819 4844 icones,

2235 4837 2584 4914 honoresque
2643 4842 2778 4912 ipsis
2835 4839 3112 4902 exhibitas
3175 4839 3399 4896 minime
3465 4839 3822 4914 improbasse.

2232 4921 2397 4976 Certe
2423 4912 2598 4973 omnis
2629 4914 2873 4972 doctrina
2902 4927 2976 4968 vu
3003 4925 3158 4966 conc.
3188 4925 3386 4966 meum.
3431 4926 3591 4980 supra
3622 4912 3825 4969 laudati

2234 4993 2288 5046 in
2319 5006 2387 5047 eo
2409 4989 2562 5060 quasi
2584 4987 2810 5042 cardine
2845 4987 3091 5039 vertitur.
3147 4980 3601 5060 Eteni_rn_passim
3634 4989 3824 5060 asserit

2237 5063 2332 5118 Dei
2368 5052 2583 5131 quidem
2620 5068 2886 5131 naturam,
2934 5063 3140 5131 utpote
3187 5052 3512 5131 spiritalem,
3548 5054 3824 5131 pinginon

2230 5123 2399 5202 posse.
2433 5151 2446 5186 :
2477 5147 2579 5202 qua
2621 5132 2671 5183 in
2721 5145 2779 5183 re
2809 5129 2885 5202 illi
2915 5123 3200 5194 prieiverat
3243 5123 3524 5202 G-regnl‘l,
3552 5123 3729 5202 epCl,
3755 5130 3824 5184 ad

2231 5195 2472 5264 Ledaeam,
2495 5195 2742 5258 isaururn
2762 5199 3008 5254 scribens
3031 5216 3055 5270 :_
3068 5205 3198 5255 Θεοῦ
3231 5198 3380 5270 φύσιν
3409 5195 3660 5255 ἀδύνατον
3687 5201 3823 5257 iero-

2230 5287 2391 5356 ρῆσαι
2407 5279 2491 5356 atati
2519 5278 2894 5356 ζωγροιφνιῐσοιι.Δ
2925 5268 3390 5356 υιξ.(]ῑιι’ἱδιὶ.“.νθι’‹ξ
3435 5280 3491 5356 et
3514 5282 3823 5356 Sanctorum

2234 5340 2561 5418 imaginibus
2594 5340 2752 5414 illanc
2777 5343 3113 5418 contrarium
3132 5340 3416 5411 colligunt,
3448 5354 3608 5411 atque
3637 5342 3820 5418 decer-

2233 5413 2370 5475 nuni
2425 5418 2586 5474 iidem
2643 5418 2847 5472 Patres.
2913 5413 3052 5481 Quin
3103 5415 3270 5467 immo
3331 5428 3452 5466 cum
3506 5413 3822 5482 angelorum

2229 5506 2443 5562 quoque
2499 5489 2845 5562 imaginibus“
2888 5485 3286 5562 suffragentur,
3317 5499 3405 5562 ea
3484 5487 3824 5562 putissimum

2233 5556 2450 5620 ἐθιιιὶιιθ
2497 5556 2661 5634 quod
2703 5563 2770 5622 ὡς
2813 5556 3072 5634 ἅνθρωποι
3133 5557 3521 5630 ἐνεφανίσθησαν
3568 5574 3582 5610 :
3621 5559 3814 5634 eruit-In

2234 5644 2556 5702 argumento
2585 5633 2850 5688 evincitur
2880 5629 3125 5702 illicitum
3178 5629 3282 5682 neu
3319 5644 3464 5702 esse,
3486 5629 3825 5702 symbolicas

2235 5699 2538 5762 divinarum
2573 5718 2926 5772 personarum
2968 5700 3228 5769 imagines
3261 5699 3362 5754 sub
3388 5701 3589 5772 quibus
3613 5699 3743 5768 ipsa!
3765 5716 3826 5755 se

2244 5770 2624 5846 rnanifeSIaSse
2669 5777 2722 5829 in
2765 5775 3062 5844 Scripturis
3088 5773 3374 5846 leguntur,
3433 5770 3634 5840 populo
3663 5787 3827 5846 vene-

2241 5841 2443 5910 randae
2485 5861 2814 5926 proponere.
2866 5841 2971 5906 Sed
3013 5843 3202 5920 istbmc
3236 5841 3304 5919 ad
3358 5843 3823 5917 controvertistas.
