4104 6350
231 367 335 426 liti

1263 353 1326 411 IN
1366 353 1691 415 PSALMUM
1729 353 1940 414 CXVIII
1977 351 2359 410 EXPOSITIO.

3327 353 3470 412 15ίὲ

230 477 471 541 humilitati
491 490 582 530 me.
609 472 714 546 Qui
734 479 912 542 potest
939 469 1248 540 intelligere
1277 486 1400 540 qua».
1419 482 1545 532 sunt
1566 468 1766 530 divinae
1794 470 1844 545 Α
1873 469 1988 538 ipsa
2016 467 2318 528 humilitate
2344 466 2540 524 delicta
2568 475 2756 524 nostra
2786 481 3097 538 purgamus.
3141 465 3471 523 Humilintus

227 572 562 648 providentiae,
613 568 783 624 utitur
814 580 880 624 co
907 579 1160 632 sermone
1201 580 1312 634 quo
1337 579 1466 620 usus
1521 571 1606 622 est
1645 577 1770 632 pro-

226 668 357 742 pheta
390 673 594 726 sanctus
621 658 812 724 David;
844 660 970 730 quia
1021 659 1203 716 omnia
1234 657 1444 728 judicio
1471 656 1570 714 Dei
1603 656 1766 723 ﬁunt,

223 770 467 830 ntaagrum
510 768 706 826 corpus
744 753 941 824 aliquis
966 752 1185 820 haheat,
1230 762 1288 807 ut
1331 751 1571 817 salubre,
1599 761 1657 810 ut
1682 749 1769 806 di-

222 869 316 922 ves,
338 862 388 909 ut
412 865 605 922 pauper
628 849 736 917 sit,
766 856 826 904 ut
864 848 1132 904 moriatur
1155 847 1388 919 iuvenis,
1438 845 1526 901 vel
1569 861 1765 902 senex.

220 946 385 1016 Siquis
404 940 637 1000 intendat
659 939 958 1010 Scripturis
980 939 1199 1002 divinis.
1235 939 1489 1009 intelligit
1513 938 1628 993 haec
1650 936 1768 993 ﬁeri
1794 947 1802 956 °

217 1037 386 1110 judicio
424 1035 547 1100 Dei;
577 1032 717 1089 nihil
749 1031 894 1088 enim
951 1041 1036 1087 est
1081 1039 1283 1102 praeter
1328 1030 1424 1086 Dei
1460 1029 1764 1086 scientiam.

220 1128 496 1202 Exemplum
523 1124 859 1198 querimus?
906 1124 1026 1184 Non
1049 1135 1131 1182 est
1158 1122 1568 1190 absconditum;
1599 1123 1769 1194 siqui-

215 1222 314 1280 dent
351 1219 446 1276 Joh
489 1233 782 1291 numquam
833 1217 1106 1274 amisisset
1153 1217 1406 1288 proprias
1456 1215 1762 1283 facultates,

215 1317 444 1374 nisiesset
472 1313 703 1374 traditus
735 1311 1062 1368 adversariae
1112 1311 1384 1382 potesuti.
1437 1309 1597 1366 Dedit
1621 1307 1764 1365 enim

216 1409 438 1464 Dominus
475 1405 695 1464 diabolo
723 1412 1047 1477 potestatem
1098 1403 1152 1458 in
1209 1402 1492 1460 facultates
1517 1402 1672 1473 ejus,
1709 1410 1768 1458 ut

214 1509 471 1560 tentaretur
508 1499 764 1570 qualem,
807 1497 1007 1554 amisso
1039 1493 1390 1567 patr-intentio,
1422 1494 1650 1552 haberet
1687 1495 1768 1554 af-

213 1591 538 1662 tectumUob.
589 1608 633 1660 ι,
663 1590 754 1665 12)
786 1590 975 1647 :dedit
1018 1591 1071 1645 in
1107 1591 1268 1658 ﬁlios,
1315 1589 1467 1646 dedit
1490 1589 1544 1648 in
1567 1604 1766 1658 corpus

213 1688 308 1758 eius
337 1685 467 1758 (Iob.
521 1701 586 1756 ιι,
616 1685 714 1760 6);
743 1696 804 1742 ut
843 1685 1165 1757 probaretur
1217 1702 1343 1744 num
1385 1686 1767 1744 defunctorum

213 1780 366 1836 dolore
391 1780 704 1848 liberorum,
727 1791 822 1838 aut
851 1779 1098 1836 cruciatu
1125 1779 1370 1850 corporis
1404 1795 1436 1836 a
1459 1781 1764 1836 constantia

1875 579 2010 628 sum,
2046 562 2252 631 inquit,
2295 571 2347 617 et
2379 562 2579 617 solrum
2607 577 2689 616 me
2735 561 2858 632 fecit
2896 559 3070 632 (Poet.
3121 576 3267 625 cxtv,
3299 559 3380 630 ﬁ).
3411 560 3471 617 in

1874 655 2108 712 veritate
2146 667 2276 725 ergo
2308 654 2621 712 humiliatus
2670 663 2775 721 est,
2820 654 2912 725 qui
2945 653 3258 710 humiliatus
3280 662 3366 709 est
3399 651 3471 709 ad

1873 749 2141 804 salutem:
2169 762 2269 804 nec
2300 763 2435 803 vane
2467 747 2694 818 pertulit
2736 749 3068 819 passionem,
3094 747 3183 818 qui
3233 748 3467 804 salutem

1872 844 2120 900 veritatis
2149 850 2366 898 secutus
2388 851 2492 898 est.

1943 939 2033 996 3i.
2075 938 2249 994 Distat
2276 937 2438 1008 igitur
2459 936 2602 993 inter
2631 951 2964 1008 cognoscere
2997 947 3053 993 et
3077 937 3289 1006 timere,
3314 948 3375 994 ut
3401 955 3470 996 co

1871 1041 2232 1088 revertamur.
2262 1031 2504 1102 Denique
2533 1029 2812 1102 Evangelii
2837 1031 3000 1087 lectio
3024 1031 3224 1088 docere
3248 1049 3347 1088 nos
3369 1033 3466 1088 de-

1869 1126 1983 1182 bet.
2023 1126 2113 1182 Ait
2141 1125 2289 1183 enim
2333 1125 2594 1182 Dominus
2636 1125 2703 1178 ad
2739 1139 2836 1180 eos
2862 1125 2955 1196 qui
3002 1125 3298 1182 credebant
3323 1125 3376 1180 ei
3399 1141 3464 1181 ex

1869 1220 2074 1277 ludatis
2097 1237 2112 1275 :
2137 1219 2200 1277 Si
2221 1219 2515 1275 manseritis
2540 1218 2598 1273 in
2619 1219 2769 1274 verbo
2797 1235 2932 1282 meo.
2961 1258 2974 1272 .
3009 1257 3026 1274 .
3062 1259 3075 1274 .
3109 1256 3124 1273 .
3155 1220 3468 1290 cognoscetis

1869 1317 2153 1380 veritatem.
2189 1323 2238 1370 et
2263 1315 2453 1370 veritas
2483 1314 2716 1370 liberabit
2742 1330 2829 1368 nos
2860 1312 3040 1385 (Joan.
3064 1315 3258 1378 "11,31
3279 1321 3328 1368 et
3347 1312 3464 1384 32).

1869 1411 1924 1466 Si
1970 1408 2313 1474 manseritis,
2348 1408 2542 1479 inquit,
2571 1407 2934 1478 cognoscetis.
2967 1406 3132 1462 Vides
3159 1406 3282 1477 quia
3308 1423 3415 1463 non
3440 1421 3469 1460 a

1871 1501 2136 1575 principio
2163 1501 2338 1572 potuit
2363 1514 2698 1570 cognoscere
2719 1497 3049 1570 quicumque
3079 1499 3246 1554 Deum
3272 1499 3466 1553 timens

1868 1595 2094 1654 verbum
2123 1593 2243 1663 ejus
2261 1592 2488 1648 audivit.
2516 1591 2633 1648 Non
2663 1591 2837 1648 solum
2869 1599 3048 1646 autem
3072 1604 3184 1652 non
3209 1589 3353 1646 idem
3384 1597 3470 1646 est

1870 1691 2034 1747 timor
2060 1701 2114 1747 et
2138 1689 2406 1760 cognitio;
2430 1703 2622 1743 verum
2649 1687 2811 1742 etiam
2838 1701 2946 1741 non
2971 1685 3112 1740 idem
3139 1695 3222 1741 est
3249 1685 3384 1740 ﬁdes
3413 1693 3470 1740 et

1869 1783 2129 1855 cognitio.
2158 1782 2438 1852 Siquidem
2487 1779 2647 1837 etiam
2695 1778 2993 1850 Apostolus
3022 1778 3207 1833 docuit
3251 1777 3466 1834 diversa

213 1875 372 1934 mentis
392 1872 666 1944 animique
689 1873 1044 1932 descisceret.
1077 1873 1337 1935 Dominus
1355 1872 1573 1944 quidem
1599 1887 1764 1929 nove-
1792 1871 1841 1939 Β
1869 1891 1990 1932 esse
2021 1890 2246 1931 munera
2278 1875 2595 1946 gratiarum.
2629 1871 2732 1927 Atii
2762 1872 2918 1939 enim,
2951 1871 3145 1940 inquit,
3173 1887 3262 1940 per
3293 1871 3468 1941 Spiri-

212 1978 273 2021 rat
295 1965 497 2032 fratem;
543 1968 641 2022 sed
670 1969 723 2022 in
765 1966 859 2022 illo
885 1966 1086 2024 docere
1129 1978 1292 2036 atque
1320 1966 1634 2023 examinare
1662 1981 1760 2025 nos

210 2058 375 2127 voluit,
405 2068 586 2122 utrum
615 2059 916 2120 imitatores
945 2059 1064 2129 ejus
1091 2074 1218 2116 esse
1241 2073 1545 2129 possemus.
1599 2057 1763 2115 Deni-

209 2168 290 2223 que
306 2163 351 2210 ιιι
381 2152 660 2214 Abraham
709 2152 966 2220 tentavit,
990 2152 1205 2224 quando
1232 2152 1402 2208 ﬁlium
1445 2152 1592 2212 senis
1643 2153 1764 2206 uni-

207 2259 302 2302 cum
338 2245 432 2304 sibi
459 2247 624 2316 petiit
665 2246 933 2302 immolari
989 2243 1158 2317 (Gen.
1216 2262 1356 2314 χχιι,
1399 2244 1496 2318 2).
1543 2246 1764 2303 Sciebat.

209 2341 357 2411 utique
374 2352 609 2400 mentem
640 2342 874 2402 Abrahte
908 2361 922 2396 :
954 2342 1049 2400 sed
1070 2343 1249 2398 sciens
1274 2349 1447 2398 tentet
1477 2341 1760 2407 Dominus,

208 2435 316 2492 sicut
349 2433 514 2505 legisti
575 2434 630 2494 in
661 2433 991 2505 Evangelio,
1041 2435 1163 2505 quia
1218 2450 1339 2490 cum
1374 2434 1762 2504 interrogasset

209 2527 421 2589 Dominus
454 2527 622 2588 iesus
647 2526 966 2598 discipulos,
991 2535 1125 2598 quot
1161 2541 1326 2596 panes
1357 2526 1654 2590 luberent;
1707 2534 1762 2584 et

208 2620 266 2678 illi
301 2621 732 2692 respondissent,
787 2623 914 2692 quia
959 2621 1201 2692 quinque
1239 2630 1452 2676 tantum
1500 2621 1762 2678 haberent

209 2728 358 2783 nam,
373 2715 482 2785 ipse
498 2716 580 2774 ait
597 2733 610 2768 :
627 2724 654 2755 α
667 2713 807 2782 Quid
830 2713 1090 2771 faciemus
1115 2714 1256 2770 inter
1273 2722 1451 2769 tantos
1469 2711 1758 2769 homines?

209 2807 288 2863 hoc
325 2819 489 2865 autem
521 2809 744 2873 dicebat
787 2819 1002 2869 tentans
1027 2825 1157 2873 eos;
1196 2808 1402 2868 sciebat
1451 2809 1596 2864 enim
1627 2809 1756 2878 quid

208 2899 401 2970 iac-turus
448 2912 602 2964 esset
654 2901 836 2974 (Joan.
861 2917 936 2966 vt,
973 2900 1078 2956 5e:
1107 2899 1185 2971 6).
1211 2899 1312 2969 Qui
1365 2899 1572 2972 1097
1629 2914 1758 2969 ergo

201 2994 342 3062 justus
381 3007 491 3064 est,
521 2983 782 3060 examine
827 2997 1053 3066 iustitiae
1101 3011 1214 3052 suae
1268 2995 1443 3051 credit
1487 2994 1610 3064 quia
1662 2994 1757 3050 Dei

202 3089 315 3155 iusta
349 3091 546 3160 judicia
597 3098 727 3152 sunt
763 3107 776 3144 :
809 3091 897 3148 vel
947 3089 1248 3150 secundum
1297 3088 1584 3154 Graecum.
1631 3090 1757 3158 quia

207 3181 279 3241 Dei
294 3183 478 3254 judicia
503 3195 638 3244 sunt
661 3186 776 3257 ipsa
801 3186 1028 3256 iustitia.

1865 1980 1974 2024 tum
2003 1969 2158 2023 datur
2186 1984 2354 2022 sermo
2381 1966 2650 2037 sapientia
2669 2007 2682 2031 ,
2714 1964 2806 2020 alii
2832 1980 2998 2020 sermo
3024 1963 3252 2020 scientire
3279 1980 3464 2019 secun-

1864 2064 1988 2119 dum
2028 2063 2262 2119 eumdem
2314 2060 2602 2134 Spiritum,
2633 2061 2723 2115 alii
2771 2059 2901 2128 ﬁdes
2945 2059 3000 2113 in
3043 2059 3220 2113 eodem
3264 2058 3470 2129 Spiritu

1865 2157 1908 2229 (Ι
1931 2154 2051 2211 Cor.
2077 2171 2174 2223 xu,
2197 2155 2230 2211 8
2257 2165 2304 2210 et
2335 2155 2417 2225 9).
2447 2155 2505 2212 Si
2531 2169 2662 2224 ergo
2682 2153 2770 2210 alii
2800 2153 2934 2209 fides
2959 2152 3140 2218 datur,
3167 2151 3259 2210 alii
3278 2153 3466 2222 cogni-

1865 2250 1976 2314 tio;
2008 2250 2162 2304 vides
2199 2247 2326 2320 quia
2365 2249 2457 2304 ubi
2510 2247 2663 2313 lich,
2700 2262 2805 2304 non
2833 2247 3016 2302 statim
3065 2245 3343 2317 cognitio;
3374 2246 3464 2302 tibi

1861 2353 2042 2403 autem
2073 2343 2337 2414 cognitio,
2366 2351 2421 2401 et
2450 2341 2586 2400 ﬁdes
2609 2351 2695 2401 est
2719 2351 2775 2400 et
2803 2341 3117 2412 prudentia,
3155 2355 3258 2398 nec
3289 2340 3357 2402 ab
3397 2355 3464 2395 eo

1862 2450 2156 2507 possumus
2181 2434 2514 2507 diligentiam
2542 2448 2817 2503 separare.

1935 2529 2027 2586 52.
2072 2529 2272 2588 Habuit
2318 2544 2446 2600 ergo
2477 2527 2845 2598 etignitioitem
2893 2535 3117 2587 sanctus
3155 2525 3320 2582 David
3343 2569 3358 2591 .
3388 2535 3467 2582 ut-

1863 2636 1990 2697 pote
2016 2625 2281 2696 propheta
2307 2622 2608 2694 perlectus;
2644 2619 3080 2692 quandoquidem
3115 2620 3192 2676 ita
3223 2618 3462 2690 perfecte

1861 2721 2137 2791 cognovit,
2169 2731 2227 2778 ut
2255 2717 2634 2776 humiliaretur
2662 2719 2712 2770 in
2743 2715 2858 2785 ipsa
2892 2714 3140 2770 veritate.
3173 2712 3301 2769 Sive
3330 2726 3460 2784 ergo

1861 2815 1919 2870 in
1946 2813 2190 2870 adversis
2220 2811 2448 2882 positus,
2478 2809 2701 2880 agnovit
2745 2805 3078 2879 probationis
3106 2804 3360 2876 gratiam,
3395 2819 3458 2860 ea

1859 2924 1983 2979 qua:
2003 2906 2280 2966 laboriosa
2303 2915 2358 2961 ct
2397 2904 2625 2960 adversa
2667 2911 2835 2970 sunt,
2864 2898 3215 2960 sustinenda:
3251 2899 3458 2968 justum

1859 3008 2038 3056 autem
2057 3013 2179 3056 esse
2203 2997 2296 3052 Dei
2313 2997 2605 3067 judicium;
2633 3003 2687 3050 et
2709 2996 2829 3049 ideo
2849 2993 2988 3053 bene
3009 2999 3282 3049 certantes
3302 3006 3462 3046 num-
3515 2997 3525 3005 ‘

1858 3108 2019 3166 quam
2051 3091 2254 3156 deseri,
2279 3091 2360 3146 vel
2386 3089 2642 3159 relinqui,
2672 3098 2725 3143 et
2755 3100 3012 3142 coronam
3047 3085 3132 3140 his
3161 3091 3283 3154 post
3310 3081 3461 3138 labo-

1861 3200 1950 3246 res
1978 3200 2140 3257 posse
2160 3183 2361 3240 deferri
2397 3202 2409 3238 :
2440 3184 2554 3238 sive
2583 3183 2638 3238 in
2666 3180 2924 3238 secundis
2948 3189 3001 3234 et
3043 3178 3322 3250 prosperis
3365 3192 3461 3248 po-

256 3279 332 3336 29.
370 3280 470 3338 Sed
503 3282 615 3338 hoc
642 3292 696 3338 ut
722 3290 1064 3352 agnosceret,
1101 3280 1226 3338 fecit
1263 3280 1542 3351 praemissa
1567 3293 1758 3349 preca-
1782 3269 1828 3332 C
1862 3280 2021 3346 situs,
2054 3277 2310 3348 cognovit
2339 3277 2502 3338 etiam
2545 3277 2575 3318 ιι
2602 3274 2820 3332 divitias
2855 3288 3070 3342 regum,
3109 3271 3461 3340 diversasque

205 3372 285 3438 tio;
304 3375 548 3446 quoniam
575 3376 915 3438 intellectum
943 3374 1046 3432 sibi
1074 3373 1192 3436 dari
1215 3373 1482 3444 poposcit,
1515 3383 1574 3427 ut
1606 3386 1760 3427 man-

203 3464 298 3520 data
335 3469 421 3524 Dei
467 3469 732 3528 disceret.
775 3471 1006 3538 Accepta
1055 3479 1138 3524 est
1191 3481 1324 3537 ergo
1361 3466 1677 3523 intellectus
1705 3473 1760 3520 et

203 3559 483 3630 cognitionis
508 3562 725 3632 gratia,
753 3560 972 3631 agnovit
1021 3560 1169 3630 inata
1212 3575 1335 3616 esse
1381 3559 1473 3614 Dei
1511 3557 1752 3628 judicia:

200 3665 453 3719 agnoscere
472 3665 660 3717 autem
696 3652 926 3723 pet-lecti
945 3659 1050 3710 est.
1080 3651 1319 3721 Denique
1362 3649 1505 3706 aliud
1535 3659 1617 3705 est
1641 3665 1758 3706 cre-

202 3741 322 3810 dere,
347 3745 488 3809 aliud
515 3759 838 3817 agnoscere.
875 3743 1035 3804 Fides
1055 3743 1317 3808 timentis,
1343 3743 1546 3813 agnitio
1568 3750 1652 3798 est
1671 3756 1782 3798 sa-.

200 3836 379 3905 pientis.
437 3839 538 3908 Qui
595 3838 741 3894 enim
797 3838 992 3903 timet,
1041 3837 1306 3892 rationem
1355 3851 1461 3890 non
1516 3836 1752 3907 quierit:

200 3930 384 4000 sapiens
405 3944 590 3996 autem
616 3942 671 3994 et
703 3930 1035 4004 agnitionem
1063 3947 1251 3988 eorum
1280 3930 1585 4001 investigat,
1606 3945 1755 3998 qua:-

198 4035 391 4094 tumque
412 4024 700 4096 percipere
720 4022 1018 4086 desiderat.
1047 4021 1284 4090 Credidi,
1321 4022 1518 4092 inquit,
1549 4030 1756 4092 propter

197 4115 304 4182 quod
325 4115 523 4172 locutus
551 4133 668 4178 sum
695 4114 871 4189 (Psal.
903 4131 1028 4184 (μιν,
1054 4116 1112 4188 1)
1137 4135 1150 4172 :
1180 4117 1432 4187 cognovit
1457 4124 1640 4172 autem
1674 4114 1757 4170 itt-

197 4206 406 4278 teltigens
435 4209 586 4282 quod
615 4210 828 4268 locutus
849 4217 954 4270 est.

248 4299 325 4355 50.
365 4300 420 4356 ln
446 4318 557 4373 quo
594 4316 730 4378 ergo
757 4301 904 4372 iusta
931 4300 1134 4373 judicia
1164 4301 1258 4358 Dei
1293 4299 1460 4356 sunt?
1489 4298 1628 4368 Quia
1661 4312 1756 4368 per:

195 4389 392 4464 labores,
427 4407 491 4470 et,
519 4397 922 4464 tribulationes,
973 4405 1029 4457 et,
1078 4395 1401 4463 afﬂictiones
1432 4395 1498 4457 ad
1531 4393 1756 4456 emleste

193 4489 437 4552 praemium
469 4489 811 4560 pervenitur.
848 4489 1000 4553 Sicut
1038 4489 1181 4554 enim
1215 4487 1552 4550 certantibus
1579 4487 1756 4554 athle-

191 4576 244 4631 tis
289 4594 485 4640 corona
551 4581 795 4640 dclertur
833 4582 984 4654 iusto.
1018 4581 1222 4652 judicio
1281 4581 1560 4648 hominum
1616 4598 1633 4648 ξ
1678 4581 1750 4640 ita

1863 3385 2174 3441 successors,
2208 3372 2525 3430 tentationis
2545 3385 2706 3428 causa
2750 3369 2929 3431 solere
2973 3378 3296 3437 suppetere;
3335 3376 3390 3422 ιιι
3418 3365 3462 3420 is

1860 3467 1952 3536 qni
1995 3464 2080 3526 his
2119 3463 2310 3528 utitur.
2361 3478 2542 3522 rerum
2595 3461 2962 3532 prosperitate
3008 3468 3261 3516 tentetur.
3298 3458 3350 3512 In
3394 3472 3461 3512 eo

1861 3557 2025 3628 igitur
2051 3555 2314 3626 prepheta
2334 3553 2498 3614 David
2526 3552 2846 3616 laudandus.
2872 3552 2996 3623 quia
3019 3567 3140 3615 cum
3161 3551 3264 3606 ista
3290 3564 3457 3618 agno-

1859 3659 2059 3716 scerct,
2095 3650 2309 3724 lo“
2331 3647 2743 3711 humilinbatur;
2777 3656 2835 3702 ut
2865 3645 3166 3704 humilitate
3203 3658 3296 3698 sua
3321 3683 3335 3710 ,
3370 3643 3458 3696 vel

1858 3760 2242 3818 prosperorum
2273 3741 2588 3810 excluderet
2608 3749 2965 3806 teutameutn,
2985 3739 3071 3793 vel
3101 3737 3451 3794 adversorum

1857 3837 2068 3902 subiret
2090 3836 2364 3896 constanti
2393 3835 2795 3906 aequanimitate
2825 3832 3186 3890 tolerantiam.

1927 3929 2015 3984 55.
2045 3927 2160 3985 Non
2179 3943 2312 3998 ergo
2328 3940 2657 3999 magnopere
2682 3924 2965 3980 laudabilis
2985 3930 3128 3980 esset
3152 3922 3418 3992 Propheta
3436 3963 3450 3985 ,

1857 4022 1905 4078 si
1936 4021 2180 4086 laudaret
2202 4019 2400 4090 iudicia
2435 4018 2550 4084 Dei,
2585 4032 2715 4078 usus
2745 4014 3022 4080 afﬂuentia
3054 4014 3445 4083 secundorum.

1857 4113 2000 4183 Quid
2028 4113 2172 4168 enim
2213 4126 2465 4182 magnum
2497 4108 2748 4175 facimus,
2779 4110 2824 4162 si
2861 4108 3076 4179 quando
3108 4108 3161 4164 in
3199 4106 3456 4164 secundis

1857 4223 2066 4276 sumus,
2102 4205 2390 4280 laudamus
2418 4205 2585 4260 Deum
2607 4245 2622 4269 ,
2652 4201 2868 4274 quando
2907 4202 2961 4257 in
2995 4200 3206 4258 divitiis
3239 4214 3458 4271 sumus,

1858 4301 2077 4372 quando
2109 4300 2279 4370 nullis
2320 4313 2582 4366 vexamur
2613 4295 2866 4368 injuriis?
2907 4294 3046 4359 Illud
3079 4302 3164 4358 est
3208 4291 3455 4362 magnifir

1858 4409 2005 4464 cum,
2040 4395 2088 4454 si
2153 4382 2432 4468 subjectus
2457 4391 2706 4463 injuriis,
2756 4389 3143 4453 contumeliis,
3194 4386 3456 4458 judicium

1862 4489 1956 4556 Dei
1985 4487 2192 4556 laudes,
2216 4489 2264 4550 si
2291 4497 2520 4556 vexatus
2560 4483 2909 4557 aegritudine,
2937 4482 3141 4554 judicia
3198 4480 3292 4536 Dei
3318 4495 3460 4550 pra:-

1859 4583 2042 4648 dicea;
2091 4585 2136 4644 si
2174 4593 2230 4638 te
2257 4581 2439 4651 inopia
2474 4594 2580 4636 non
2615 4587 2864 4642 revocet,
2921 4575 3212 4648 quominus
3271 4571 3460 4634 laudes

192 4665 393 4741 legitime
415 4673 756 4742 certantibus
782 4671 1106 4746 Christianis
1133 4672 1316 4735 divino
1339 4673 1548 4743 judicio
1577 4673 1756 4745 palma
1783 4671 2124 4746 Djustitiam
2171 4674 2286 4728 Dei.
2321 4673 2462 4743 Ergo
2488 4686 2708 4742 semper
2749 4669 3020 4731 laudanda
3080 4678 3206 4723 sunt
3254 4664 3462 4736 judicia

189 4760 494 4822 decernitur.
543 4766 799 4836 Vincenti,
844 4767 1038 4840 inquit,
1085 4767 1219 4822 dabo
1261 4767 1438 4828 sedere
1479 4784 1677 4830 mecum.
1703 4769 1757 4822 in

191 4857 282 4926 sede
306 4877 412 4917 mea
438 4862 630 4933 (Apoc.
653 4877 731 4933 tu,
761 4861 878 4935 Ἦ).
906 4862 1027 4930 Vita
1047 4877 1179 4934 ergo.
1201 4872 1386 4932 nostra
1410 4864 1758 4928 examinator

190 4946 308 5018 igne,
333 4953 475 5009 sicut
500 4954 760 5024 splendor
787 4956 1027 5031 argenti;
1057 4965 1116 5022 ut
1145 4957 1322 5010 virtus
1368 4953 1756 5019 certaminibus

189 5044 514 5114 approbelur.
535 5046 916 5116 Tramivimus,
942 5047 1139 5118 inquit,
1168 5064 1260 5119 per
1285 5048 1451 5120 ignem
1474 5056 1521 5102 et
1543 5063 1753 5119 aquam,

187 5133 480 5194 etinduxisti
524 5154 615 5193 nos
667 5139 721 5193 in
767 5140 1096 5212 refrigerium
1124 5138 1299 5212 (Paul.
1335 5155 1460 5207 va,
1492 5138 1602 5212 11).
1652 5139 1758 5196 Per

189 5223 280 5282 haec
306 5232 468 5304 igitur
493 5248 623 5296 vera
646 5234 844 5308 judicia
871 5244 958 5300 tua
989 5250 1111 5298 esse
1152 5235 1397 5306 cognovi.
1434 5233 1760 5302 lltttniliatus

187 5321 304 5376 enim
331 5342 475 5389 sum,
513 5338 570 5391 ut
601 5328 715 5386 haec
742 5328 1017 5395 viderem;
1043 5328 1169 5402 quia
1200 5330 1236 5385 ii
1258 5329 1349 5400 qui
1380 5328 1598 5388 exaltati
1633 5337 1761 5392 sunt

187 5413 347 5484 corde,
369 5417 562 5474 oculos
583 5420 650 5487 ad_
680 5419 961 5476 veritatem
984 5422 1197 5492 aperire
1220 5436 1324 5478 non
1357 5429 1601 5499 possunt.
1623 5420 1761 5490 Cum,

186 5519 336 5567 autem
367 5513 742 5581 humiliamur,
775 5525 995 5586 peccata
1031 5525 1218 5572 nostra
1259 5515 1659 5588 cognoscimus,
1703 5528 1758 5572 ct

246 5663 456 5746 illum.
489 5666 644 5746 edit”
678 5667 816 5746 Quid
844 5679 980 5746 sunt
997 5671 1130 5726 inter
1179 5680 1348 5726 tuum
1389 5671 1662 5746 homines?
1688 5669 1764 5746 Et

191 5735 385 5823 subjecit
423 5739 482 5805 in
523 5735 854 5823 Ergagetjsta
879 5757 900 5823 ξ
929 5740 1048 5800 Hoc
1060 5751 1326 5800 autem...
1348 5745 1582 5800 attentius
1602 5745 1758 5816 justi-

194 5813 271 5884 ne
302 5824 409 5884 agt;
437 5813 644 5882 agnovit
671 5813 812 5884 quia,
839 5822 946 5870 etc.

260 5875 284 5920 δ
317 5875 726 5964 βὸἱιξοιιιιιεᾰ,
769 5875 834 5942 ac
874 5886 1252 5963 mss.aliquot,
1299 5888 1498 5948 divitias
1535 5904 1710 5964 rerum
1735 5931 1750 5959 ,

1867 4767 2001 4836 Dei,
2035 4765 2174 4832 sicut
2217 4764 2481 4846 scriptum
2527 4771 2654 4825 est:
2685 4761 3096 4831 Exsultaveruttt
3139 4760 3264 4830 ﬁlia:
3307 4756 3466 4813 Judw

1863 4859 2295 4934 propterjudiciq
2337 4859 2473 4930 tua(
2508 4857 2653 4913 Psal.
2702 4872 2898 4922 XLVII,
2953 4855 3021 4914 12
3051 4854 3091 4926 ).
3144 4853 3275 4922 Quae
3337 4861 3465 4906 sunt

1864 4953 1990 5009 ﬁlize
2019 4953 2192 5020 .ludee,
2227 4952 2330 5012 nisi
2365 4952 2563 5014 anima:
2591 4951 2864 5022 religiosa:
2895 4992 2909 5016 ,
2960 4950 3155 5004 animae
3201 4945 3462 5014 licclcsitc

1864 5061 1985 5120 quae
2025 5047 2210 5110 Jestun
2253 5046 2532 5106 Christum
2587 5046 2877 5099 Dominum
2940 5042 3292 5106 conﬁtentur,
3340 5054 3464 5108 qua:

1866 5142 2114 5208 videntes
2143 5142 2410 5198 rationein
2436 5139 2768 5210 judiciorum
2822 5149 3061 5203 tuorum,
3093 5150 3313 5205 semper
3363 5150 3459 5189 cx-

1867 5236 2116 5292 sultant?
2163 5235 2263 5304 Qui
2302 5235 2448 5290 enim
2479 5248 2586 5288 non
2625 5247 2690 5288 ex
2722 5231 2903 5299 aliquo
2933 5229 3301 5284 secundorum
3338 5242 3463 5296 pro-

1868 5340 2051 5405 ventu,
2107 5330 2200 5385 sed
2231 5344 2294 5384 ex
2353 5327 2667 5398 cognitione
2698 5326 2929 5381 rationis
2966 5324 3144 5380 induit
3175 5324 3461 5388 laetitiam;

1867 5440 1976 5482 non
2022 5425 2128 5484 nisi
2159 5424 2211 5478 in
2257 5421 2626 5490 exsultatione
2679 5428 2942 5492 perpetua
2982 5419 3314 5475 constitutus
3355 5427 3462 5472 est.

1936 5517 2025 5572 5t.
2069 5515 2264 5586 (Vers.
2301 5515 2389 5570 76.
2442 5512 2744 5586 )Sequitur
2797 5527 2986 5567 versus
3016 5521 3288 5580 quartus:
3337 5507 3459 5562 Fiat

1865 5676 2132 5748 variosque
2155 5691 2416 5730 successus
2445 5675 2740 5730 tentationis
2766 5690 2951 5728 causas
2974 5672 3262 5746 (nonnulli,
3283 5673 3458 5748 causa}

1863 5748 2027 5821 solere
2047 5742 2331 5821 'suppetere.
2355 5747 2462 5803 Alii
2493 5748 2774 5802 nobiscum
2805 5742 3032 5820 faciunt,
3061 5753 3289 5814 excepto
3309 5742 3456 5820 quod

1866 5819 2026 5880 Vind.
2058 5819 2214 5893 legit,
2242 5822 2483 5896 diuitias,
2514 5836 2763 5904 regnum,
2795 5828 2899 5886 etc.
3332 5831 3338 5839 '
