4104 6350
561 344 701 404 1543

1906 343 2156 403 SANCTI
2192 344 2520 405 AMBROSII

3724 353 3861 410 13M

558 480 698 520 nunc
724 462 1079 520 misericordia
1127 474 1217 521 tua
1270 472 1328 518 ut
1376 461 1673 518 exhortetur
1719 478 1821 531 me,
1878 463 2162 517 secundum
2189 472 2243 532 Α
2269 464 2433 536 nique
2462 462 2567 521 Job
2593 464 2719 523 licet
2772 466 3015 537 graviter
3052 468 3394 540 ﬂagellatus.
3422 469 3731 542 etquidem
3768 471 3866 529 ﬂa-

558 556 772 612 verbum
801 566 948 611 tuum
975 571 1120 611 servo
1147 565 1255 610 tuo.
1284 553 1469 626 Aliqui
1516 552 1722 610 habent
1758 554 1812 609 in
1844 552 1949 610 hoc
2004 553 2159 610 loco:

561 649 872 705 Consoletur
893 665 991 704 me.
1024 648 1132 707 Sed
1150 651 1315 704 etiam
1339 648 1393 703 in
1422 647 1687 719 Apostolo
1707 648 1941 719 legimus
1962 646 2167 704 exhor-

560 741 823 797 tationem
855 755 956 811 pro
980 739 1356 796 consolatione
1381 738 1607 808 dictam,
1639 748 1697 796 et
1722 739 2163 797 consolationem

560 850 662 907 pro
714 833 1105 891 exhortatione
1137 832 1210 903 (ll
1242 833 1367 888 Cor.
1413 850 1463 902 ι,
1522 834 1556 889 4
1607 844 1654 890 et
1700 833 1803 906 6).
1838 833 2031 905 Magna
2084 842 2169 890 est

560 944 696 1001 ergo
725 927 1101 985 misericordia
1149 927 1291 994 Dei,
1348 943 1471 1000 qua:
1504 944 1612 983 non
1653 930 1831 984 solum
1890 928 2170 985 remissio-

563 1040 688 1081 nem
750 1024 943 1079 tribuit
986 1032 1382 1093 peccatorum;
1452 1022 1551 1079 sed
1610 1022 1773 1078 etiam
1824 1020 2169 1079 certantibus

560 1117 788 1174 adhibet
808 1116 1210 1173 exhortationis
1260 1116 1536 1182 calcaria,
1592 1132 1661 1172 ne
1697 1115 1941 1186 suscepti
1984 1122 2165 1170 certa-

570 1212 735 1269 minis
798 1212 1086 1283 passiones
1157 1209 1364 1267 imbelli
1412 1209 1704 1266 lormidine
1764 1209 2170 1280 derelinquant.

564 1303 682 1361 Non
707 1318 842 1375 ergo
873 1303 1335 1370 misericordiam,
1377 1304 1535 1375 quasi
1567 1303 1614 1359 is
1649 1302 1742 1375 qui
1764 1303 1939 1358 victus
1968 1302 2125 1358 cedat
2154 1344 2170 1369 ,

564 1407 592 1436 α
638 1406 734 1453 aut
763 1406 821 1453 ut
845 1396 1020 1453 venize
1046 1406 1319 1468 precator,
1357 1396 1650 1467 implorat;
1692 1395 1785 1450 sed
1818 1403 1878 1450 ut
1922 1394 2017 1451 Dei
2065 1394 2170 1450 mi-

566 1490 851 1549 seratione
878 1491 1212 1556 succinctus,
1242 1490 1450 1562 majora
1486 1488 1692 1545 viribus
1747 1497 1900 1544 tanto
1947 1503 2173 1545 munere

569 1586 739 1641 fultus
782 1584 1061 1656 expediat.
1094 1583 1383 1656 Egregiam
1414 1592 1471 1639 et
1497 1581 1829 1653 singularem
1879 1580 2173 1653 Propheta:

563 1688 811 1750 spectato
841 1677 1122 1733 virtutem.
1156 1676 1311 1731 Alius
1350 1676 1498 1732 enim
1540 1674 1861 1731 humiliatus
1909 1675 2173 1731 aerumnis

566 1785 817 1845 posceret
848 1814 863 1840 ,
912 1784 972 1830 ut
1035 1774 1179 1831 circa
1224 1789 1349 1830 eum
1412 1782 1745 1829 tentamenta
1805 1772 2169 1836 desinerent,

2266 557 2423 628 gellis
2441 557 2688 629 plurimis
2716 559 2941 632 inopiae,
2967 561 3278 619 amissionis
3299 561 3557 628 ﬁliorum,
3586 563 3867 621 doloribus

2268 653 2538 721 corporis,
2566 654 2881 725 opprobriis
2908 655 3207 712 amicorum
3238 673 3254 724 ;
3281 656 3662 715 consolatione
3686 669 3867 716 tamen

2269 743 2465 801 fruitur
2491 754 2717 803 atterna.

2340 840 2427 897 56.
2473 841 2619 914 Ergo
2666 852 2869 915 quanto
2914 846 3151 917 majores
3186 845 3567 904 tribulationes
3623 847 3826 904 fuerint
3853 887 3870 913 ,

2269 940 2421 988 tanto
2452 935 2672 992 uberior
2694 938 3004 994 consolatio
3044 948 3383 996 reservatur.
3440 940 3508 997 Et
3567 951 3751 997 tamen
3803 956 3875 998 ne

2270 1027 2437 1085 cadas
2464 1038 2629 1098 atque
2662 1032 3011 1099 succumbas,
3042 1043 3248 1104 quanto
3278 1032 3515 1103 majores
3538 1035 3874 1089 tentationes

2270 1122 2495 1189 videris,
2530 1132 2680 1180 tanto
2708 1126 2879 1196 magis
2910 1141 3038 1198 roga
3070 1126 3308 1183 Verbum
3340 1126 3476 1195 Dei,
3516 1137 3573 1183 ut
3615 1127 3879 1184 adhorta-

2270 1215 2473 1272 tionem
2502 1217 2599 1272 tibi
2630 1217 2859 1274 all'erat:
2897 1219 3038 1275 sicut
3068 1219 3295 1290 rogavit,
3330 1230 3385 1276 et
3418 1220 3617 1277 Paulus
3640 1221 3831 1293 quiait
3860 1241 3875 1276 :

2272 1307 2582 1363 Benedictus
2607 1308 2745 1364 Deus
2781 1320 2828 1365 et
2859 1310 3020 1366 Pater
3050 1309 3263 1366 Domini
3291 1314 3453 1367 nostri
3477 1313 3608 1368 .lesu
3652 1312 3877 1383 Christi,

2278 1399 2439 1455 Pater
2478 1401 2973 1469 misericordiarum,
2998 1413 3043 1457 et
3074 1400 3217 1459 Deus
3258 1404 3426 1458 omnis
3479 1405 3878 1472 consolationis,

2282 1495 2370 1565 qui
2399 1510 2491 1549 nos
2518 1495 2817 1551 exhortatur
2836 1498 2891 1551 in
2912 1497 3051 1551 omni
3080 1498 3320 1569 angustia
3344 1514 3364 1563 ,'
3408 1506 3463 1553 ut
3512 1499 3772 1569 possimus
3817 1510 3871 1553 et

2273 1586 2377 1657 ipsi
2412 1587 2669 1642 consolari
2698 1605 2782 1643 eos
2801 1632 2817 1657 ,
2867 1591 2957 1660 qui
2987 1598 3106 1644 sunt
3132 1590 3186 1644 iu
3216 1590 3357 1644 omni
3402 1591 3757 1656 tribulatione,
3788 1606 3884 1663 per

2273 1680 2678 1735 exhortationem
2701 1698 2804 1752 qua
2831 1691 2878 1735 et
2904 1682 3003 1754 ipsi
3029 1682 3348 1737 advocamur
3376 1700 3408 1737 a
3438 1681 3585 1750 Deo;
3627 1684 3886 1755 quoniam

2275 1772 2406 1826 sicut
2433 1772 2695 1827 abundant
2724 1774 2987 1844 passiones
3000 1773 3195 1829 Christi
3221 1776 3275 1829 in
3301 1777 3469 1843 nobis,
3492 1776 3567 1831 ita
3591 1792 3682 1847 per
3694 1774 3885 1830 Chris-

563 1876 619 1921 et
664 1867 863 1922 sedare
910 1865 1173 1923 Dominus
1204 1866 1437 1922 adversa
1477 1865 1794 1936 dignaretur
1822 1906 1839 1932 ,
1888 1880 1959 1920 ne
2001 1863 2174 1920 tribu-
2204 1865 2252 1927 B
2280 1876 2391 1919 tum
2439 1865 2667 1920 abundat
2712 1868 2867 1921 etiam
2931 1868 3221 1923 consolatio
3264 1868 3284 1939 (
3314 1867 3355 1923 Il
3387 1868 3511 1926 Cor.
3545 1886 3561 1925 t
3591 1910 3608 1937 ,
3657 1869 3692 1922 ὅ
3722 1897 3742 1910 -
3771 1870 3809 1926 5
3841 1870 3884 1942 ).

562 1959 832 2015 lationum
864 1958 1103 2030 procella
1134 1958 1188 2013 in
1219 1974 1345 2014 eum
1374 1958 1628 2024 saeviret;
1680 1957 1786 2013 iste
1824 1967 2006 2012 autem
2028 1966 2167 2013 tam-

568 2069 731 2126 quam
771 2052 979 2109 athleta
1010 2054 1170 2109 fortis
1200 2062 1255 2109 et
1283 2054 1528 2125 patiens,
1590 2062 1618 2098 ta
1663 2052 1757 2124 qui
1820 2051 2069 2108 exerceri
2115 2060 2173 2107 et

566 2153 695 2223 ttngi
748 2151 987 2207 animam
1043 2164 1199 2206 suam
1254 2148 1703 2206 tribulationibus
1764 2158 1999 2215 nosset,
2060 2162 2171 2203 non

566 2245 742 2301 tristia
781 2243 1084 2308 dimovere,
1127 2258 1239 2299 non
1283 2241 1657 2314 impugnantia
1689 2240 1968 2298 declinare
2024 2239 2173 2296 desi-

567 2338 746 2407 derat,
789 2353 899 2394 non
925 2353 1090 2395 omne
1117 2336 1255 2395 illud
1285 2338 1567 2406 desinere,
1596 2335 1747 2410 quod
1796 2330 2171 2407 fatigationem

570 2443 626 2490 et
654 2433 898 2490 laborem
930 2433 1191 2502 ati‘crret,
1229 2432 1513 2505 exposcit;
1542 2430 1640 2487 sed
1662 2430 1835 2502 magis
1856 2430 1909 2485 in
1926 2438 2173 2501 tempore

570 2527 777 2583 laboris
806 2528 890 2583 sui
917 2528 1184 2585 adversus
1223 2527 1585 2583 tentationum
1615 2524 1884 2597 procellas
1910 2524 2027 2580 dari
2069 2523 2173 2579 sibi

570 2620 797 2677 verbum
824 2622 1222 2677 consolationis
1257 2620 1548 2693 exposcit;
1596 2627 1658 2675 ut
1680 2620 1856 2692 possit
1896 2617 2024 2675 forti
2050 2634 2173 2690 quae

568 2716 895 2789 ingeruntur
934 2725 1119 2772 mente
1144 2716 1405 2782 tolerare,
1432 2730 1501 2770 ne
1529 2715 1708 2786 aliqua
1738 2715 2018 2771 mestitite
2042 2729 2169 2784 pcr-

569 2808 879 2865 turbatione
904 2809 1157 2865 lassetur.
1193 2807 1250 2864 ln
1294 2823 1361 2864 eo
1391 2807 1553 2878 igitur
1585 2807 1837 2862 obsecrat
1863 2806 2175 2863 misericoro

572 2900 718 2956 diam
759 2900 879 2969 Dei,
912 2917 981 2957 ne
1004 2901 1207 2957 auxilio
1232 2900 1530 2957 destitutus
1559 2899 1912 2971 expediendi,
1934 2909 2170 2971 coeptam

574 2995 823 3051 militiam
864 2996 1233 3067 derelinquat.

640 3088 732 3143 35.
776 3088 1027 3160 Denique
1056 3087 1499 3144 adhortationem
1541 3087 1742 3143 divina:
1784 3102 1907 3145 esse
1956 3087 2173 3143 miseri-

567 3181 794 3249 cordize,
824 3180 1049 3237 evidens
1107 3181 1487 3237 testimonium
1546 3180 1748 3247 docet;
1793 3179 1965 3253 Moysi
2023 3180 2169 3235 enim

2275 1960 2444 2016 Tanta
2479 1960 2535 2015 vi
2591 1962 2918 2032 Apostolicaa
2970 1963 3246 2034 petitionis
3272 1976 3461 2035 rogat,
3517 1974 3576 2020 ut
3626 1966 3887 2021 consola-

2273 2053 2476 2109 tionem
2501 2053 2732 2125 aceipiat
2760 2069 2790 2109 a
2820 2054 3051 2110 Domino
3096 2053 3152 2110 in
3200 2056 3347 2111 omni
3371 2055 3741 2124 tribulatione,
3772 2073 3891 2129 quo

2275 2159 2383 2199 non
2409 2143 2585 2202 solum
2643 2146 2759 2216 ipse
2802 2144 2992 2201 induat
3051 2146 3433 2213 tolerantiam;
3476 2163 3665 2204 verum
3719 2150 3890 2205 etiam

2274 2235 2412 2291 alios
2442 2236 2779 2303 consoletur,
2812 2248 2871 2295 ut
2912 2248 2969 2294 et
2999 2238 3101 2310 ipsi
3158 2240 3369 2308 possint
3399 2242 3634 2312 propria:
3681 2243 3891 2298 mentis

2276 2330 2553 2401 angustias
2604 2332 2896 2388 sustinere.
2940 2332 2997 2388 Si
3039 2333 3203 2404 igitur
3231 2335 3347 2406 ipse
3374 2336 3428 2390 in
3475 2335 3625 2390 omni
3655 2335 3887 2392 tribula-

2278 2422 2423 2477 tione
2442 2422 2668 2479 idoneus
2691 2422 2859 2479 fueris
2900 2424 3253 2495 approbatus,
3278 2433 3407 2481 tunc
3433 2424 3653 2481 demum
3686 2426 3891 2497 dignus

2274 2514 2406 2583 eris,
2438 2516 2529 2587 qui
2558 2515 3001 2573 consolationem
3067 2517 3305 2589 accipias
3368 2518 3423 2573 in
3454 2518 3605 2574 omni
3660 2518 3889 2575 tribula-

2278 2609 2443 2665 tione.
2481 2609 2547 2665 Et
2579 2618 2756 2666 tamen
2787 2621 2809 2649 ο
2840 2625 2947 2667 non
2978 2613 3158 2667 onmis
3203 2612 3390 2683 passio
3435 2611 3597 2683 digna
3634 2615 3892 2670 consola-

2275 2701 2423 2762 tione
2474 2712 2557 2758 est
2590 2719 2603 2757 :
2633 2703 2728 2758 sed
2780 2720 2902 2775 quae
2960 2705 3144 2776 passio
3177 2720 3276 2776 per
3301 2704 3579 2761 Christum
3607 2716 3713 2775 est,
3765 2705 3893 2764 haec

2275 2796 2706 2853 consolationem
2740 2797 2938 2854 Christi
2966 2808 3229 2854 meretur.

2347 2892 2438 2948 57.
2480 2891 2714 2949 Pulchre
2767 2904 2949 2949 autem
2999 2892 3258 2950 addidit:
3319 2892 3622 2951 Secundum
3676 2896 3890 2951 rcrbum

2276 2996 2422 3041 tuum
2442 3002 2592 3043 servo
2615 2998 2723 3043 tuo.
2749 2986 2869 3058 Ipse
2900 2988 3045 3043 enim
3104 2988 3364 3043 Dominus
3386 3002 3485 3058 pro
3514 3004 3615 3045 suo
3659 2989 3899 3046 nomine

2280 3081 2654 3151 prteliantibus
2681 3082 2944 3137 auxilium
2991 3081 3282 3152 pollicetur
3320 3080 3512 3137 dicens
3543 3098 3563 3136 :
3591 3080 3725 3137 Cum
3768 3099 3899 3153 ergo

2277 3175 2479 3229 tradent
2507 3190 2616 3241 vos,
2649 3176 2811 3230 nolite
2830 3176 3080 3247 cogitare,
3105 3175 3361 3247 quomodo
3400 3186 3489 3230 aut
3525 3175 3650 3247 quid
3714 3178 3902 3248 loqua-

568 3277 703 3333 dicit
753 3277 936 3333 Deus:
972 3276 1260 3331 Miserebor
1287 3277 1372 3330 cui
1418 3277 1656 3330 misertus
1679 3291 1772 3329 ero
1796 3316 1812 3343 ,
1862 3286 1913 3329 et
1963 3274 2167 3329 miseri-
2192 3258 2239 3322 C
2272 3266 2400 3320 ntini
2419 3281 2438 3321 .'
2458 3265 2666 3320 dabitur
2712 3267 2847 3321 enim
2874 3268 3017 3321 vobis
3061 3266 3117 3320 iu
3146 3266 3240 3321 illa
3262 3267 3393 3322 hora
3424 3266 3551 3337 quid
3582 3267 3898 3337 loquamini.

569 3373 800 3426 cordiam
821 3371 1103 3443 prtcstabo,
1126 3372 1209 3425 cui
1237 3371 1644 3425 miscricordiam
1669 3369 1978 3440 praestitero.
1994 3365 2169 3439 Igitur

574 3482 677 3520 non
706 3476 782 3521 est
806 3466 1047 3535 volentis,
1077 3482 1240 3535 neque
1267 3466 1521 3520 currentis
1552 3507 1569 3533 ,
1615 3464 1704 3520 sed
1751 3464 2045 3520 miserantis
2073 3461 2172 3517 Dei

572 3571 647 3615 est
693 3557 893 3634 (Rom.
927 3574 1005 3625 tx,
1032 3559 1103 3615 15
1126 3568 1173 3614 et
1202 3558 1271 3615 16
1303 3558 1344 3631 ).
1404 3558 1575 3614 Forte
1611 3557 1799 3615 dicas:
1859 3557 2004 3629 Ergo
2063 3572 2172 3612 non

573 3652 861 3722 debemus,
890 3653 975 3709 vel
998 3653 1141 3709 velle
1164 3695 1181 3720 ,
1220 3654 1305 3709 vel
1336 3668 1595 3718 currere;
1652 3652 1803 3725 atqui
1836 3653 2173 3723 negligentes

578 3746 721 3803 Deus
751 3748 1009 3806 deserere
1053 3749 1359 3805 consuevit.
1411 3747 1528 3804 Non
1560 3763 1692 3819 ergo
1721 3748 1823 3804 hoc
1870 3746 2039 3813 dicit;
2079 3745 2174 3801 sed

575 3839 706 3911 quid
734 3840 878 3896 dicat
906 3840 1342 3897 consideremus.
1398 3840 1518 3897 Non
1549 3841 1817 3911 volentis,
1852 3855 2027 3911 neque
2051 3853 2178 3893 cur-

577 3935 752 3991 rcntis
791 3934 1032 3990 hominis
1062 3934 1475 4007 perseverantia
1503 3942 1626 4002 est;
1658 3950 1773 3990 non
1799 3943 1883 3990 est
1929 3933 2077 3989 enim
2120 3934 2173 3988 in

580 4026 817 4081 hominis
840 4037 1114 4096 poteSIate
1143 4068 1158 4095 ,
1201 4027 1299 4083 sed
1328 4027 1640 4083 miserantis
1667 4026 1764 4082 Dei
1804 4034 1909 4092 est,
1944 4034 2003 4080 ut
2046 4040 2173 4097 pos-

577 4120 654 4176 sis
692 4119 970 4191 complere
999 4136 1121 4191 qua:
1159 4120 1415 4193 coeperis.
1474 4120 1715 4192 Denique
1754 4120 1954 4177 iterum
2005 4118 2176 4191 Moysi

580 4216 745 4272 dicit:
784 4216 921 4285 Quia
960 4218 1015 4272 iu
1042 4220 1139 4272 hoc
1169 4220 1340 4289 ipsum
1401 4229 1448 4273 te
1498 4219 1742 4274 suscitari
1768 4260 1786 4286 ,
1827 4227 1883 4272 ut
1914 4216 2179 4272 ostendam

578 4312 634 4366 in
664 4322 712 4367 te
736 4312 974 4367 virtutem
1004 4330 1169 4367 meam
1218 4313 1412 4386 (lbid.,
1444 4314 1509 4367 17
1538 4313 1581 4385 ).
1634 4312 1848 4385 1099
1894 4312 2183 4383 Colligitur

581 4419 712 4475 ergo
750 4403 1189 4460 adhortationem
1230 4404 1431 4460 divina:
1461 4404 1854 4460 misericordia:
1906 4403 2179 4473 deputan-

581 4496 727 4554 dam.
771 4495 927 4554 Unde
953 4500 1240 4568 sequitur:
1298 4497 1437 4569 Ergo
1488 4498 1574 4552 cui
1618 4498 1727 4551 vult
1785 4498 2077 4563 miseretur,
2136 4508 2183 4552 et

581 4605 730 4661 quem
760 4590 867 4643 vult
895 4588 1115 4644 obdurat
1136 4589 1331 4661 (lbid.,
1362 4590 1486 4661 18).
1522 4588 1678 4645 llunc
1701 4589 1994 4645 miseratus
2046 4587 2181 4644 hor-

2277 3358 2400 3415 Nou
2422 3362 2557 3416 enim
2578 3377 2667 3415 vos
2700 3362 2821 3416 estis
2841 3361 2931 3432 qui
2957 3361 3249 3431 loquimini,
3284 3361 3375 3417 sed
3405 3360 3565 3417 Pater
3614 3378 3756 3416 meus
3806 3360 3903 3431 qui

2275 3454 2505 3525 loquitur
2522 3456 2576 3509 in
2595 3455 2735 3510 vobis
2761 3453 2979 3527 (Matth.
3010 3471 3066 3520 x,
3093 3455 3162 3511 19
3183 3465 3229 3511 et
3257 3455 3370 3526 20).
3423 3454 3567 3527 Ergo
3616 3472 3686 3512 ne
3726 3459 3904 3528 impa-

2278 3563 2365 3603 res
2390 3547 2563 3603 simus
2589 3548 2896 3615 certamini,
2924 3547 3167 3604 divinum
3220 3564 3437 3618 semper
3482 3565 3703 3606 oremus
3729 3553 3891 3608 auxi-

2278 3639 2432 3708 lium,
2457 3651 2516 3696 ut
2548 3640 2701 3696 nobis
2754 3641 2957 3697 tribuat
2997 3641 3458 3698 adhortationem.
3501 3642 3559 3699 Si
3612 3643 3758 3699 enim
3796 3643 3902 3699 ha-

2279 3736 2502 3792 beamus
2528 3750 2652 3790 eum
2683 3736 2773 3807 qui
2816 3750 2915 3790 nos
2963 3734 3305 3802 exhortetur,
3363 3749 3473 3791 non
3519 3734 3677 3793 facile
3734 3736 3899 3795 cedi.

2280 3845 2425 3885 mus.

2352 3925 2443 3980 58.
2485 3924 2738 3996 Plerique
2794 3934 2977 3981 autem
3025 3924 3264 3982 habent:
3301 3926 3403 3993 Qui
3432 3928 3725 3983 consoletur
3772 3944 3901 3996 nos,

2281 4031 2383 4071 nec
2402 4016 2661 4073 abhorret
2688 4035 2717 4075 a
2743 4034 2898 4075 vero.
2932 4019 3248 4091 lnstigantis
3272 4022 3420 4077 enim
3441 4022 3673 4093 aliquem
3693 4021 3900 4079 blanda

2281 4110 2529 4181 quaedam
2582 4120 2666 4167 est
2710 4112 3039 4177 exhortatio,
3071 4128 3194 4183 quas
3233 4123 3532 4170 certantem
3562 4115 3741 4171 studio
3775 4116 3897 4171 lau-

2284 4204 2365 4259 dis
2397 4205 2676 4273 accendat,
2709 4215 2764 4261 et
2803 4206 2953 4262 velut
2981 4207 3211 4278 quadam
3257 4209 3635 4266 consolatione
3671 4209 3895 4267 demul~

2283 4310 2402 4357 ceat
2426 4318 2441 4367 ;
2473 4317 2540 4358 ne
2566 4302 2813 4357 laborum
2838 4302 3131 4372 asperitate
3158 4312 3470 4360 revocetur.

2353 4403 2443 4460 39.
2486 4402 2667 4477 (Vers.
2700 4403 2814 4474 77.)
2853 4402 3109 4476 Sequitur
3139 4420 3330 4462 versus
3356 4408 3613 4479 quintus:
3648 4408 3882 4467 Veniant

2286 4497 2413 4552 mihi
2441 4498 2796 4552 miserationes
2819 4507 2939 4565 tute,
2966 4508 3015 4553 et
3034 4500 3199 4555 vivam
3222 4516 3242 4566 ;
3268 4502 3514 4572 quoniam
3551 4503 3635 4558 (ea:
3676 4512 3766 4558 tua
3794 4523 3909 4561 me-

2287 4589 2470 4645 ditatio
2496 4607 2609 4645 mea
2636 4601 2733 4645 est.
2755 4589 2853 4646 Cui
2878 4592 2965 4648 lex
2989 4592 3084 4649 Dei
3107 4593 3387 4649 meditatio
3409 4605 3511 4661 est,
3541 4595 3667 4652 huic
3696 4608 3905 4667 prmsto

584 4692 750 4749 tatur,
785 4683 936 4740 illum
962 4702 1069 4741 non
1094 4696 1316 4743 revocat
1344 4696 1685 4744 exsecratus.
1733 4685 1801 4742 Et
1844 4701 1971 4741 vere
2022 4686 2187 4742 mise-
2211 4661 2266 4723 D
2289 4680 2417 4739 sunt
2464 4684 2877 4751 misericordiae,
2911 4694 2968 4740 ut
3004 4685 3147 4742 vivat
3188 4687 3243 4742 in
3272 4698 3560 4745 aeternum.
3607 4688 3908 4758 Quomodo

578 4777 815 4835 ricordia
844 4788 929 4835 est
955 4779 1054 4836 Dei
1086 4791 1395 4837 nostrarum
1449 4783 1642 4838 militia
1698 4782 2013 4854 passionum
2041 4824 2056 4848 ,
2088 4797 2184 4853 per

583 4891 746 4947 quam
780 4875 936 4933 nobis
971 4886 1192 4946 peccata
1238 4878 1579 4932 minuuntur.
1641 4877 1891 4948 Denique
1945 4876 2186 4932 Lazarus

552 4975 555 4978 ’
586 4984 810 5041 pauper,
839 4971 964 5041 quia
991 4971 1043 5025 in
1076 4972 1175 5025 hac
1196 4970 1303 5025 vita
1340 4971 1600 5026 toleravit
1626 4969 1769 5024 mala
1793 4970 2179 5041 complurima,

582 5063 636 5118 in
662 5066 869 5136 gremio
906 5064 1138 5121 Abrahae
1185 5064 1424 5136 requiem
1477 5063 1872 5119 consolationis
1927 5064 2178 5132 invenit;

585 5156 678 5212 ille
718 5168 900 5213 autem
940 5158 1114 5224 dives,
1146 5159 1238 5230 qui
1265 5158 1702 5213 consolationem
1750 5156 1938 5211 habuit
1988 5157 2041 5212 in
2079 5171 2179 5211 saa-

580 5252 725 5317 culo,
757 5262 881 5321 post
918 5253 1185 5309 curricula
1216 5254 1339 5309 vitm
1358 5254 1519 5325 hujus
1548 5254 1783 5309 fructum
1813 5252 2014 5325 quietis
2042 5252 2185 5308 amio

584 5345 674 5399 sit.
714 5342 887 5413 Quem
911 5348 956 5402 si
1000 5348 1291 5403 miseratus
1325 5356 1472 5403 esset
1507 5348 1680 5412 Deus,
1727 5346 2051 5418 caStigasset
2078 5361 2179 5417 po-

584 5438 693 5494 tius
718 5438 771 5495 in
804 5438 905 5496 hoc
926 5441 1159 5509 smculo,
1192 5451 1247 5497 ut
1278 5451 1461 5513 postea
1497 5457 1606 5498 non
1651 5441 2042 5514 ﬂagellaretur.
2076 5440 2183 5496 De-

660 5592 687 5655 fl
716 5582 825 5655 sex
851 5595 983 5655 mss.
1009 5623 1024 5648 ,
1054 5589 1145 5635 aut
1170 5581 1373 5655 veniam
1402 5592 1641 5655 peccator
1662 5624 1677 5646 ,
1708 5582 1973 5655 implorat.

660 5652 690 5695 δ
732 5653 853 5709 Vet.
881 5653 1013 5708 edit.
1046 5669 1167 5707 cum
1193 5653 1384 5719 majori
1404 5652 1736 5723 Scriptorum
1759 5652 1883 5710 cod.
1914 5670 2141 5710 numero
2173 5672 2189 5723 ;

594 5726 933 5799 Quiezrerceri
962 5734 1009 5779 et
1035 5725 1171 5799 cingi
1184 5726 1412 5780 animum
1428 5742 1594 5779 suam.
1615 5724 1774 5799 Rom.
1801 5741 1922 5781 cum
1941 5726 2189 5799 reliquis,

596 5808 655 5873 ut
699 5798 752 5854 in
799 5811 1051 5873 corpore.
1108 5793 1359 5873 Utraque
1398 5806 1579 5873 autem
1604 5798 1860 5873 lectiqex
1882 5813 2046 5855 arena
2064 5793 2195 5871 pro}

597 5866 732 5924 facta
761 5858 864 5934 cst,
897 5858 1041 5939 quod
1071 5861 1208 5937 apud
1243 5858 1585 5924 A'nnbmsiitm
1618 5858 1898 5923 familiaris.

2289 4778 2433 4833 enim
2462 4776 2651 4833 beatus
2678 4779 2798 4849 quis
2818 4788 2997 4849 potest
3016 4794 3139 4837 esse
3161 4779 3281 4836 sine
3297 4782 3649 4840 miseratione
3670 4784 3853 4840 divina
3874 4790 3904 4839 ‘t

2288 4872 2599 4930 Πραικία...
2628 4884 2799 4930 autem
2822 4876 2912 4947 qui
2938 4876 2993 4930 in
3021 4873 3234 4930 Domini
3259 4876 3372 4949 lege
3400 4879 3483 4933 die
3525 4895 3585 4933 ac
3616 4889 3764 4935 nocte
3790 4896 3908 4935 me-

2288 4968 2484 5023 ditatur
2508 4967 2684 5039 (Psal.
2712 4985 2751 5036 t,
2786 4969 2812 5025 1
2841 4978 2891 5024 et
2917 4967 2997 5039 2).
3032 4967 3139 5024 Sed
3181 4970 3274 5040 qui
3306 4970 3601 5027 meditatur
3646 4973 3699 5027 in
3730 4971 3903 5043 Lege.

2283 5062 2528 5118 eruditur
2570 5062 2625 5117 in
2657 5061 2840 5134 Lege:
2890 5072 2944 5118 et
2999 5077 3161 5132 quem
3198 5062 3311 5118 Lex
3365 5066 3578 5137 ιιοο
3617 5064 3903 5133 erudierit,

2288 5156 2546 5211 Dominus
2578 5154 2829 5219 erudivit,
2878 5154 2967 5225 qui
3003 5154 3219 5210 locutus
3269 5167 3353 5212 est
3381 5158 3602 5227 Legem.
3664 5158 3911 5230 Ideoque

2285 5249 2550 5318 scriptum
2578 5258 2664 5304 cst
2691 5266 2705 5302 :
2732 5246 2924 5304 Beatus
2954 5265 3106 5319 quem
3129 5258 3184 5303 tu
3225 5250 3497 5315 erudieris,
3554 5249 3799 5319 Domine,
3856 5267 3909 5311 et

2285 5343 2349 5398 de
2370 5344 2479 5417 lege
2504 5353 2592 5397 tua
2622 5343 2860 5398 docueris
2903 5358 3019 5397 eum
3050 5340 3225 5412 (Psal.
3285 5358 3434 5410 xcm,
3471 5343 3581 5413 l2).
3618 5343 3907 5401 Discamus

2285 5454 2437 5511 ergo,
2472 5447 2528 5495 et
2560 5452 2661 5493 nos
2684 5437 2737 5492 in
2770 5436 2911 5509 Lege
2935 5435 3211 5501 meditari,
3258 5452 3367 5491 non
3411 5451 3705 5493 avocenutr
3730 5454 3909 5495 saecu-

2369 5594 2401 5663 C_
2434 5581 2582 5639 Edit.
2614 5590 2819 5663 ant._ac
2842 5596 2977 5663 mss:
3007 5581 3148 5663 haud
3182 5586 3495 5663 ηςψοίληοη
3525 5589 3689 5645 omnis
3705 5592 3908 5663 passio,

2294 5653 2473 5729 divina
2499 5653 2783 5729 consolatio
2803 5664 2899 5712 est.
2931 5653 3120 5729 Melius
3170 5655 3261 5710 alii
3310 5659 3530 5729 aliquot,
3580 5677 3683 5716 non
3705 5653 3913 5721 'onmis

2295 5727 2605 5799 consolatio,
2639 5722 2817 5781 diuina
2840 5727 3127 5781 consolatio
3152 5736 3249 5781 est.
3302 5722 3638 5788 Atomnium
3695 5735 3914 5799 optime

2297 5794 2665 5920 ξῇιῆίιυὲηξξξεέι
2686 5802 2991 5868 pauciores,
3020 5811 3159 5869 quos
3182 5810 3306 5857 eum
3330 5802 3459 5861 edit.
3510 5802 3669 5862 nam:
3704 5794 3791 5859 hin
3819 5794 3910 5863 se

2318 5886 2327 5899 '
2400 5914 2406 5920 .
2437 5885 2458 5920 β
2599 5908 2606 5917 ς
2632 5893 2641 5913 θ

2318 5885 2406 5923 '"l!
2437 5885 2641 5921 εΠΠΠιῧξ
