4070 6480
84 347 247 407 1545

1211 342 1276 404 ιΝ
1320 345 1649 404 PSALMUM
1689 344 1897 405 CXVIII
1940 341 2318 405 EXPOSITIO.

3272 347 3415 407 1546

86 469 322 523 laribus
390 466 676 533 illecebris,
736 480 844 524 non
881 478 1215 539 occupemur
1265 465 1669 537 impedimentis
1694 480 1707 518 :
1738 464 1791 526 Α
1815 463 1946 518 mini
1978 462 2182 530 nostri,
2211 461 2337 533 quia
2365 459 2502 517 dixit
2531 477 2544 516 :
2576 458 2688 533 Ego
2715 472 2884 516 autent
2908 464 3179 520 exercebar
3201 464 3255 519 in
3283 481 3421 535 pra:-

89 559 199 615 sed
232 576 461 628 semper
488 559 553 614 ad
579 560 753 630 legem
781 558 873 614 Dei
901 558 1075 613 simus
1098 554 1313 612 attenti.
1338 556 1608 627 Scriptum
1635 567 1718 611 est

90 652 258 706 enim
291 671 304 705 :
340 651 412 706 Os
422 653 557 725 justi
579 651 908 707 meditabitur
930 648 1264 718 sapientiam,
1309 658 1356 704 et
1381 648 1560 721 lingua
1608 649 1720 720 ejus

96 748 360 816 loquetur
397 745 657 819 judicium
678 743 852 818 (Psal.
885 758 1069 811 xxxvi,
1117 742 1231 812 50).
1292 741 1406 799 lloc
1453 743 1509 797 in
1550 742 1722 798 veteri

98 836 473 895 Tesmmento
506 854 519 891 :
550 836 679 893 audi
706 836 979 893 dicentem
1001 846 1056 892 et
1102 836 1154 892 in
1183 851 1322 890 novo
1353 852 1372 891 :
1426 833 1603 907 Prope
1649 842 1725 889 est

100 931 329 986 t'crlmm
344 931 403 987 in
423 948 512 988 ore
530 942 641 998 tuo,
658 942 707 987 et
730 932 785 987 in
807 932 964 987 corde
987 941 1072 986 tuo
1090 929 1268 1003 (Rom.
1287 946 1341 999 x,
1360 928 1441 1000 8).
1456 928 1533 997 Et
1555 930 1726 986 maxi—

100 1040 195 1081 me
217 1023 373 1081 hanc
396 1024 809 1081 meditationem
830 1022 1206 1080 sacerdotibus
1232 1022 1599 1079 necessariam
1635 1039 1727 1079 os-

108 1115 300 1172 tendit
329 1116 399 1171 ad
421 1116 601 1172 Titum
627 1116 912 1182 scribens,
943 1114 1071 1187 quia
1100 1114 1263 1170 debet
1290 1115 1585 1187 episcopus
1611 1130 1726 1171 am-

110 1210 287 1283 plecti
306 1225 455 1277 eum,
492 1211 596 1281 Qui
623 1213 905 1267 secundum
931 1209 1218 1265 doctrinam
1255 1220 1329 1265 est
1368 1210 1576 1279 ﬁdelem
1619 1227 1729 1267 ser-

112 1319 367 1371 monem;
386 1313 443 1359 ut
474 1315 652 1377 potens
670 1305 736 1361 sit
760 1304 1023 1361 exhortari
1050 1304 1103 1358 in
1134 1304 1371 1359 doctrina
1390 1321 1542 1372 sana,
1574 1313 1625 1359 et
1644 1320 1729 1360 eos

112 1398 206 1469 qui
229 1398 621 1463 contradicunt,
644 1396 1001 1470 arguere(Tit.
1032 1414 1072 1464 ι,
1096 1396 1173 1468 9).
1229 1397 1384 1467 Quod
1412 1398 1598 1469 utique
1623 1397 1732 1455 sol-

118 1490 294 1549 licita:
325 1500 490 1563 atque
515 1491 738 1547 intenta:
765 1489 1135 1546 meditationis
1156 1497 1265 1556 est,
1290 1504 1396 1545 non
1428 1487 1733 1561 perfuncto-

121 1586 222 1639 ria:
250 1583 523 1640 lectionis.
551 1583 618 1640 Et
645 1583 710 1638 ad
760 1581 1109 1639 Timotheum
1139 1582 1423 1648 scribens,
1469 1580 1546 1637 ait
1585 1598 1605 1638 :
1648 1581 1736 1638 At-

123 1678 328 1734 tendite
352 1677 578 1745 lectioni,
604 1677 976 1742 exhortationi,
1032 1677 1281 1733 doctrina:
1300 1676 1347 1748 (ι
1378 1676 1487 1732 Tit.
1515 1694 1589 1747 tv,
1615 1677 1732 1750 15).

127 1771 324 1840 Lectio
342 1773 487 1829 enim
511 1771 787 1844 frequens,
820 1787 923 1828 nec
952 1771 1359 1828 intermissione
1395 1770 1575 1842 aliqua
1610 1770 1735 1829 des-

131 1870 318 1935 tituta,
342 1865 604 1923 doctrinae
636 1880 833 1921 munus
860 1874 1135 1936 operatur.

202 1961 294 2017 40.
338 1958 493 2029 Quod
517 1969 697 2015 autem
729 1958 905 2031 poscit
923 1967 984 2015 ut
1008 1956 1183 2027 vivat,
1210 1958 1526 2032 frequenter
1552 1965 1737 2015 osten-

130 2054 314 2110 dimus
347 2053 507 2124 hujus
550 2053 797 2124 corporis
828 2053 991 2109 vitam
1021 2068 1164 2109 vera:
1193 2052 1317 2108 vitze
1357 2052 1585 2125 gratiam
1627 2067 1735 2108 non

134 2147 382 2212 habere;
424 2146 521 2202 sed
572 2146 718 2202 illam
766 2161 950 2202 veram
1001 2145 1165 2200 vitam
1207 2144 1363 2213 fore,
1402 2145 1557 2215 cujus
1595 2148 1737 2201 bona

140 2241 517 2314 unusquisque
560 2250 871 2297 sanctorum
900 2239 1073 2297 credit
1102 2254 1162 2296 se
1185 2238 1371 2295 videre
1400 2239 1454 2294 in
1486 2247 1628 2295 terra
1661 2238 1739 2292 vi-

140 2334 409 2393 ventium.
438 2334 593 2405 Quod
623 2335 897 2392 credimus
926 2349 1026 2391 nos
1066 2333 1280 2391 visuros
1305 2374 1319 2400 ,
1352 2348 1459 2390 non
1503 2347 1742 2405 prazsens

145 2432 333 2501 utique
358 2472 373 2497 ,
402 2430 499 2487 sed
528 2429 765 2488 futurum
793 2439 896 2487 est.

215 2528 307 2581 ιιι.
349 2525 533 2595 (Vera.
561 2524 696 2598 78.)
726 2524 981 2598 Sequitur
1024 2539 1217 2582 versus
1244 2534 1432 2581 sextus
1465 2541 1479 2580 :
1510 2520 1745 2595 Confun-

152 2618 344 2672 duntur
372 2618 618 2688 superbi;
640 2620 885 2689 quoniam
917 2618 1111 2691 injuste
1136 2618 1455 2689 iniquitatem
1485 2625 1748 2687 gesserunt

148 2711 203 2764 in
233 2725 351 2766 me:
382 2726 478 2781 ego
520 2721 690 2766 autem
725 2710 995 2766 exercebar
1024 2711 1077 2764 in
1115 2710 1384 2782 prwceptis
1413 2709 1532 2763 tuis.
1578 2706 1752 2776 Supe-

151 2804 262 2858 rius
287 2804 363 2857 ait
393 2802 534 2859 idem
554 2802 854 2874 Propheta:
881 2803 944 2859 Si
973 2802 1178 2858 reddidi
1205 2800 1600 2857 retribuentibus
1625 2798 1754 2853 milii

156 2896 293 2949 mula
331 2894 511 2968 (Psal.
535 2896 724 2968 vn,5).
754 2895 1021 2966 Numquid
1050 2896 1137 2951 hic
1169 2893 1442 2951 maledicit
1469 2894 1557 2960 iis,
1576 2892 1666 2963 qui
1699 2891 1753 2948 in

154 3002 211 3041 se
242 2985 430 3057 iniqua
459 2986 784 3057 gesserunt?
808 2985 924 3042 Non
953 2987 1156 3057 utique.
1186 2985 1416 3042 Videbat
1443 2987 1588 3042 enim
1630 2984 1759 3040 cha-

163 3079 372 3135 ritatem
409 3078 572 3133 etiam
606 3078 995 3135 inimicissimis
1018 3078 1399 3145 deferendam,
1430 3093 1551 3133 cum
1579 3076 1760 3134 venis-

168 3181 250 3226 set
287 3171 560 3243 Evangelii
607 3170 948 3244 przedicator.
994 3171 1148 3228 Unde
1176 3171 1414 3227 arbitror
1439 3171 1562 3243 quia
1608 3173 1759 3242 quasi

1822 558 1982 629 ceptis
2013 559 2113 611 tuis
2137 599 2153 624 ,
2187 557 2239 611 in
2271 556 2415 628 Lege
2455 555 2693 612 didicisti
2737 556 2946 628 (Exod.
2996 575 3122 615 xxtu
3143 602 3157 625 ,
3186 560 3281 631 5)?
3318 559 3423 615 hoc

1820 659 1939 718 est,
1968 650 2012 705 si
2043 650 2140 705 bos
2183 649 2481 706 adversarii
2519 650 2728 723 ιιοι
2759 650 3051 715 ceciderit,
3085 652 3169 709 vel
3204 652 3425 724 jumen-

1824 752 1968 810 tum;
2001 752 2060 799 ut
2102 759 2209 800 non
2235 744 2594 802 deserendum
2621 745 2933 814 existimes,
2962 747 3058 804 sed
3093 748 3273 820 potius
3312 748 3426 806 cle-

1824 835 2080 892 vandum.
2108 836 2264 906 Quod
2294 847 2475 895 autem
2504 838 2619 894 ait:
2650 837 2856 914 Injuste
2890 841 3213 911 iniquitatem
3255 857 3431 915 gesse-

1824 939 1989 997 runt;
2021 931 2075 986 in
2115 946 2275 1003 quem
2310 932 2412 989 hoc
2459 932 2674 989 dicatur
2699 934 3018 1001 considera,
3056 935 3160 991 nisi
3207 934 3260 991 in
3301 950 3429 991 eum

1826 1025 1918 1095 qui
1962 1023 2100 1081 forte
2134 1024 2282 1096 juste
2322 1025 2662 1098 iniquitatem
2692 1038 2843 1101 gerat
2874 1048 2889 1085 :
2924 1029 2974 1085 id
3013 1038 3138 1097 est,
3176 1030 3221 1086 si
3269 1029 3434 1087 lzesus

1828 1131 1927 1187 per
1952 1117 2148 1189 Legem
2178 1134 2239 1176 se
2268 1119 2489 1190 incipiat
2515 1120 2791 1176 vindicare
2818 1121 2968 1192 juxta
2999 1132 3267 1195 praecepta
3291 1121 3436 1194 Moy-

1829 1214 1939 1282 sis,
1975 1213 2124 1285 juste
2162 1215 2380 1272 videtur
2407 1215 2589 1273 facere
2634 1216 2975 1287 iniquitatem
3002 1258 3018 1286 ,
3059 1219 3154 1275 sed
3192 1234 3299 1276 non
3348 1232 3437 1275 se-

1830 1307 2066 1363 cundum
2100 1308 2376 1381 Evangelii
2413 1318 2704 1380 praecepta.
2739 1309 2808 1365 Et
2843 1309 2965 1365 ideo
3008 1311 3122 1367 ait:
3159 1310 3283 1367 Non
3322 1309 3438 1366 veni

1833 1416 2016 1455 vocare
2036 1404 2243 1474 justas,
2273 1402 2363 1458 sed
2408 1411 2699 1474 peccatores
2739 1402 2958 1475 (Matth.
2997 1418 3085 1469 rx,
3120 1404 3261 1476 i5);
3310 1404 3439 1474 quia

1834 1489 2008 1547 Judaei
2061 1492 2130 1549 ad
2169 1492 2548 1550 vindicandum
2593 1507 2653 1551 se
2694 1494 3018 1552 auctoritate
3064 1494 3223 1567 Legis
3270 1503 3437 1552 utun-

1836 1594 1945 1639 tur.

1906 1675 1997 1733 45.
2038 1676 2214 1733 llabes
2244 1676 2347 1733 hoc
2372 1686 2427 1734 et
2444 1678 2499 1734 in
2513 1678 2777 1748 Apostolo
2811 1698 2825 1736 :
2854 1680 3034 1737 Sobrii
3052 1688 3234 1747 estote,
3250 1688 3296 1736 et
3298 1682 3444 1753 juste

1838 1768 1884 1841 (ι
1934 1768 2056 1825 Cor.
2094 1786 2188 1835 xv,
2222 1768 2340 1840 δι).
2372 1770 2490 1827 Non
2517 1771 2694 1827 solum
2716 1772 2935 1830 sobrios
2962 1788 3084 1840 nos,
3133 1773 3229 1831 sed
3275 1773 3441 1829 etiam

1764 1866 1815 1929 B
1835 1864 1983 1935 juste
2010 1866 2233 1922 sobrios
2271 1880 2395 1923 esse
2430 1865 2634 1923 debere
2663 1866 2852 1923 docuit
2900 1868 3206 1926 evidenter.
3257 1868 3447 1924 Potest

1840 1969 2023 2017 autem
2045 1959 2239 2030 aliquis
2261 1967 2316 2016 et
2338 1958 2557 2016 sobrius
2591 1974 2739 2030 esse,
2764 1970 2819 2017 et
2864 1977 2973 2017 non
2997 1961 3146 2032 juste
3173 1961 3393 2018 sobrius
3422 1977 3441 2027 ;

1841 2061 1900 2108 ut
1928 2051 2144 2109 sobrius
2170 2052 2242 2107 sit
2267 2068 2299 2108 a
2326 2052 2473 2124 vino,
2507 2061 2563 2109 et
2586 2069 2696 2109 non
2717 2054 2791 2110 sit
2810 2054 3030 2110 sobrius
3058 2054 3336 2126 aequitate,
3360 2060 3443 2109 at-

1841 2160 1945 2217 que
1968 2144 2321 2216 justitia;cst
2340 2148 2485 2201 enim
2518 2146 2735 2218 crapula
2781 2146 3099 2219 iniquitatis.
3145 2146 3334 2203 Potest
3384 2152 3441 2201 et

1844 2236 2043 2308 aliquis
2073 2236 2325 2293 ebrietati
2353 2246 2411 2293 et
2432 2237 2667 2294 luxuria
2696 2253 2917 2311 semper
2954 2237 3262 2310 indulgens,
3318 2236 3450 2295 dum

1844 2327 2020 2383 aliena
2043 2335 2227 2385 tamen
2252 2326 2492 2400 diripere
2521 2338 2776 2396 conatur,
2824 2345 2891 2387 eo
2939 2338 3233 2402 occupatus
3266 2327 3451 2385 studio

1846 2420 2064 2477 sobrius
2090 2436 2213 2479 esse
2235 2437 2266 2477 a
2288 2422 2436 2491 vino,
2465 2431 2523 2480 et
2551 2438 2659 2481 non
2704 2424 2920 2483 sobrius
2962 2440 2994 2481 a
3051 2424 3256 2497 rapinis
3285 2442 3301 2480 :
3352 2440 3455 2483 nec

1849 2513 1953 2571 iste
1969 2514 2118 2585 juste
2146 2516 2384 2572 sobrius.
2419 2515 2549 2573 ldeo
2568 2518 2870 2590 Apostolus
2902 2518 3185 2589 admonet,
3217 2527 3277 2575 ut
3298 2520 3371 2577 sit
3396 2520 3453 2578 in

1852 2606 2010 2662 nobis
2075 2605 2223 2677 justa
2271 2607 2561 2664 sobrietas.
2609 2610 2855 2682 Denique
2902 2611 3154 2668 addidit:
3192 2611 3263 2668 Et
3302 2613 3464 2669 nolite

1854 2699 2297 2773 peccare(lbid.).
2318 2701 2422 2769 Qui
2454 2702 2599 2757 enim
2626 2712 2839 2773 peccat,
2864 2704 2969 2759 etsi
2994 2704 3209 2761 sobrius
3227 2704 3322 2772 sit,
3346 2718 3459 2760 non

1856 2800 2036 2864 potest
2068 2802 2251 2849 tamen
2283 2803 2559 2866 tamquam
2579 2794 2728 2865 juste
2755 2794 2973 2850 sobrius
2998 2794 3305 2866 praedicari.
3343 2792 3461 2851 No-

1860 2884 1972 2947 lite,
1998 2880 2195 2954 inquit,
2226 2882 2405 2937 seduci
2426 2881 2623 2957 (lbid.,
2654 2885 2749 2956 33)
2768 2927 2783 2953 ,
2817 2885 2923 2942 hoc
2947 2895 3051 2952 est,
3078 2901 3148 2944 ne
3176 2888 3339 2945 alieni
3368 2902 3463 2945 cr-

1862 2975 2006 3030 roris
2058 2974 2299 3031 ebrietas
2347 2988 2445 3031 vos
2497 2974 2662 3032 faciat
2704 2975 3060 3034 temulentos.
3116 2976 3468 3051 Corrumpunt

1865 3068 2023 3122 bonos
2050 3084 2215 3124 mores
2241 3068 2501 3140 colloquia
2527 3069 2711 3136 mala;
2739 3084 2806 3126 eo
2831 3071 2976 3141 quod
3002 3087 3100 3129 ore
3122 3081 3180 3129 et
3201 3071 3361 3129 labiis
3382 3072 3467 3130 in-

1866 3161 2103 3218 ﬁdelium
2127 3171 2399 3233 tamquam
2411 3162 2647 3219 ebrietas
2662 3162 2913 3235 qutedam
2936 3165 3181 3222 moribus
3195 3165 3469 3225 audientis

172 3264 410 3321 medicus
439 3265 569 3321 velit
591 3280 688 3322 eos
714 3265 863 3337 ipsos
907 3280 1101 3321 sanare
1128 3264 1219 3335 qui
1250 3263 1526 3328 lmserint;
1562 3270 1622 3317 ut
1658 3262 1762 3319 ini-
1789 3268 1835 3332 ρ
1868 3255 2190 3312 infunditur.
2221 3254 2524 3329 Meritoque
2552 3257 2761 3315 addidit
2789 3274 2809 3314 :
2835 3258 3009 3315 Sobrii
3031 3262 3370 3334 estotejuste,
3418 3270 3471 3317 et

174 3356 389 3426 quitatis
430 3371 543 3414 sua:
588 3356 1047 3425 contemplatione
1089 3355 1344 3412 conventi
1374 3396 1388 3423 ,
1423 3354 1489 3410 de
1530 3353 1769 3426 propriis

179 3448 390 3518 ﬂagitiis
414 3449 740 3507 erubescant
768 3464 783 3503 :
814 3449 867 3504 in
898 3465 1004 3519 quo
1034 3464 1140 3504 non
1181 3447 1355 3505 solum
1396 3446 1767 3518 propheticam

182 3540 438 3614 incipiunt
464 3543 695 3615 probare
715 3542 1062 3614 patientiam,
1084 3557 1271 3598 verum
1289 3541 1450 3596 etiam
1478 3540 1770 3598 emendare

189 3652 333 3691 suam
364 3637 734 3694 insolentiam.
758 3637 939 3693 Pudor
975 3638 1120 3694 enim
1151 3636 1468 3708 plerumque
1494 3646 1771 3695 corrector

188 3740 266 3786 est
293 3732 457 3787 nostri
482 3748 498 3799 ;
527 3740 583 3788 et
604 3731 735 3788 dum
762 3731 958 3803 incipit
984 3746 1081 3787 nos
1106 3729 1313 3802 pudere
1340 3730 1658 3799 commissi,
1702 3745 1771 3788 ne

188 3822 382 3880 diutius
413 3824 639 3896 pudeat,
663 3825 917 3882 deserere
939 3839 1062 3897 qurc
1087 3825 1456 3882 erubescenda
1488 3834 1616 3882 sunt
1634 3824 1773 3892 ,'ad-

191 3934 483 3977 monemur.
510 3920 627 3976 Non
663 3935 795 3992 ergo
838 3920 1113 3977 maledicit
1139 3920 1410 3993 Propheta
1434 3965 1449 3989 ,
1494 3920 1590 3978 sed
1619 3921 1773 3993 quasi

194 4009 357 4067 bonus
382 4011 618 4069 medicus
640 4012 755 4068 vult
784 4012 907 4068 illos
932 4027 1263 4084 cognoscere
1287 4022 1342 4069 et
1365 4012 1510 4070 scire
1536 4013 1663 4085 quid
1695 4013 1774 4069 fe-

196 4106 395 4173 cerint;
424 4115 478 4162 ut
504 4122 628 4162 cum
662 4121 721 4162 se
753 4106 805 4162 in
832 4122 985 4162 suam
1012 4106 1401 4162 conscientiam
1429 4106 1775 4177 receperint,

197 4208 383 4269 quanta
427 4215 648 4257 suorum
698 4200 769 4256 sit
820 4199 1085 4257 colluvies
1133 4198 1459 4256 delictorum
1513 4200 1779 4272 incipiant

198 4291 502 4348 erubescere
544 4309 557 4346 :
604 4290 987 4348 erubescentes
1028 4300 1208 4348 autem
1257 4291 1467 4362 possint
1505 4291 1779 4364 prioribus

204 4386 497 4443 renuntiare
550 4384 804 4457 peccatis.
852 4384 1148 4442 Considera
1197 4385 1329 4443 mihi
1378 4403 1521 4445 nunc
1567 4387 1780 4461 aliquos

206 4478 541 4550 ioruicantes,
568 4478 935 4552 inequitantes
958 4478 1138 4537 viduis
1152 4495 1218 4537 ac
1239 4480 1464 4553 puellis,
1491 4481 1666 4539 aliena
1697 4499 1781 4539 ra-

210 4572 441 4642 pientes;
469 4583 521 4630 et
550 4572 605 4629 in
638 4571 744 4642 his;
765 4585 873 4628 non
905 4572 1080 4629 solum
1129 4586 1239 4629 non
1286 4572 1612 4631 erubescere
1633 4616 1650 4642 ,
1682 4574 1780 4632 sed

1872 3350 2029 3404 nolite
2047 3366 2279 3422 peccare.
2310 3348 2675 3423 lgnorantiam
2696 3351 2843 3408 enim
2868 3351 2964 3409 Dei
2994 3352 3215 3425 quidam
3243 3352 3472 3423 habent;

1872 3441 2166 3499 utsobrius
2197 3443 2289 3499 ille
2316 3442 2403 3508 sit,
2436 3444 2529 3515 qui
2565 3458 2673 3500 non
2721 3444 2886 3501 habet
2936 3444 3302 3516 ignorantiam
3343 3444 3464 3515 Dei,

1871 3551 1972 3593 nec
1999 3535 2479 3592 titubatebrietate
2504 3537 2747 3608 perﬁdiae
2783 3556 2796 3591 :
2838 3540 2986 3610 juste
3017 3547 3199 3597 autem
3230 3537 3470 3607 sobrius,

1874 3633 1929 3689 in
1983 3649 2093 3705 quo
2145 3648 2374 3705 operum
2441 3635 2613 3707 gratia
2663 3651 2786 3692 cum
2839 3634 2966 3692 lidei
3030 3636 3327 3695 sobrietate
3388 3649 3478 3694 re-

1873 3728 2142 3799 splendet.

1946 3819 2037 3876 44.
2083 3820 2267 3894 (Vers.
2301 3822 2421 3892 79.)
2462 3821 2721 3893 Sequitur
2759 3837 2950 3879 versus
2999 3824 3311 3897 septimus:
3343 3823 3477 3881 Con-

1875 3923 2136 3970 vertuntur
2146 3916 2215 3969 ad
2226 3930 2305 3969 me
2316 3916 2403 3986 qui
2424 3915 2601 3971 timent
2623 3926 2691 3984 te,
2706 3926 2753 3972 et
2764 3918 2855 3987 qui
2876 3918 3045 3973 sciunt
3067 3918 3355 3975 testimonia
3365 3928 3476 3974 tua.

1877 4008 2030 4065 Alius
2058 4009 2237 4077 habet,
2285 4011 2526 4066 maxime
2564 4010 2718 4082 juxta
2773 4010 3061 4070 Grtncum:
3108 4012 3484 4071 Convertantur

1879 4100 2026 4155 mihi.
2061 4101 2121 4157 Si
2155 4101 2222 4155 ad
2266 4117 2346 4156 me
2383 4101 2653 4172 legimus:
2706 4112 3100 4159 convertantur
3153 4108 3243 4175 qui
3297 4104 3488 4161 timent

1881 4193 2077 4259 Deum,
2109 4192 2179 4250 de
2204 4194 2516 4250 commissis
2546 4194 2786 4267 propriis
2813 4196 3175 4262 erubescant;
3224 4196 3310 4253 vel
3336 4206 3491 4253 certe

1882 4286 2035 4341 luant
2064 4284 2329 4357 supplicia
2360 4286 2685 4343 delictorum
2717 4297 3154 4345 :convertantur
3197 4297 3378 4346 autem
3418 4288 3489 4346 ad

1882 4378 1979 4435 Dei
2006 4379 2307 4446 servulum,
2354 4379 2848 4455 Propheticamque
2890 4381 3237 4450 doctrinam;
3278 4391 3338 4439 ut
3383 4382 3483 4439 de-

1880 4470 2093 4529 discant
2113 4471 2367 4546 pudenda
2388 4473 2769 4543 committere,
2814 4485 2871 4531 et
2918 4474 3057 4532 tanti
3105 4475 3487 4535 emendatione

1881 4565 2123 4623 doctoris
2150 4575 2351 4623 exuant
2380 4581 2566 4624 mores
2594 4583 2749 4637 suos,
2782 4567 3221 4642 delictorumque
3238 4570 3361 4628 labe
3388 4570 3487 4627 de-

211 4665 360 4720 etiam
400 4664 621 4737 gloriari
647 4664 856 4728 solere,
889 4673 1161 4738 tamquam
1191 4665 1275 4723 vel
1322 4666 1740 4738 pulchritudinis
1764 4712 1779 4739 ,
1808 4662 1864 4725 D
1890 4669 2034 4717 tersa
2059 4703 2074 4729 ,
2120 4661 2381 4719 virtutum
2424 4662 2653 4719 induant
2685 4662 3054 4735 disciplinam.
3092 4664 3149 4722 Si
3194 4673 3376 4721 autem
3415 4665 3491 4724 ita

215 4757 292 4812 vel
319 4762 557 4829 potentiae
592 4774 705 4817 sum
736 4758 925 4817 titulos
948 4758 1298 4817 deferentes;
1327 4759 1397 4818 de
1424 4762 1619 4834 quibus
1648 4761 1787 4819 bene
1889 4756 2121 4828 legimus
2154 4772 2171 4811 :
2199 4755 2577 4812 Convertantur
2601 4755 2753 4825 mihi,
2786 4758 2890 4815 hoc
2920 4766 3025 4826 est,
3053 4760 3309 4834 quoniam
3335 4775 3494 4820 exer-

217 4848 342 4905 dixit
366 4851 674 4922 Apostolus,
706 4852 850 4924 quod
885 4869 1060 4909 eorum
1086 4853 1255 4927 gloria
1279 4853 1333 4909 in
1373 4856 1676 4927 confusione
1702 4856 1785 4926 ip-
1891 4853 2062 4909 cebor
2088 4851 2144 4909 in
2171 4852 2461 4924 praeceptis
2486 4853 2618 4921 tuis,
2638 4852 2771 4910 mihi
2800 4864 3211 4923 convertantur,
3241 4856 3374 4914 mihi
3396 4873 3494 4915 au-

222 4958 382 4997 sorum
405 4941 623 5018 (Philip.
654 4961 744 5010 ιιι,
780 4942 908 5019 l9);
941 4960 1011 5003 eo
1040 4945 1483 5004 detestabiliores
1522 4947 1654 5018 ipsis
1682 4948 1795 5004 eri-
1890 4954 2003 5004 tem
2016 4946 2128 5018 jam
2143 4962 2250 5004 non
2269 4947 2537 5019 peccanti,
2554 4946 2669 5019 jam
2687 4963 2795 5005 non
2817 4951 3045 5007 erranti.
3070 4950 3494 5023 Convertuntur,

226 5034 441 5093 minibus
461 5037 602 5107 suis,
632 5038 777 5110 quod
807 5054 929 5096 cum
955 5048 1101 5096 tanta
1131 5040 1508 5110 committant,
1535 5056 1639 5098 non
1662 5055 1793 5097 con-
1895 5039 2088 5112 inquit,
2119 5040 2215 5113 qui
2243 5042 2501 5097 timentes
2529 5049 2581 5097 te
2609 5042 2848 5114 propriis
2890 5044 3273 5103 rennntiavere
3302 5060 3499 5119 pecca-

231 5128 514 5190 lundantnr.
555 5132 755 5190 Verum
804 5148 989 5191 eorum
1034 5134 1081 5191 si
1120 5133 1244 5207 quis
1286 5143 1473 5207 postea
1521 5136 1707 5192 veniat
1738 5136 1791 5192 in
1897 5136 2006 5203 tis;
2041 5144 2099 5191 ut
2121 5137 2398 5193 consortio
2420 5134 2695 5207 iustorum
2726 5136 3000 5211 Propheta
3028 5138 3098 5195 ad
3119 5139 3339 5197 uberius
3362 5155 3497 5214 pro-

232 5220 545 5292 Ecclesiam,"
556 5225 743 5283 credat
769 5226 822 5283 in
845 5226 1136 5285 Dominum
1161 5226 1345 5285 Jesum
1361 5268 1380 5296 ,
1402 5227 1587 5285 audiat
1617 5228 1795 5285 Evan-

235 5315 415 5383 gelium
436 5358 450 5384 ,
477 5327 863 5390 compungatur
890 5319 1055 5378 corde
1083 5337 1098 5376 :
1140 5330 1271 5377 tunc
1307 5319 1530 5377 demum
1576 5320 1798 5391 incipiet

239 5419 381 5473 quam
409 5411 595 5468 atrocia
622 5419 682 5468 et
722 5411 910 5484 gravia
934 5411 1260 5484 deliquerit,
1291 5428 1626 5485 agnoscere;
1652 5422 1709 5470 et
1739 5413 1797 5470 in

242 5496 304 5554 iis
329 5518 435 5568 qua:
461 5504 768 5575 agnoverit,
799 5506 1141 5563 erubescere.

310 5593 390 5649 42.
426 5596 553 5665 Quid
586 5600 657 5659 sit
696 5608 878 5656 autem
924 5599 1173 5657 exerceri
1211 5600 1266 5657 in
1295 5611 1321 5639 ει
1363 5601 1651 5675 praeceptis
1681 5601 1802 5673 _Do-

1900 5236 2147 5297 vehatur,
2182 5238 2239 5288 et
2266 5230 2382 5302 ipse
2408 5229 2477 5286 de
2504 5244 2571 5285 ea
2608 5230 2783 5302 gratia
2820 5246 2944 5302 qua:
2977 5231 3030 5288 in
3059 5230 3180 5305 ipso
3213 5241 3330 5299 est,
3381 5233 3501 5304 plu-

1902 5323 2103 5380 rimum
2122 5323 2371 5381 conterat
2390 5321 2760 5379 audientibus.
2779 5322 3188 5381 Convertantur
3210 5325 3373 5397 igitur
3387 5324 3500 5398 jam

1903 5432 2010 5474 non
2043 5428 2307 5488 peccante
2345 5434 2434 5477 me
2456 5461 2471 5488 ,
2504 5420 2637 5491 juSti
2672 5419 2741 5476 ad
2772 5420 3003 5491 justum.
3050 5420 3129 5481 De
3176 5423 3503 5481 testimoniis

1906 5520 2087 5568 autem
2119 5522 2249 5582 puto
2270 5512 2384 5584 jam
2408 5527 2521 5570 non
2539 5527 2677 5585 opus
2712 5526 2837 5571 esse
2871 5524 3143 5586 repetere,
3195 5531 3320 5573 cum
3376 5524 3507 5574 ante

1906 5603 2018 5676 jam
2048 5604 2253 5663 dictum
2284 5607 2379 5663 sit.

320 5745 341 5770 τι
367 5737 493 5795 Edit.
516 5749 615 5814 vet.
635 5784 649 5808 ,
687 5742 742 5797 in
782 5741 1052 5814 praeceptis
1083 5740 1319 5808 Domini,
1346 5743 1599 5813 quomodo
1628 5743 1807 5799 existi-

258 5820 428 5887 mureti!
446 5850 459 5873 ,
487 5812 579 5867 nisi
603 5816 737 5887 quia;
762 5812 921 5887 dixit.
952 5812 1110 5887 Boni.
1133 5856 1149 5881 ,
1270 5812 1373 5870 nisi
1396 5816 1517 5887 quia
1560 5816 1697 5887 quod
1726 5815 1806 5870 di-

259 5874 341 5931 uit.
366 5878 476 5938 Mss.
504 5874 626 5943 vero
649 5884 929 5944 nobiscum
959 5874 1163 5945 faciunt
1186 5927 1200 5953 ,
1232 5874 1462 5959 excepio
1491 5874 1634 5959 quod
1666 5888 1803 5958 nisi,

1915 5744 1968 5801 in
1993 5746 2269 5821 nonnullis
2292 5761 2392 5819 pro
2410 5748 2575 5804 nostri
2588 5748 2909 5821 reponitur,
2938 5748 2992 5807 in
3018 5747 3289 5821 nonnullis
3310 5754 3512 5821 utrum-

1913 5833 2019 5943 que
2072 5819 2446 5889 desideratur;
2494 5819 2638 5880 unde
2664 5819 2808 5878 'istic
2848 5832 3039 5881 exorta
3086 5829 3171 5878 est
3222 5820 3512 5889 interpola-

1938 5907 2007 5943 ιο.
3496 5910 3499 5911 ν

1938 5907 2007 5946 ιο.
3496 5910 3499 5911 ⁷
