4104 6350
578 284 718 355 isti

1931 280 2181 340 SANCTl
2216 279 2539 342 AMBROSII

3738 278 3870 338 tata

649 397 739 452 45.
782 396 963 469 (Vers.
994 397 1113 469 80.)
1148 396 1403 468 Sequitur
1420 409 1616 453 versus
1634 402 1859 451 octavus
1889 410 1902 449 :
1935 393 2062 451 Fiat
2088 413 2177 452 cor
2202 406 2254 465 Α
2281 403 2336 451 te
2359 394 2569 464 polluit.
2594 392 2699 450 ista
2724 408 2863 464 aqua
2883 393 3061 451 aliena
3090 402 3200 449 est.
3249 392 3497 464 Denique
3535 392 3745 447 dictum
3793 404 3869 447 est

573 505 744 543 meum
793 488 1184 544 immaculatum
1213 492 1265 544 in
1289 488 1757 559 justiﬁcationibus
1807 490 1934 555 tuis,
1975 498 2029 543 ut
2071 506 2173 544 non

571 581 883 649 confundor.
916 582 1128 648 Quanto
1169 581 1440 639 excelsior
1484 590 1567 636 est
1596 581 1887 651 Propheta,
1922 581 2009 637 vel
2056 598 2175 637 mu-

573 690 703 729 nere
728 676 1052 745 prOpbetire,
1075 677 1157 731 vel
1182 676 1330 746 regni
1347 677 1544 745 gratia,
1573 685 1721 731 tanto
1743 676 1912 746 magis
1930 677 2175 746 sequitur

572 766 959 836 humilitatem,
984 781 1039 824 et
1065 769 1226 826 docet
1248 768 1376 840 quid
1403 784 1503 824 nos
1523 770 1817 825 debeamus
1842 768 2042 825 imitari
2069 787 2085 835 ;
2108 785 2175 825 eo

570 860 715 928 quod
757 861 1027 928 Propheta
1050 869 1261 918 tantum
1294 861 1699 917 immaculatum
1750 877 1847 916 cor
1901 862 2017 917 fieri
2071 860 2173 915 sibi

571 951 837 1021 deposcit.
866 953 1037 1025 Supra
1070 956 1368 1024 postulavit
1395 973 1407 1008 :
1443 954 1543 1009 Cor
1573 955 1824 1010 mundum
1849 972 1968 1011 crea
1995 956 2049 1010 in
2071 971 2172 1021 me,

574 1044 719 1099 Deus
759 1044 931 1116 (Psal.
959 1062 1011 1110 ι,
1047 1046 1160 1117 12).
1197 1047 1311 1101 Non
1344 1048 1507 1115 dixit,
1539 1050 1620 1104 fac
1651 1068 1663 1104 :
1692 1049 1787 1104 sed
1818 1066 1980 1114 creo;
2012 1057 2069 1104 ut
2106 1048 2175 1103 de

571 1136 788 1209 integro
820 1155 915 1193 cor
941 1137 1058 1209 ejus
1084 1140 1354 1196 instauret
1382 1151 1436 1196 et
1468 1142 1714 1197 mandet.
1758 1142 1927 1212 Major
1966 1142 2177 1215 1102

573 1230 792 1301 quidem
827 1232 880 1286 in
914 1232 1019 1286 hoc
1065 1246 1322 1289 sermone
1355 1233 1591 1289 ambitus
1632 1244 1735 1289 est.
1779 1233 1999 1290 Grande
2028 1235 2174 1290 enim

572 1337 669 1377 cor
698 1330 784 1380 est
814 1338 841 1375 a
872 1323 1104 1378 Domino
1132 1332 1400 1402 creatum,
1423 1326 1567 1397 quod
1593 1324 1820 1396 recipiat
1846 1325 2078 1379 Verbum
2107 1326 2177 1381 de

574 1415 895 1482 coelestibus
927 1417 1240 1485 virtutibus,
1275 1433 1339 1473 ac
1370 1419 1749 1487 potestatibus.
1808 1418 2028 1473 Grande
2081 1432 2179 1475 cor

574 1507 718 1576 quod
750 1507 975 1577 recipiat
1002 1509 1176 1578 ipsum
1212 1510 1499 1564 Dominum
1530 1510 1799 1565 dicentem
1828 1528 1839 1562 ε
1867 1498 2177 1564 Inhabitabo

579 1601 631 1655 in
663 1601 792 1668 illis,
825 1612 871 1657 et
898 1602 1234 1659 deambulabo
1259 1604 1309 1657 in
1336 1604 1462 1676 ipsis
1486 1602 1552 1675 (Il
1576 1604 1695 1661 Cor.
1724 1621 1799 1668 v1,
1832 1603 1942 1677 16).
1973 1603 2178 1661 Uthmc

570 1691 737 1763 igitur
762 1695 1009 1764 recipiat,
1029 1707 1332 1751 creatorem
1358 1695 1460 1751 sibi
1483 1695 1663 1752 cordis
1680 1698 1761 1753 sui
1789 1713 1895 1753 non
1926 1698 2177 1768 angelum

571 1782 715 1851 fieri,
754 1786 849 1847 sed
891 1787 1067 1855 ipsum
1120 1789 1406 1843 Dominum
1462 1788 1806 1857 deprecatur,
1840 1789 1931 1858 qui
1974 1788 2171 1846 omium
2202 1797 2251 1861 Β

570 1880 775 1936 creavit
796 1891 849 1935 et
882 1890 1101 1935 terram.

644 1970 735 2026 46.
779 1970 844 2027 Ει
875 1972 1014 2029 bene
1040 1974 1116 2029 ait
1145 1991 1157 2027 :
1195 1972 1638 2044 lmmaculalum;
1666 1976 1790 2047 quia
1813 1990 1909 2031 cor
1935 1975 2172 2031 hominis

569 2065 806 2136 quadam
835 2068 987 2123 velut
1017 2068 1383 2124 indecentium
1427 2070 1815 2141 cogitationum
1862 2070 2172 2126 colluvione

580 2162 907 2219 maculatur.
942 2162 997 2219 Si
1029 2164 1291 2236 cogitatio
1324 2165 1438 2236 ipsa
1470 2166 1666 2236 polluit
1696 2208 1710 2232 ,
1751 2176 1957 2237 quanto
2003 2166 2169 2221 etiam

572 2254 715 2311 facta
746 2255 859 2325 ipsa
883 2259 1299 2315 contaminant?
1328 2260 1452 2317 Noli
1494 2262 1940 2319 extraordinariis
1966 2264 2171 2334 cogita-

570 2350 810 2406 tionibus
839 2351 1066 2407 adversa
1100 2364 1309 2413 natura:
1335 2358 1708 2413 contaminare
1731 2357 2068 2426 penetralia;
2099 2370 2170 2411 ne

569 2443 623 2500 id
657 2446 1068 2516 inquinamento
1098 2450 1250 2519 gravi
1275 2449 1507 2520 polluas,
1531 2452 1677 2521 quod
1710 2461 1865 2521 putas
1889 2451 2089 2507 habere
2116 2460 2171 2507 te

568 2537 851 2594 mundum.
888 2537 1079 2596 Manus
1119 2541 1267 2597 lavas
1296 2542 1451 2612 quasi
1492 2542 1670 2614 possis
1700 2544 1932 2600 crimina
1962 2544 2166 2612 eluere,

570 2646 693 2687 cum
721 2642 959 2690 mentem
987 2644 1133 2691 tuam
1158 2647 1183 2673 ιι
1210 2636 1506 2694 immundis
1533 2640 1957 2709 cogitationibus
1992 2640 2173 2711 inqui-

568 2735 748 2781 natam
773 2726 957 2783 lavare
986 2742 1094 2782 non
1120 2730 1315 2798 possis.
1349 2728 1417 2785 Et
1443 2730 1649 2786 Pilatus
1677 2748 1866 2787 manus
1890 2731 2053 2786 lavit:
2074 2730 2169 2787 sed

566 2831 663 2871 cor
688 2832 845 2875 suum
878 2819 1060 2875 lavare
1092 2836 1201 2876 non
1237 2822 1427 2891 potuit.
1452 2821 1649 2881 Mansit
1669 2826 1881 2880 scelere
1904 2824 2166 2894 pollutus,

565 2912 815 2982 quamvis
843 2928 1034 2968 manus
1061 2928 1188 2969 suas
1226 2930 1381 2985 aqua:
1411 2914 1687 2973 inlusione
1730 2916 1976 2972 lavisset.
2025 2915 2169 2972 Audi

566 3005 692 3075 quia
721 3014 775 3061 et
800 3005 1058 3077 cogitatio
1091 3006 1374 3076 inquinat:
1419 3006 1543 3062 Non
1588 3010 1728 3079 quod
1772 3010 1933 3063 intrat
1985 3009 2040 3061 in
2089 3025 2168 3075 os,

564 3096 865 3166 coinquinat
894 3098 1156 3152 hominem
1185 3114 1204 3152 :
1232 3099 1323 3153 sed
1348 3100 1489 3168 quod
1520 3102 1621 3157 exit
1673 3104 1735 3156 de
1782 3118 1892 3157 ore.
1918 3100 1995 3156 De
2017 3101 2171 3157 corde

2276 488 2374 545 tibi
2400 506 2411 542 :
2443 488 2526 544 Ab
2555 488 2733 545 alicna
2764 504 2903 559 aqua
2923 488 3138 543 abstine
3168 496 3221 543 te
3247 487 3430 558 (Prov.
3460 502 3517 553 v,
3545 484 3657 557 l5).
3686 484 3870 541 Aliena

2276 595 2413 651 aqua
2434 580 2693 636 mentitur
2709 592 2764 637 et
2785 581 2948 649 fallit,
2964 581 3373 637 etcontrariom
3396 588 3614 634 naturae
3635 578 3869 649 profluit.

2276 672 2403 728 ideo
2422 673 2536 727 ait:
2573 672 2705 728 Filii
2733 674 2888 728 alieni
2926 675 3125 728 mentiti
3171 684 3293 728 sunt
3344 673 3475 727 mihi
3518 670 3694 743 (Psal.
3744 687 3871 738 xvn,

2274 767 2369 839 ιδ)
2394 785 2411 833 ;
2435 782 2560 824 nam
2585 769 2630 823 si
2658 768 2820 825 alieni
2853 784 2958 824 non
2993 770 3243 833 fuissent,
3272 768 3464 839 utique
3496 782 3604 821 non
3652 765 3876 822 fefellis-

2275 870 2417 917 sent.
2463 861 2633 917 Nemo
2678 878 2807 933 ergo
2848 864 3114 935 glorietur
3148 870 3360 917 castum
3411 877 3473 918 se
3524 860 3732 915 habere
3758 874 3874 927 cor,

2276 954 2732 1026 quemadmodum
2762 956 3018 1013 Salommt
3041 954 3179 1010 diuit
3208 954 3393 1025 (Pr-os.
3420 969 3521 1019 xx,
3545 953 3604 1025 9)
3629 970 3644 1007 :
3676 952 3769 1007 sed
3794 954 3876 1021 qui

2282 1048 2538 1120 gloriatur
2561 1090 2576 1113 ,
2609 1051 2663 1102 in
2704 1048 2925 1103 Domino
2980 1048 3225 1119 glorietur
3250 1046 3319 1118 (ll
3347 1046 3469 1101 Cor.
3522 1062 3579 1113 x,
3616 1046 3736 1115 i7),
3786 1046 3875 1115 qui

2279 1143 2484 1198 sanctis
2508 1142 2625 1198 suis
2650 1156 2746 1198 cor
2772 1141 3033 1198 mundum
3060 1156 3250 1198 creare
3276 1141 3530 1211 dignatus
3559 1148 3666 1204 est,
3690 1145 3749 1194 et
3778 1138 3877 1193 im-

2278 1237 2605 1292 maculatum
2661 1235 2844 1293 facere
2888 1235 3365 1307 iustiﬁcationibus
3407 1234 3543 1290 suis.
3583 1233 3720 1301 Qum
3770 1231 3879 1286 sint

2274 1333 2716 1403 iustiﬁcationes,
2738 1328 2939 1386 audisti
2958 1328 3266 1384 dicentem:
3294 1325 3392 1380 Dic
3409 1326 3709 1398 iniquitates
3738 1334 3877 1385 tuas,

2278 1440 2335 1482 ut
2356 1428 2663 1498 justi/iceris
2694 1426 2869 1498 (Esai.
2893 1440 3047 1488 mu,
3069 1422 3187 1492 26).
3220 1422 3369 1493 Ergo
3412 1420 3503 1489 qui
3554 1418 3878 1491 iniquitates

2278 1532 2409 1574 snas
2436 1518 2564 1573 dicit
2586 1560 2602 1585 ,
2627 1518 2957 1589 jusﬁticatur
2989 1533 3003 1570 :
3031 1516 3124 1588 qui
3152 1524 3332 1569 autem
3366 1512 3719 1584 iustiﬁcetur,
3770 1527 3876 1566 non

2278 1612 2629 1668 canfunditur
2650 1628 2665 1677 ;
2690 1610 2814 1682 quia
2840 1610 3103 1681 pudorem
3128 1617 3483 1679 peccatorum
3506 1614 3719 1661 matura
3750 1619 3878 1661 con-

2274 1705 2519 1769 fessione
2544 1706 2827 1776 praevenit.

2612 1840 2821 1917 1103
2861 1837 3091 1897 SERMO
3126 1836 3541 1896 UNDECIMUS.

2958 1968 3010 2014 .:
3040 1954 3207 2026 Capit.

2352 2075 2401 2130 l.
2437 2073 2629 2144 Incipit
2656 2072 2943 2130 undecim
2974 2072 3157 2127 littera
3171 2070 3338 2140 Cspls,
3361 2070 3881 2142 qu.eLatinainter-

2277 2168 2585 2239 pretatione
2617 2166 2911 2238 signiﬁcat,
2941 2164 3154 2222 Curasti
3198 2174 3344 2220 sunt.
3386 2164 3568 2221 Sonus
3608 2165 3883 2235 interpre-

2274 2263 2497 2319 tationis
2524 2262 2641 2330 ipse
2664 2277 2766 2319 nos
2793 2260 2989 2326 docet,
3015 2260 3146 2331 quid
3187 2260 3261 2315 sit
3300 2260 3517 2315 curvari
3545 2275 3561 2325 ;
3594 2258 3687 2329 qui
3728 2259 3878 2315 enim

2275 2357 2570 2413 inclinatur
2598 2358 2650 2412 in
2686 2366 2909 2419 terram,
2937 2355 3152 2410 curvari
3190 2354 3429 2410 videtur.
3452 2352 3613 2410 Unde
3642 2354 3720 2409 ait
3748 2353 3882 2409 Pro-

2274 2450 2438 2522 pheta
2460 2450 2561 2505 sub
2590 2450 2689 2505 hac
2722 2450 2898 2506 littera
2932 2466 2947 2505 :
3002 2446 3175 2503 Paulo
3203 2448 3374 2503 minus
3395 2457 3881 2503 consummaverunt

2274 2561 2358 2599 nte
2378 2545 2434 2599 in
2460 2554 2604 2599 terra
2624 2541 2761 2615 (Ini.
2792 2560 2841 2598 υ.
2872 2542 2985 2613 87).
3019 2543 3290 2598 Curvatur
3306 2552 3488 2599 autem
3514 2541 3608 2613 qui
3630 2542 3743 2612 agit
3767 2556 3883 2612 pa:-

2276 2636 2572 2692 nitentiam
2598 2656 2612 2703 ;
2639 2652 2705 2692 eo
2734 2634 2877 2708 quod
2902 2636 3172 2692 cervicem
3200 2650 3353 2691 suam
3381 2644 3587 2701 curvet,
3615 2634 3747 2689 dum
3784 2634 3882 2688 hu-

2273 2732 2515 2787 miliatur
2536 2731 2604 2786 ad
2626 2730 2939 2797 Dominum,
2969 2739 3025 2785 et
3047 2730 3360 2785 interiorem
3384 2728 3559 2800 magis
3576 2728 3879 2793 cervicem,

2273 2826 2327 2882 id
2354 2835 2458 2894 est,
2485 2825 2759 2882 cervicem
2792 2824 2990 2880 mentis
3020 2834 3077 2880 et
3102 2823 3306 2879 cordis.
3338 2822 3471 2879 Nam
3509 2822 3580 2878 de
3616 2821 3720 2877 hac
3762 2838 3884 2878 cer-

2274 2919 2393 2975 vice
2416 2919 2620 2974 dictum
2650 2928 2770 2973 est:
2805 2916 2919 2971 Nec
2968 2920 3011 2971 si
3057 2918 3236 2986 flectas
3279 2925 3333 2970 ut
3376 2916 3633 2971 circulatus
3679 2915 3881 2970 collum

2274 3023 2417 3068 tuum
2443 3012 2611 3082 (Esai.
2638 3028 2787 3076 Lvtn,
2815 3009 2915 3082 5);
2944 3012 3034 3083 qui
3064 3011 3212 3066 enim
3239 3025 3337 3066 eor
3364 3024 3525 3065 suum
3546 3024 3661 3065 non
3684 3008 3881 3073 ﬂectit,

2274 3104 2476 3162 frustra
2505 3106 2774 3161 cervicem
2803 3120 2956 3158 suam
2988 3104 3223 3158 ﬂexerit.

565 3190 703 3244 enim
730 3202 915 3247 exeunt
944 3194 1276 3263 cogitationes
1304 3194 1474 3257 malaz,
1517 3195 1800 3251 homicidia
1828 3237 1841 3260 ,
1881 3195 2163 3261 adulteria,
2192 3201 2242 3264 C
2343 3198 2399 3252 Ξ.
2444 3198 2609 3254 Docet
2643 3198 2809 3253 etiam
2842 3195 3149 3252 Hieremias
3200 3196 3462 3267 propheta
3512 3194 3880 3252 humilitatem

564 3283 951 3353 fornicationes,
971 3285 1137 3354 furta,
1162 3287 1298 3355 falsa
1321 3288 1629 3352 testimonia,
1656 3288 2009 3359 blasphemitc.
2036 3286 2166 3342 Htcc

561 3385 681 3428 sunt
702 3392 817 3445 qua:
845 3377 1175 3447 coinquinant
1198 3378 1454 3435 homincnt
1483 3382 1700 3454 (Matth.
1725 3398 1815 3447 xv,
1844 3382 1907 3436 17
1929 3392 1978 3437 et
2003 3382 2161 3452 seq.).

566 3468 621 3526 Si
646 3485 777 3542 ergo
806 3470 950 3527 intus
976 3474 1382 3544 cninquinaris,
1436 3476 1586 3545 prius
1613 3476 1811 3532 munda
1840 3475 1988 3546 quod
2019 3477 2165 3531 intus

561 3573 667 3619 est.
693 3564 747 3620 Si
776 3566 922 3637 quod
956 3568 1099 3623 intus
1123 3577 1210 3624 est
1236 3570 1607 3636 mandaveris,
1638 3570 1987 3628 etexteriora
2010 3588 2165 3627 mun-

560 3657 699 3711 dasti
737 3675 751 3713 :
787 3660 908 3714 utsi
938 3658 964 3697 ι)
994 3676 1131 3731 aqua
1164 3662 1438 3718 turbidum
1472 3664 1625 3730 fluat,
1657 3664 1856 3719 frustra
1884 3676 2039 3735 putes
2078 3664 2159 3719 la-

556 3766 826 3809 cumesse
852 3754 1249 3825 mttndandum,
1281 3758 1325 3812 si
1352 3757 1475 3814 fons
1508 3759 1739 3829 profluat
1768 3760 2118 3816 cmnulentus
2145 3776 2157 3824 ;

555 3847 899 3918 receptacula
923 3850 1067 3904 enim
1097 3852 1321 3908 tersisse
1342 3852 1472 3908 nihil
1498 3853 1763 3922 proderit,
1780 3870 1903 3909 cum
1935 3854 1988 3909 in
2016 3854 2162 3910 fonte

554 3937 857 3999 sitvitium.
886 3941 1007 4013 Ipse
1025 3943 1119 3997 tibi
1149 3956 1276 4000 ante
1308 3946 1617 4016 purgandus
1645 3963 1725 4013 es,
1756 3958 1807 4002 ut
1841 3947 1972 4002 fluat
1998 3964 2161 4005 omne

555 4034 696 4105 quod
731 4050 922 4105 purum
947 4044 1052 4092 est.
1084 4034 1191 4093 Cor
1215 4047 1366 4093 tuum
1391 4039 1784 4110 cogitationum
1838 4049 2049 4096 tuarum
2078 4050 2162 4096 est

554 4126 849 4197 scaturigo.
876 4127 931 4183 In
959 4128 1056 4185 illo
1086 4128 1237 4187 fonte
1264 4132 1349 4187 vel
1392 4132 1606 4189 turbida
1644 4148 1782 4205 aqua
1824 4133 2160 4205 impuritatis

551 4220 847 4289 evomitur,
875 4223 959 4279 vel
986 4224 1201 4280 sincera
1236 4226 1454 4295 pietatis
1488 4227 1627 4283 unda
1660 4230 1985 4300 prorumpit.

629 4312 719 4369 47.
767 4314 1008 4373 Didicisti
1040 4332 1134 4372 cor
1159 4331 1281 4372 esse
1305 4317 1698 4385 mundandom,
1727 4318 1878 4375 disce
1906 4320 2161 4391 quemad-

554 4407 776 4463 modum
809 4410 1063 4466 mundes.
1090 4410 1478 4466 Mundathuuc
1509 4412 1713 4467 fontem
1736 4413 2051 4480 jumilicatio
2078 4415 2157 4469 le-

549 4500 763 4573 gitima,
800 4501 903 4558 hoc
933 4513 1037 4569 est,
1070 4502 1345 4559 confessio
1381 4514 1751 4573 peccatorum.
1786 4505 2029 4577 Denique
2061 4522 2158 4576 pu-

2275 3291 2377 3346 hae
2400 3290 2852 3361 interpretatione
2874 3289 3102 3360 signari.
3135 3288 3223 3344 Ait
3248 3290 3393 3343 enim
3440 3288 3543 3343 sub
3570 3289 3675 3344 hac
3696 3289 3881 3346 littera

2271 3385 2324 3440 in
2348 3385 2582 3442 Threnis
2616 3406 2629 3442 :
2666 3385 2802 3453 Quia
2829 3400 2934 3439 non
2959 3384 3170 3456 repellet
3216 3388 3271 3438 in
3296 3395 3547 3439 internum
3572 3383 3836 3441 Dominus
3866 3402 3883 3451 ;

2268 3479 2389 3550 quia
2419 3495 2534 3531 cunt
2556 3478 2924 3544 humiliaoerit,
2954 3476 3278 3531 miserebitur
3315 3477 3599 3531 secundum
3631 3477 3881 3531 multitu-

2268 3571 2441 3627 dinem
2490 3570 2860 3625 misericordic
2913 3585 3064 3636 ante;
3110 3570 3232 3641 quia
3278 3585 3379 3623 non
3425 3570 3718 3624 humiliasit
3773 3579 3881 3624 toto

2269 3662 2424 3718 corde
2451 3680 2567 3729 suo,
2613 3680 2775 3733 neque
2800 3663 2994 3735 repulit
3033 3663 3171 3731 ﬁlios
3216 3663 3479 3717 hominum
3522 3661 3738 3734 (Thren.
3798 3679 3877 3729 in,

2267 3754 2481 3826 31-53).
2508 3754 2717 3811 Bonum
2745 3770 2875 3827 ergo
2895 3756 3134 3821 curvari,
3160 3764 3217 3808 ut
3245 3754 3593 3810 humiliemur
3619 3754 3877 3821 Domino,

2266 3855 2323 3902 et
2352 3846 2610 3902 Dominus
2640 3847 2986 3903 misereatur.
3018 3846 3263 3916 Denique
3310 3854 3365 3901 et
3404 3845 3458 3900 in
3488 3845 3882 3916 superioribus

2266 3940 2369 3995 sub
2399 3940 2497 3994 hac
2534 3941 2712 3996 littera
2754 3939 2896 3996 idem
2924 3938 3224 3995 Hieremias
3251 3939 3536 4010 pr0pheta,
3569 3939 3883 3997 ostendens

2262 4033 2525 4105 gemitus,
2553 4044 2607 4089 et
2646 4033 3011 4089 humilitatem
3038 4033 3240 4104 plebis,
3272 4033 3348 4088 ait
3377 4053 3389 4086 :
3429 4033 3612 4089 Omnis
3645 4036 3885 4105 populus

2263 4130 2376 4199 ejus
2399 4127 2811 4199 ingentiscentes,
2828 4136 3113 4196 querentes
3126 4142 3329 4197 panem,
3346 4125 3600 4181 dederunt
3612 4125 3882 4183 desideria

2264 4240 2359 4276 sua
2384 4223 2436 4277 in
2465 4238 2636 4278 escam
2665 4231 2719 4277 ut
2747 4222 2986 4292 reﬁciant
3015 4221 3261 4274 animam.
3293 4220 3481 4286 iVide,
3534 4218 3791 4287 Domine,
3832 4232 3881 4276 et

2262 4315 2438 4383 aspice
2472 4355 2485 4377 ,
2529 4313 2650 4382 quia
2690 4311 2828 4381 facta
2875 4321 2949 4366 est
2987 4311 3099 4366 sine
3156 4311 3350 4365 honore
3378 4308 3599 4381 (Thren.
3654 4326 3693 4376 ι,
3754 4312 3873 4383 ii).

2264 4406 2407 4476 Ergo
2436 4407 2527 4477 qui
2556 4407 2752 4461 animae
2772 4420 2887 4459 sua:
2915 4404 3112 4474 quaerit
3146 4402 3524 4468 refectionem,
3558 4402 3879 4459 humilitate

2263 4509 2543 4563 curvetur,
2572 4514 2680 4569 quo
2712 4498 2887 4569 possit
2917 4497 3080 4555 citius
3105 4497 3172 4554 ad
3206 4496 3418 4554 Domini
3445 4498 3737 4568 pervenire
3770 4499 3880 4554 mi-

552 4592 800 4651 blicanus
833 4594 923 4652 ille
951 4595 1046 4663 qui
1069 4604 1291 4668 peccata
1338 4595 1557 4666 propria
1600 4595 1872 4653 fatebatur
1896 4637 1912 4663 ,
1955 4598 2158 4668 justiti-
2183 4606 2239 4667 ι)
2264 4590 2637 4647 sericordiam.

548 4696 703 4743 catus
730 4688 902 4760 magis
932 4688 999 4745 de
1030 4688 1253 4759 templo,
1283 4703 1441 4759 quam
1464 4686 1765 4758 pharisaeus
1783 4688 1993 4754 exivit;
2025 4690 2151 4760 quia

544 4780 749 4853 jejunia
783 4798 879 4839 sua
909 4792 963 4839 et
987 4796 1217 4839 munera
1244 4781 1563 4852 pharisaeus,
1593 4791 1760 4854 atque
1786 4782 2152 4841 innocentiam

548 4875 897 4947 praeferebat.
932 4874 1132 4932 Munda
1164 4889 1294 4945 ergo
1325 4889 1521 4946 aquam
1559 4882 1730 4940 tuam,
1782 4875 1927 4931 illam
1957 4891 2151 4953 aquam

545 4970 615 5026 de
644 4986 748 5042 qua
775 4970 979 5027 dictum
1011 4978 1096 5027 est
1129 4986 1142 5024 :
1175 4970 1323 5038 Aqua
1350 4970 1459 5023 alta
1481 4969 1759 5025 consilium
1789 4970 1843 5027 in
1872 4970 2029 5026 corde
2055 4972 2151 5027 viri

546 5062 731 5137 (Prov.
764 5080 854 5131 xx,
883 5066 960 5131 5).
990 5064 1196 5119 Bonam
1223 5061 1322 5118 tibi
1351 5076 1549 5133 aquam
1578 5070 1772 5117 natura
1823 5062 1996 5128 dedit,
2044 5064 2147 5120 nisi

542 5171 663 5212 eam
695 5173 853 5217 emno
877 5168 973 5213 tuo
1018 5157 1273 5227 polluas:
1326 5155 1443 5227 ipsa
1473 5163 1525 5212 te
1555 5156 1752 5225 diluit,
1802 5157 1847 5212 si
1897 5171 2052 5227 pura,
2101 5157 2147 5213 si

542 5250 798 5321 simplex,
830 5252 874 5305 si
906 5250 1071 5307 etiam
1101 5249 1363 5307 naturalis
1385 5249 1479 5315 sit,
1511 5250 1556 5306 si
1582 5248 1718 5306 nihil
1745 5248 1944 5307 habeat
1973 5248 2147 5313 surdi.-

540 5344 669 5399 dum
700 5352 863 5415 atque
892 5354 1192 5400 terrenum.
1227 5342 1366 5410 Quid
1400 5342 1656 5411 maliest,
1687 5342 1734 5399 si
1766 5357 1830 5399 ea
1862 5358 1998 5414 aqua
2024 5356 2146 5414 quae

544 5435 808 5493 mundare
837 5434 1053 5505 debeat,
1083 5436 1329 5506 polluat?
1362 5436 1468 5493 Sed
1501 5452 1606 5492 non
1631 5446 1715 5493 est
1740 5450 1881 5507 aqua
1905 5444 1994 5492 tua
2024 5450 2145 5506 qua:

622 5602 646 5630 ο
678 5592 884 5669 Omnes
910 5594 1049 5651 edit.
1076 5611 1201 5669 cum
1218 5602 1385 5669 parte
1413 5610 1572 5665 mss.,
1605 5599 1682 5653 uel
1706 5598 1857 5653 nudis
1878 5597 2149 5669 cogitatio-

546 5666 692 5720 nibus
720 5668 1039 5737 inquinatum
1062 5684 1080 5721 :
1109 5668 1324 5740 Reliqui
1353 5684 1510 5737 mss.,
1563 5669 1864 5737 immundis,
1894 5666 2003 5725 etc.

617 5758 643 5797 ι)
676 5758 823 5835 Edit.
852 5776 1098 5835 omnes,
1137 5779 1269 5834 aqua
1307 5763 1514 5820 turbida
1558 5766 1761 5835 inﬂuat.
1800 5764 1930 5820 Mss.
1979 5779 2137 5831 vero,

2331 4684 2387 4740 5.
2433 4682 2616 4755 (Vers.
2653 4682 2773 4754 81.)
2801 4682 3040 4755 Ideoque
3080 4692 3353 4754 tamquam
3394 4692 3653 4742 curvatus
3693 4686 3879 4748 multo

2257 4778 2492 4848 amplius
2518 4777 2701 4833 anima
2730 4792 2796 4833 ac
2827 4788 3034 4844 mente,
3055 4792 3218 4849 quam
3242 4791 3476 4848 corpore
3501 4792 3739 4834 exorsus
3785 4789 3878 4835 est

2259 4873 2453 4941 David,
2484 4874 2676 4932 dicens
2701 4890 2715 4930 :
2740 4871 2947 4943 Deiecit
2976 4874 3031 4928 in
3059 4874 3291 4929 salutare
3331 4884 3480 4929 suum
3507 4873 3686 4928 animo
3726 4890 3874 4941 meo,

2258 4972 2379 5026 etin
2402 4973 2773 5026 uerbumtuuat
2808 4969 3033 5041 speravi.
3078 4968 3194 5022 Non
3239 4969 3475 5023 usitatus
3524 4981 3717 5025 sermo
3766 4984 3878 5026 nos

2255 5064 2477 5133 capiat;
2514 5077 2534 5103 ε
2556 5072 2617 5120 ut
2642 5073 2913 5133 tamquam
2944 5075 3226 5131 corporea:
3248 5060 3581 5133 fatigationis
3597 5062 3877 5120 delectio-

2258 5172 2381 5213 nem
2412 5156 2723 5226 huiusmodi
2744 5155 3073 5226 iudicemus.
3108 5154 3297 5225 Neque
3323 5155 3475 5211 enim
3524 5155 3631 5212 hoc
3679 5157 3873 5213 solum

2255 5248 2391 5305 dixit
2412 5266 2423 5304 :
2442 5248 2642 5319 Deiecit
2654 5249 2832 5304 animo
2852 5246 3098 5313 mea;~sed
3120 5266 3133 5301 :
3158 5244 3359 5320 Defuit
3373 5249 3428 5302 in
3444 5248 3672 5303 subiture
3691 5259 3872 5306 tuum.

2254 5340 2442 5412 itaque
2472 5349 2531 5396 ut
2558 5341 2627 5396 de
2654 5354 2752 5396 usu
2785 5340 3063 5409 capiamus
3089 5340 3420 5409 exemplum,
3464 5340 3513 5394 si
3551 5341 3703 5397 vorbi
3738 5357 3876 5413 gra-

2254 5434 2351 5502 tia,
2385 5434 2667 5489 dicamus:
2706 5431 2910 5487 Deiecit
2935 5431 3027 5488 ille
3048 5431 3103 5487 in
3130 5430 3286 5488 illam
3307 5473 3322 5498 ,
3358 5430 3583 5491 videtur
3625 5433 3873 5503 exprimi

2258 5611 2414 5653 secus
2440 5610 2503 5651 ac
2526 5594 2667 5665 apud
2693 5596 2972 5653 Horatium
2998 5597 3089 5653 lib.
3120 5611 3178 5660 tt,
3208 5596 3312 5653 ode
3342 5598 3410 5655 {9
3443 5614 3456 5649 :

2560 5675 2701 5728 Meus
2722 5714 2735 5727 .
2758 5712 2770 5725 .
2795 5715 2807 5727 .
2831 5715 2845 5727 .
2864 5676 3109 5729 turbidum
3126 5675 3337 5729 testatur.

2326 5776 2345 5799 υ
2377 5761 2541 5825 Edit.,
2570 5758 2637 5815 Ut
2659 5770 2921 5835 tamquam
2945 5774 3215 5837 corporeus
3242 5762 3575 5836 fatigationem
3609 5763 3870 5837 defectio-

541 5833 947 5903 aqunturbidum
967 5834 1098 5903 ﬂuat
1121 5851 1139 5890 :
1162 5833 1307 5905 quod
1321 5836 1564 5894 adverbii
1588 5833 1748 5895 modo
1774 5837 2012 5909 ponitur,
2034 5852 2142 5893 non
2248 5850 2385 5902 nem,
2412 5844 2555 5899 etc.;
2584 5848 2713 5890 mss.
2751 5833 2884 5891 vero
2916 5843 2972 5888 ut
2999 5834 3052 5889 in
3094 5841 3264 5888 textu.
