4070 6488
107 337 267 437 “Siti

1250 371 1314 431 IN
1354 370 1682 435 PSALMUM
1719 368 1935 430 CXVIII
1974 365 2360 433 EXPOSITIO.

3302 374 3442 432 1550

105 497 226 550 hoc
250 495 450 561 verhn,
477 496 619 566 quod
646 504 791 552 totus
821 495 877 552 in
907 493 1154 549 mulieris
1174 491 1506 548 desiderium
1526 490 1737 558 enpidi-
1766 489 1814 547 Α
1843 485 2182 541 dissolvitur.
2211 487 2453 557 Denique
2478 485 2750 555 quomodo
2787 485 3007 541 deficiat
3055 488 3234 543 anima
3268 490 3320 544 in
3349 505 3440 543 sa-

107 597 163 642 ta
175 596 237 644 te
265 587 571 642 transierit.
603 586 665 642 Et
686 584 948 657 quidquid
978 593 1065 642 est
1091 583 1241 655 quod
1266 583 1620 640 vehementer
1643 598 1741 637 ex-

1843 578 2018 636 ltttare
2051 581 2170 646 Dei,
2205 581 2507 637 Hieremias
2532 580 2712 636 doetst.
2751 580 3044 652 Et-factum
3091 594 3188 643 est.
3244 584 3440 654 inquit,

113 680 397 749 petimus,
427 679 528 736 nisi
553 679 670 750 ejus
699 676 1052 736 maturiorem
1075 677 1369 736 habeamus
1389 675 1666 740 effectum,
1684 675 1736 730 id
1834 673 1894 726 in
1917 674 2074 727 corde
2102 690 2212 728 meo
2233 685 2287 727 ut
2309 675 2444 745 ignis
2465 673 2671 736 ardens,
2697 675 2970 744 [inmutatis
2993 675 3048 729 in
3071 675 3269 730 ossibus
3290 676 3442 740 meis,

117 786 228 826 nos
254 771 475 826 videtur
504 772 660 843 longa
685 769 918 842 quadam
953 771 1259 826 intensione
1298 769 1523 826 lassare.
1571 769 1740 826 Amor

121 863 438 932 impatiens
487 862 576 920 die
606 873 874 933 nocteque
906 862 1246 918 meretricias
1294 859 1437 918 fores
1490 858 1735 930 pulsans,

116 955 167 1010 si
191 955 416 1011 diutius
443 955 686 1026 patiendi
711 954 982 1012 desideria
1023 953 1366 1020 differantur,
1405 953 1520 1023 ipsa
1556 951 1741 1007 deﬁcit

118 1051 572 1119 exspectatione,
607 1048 736 1104 dum
762 1057 982 1119 sperat:
1013 1049 1066 1103 in
1096 1064 1202 1118 quo
1239 1046 1424 1116 utique
1469 1063 1578 1101 non
1616 1044 1740 1100 ﬁnis

121 1143 373 1212 amoris,
402 1143 498 1198 sed
522 1143 919 1204 incrementum
949 1151 1049 1198 est.
1102 1143 1167 1197 Et
1196 1140 1457 1211 quidquid
1485 1149 1570 1198 est
1599 1139 1742 1200 desi-

125 1236 409 1301 derabile.
445 1238 488 1292 si
513 1253 618 1292 non
645 1236 1288 1308 contingstdesideranti,
1313 1234 1494 1291 deﬁcit
1512 1234 1566 1292 in
1585 1234 1737 1299 illud,

129 1340 189 1386 et
220 1332 386 1402 quasi
415 1331 588 1403 ipsam
615 1331 839 1402 deponit
863 1332 1100 1388 animam
1129 1330 1220 1402 qui
1241 1329 1540 1387 desiderat.
1573 1328 1630 1385 Si
1660 1336 1744 1384 ta-

131 1441 265 1480 tucn
297 1442 425 1495 spes
456 1426 677 1496 propior
725 1435 992 1495 assurgat,
1017 1424 1111 1478 dat
1141 1425 1285 1479 vires
1307 1439 1432 1492 spes
1456 1422 1739 1491 proxima:

135 1519 181 1571 si
210 1526 403 1573 autem
433 1517 681 1572 absentia
706 1519 776 1573 sit
805 1517 1014 1584 dilecti,
1042 1531 1108 1572 eo
1139 1517 1257 1585 ipso
1286 1514 1429 1586 quod
1458 1516 1742 1572 absentem

135 1609 442 1678 desiderat,
475 1611 565 1681 qui
588 1610 926 1679 concupivit,
965 1610 1163 1665 anima:
1185 1624 1299 1664 suae
1332 1609 1535 1679 patitur
1564 1608 1746 1664 defec-

141 1705 376 1760 tionem.
409 1704 592 1774 itaque
620 1712 823 1773 quanto
845 1702 1058 1774 longius
1087 1712 1173 1758 est
1199 1702 1343 1758 istud
1367 1701 1511 1772 quod
1529 1699 1746 1758 deside-

141 1808 320 1861 ratur.
351 1806 498 1852 tanto
529 1797 704 1866 magis
725 1796 908 1852 deﬁcit
929 1797 1016 1866 qui
1047 1795 1346 1851 desiderat.
1402 1793 1457 1852 Id
1502 1803 1586 1850 est
1616 1807 1746 1864 ergo

1842 777 1890 822 et
1912 767 2193 821 dissolutus
2217 781 2334 821 sum
2356 767 2604 837 undique,
2639 777 2687 822 et
2718 767 2856 837 ferre
2891 781 2998 821 non
3045 785 3278 836 possunt.
3333 768 3448 824 i-loc

1843 860 2008 930 igitur
2035 858 2408 914 inﬂammatus
2443 858 2738 926 desiderio,
2789 861 2864 914 ait
2927 859 3091 915 David
3127 859 3371 931 :Defecit
3393 861 3448 913 in

1843 953 2074 1007 salutare
2099 961 2246 1005 tuum
2267 951 2442 1004 anima
2471 967 2603 1015 mea,
2638 962 2686 1005 et
2727 952 2781 1005 in
2804 951 3016 1006 vet'bum
3059 963 3198 1007 tuum
3242 952 3446 1023 speravi

1847 1046 2063 1117 (lrrem.
2090 1062 2180 1109 xx,
2203 1045 2283 1116 9).

1916 1140 1973 1196 ὅ.
2018 1139 2188 1194 Recte
2209 1138 2424 1208 speravi
2453 1137 2590 1193 dixit
2616 1136 2672 1193 in
2699 1139 2923 1194 verbum
2951 1156 2966 1204 ;
2995 1149 3122 1196 ante
3139 1141 3287 1197 enim
3318 1153 3450 1210 epes

1845 1231 2130 1301 praecedit,
2158 1239 2216 1286 ct
2244 1231 2368 1286 ideo
2399 1232 2649 1300 sequitur
2677 1231 2934 1286 defectio.
2971 1232 3227 1302 Speravit
3266 1241 3448 1288 autem

1848 1325 1900 1380 in
1925 1325 2150 1381 verbum
2172 1324 2318 1395 quod
2339 1323 2688 1394 prmdicatum
2712 1333 2940 1380 estesse
2966 1336 3276 1392 venturum,
3303 1323 3451 1396 quod

1850 1427 2030 1489 potest
2057 1418 2286 1489 intelligi
2319 1417 2387 1476 de
2411 1419 2522 1473 Deo
2562 1417 2762 1473 Verbo.
2813 1419 2923 1471 Aut
2946 1425 3097 1474 certe
3132 1419 3185 1472 in
3224 1419 3450 1474 verbum

1848 1514 2112 1585 speravit,
2148 1515 2240 1584 qui
2280 1512 2451 1568 verbo
2489 1512 2700 1570 ctelesti
2755 1511 3009 1576 credidit,
3070 1525 3178 1583 quo
3235 1513 3452 1568 Domini

1850 1608 2022 1663 nostri
2045 1605 2174 1662 Jesu
2192 1606 2394 1662 Christi
2417 1604 3072 1667 unnuntiaturadventus,
3099 1605 3184 1659 vel
3210 1622 3316 1678 quo
3338 1606 3458 1674 ejus

1847 1703 2021 1772 gloria
2064 1703 2396 1758 declaratur.
2445 1701 2587 1770 Ergo
2627 1700 2900 1771 Propheta
2934 1700 3297 1756 considerans
3336 1715 3461 1770 qua:

1852 1795 2081 1866 legerat,
2114 1805 2169 1852 et
2194 1810 2432 1851 cernens
2458 1793 2606 1864 quod
2636 1808 2758 1848 cum
2785 1794 3003 1849 adesset
3028 1792 3280 1864 corpori,
3310 1793 3461 1848 velut

140 1889 418 1954 deﬁcere;
452 1903 893 1960 unumquemque
925 1888 976 1944 in
1019 1886 1073 1942 id
1123 1889 1250 1942 totis
1286 1887 1480 1942 studiis
1513 1885 1749 1956 migrare
1781 1888 1827 1950 Β
1854 1891 2182 1960 quibusdam
2212 1891 2410 1960 ligatus
2439 1888 2674 1945 vinculis
2699 1886 2862 1958 hujus
2893 1888 3038 1954 vim,
3065 1886 3256 1943 aberat
3295 1902 3324 1940 a
3375 1901 3463 1941 sa-

140 1980 294 2050 quod
316 1981 528 2053 diligat.
561 1980 697 2038 lllud
729 1981 958 2051 cogitat,
992 1980 1068 2035 illi
1097 1979 1358 2044 adhaeret,
1387 1977 1520 2034 illud
1565 1993 1751 2046 perso-

144 2085 263 2142 nat,
293 2076 439 2145 quod
465 2076 733 2146 receperit
757 2074 1112 2146 diligendum,
1140 2075 1194 2130 in
1224 2073 1274 2129 id
1297 2073 1526 2144 quadam
1556 2073 1751 2140 anima:

145 2171 460 2227 defectione
488 2169 882 2228 transfunditur
912 2187 926 2234 ;
965 2180 1022 2226 ιιι
1053 2170 1097 2224 si
1134 2177 1306 2223 mater
1337 2168 1430 2222 lilii
1470 2175 1751 2237 exspectet

148 2266 522 2336 praesentiam,
557 2263 1014 2335 quemadmodum
1039 2261 1591 2332 esspectahatTohiai
1615 2275 1752 2314 uxor

149 2359 320 2413 lilium
374 2359 842 2428 peregrinantem,
883 2357 1140 2414 deﬁciens
1177 2373 1207 2412 a
1246 2355 1566 2422 desiderio,
1598 2362 1653 2420 et
1695 2353 1750 2408 in

150 2450 416 2519 angustiis
451 2448 662 2524 1105
687 2452 1004 2517 constituta,
1031 2460 1086 2507 et
1111 2461 1383 2521 tamquam
1410 2449 1650 2512 Γεδιιιιιιιι
1676 2446 1754 2501 vi-

152 2543 305 2602 ribus
331 2541 483 2614 (Tob.
522 2559 582 2611 χ,
610 2544 713 2600 5e:
755 2542 911 2614 δαίμ).
967 2543 1102 2610 Quid
1145 2545 1289 2600 enim
1329 2541 1479 2602 aliud
1517 2541 1622 2598 nisi
1657 2539 1754 2595 de-

155 2635 359 2690 fectum
400 2634 687 2706 quemdam
720 2635 836 2706 ejus
883 2635 1046 2694 verba
1089 2635 1440 2705 signiﬁcant?
1483 2633 1589 2690 Sed
1647 2647 1754 2704 quo

158 2727 332 2798 magis
363 2729 598 2786 lassatur
618 2728 868 2796 aﬂ‘ectus,
900 2743 967 2788 eo
993 2729 1227 2799 amplius
1253 2744 1404 2788 amor
1428 2728 1627 2784 crescit
1656 2742 1670 2780 :
1699 2736 1756 2782 et

160 2836 268 2891 quo
287 2820 488 2876 diutius
518 2821 774 2896 abestqui
799 2822 1160 2888 desideratur,
1184 2837 1250 2878 eo
1267 2821 1636 2891 exspectantis
1661 2821 1758 2882 de-

163 2912 364 2968 sideria
385 2912 590 2982 majore
611 2913 843 2986 quadam
869 2915 920 2970 vi
943 2915 1145 2970 amoris
1172 2915 1475 2984 ignescunt.
1502 2913 1642 2969 Caro
1663 2912 1759 2969 de-

165 3005 295 3072 ficit,
327 3006 425 3060 sed
447 3007 716 3076 cupiditas
755 3008 916 3062 alitur
943 3017 997 3063 et
1027 3018 1275 3078 augetur.

235 3099 292 3154 4.
335 3099 477 3162 Hinc
506 3116 638 3172 ergo
667 3101 924 3177 colligere
949 3115 1238 3170 possumus
1277 3099 1404 3172 quid
1435 3098 1505 3156 sit
1540 3119 1550 3154 :
1603 3098 1762 3170 Defe-

165 3196 232 3250 cit
261 3197 314 3250 in
342 3197 572 3251 salutare
608 3205 754 3251 tuum
783 3197 955 3252 anima
993 3213 1122 3252 mea.
1159 3196 1371 3252 Etenim
1409 3194 1622 3266 spiritui
1659 3194 1754 3252 ad-

1853 1984 2027 2042 iutare
2061 1985 2178 2050 Dei,
2202 1983 2645 2054 concupiscebat,
2669 1981 3037 2046 desiderabat,
3063 1979 3375 2045 deciebat,
3401 1988 3459 2034 et

1856 2092 1969 2138 toto
1992 2081 2394 2138 dissolvebatur
2421 2079 2654 2146 affectu;
2685 2087 2746 2133 ut
2777 2087 2926 2133 totus
2948 2077 3097 2132 illius
3129 2077 3289 2132 ﬁeret
3313 2075 3461 2143 quod

1855 2178 2223 2242 desiderabat,
2255 2175 2398 2232 sicut
2425 2175 2596 2230 etiam
2630 2172 2682 2227 in
2709 2169 3102 2242 posterioribus
3133 2170 3250 2240 ipse
3276 2168 3408 2224 dicit
3445 2185 3457 2221 :

1856 2269 2092 2336 Blando
2112 2269 2166 2322 in
2192 2276 2472 2335 conspectu
2492 2268 2610 2338 ejus
2637 2265 2926 2320 orationem
2954 2278 3141 2330 meum,
3169 2260 3467 2316 ﬁbulatio-

1857 2379 1971 2417 ηερε
1999 2378 2168 2416 meum
2195 2369 2314 2416 ante
2339 2361 2508 2430 ipsum
2527 2358 2833 2425 pronuntio,
2861 2358 2917 2412 in
2951 2356 3240 2425 deﬁniendo
3286 2372 3350 2410 ea:
3383 2371 3469 2410 me

1858 2459 2099 2527 spiritum
2124 2472 2292 2510 meum
2320 2453 2496 2526 (Psal.
2525 2467 2674 2519 esu,
2704 2453 2739 2507 3
2758 2464 2808 2507 et
2827 2450 2911 2523 4).
2940 2452 3146 2506 Deiecit
3165 2450 3312 2507 enim
3341 2450 3466 2520 ejus

1858 2554 2106 2621 spiritus,
2155 2551 2324 2606 immo
2373 2548 2442 2602 ab
2469 2563 2536 2603 eo
2563 2545 2746 2603 deﬁcit
2789 2545 3016 2616 spiritus
3065 2559 3196 2600 suus
3220 2585 3236 2612 ,
3278 2543 3368 2615 qui
3403 2545 3494 2599 se"

1860 2645 2038 2714 ipsum
2065 2652 2251 2714 negat,
2282 2651 2344 2698 ut
2363 2641 2641 2696 adhzereat
2659 2639 2902 2695 Christo.
2935 2638 3090 2694 Unde
3110 2638 3322 2693 semitae
3345 2638 3468 2707 eius

1862 2747 2264 2808 cognoscuntur
2293 2751 2322 2788 a
2356 2734 2632 2797 Domino;
2664 2734 2791 2802 quia
2829 2747 2936 2788 non
2976 2739 3104 2788 sunt
3131 2733 3337 2799 carnis,
3369 2730 3467 2786 sed

1863 2829 2064 2886 Christi
2098 2829 2328 2886 semita.

1938 2923 1993 2976 6.
2038 2922 2252 2977 Etenim
2296 2920 2692 2992 requirentium
2737 2919 2910 2975 Deum
2960 2918 3046 2974 via
3086 2915 3340 2975 Christus
3362 2927 3470 2974 est.

1867 3015 1937 3071 Et
1957 3031 2058 3071 nos
2084 3016 2247 3087 igitur
2269 3015 2402 3071 illud
2425 3014 2905 3085 concuspiscamus
2923 3022 3208 3082 atomum,
3227 3013 3361 3068 illud
3390 3029 3472 3069 sa-

1867 3109 2046 3166 lutare
2068 3109 2165 3164 Dei
2195 3126 2210 3162 :
2243 3123 2351 3164 non
2383 3109 2839 3178 concupiscamus
2883 3110 3170 3178 pecuniam
3192 3147 3206 3173 ,
3256 3104 3468 3179 1105

1866 3219 2026 3272 quam
2051 3202 2355 3258 avarissimi
2386 3203 2820 3273 concupiscunt,
2870 3216 2976 3256 non
3014 3201 3472 3270 concupiscamus

168 3290 377 3354 haerens
405 3291 584 3351 anima
603 3291 785 3348 deﬁcit
805 3291 951 3347 abeo
978 3291 1122 3364 quod
1136 3301 1217 3354 est
1243 3291 1446 3354 anima,
1465 3301 1516 3344 ct
1540 3290 1597 3344 ﬁt
1621 3306 1760 3346 unus
1788 3283 1834 3347 C
1865 3297 2057 3353 alienae
2087 3295 2276 3352 uxoris
2299 3295 2586 3362 decorem,
2634 3310 2742 3352 non
2777 3294 3093 3350 ambitionis
3129 3294 3474 3364 exagitentur

169 3383 388 3456 spiritus
412 3401 426 3444 ;
460 3385 713 3456 quoniam
741 3385 828 3456 qui
849 3385 1075 3440 adliceret
1101 3382 1349 3452 Domino,
1380 3399 1516 3438 unus
1542 3384 1758 3453 spiritus

171 3486 243 3531 est
273 3477 314 3550 tl
341 3476 464 3532 Cor.
492 3493 565 3544 vt,
600 3477 712 3556 i7).
749 3477 933 3547 Itaque
963 3485 1186 3540 sanctus
1242 3486 1297 3534 et
1344 3477 1543 3536 timens
1567 3475 1758 3540 Deum,

173 3570 338 3626 nescit
369 3569 516 3626 aliud
541 3570 882 3638 desiderare,
916 3571 1019 3634 nisi
1059 3570 1301 3628 salutare
1341 3571 1433 3633 Dei
1455 3612 1471 3644 ,
1503 3569 1646 3643 quod
1677 3578 1764 3626 est

173 3660 410 3728 Christus
440 3663 616 3720 Jesus.
665 3661 823 3722 Illum
855 3663 1210 3740 concupiscit,
1255 3662 1409 3718 illum
1461 3661 1758 3730 desiderat,

177 3755 226 3810 in
257 3757 401 3816 illum
429 3758 556 3814 totis
589 3759 818 3816 intendit
847 3759 1084 3827 viribus,
1111 3758 1264 3814 illum
1313 3757 1523 3830 gremio
1563 3759 1762 3818 mentis

180 3849 334 3917 fovet,
360 3852 434 3908 illi
457 3867 517 3908 se
543 3852 716 3922 aperit
737 3862 791 3908 et
821 3851 1049 3910 effundit
1073 3869 1087 3906 :
1113 3860 1169 3910 et
1191 3852 1294 3912 hoc
1317 3852 1494 3908 solum
1519 3863 1760 3917 veretur,

181 3958 245 3998 ne
275 3943 418 4000 illum
449 3947 621 4014 possit
647 3944 918 4001 amittere.
945 3946 1129 4016 Itaque
1164 3957 1370 4016 quanto
1419 3946 1626 4016 majore
1670 3947 1766 4002 dc-

182 4039 372 4097 siderio
399 4042 698 4097 exercitata
728 4041 888 4097 fuerit
908 4043 1088 4096 anima
1117 4041 1342 4114 cupiens
1369 4041 1651 4098 adhaerere
1674 4057 1764 4094 sa-

184 4133 336 4190 lutari
361 4151 479 4202 suo,
508 4143 659 4190 tanto
691 4135 861 4204 magis
882 4133 1085 4196 deficit.
1115 4135 1258 4205 Ergo
1281 4135 1380 4188 ista
1404 4133 1639 4190 defectio
1667 4134 1766 4187 itit-

187 4229 529 4286 minutionem
562 4229 779 4300 quidem
804 4227 1144 4299 fragilitatis,
1195 4227 1294 4288 sed
1337 4229 1764 4298 assumptionem

190 4322 392 4376 virtutis
416 4332 693 4392 operatur.
723 4311 968 4392 Denique
994 4321 1112 4392 ipse
1135 4321 1266 4382 alibi
1305 4320 1535 4384 dicens:
1592 4320 1770 4379 Sitivit

193 4414 242 4468 in
265 4424 309 4468 te
327 4415 495 4478 anima
523 4431 636 4470 mea
661 4414 838 4488 (i’sat.
873 4429 1003 4482 uti,
1049 4413 1105 4485 2)
1133 4431 1148 4482 ;
1179 4414 1411 4486 subiecit
1446 4414 1585 4476 infra
1615 4433 1628 4469 :
1662 4414 1770 4480 Ad-

192 4508 328 4562 haesit
375 4509 546 4564 anima
587 4525 701 4564 mea
741 4518 854 4581 post
902 4519 990 4566 te:
1039 4527 1118 4566 me
1155 4512 1381 4584 suscepit
1425 4511 1636 4577 dextera
1679 4521 1770 4567 tua

195 4597 372 4670 (ΗΜΛ,
403 4601 479 4673 9).
513 4601 615 4670 Qui
657 4605 800 4658 enim
845 4605 999 4670 sitit,
1032 4605 1181 4680 cupit
1225 4620 1444 4676 semper
1485 4605 1768 4664 adhaerere

1861 3391 2160 3454 desiderio,
2189 3405 2302 3444 non
2329 3389 2578 3446 szecnlari
2607 3389 2959 3444 intendamus
2989 3388 3202 3460 gloriae,
3233 3403 3342 3443 non
3367 3386 3474 3444 fai-

1863 3483 1995 3539 lacis
2016 3484 2542 3554 circumscriptionis
2564 3483 2759 3539 studiis
2780 3497 3133 3554 occupamur,
3159 3498 3266 3539 non
3289 3485 3475 3554 proxi-

1863 3594 2010 3633 mum
2029 3577 2426 3633 circumvenire
2445 3578 2733 3649 iniquitate
2749 3578 3057 3648 cupiamus,
3073 3590 3183 3631 non
3199 3584 3474 3645 postremo

1865 3683 2048 3742 partes
2067 3671 2313 3741 vulpium
2346 3672 2520 3726 simus
2547 3671 2600 3726 in
2632 3682 2866 3727 terrena:
2887 3669 3183 3740 voluptatis
3208 3669 3472 3724 interiora

1864 3765 2126 3831 demersi,
2163 3775 2436 3836 tamquam
2465 3765 2684 3822 exsules
2712 3774 3064 3829 aeternorum,
3090 3762 3234 3819 etde
3261 3763 3351 3816 illa
3383 3777 3476 3818 su-

1865 3873 2052 3928 perate
2083 3858 2198 3928 spei
2239 3859 2667 3928 pressumptione
2700 3855 2921 3927 deiecti.
2958 3855 3189 3911 Attollat
3217 3855 3380 3925 igitur
3409 3869 3472 3910 se

1867 3954 2046 4008 anim
2080 3962 2264 4008 nostra
2289 3952 2552 4008 deﬁciens
2574 3951 2780 4007 viribus
2809 3951 2923 4006 suis
2949 3966 2962 4016 ;
2989 3959 3050 4006 ut
3081 3949 3360 4006 aditurum
3387 3964 3474 4004 sa-

1868 4047 2027 4102 lutari
2063 4047 2183 4112 Dei,
2216 4045 2310 4116 qui
2333 4055 2418 4100 est
2444 4044 2697 4100 Christus
2726 4044 2985 4099 Dominus
3011 4043 3194 4111 Jesus,
3222 4043 3366 4113 quod
3391 4043 3476 4096 in-

1871 4139 2270 4209 terpretatione
2288 4136 2490 4192 dicitur
2515 4136 2726 4191 Domini
2762 4138 2930 4190 salus.
2962 4135 3081 4204 ipse
3106 4144 3191 4188 est
3213 4136 3358 4188 enim
3388 4149 3478 4188 sa-

1871 4233 1978 4297 lus,
2004 4231 2232 4294 veritas,
2264 4230 2442 4284 virtus
2461 4238 2626 4299 atque
2651 4227 2941 4298 sapientia.
2967 4226 3070 4295 Qui
3113 4227 3272 4296 igitur
3291 4225 3479 4282 deﬁcit

1869 4325 1998 4394 sibi,
2025 4332 2084 4379 ut
2105 4323 2290 4379 virtuti
2321 4322 2619 4390 adhiereat,
2651 4320 2855 4375 amittit
2878 4319 3023 4390 quod
3055 4334 3211 4375 suum
3243 4327 3349 4388 est,
3379 4334 3473 4374 αρε

1870 4419 2003 4492 cipit
2034 4418 2180 4490 quod
2205 4427 2472 4474 internum
2493 4426 2602 4473 est.

1950 4516 2002 4568 7.
2047 4513 2229 4584 (Vera.
2258 4512 2378 4584 82.)
2413 4510 2668 4583 Sequitur
2704 4530 2716 4566 :
2753 4511 3066 4583 Defecertmt
3106 4509 3245 4565 oculi
3287 4509 3385 4564 mei
3422 4511 3481 4565 in

1872 4610 2079 4664 uerbum
2120 4619 2263 4664 tuum
2292 4649 2307 4673 ,
2350 4609 2579 4663 dicentes
2629 4624 2642 4660 :
2691 4605 2914 4670 Quando
2964 4603 3313 4660 conectebat-is
3351 4619 3431 4657 me
3453 4605 3478 4657 .9

195 4690 335 4758 fonti,
360 4709 454 4754 nec
474 4694 620 4752 aliud
640 4695 746 4753 sibi
763 4696 865 4756 nisi
889 4712 1084 4768 aquam
1099 4677 1358 4766 expetere
1376 4711 1429 4758 et
1450 4701 1758 4772 contingere

1875 4705 1902 4745 b
1925 4704 2098 4775 Supra
2128 4713 2211 4760 est
2239 4704 2539 4781 πρακτικόν,
2567 4701 2654 4757 hic
2677 4701 2979 4778 θεωρητικὸν
3009 4717 3022 4754 :
3049 4701 3126 4756 ibi
3155 4701 3210 4755 in
3242 4700 3480 4756 salutare

199 4783 416 4855 videtur,
444 4788 650 4858 utipso.
669 4798 922 4860 pascatur
960 4789 1178 4848 aﬁ‘ectu.
1216 4801 1240 4828 ιι
1280 4791 1593 4863 Suscipiens
1641 4810 1771 4864 ergo

201 4876 409 4935 dextera
431 4881 666 4946 animum
691 4897 867 4939 meam
888 4925 903 4950 ,
936 4892 994 4938 et
1021 4883 1089 4938 de
1126 4899 1226 4940 suo
1258 4884 1512 4942 virtutem
1567 4887 1770 4957 impar-

207 4974 355 5043 tiens,
385 4977 502 5042 facit
527 4993 646 5040 eam
678 4993 799 5034 esse
825 4978 969 5049 quod
994 4993 1100 5033 non
1131 4987 1271 5046 erat,
1311 4987 1371 5034 ut
1413 4980 1558 5042 dicat
1591 4996 1605 5035 :
1650 4979 1774 5036 Viro

207 5078 364 5125 autem
381 5073 485 5153 qu
508 5088 608 5134 non
633 5089 747 5146 ego,
780 5073 1087 5134 uiritantem
1108 5073 1162 5128 in
1185 5089 1266 5132 me
1289 5071 1530 5132 Christus
1571 5071 1771 5147 (Galat.

212 5175 264 5226 ll,
306 5161 414 5234 ‘20).
465 5165 620 5228 Disce
656 5173 835 5222 autem
888 5167 1054 5222 etiam
1106 5167 1360 5238 exemplo
1410 5165 1770 5237 defectionem

213 5251 352 5316 istam
382 5245 548 5318 nimi-.1:
573 5271 696 5318 esse
725 5257 1058 5328 cupiditatis.
1107 5258 1454 5329 Concupiscit,
1501 5259 1697 5332 inquit,
1727 5271 1774 5318 et

218 5343 374 5414 tle/icit
397 5350 559 5404 anima
588 5366 700 5403 mea
727 5351 782 5404 in
802 5351 936 5405 atria
965 5352 1172 5406 Dontini
1207 5351 1377 5424 (Psal.
1431 5369 1658 5420 Lxxxm,
1691 5352 1773 5426 5).

219 5437 344 5494 Ante
360 5442 759 5518 concupiscens,
780 5443 1036 5514 inquit,et
1048 5444 1198 5514 quasi
1225 5452 1393 5504 totam
1415 5459 1474 5501 se
1489 5444 1776 5507 aliundens

223 5525 271 5582 in
296 5523 793 5607 concupiscentiam,
825 5536 992 5606 longo
1022 5534 1148 5590 fune
1176 5551 1442 5607 suspensa
1468 5537 1778 5598 defectione

1876 4798 2061 4856 deﬁcit
2087 4797 2289 4862 anima,
2321 4810 2388 4850 eo
2414 4794 2556 4866 quod
2588 4793 2925 4864 concupiscit
2947 4807 3096 4858 eum,
3145 4794 3303 4862 cujus
3342 4791 3477 4846 Das-

1879 4895 2032 4949 sione
2058 4899 2274 4948 serrata
2305 4900 2388 4947 est
2416 4909 2428 4944 :
2466 4891 2553 4946 hic
2581 4891 2637 4947 in
2677 4891 2902 4948 verbum
2945 4889 3164 4944 Domini
3197 4888 3481 4960 prophetae

1879 4988 2024 5042 oculi
2073 4985 2412 5043 defecerunt.
2457 4985 2529 5041 Et
2575 4984 2857 5041 videamus
2903 4997 2976 5041 ne
3023 4981 3481 5054 quemadmodmn

1882 5079 1992 5135 illic
2042 5079 2329 5136 adhaerens
2363 5079 2582 5136 Christo
2625 5080 2808 5135 anima
2834 5078 3015 5135 deﬁcit
3044 5078 3099 5132 in
3123 5093 3293 5133 unum
3325 5077 3486 5146 spiri-

1878 5182 2015 5237 tum,
2045 5181 2103 5229 et
2131 5173 2190 5228 ﬁt
2213 5188 2352 5229 unus
2373 5174 2629 5246 spiritus:
2657 5173 2730 5229 ita
2755 5181 2813 5228 et
2837 5171 3090 5228 deliniant
3113 5171 3282 5240 oculi,
3307 5180 3362 5227 ut
3390 5172 3486 5227 iiut

1880 5283 1983 5323 una
2007 5282 2184 5323 mens.
2210 5269 2365 5324 Oculi
2395 5269 2542 5325 enim
2565 5267 2768 5326 mensis
2798 5266 2888 5322 isti
2914 5275 3046 5322 sunt
3070 5266 3238 5332 oeuli,
3273 5266 3487 5321 scilicet

1881 5359 2156 5417 interioris
2185 5359 2437 5428 hominis,
2482 5377 2588 5416 non
2634 5361 2686 5415 hi
2715 5359 2857 5415 oculi
2888 5360 2979 5428 qui
3031 5357 3336 5414 ministerio
3369 5359 3488 5413 fun-

1880 5465 2082 5524 guntur
2111 5453 2352 5510 obtutus.
2386 5465 2409 5494 ο
2453 5453 2552 5509 Est
2575 5453 2721 5509 enim
2753 5452 2944 5508 oculis
2973 5460 3032 5508 et
3057 5467 3232 5517 mens,
3259 5452 3442 5507 carnis
3472 5469 3486 5506 :

1883 5546 1979 5603 sed
2003 5546 2093 5603 ille
2123 5561 2300 5602 czecus
2333 5555 2418 5602 est
2446 5547 2660 5618 oculus,
2691 5546 2783 5622 qui
2809 5557 2917 5602 non
2963 5545 3114 5602 videt
3156 5559 3277 5617 qua:
3305 5541 3487 5602 divina

294 5700 318 5729 ι
343 5691 674 5772 Edit._omues
700 5712 714 5749 :
747 5692 1050 5772 suscipiens
1067 5709 1187 5764 ergo
1208 5711 1287 5772 nte
1311 5693 1413 5772 Dei
1435 5695 1793 5772 dexterata'ni-

237 5778 322 5818 mte
342 5769 680 5842 metcinhionu.
697 5777 749 5842 et
762 5766 826 5821 de
847 5766 944 5820 suo
955 5769 1140 5820 virtute
1161 5766 1298 5842 mihi
1314 5770 1637 5842 impertiens.
1653 5766 1785 5824 'Mss.

235 5847 347 5889 vero
370 5839 630 5894 nobiscum
651 5841 872 5897 iaciunt.
897 5847 1130 5906 eseep'to
1157 5840 1302 5907 quod
1331 5839 1578 5895 nonnulli
1605 5841 1790 5897 ultima

239 5907 379 5960 verba
401 5907 576 5966 habent
602 5910 734 5965 sicut
755 5910 909 5974 CdiL,
932 5909 995 5962 de
1015 5925 1108 5962 sua
1133 5910 1314 5967 virtute
1334 5913 1458 5966 milii
1475 5914 1790 5982 impartims.

1969 5699 1997 5740 δ
2031 5702 2240 5760 Omnes
2269 5704 2400 5778 edit.
2423 5745 2440 5772 ,
2471 5703 2645 5778 Sttpra
2673 5703 2950 5778 προικτικὸν
2983 5742 3000 5770 ,
3051 5697 3486 5778 ᾁὶσ-θσωρητικόν.

1892 5773 2090 5830 Contra
2138 5791 2267 5830 mss.
2323 5776 2434 5832 fere
2475 5773 2740 5840 ad'unum
2776 5776 2828 5834 in
2879 5773 3484 5845 emendationemnrs-

1898 5854 2032 5901 trant
2059 5848 2428 5901 consentiunt.

1978 5931 1997 5954 ε’
2042 5919 2194 5974 ιὶιιιιι.
2233 5919 2361 5974 cdit.
2411 5918 2546 5989 sola,
2604 5917 2693 5974 Est
2720 5919 2851 5974 enim
2880 5916 3056 5973 oculus
3103 5926 3148 5973 et
3190 5913 3390 5985 mentis,
3421 5921 3468 5972 et
