4104 6350
552 325 681 384 1551

1886 322 2136 385 SANCTI
2172 322 2499 386 AMBROSII

3717 326 3733 382 l
3747 324 3852 382 552

550 449 697 508 sunt,
744 438 837 511 qui
886 437 1084 495 frustra
1128 447 1311 497 mente
1339 438 1520 495 carnis
1564 437 1783 494 intlatus
1810 446 1912 494 est.
1946 439 2044 495 Est
2090 449 2147 496 et
2171 443 2222 503 Α
2249 456 2403 497 suam
2430 442 2499 497 ad
2536 439 2859 497 humilitatis
2886 440 3201 513 patientiam
3229 456 3448 498 aranea:
3476 440 3643 497 modo
3674 441 3855 497 tabes-

549 533 691 588 alius
734 532 962 597 oculus,
1018 547 1213 589 sensus
1266 531 1490 599 Christi,
1544 546 1653 602 quo
1705 530 1944 587 Ecclesia
2000 531 2150 587 videt

550 626 869 694 Christum;
901 627 1045 683 sicut
1084 627 1201 697 ipse
1228 625 1361 682 dicit
1388 624 1456 681 ad
1505 624 1767 697 Sponsam
1798 643 1813 680 :
1840 623 2008 679 Corde
2056 641 2147 679 nos

550 720 734 791 cepisti
762 736 864 775 uno
893 719 956 774 ab
985 720 1151 774 oculis
1196 719 1296 773 tuis
1336 717 1515 790 (Cant.
1560 733 1639 785 tv,
1668 718 1749 789 9).
1802 717 1994 773 Merito
2039 732 2148 773 uno

551 813 710 869 oculo
733 812 985 869 Christus
1014 811 1261 878 videtur;
1292 812 1416 883 quia
1457 828 1565 868 non
1597 811 1812 867 videtur
1842 811 2001 868 oculo
2030 826 2149 868 car-

553 906 662 963 nali
691 924 709 961 :
735 918 827 962 aut
874 907 999 979 quia
1046 907 1183 963 duos
1208 906 1395 962 oculos
1438 905 1644 962 habens
1672 904 1938 974 Ecclesia,
1971 920 2152 961 mora-

552 1000 657 1055 lem
686 1008 741 1056 et
776 1000 1086 1073 mysticum,
1118 1001 1245 1058 fidei
1293 1000 1457 1056 oculo
1500 1001 1619 1072 plus
1658 999 1807 1055 videt
1850 999 2147 1055 Christum.

546 1092 805 1165 Mysticus
825 1094 969 1150 enim
998 1094 1191 1150 oculus
1213 1093 1424 1151 acutior
1450 1104 1554 1161 est,
1589 1093 1815 1149 moralis
1839 1092 2073 1149 dulcior.

613 1185 669 1242 8.
711 1185 779 1241 Et
800 1184 1031 1242 fortasse
1053 1186 1145 1243 isti
1173 1187 1317 1244 oculi
1344 1197 1493 1252 sunt,
1522 1187 1725 1258 quibus
1764 1187 1964 1243 Paulus
1993 1186 2149 1243 vide-

548 1278 641 1334 bat
668 1287 899 1348 acterna,
930 1279 1020 1336 ubi
1051 1280 1218 1352 caepit
1246 1281 1554 1352 corporalia
1601 1295 1710 1337 non
1754 1280 1961 1337 videre.
1990 1278 2151 1336 Deni-

545 1389 653 1444 que
678 1374 773 1445 qui
816 1374 1092 1431 Christum
1144 1392 1252 1433 non
1306 1376 1543 1445 videbat,
1600 1376 1916 1449 priusquam
1963 1376 2151 1433 oculos

547 1466 846 1529 amitteret.
878 1467 1013 1524 vidit
1056 1483 1181 1525 eum
1219 1478 1573 1542 posteaquam
1602 1470 1775 1526 visum
1804 1470 1989 1525 amisit
2014 1484 2150 1525 ocu-

549 1557 747 1614 lorum.
781 1558 929 1615 Vidit
958 1561 1103 1617 enim
1131 1562 1222 1631 qui
1251 1561 1392 1618 dixit
1420 1581 1433 1617 :
1485 1562 1614 1632 Quis
1642 1580 1715 1631 es,
1757 1563 1979 1619 Domine
2009 1563 2149 1634 (Act.

551 1667 628 1717 tx,
656 1648 755 1723 5)?
786 1652 1016 1711 Videbat
1038 1655 1225 1726 utique
1248 1654 1549 1725 Christum,
1578 1672 1739 1729 quem
1768 1656 1935 1713 etiam
1969 1657 2155 1713 Domi-

552 1762 682 1804 num
726 1748 1024 1808 fatebatur.
1058 1750 1129 1806 Et
1170 1748 1347 1807 infra:
1401 1750 1641 1819 Domine,
1677 1751 1879 1823 inquit,
1910 1750 2037 1823 quid
2076 1767 2157 1805 me

2252 537 2425 592 centis
2454 535 2729 592 erudiens.
2760 534 3113 591 Desiderabat
3132 534 3277 591 enim
3300 535 3441 591 sicut
3457 550 3656 592 cervus
3676 533 3853 591 fontes

2251 646 2534 703 aquarum,
2564 640 2621 687 et
2659 630 2879 687 sitiebat
2907 629 2961 685 in
2999 629 3286 686 Dominum
3316 630 3488 686 Deum
3522 643 3708 697 suum,
3753 642 3852 683 cu-

2253 725 2406 796 piens
2429 726 2548 795 ejus
2579 724 2762 781 videre
2795 724 3167 796 praesentiam,
3207 734 3263 781 et
3298 738 3566 795 apparere
3609 730 3737 777 ante
3766 722 3847 777 fa-

2252 819 2391 875 ciem
2422 818 2546 885 Dei;
2580 818 2857 891 nimioque
2900 818 3174 875 desiderio
3200 827 3258 874 et
3300 815 3612 875 vehementi
3640 813 3853 886 cupidi—

2253 923 2365 970 tate
2386 913 2666 979 deficiens,
2692 925 2822 968 tunc
2846 927 2906 968 se
2930 910 3252 968 habiliorem
3285 910 3349 967 iis
3377 925 3497 979 quae
3526 908 3596 965 de
3625 906 3857 965 Domino

2255 1006 2585 1078 poposcerit,
2618 1004 2975 1075 impetrandis
3001 1003 3315 1075 prophetica
3347 1002 3522 1072 gratia
3550 1014 3855 1072 praesume-

2254 1099 2364 1154 bat.
2394 1098 2463 1154 Et
2487 1111 2588 1153 nos
2608 1095 2769 1169 igitur
2792 1095 3141 1153 intendamus
3167 1111 3267 1151 cor
3303 1104 3571 1161 nostrum,
3600 1101 3660 1149 ut
3681 1090 3859 1164 possi-

2255 1209 2374 1250 mus
2402 1192 2702 1263 intelligere
2728 1191 2899 1248 series
2925 1190 3354 1260 Scripturarum,
3389 1197 3444 1245 et
3486 1187 3711 1243 verbum
3759 1201 3858 1241 no-

2255 1286 2338 1342 bis
2364 1286 2549 1341 venire
2590 1300 2618 1339 a
2649 1284 2881 1339 Domino
2914 1283 3272 1354 postulemus,
3313 1290 3475 1351 atque
3519 1278 3857 1335 intellectum

2254 1380 2393 1437 dari.
2420 1380 2477 1437 Si
2505 1380 2627 1451 quis
2653 1378 2722 1435 de
2760 1378 3056 1450 longinquo
3086 1376 3322 1432 Verbum
3355 1375 3448 1431 Dei
3482 1372 3675 1429 obtutu
3705 1387 3863 1427 meu-

2258 1476 2327 1532 tis
2357 1475 2655 1547 aspexerit,
2703 1472 2942 1529 nondum
2986 1472 3204 1542 planum
3246 1479 3410 1541 atque
3439 1466 3779 1534 distinctum,
3814 1465 3862 1519 is

2257 1569 2403 1624 velut
2438 1565 2758 1640 quibusdam
2790 1566 2962 1621 oculis
3004 1563 3358 1621 interioribus
3390 1559 3553 1630 Verbi
3584 1557 3862 1628 navigium

2257 1661 2691 1735 appropinquare
2718 1660 2915 1714 anima:
2941 1674 3055 1714 suae
3074 1657 3269 1714 cernit.
3294 1655 3413 1724 Quo
3433 1663 3615 1709 autem
3637 1665 3866 1721 expres-

2258 1757 2371 1813 sius
2397 1756 2583 1813 vidcre
2610 1754 2860 1825 coeperit,
2894 1769 2960 1809 eo
2989 1753 3160 1823 magis
3188 1750 3343 1823 quasi
3371 1748 3441 1805 ad
3472 1756 3689 1819 portum
3710 1743 3861 1799 veri-

554 1843 629 1899 υἰδ
669 1844 839 1915 facere
865 1844 1032 1917 (Ibid.
1055 1887 1071 1913 ,
1119 1844 1219 1918 6)?
1262 1845 1380 1903 Non
1412 1862 1545 1918 ergo
1576 1846 1795 1904 videbat
1822 1862 1969 1913 eum,
1998 1845 2153 1917 cujus
2180 1851 2229 1913 B
2259 1851 2384 1907 tatis
2414 1849 2636 1906 festinat
2663 1847 2944 1913 accedere,
2982 1855 3041 1901 ut
3065 1846 3139 1902 sit
3169 1844 3449 1917 proximus
3476 1837 3821 1897 invcltendm.

552 1941 905 2011 exspectabat
928 1941 1268 2015 imperium?
1294 1943 1507 2012 Quibus
1561 1943 1723 2015 igitur
1768 1941 1941 2001 oculis
1969 1941 2154 1999 videre

551 2033 752 2091 Paulus
782 2034 906 2106 plus
928 2035 1119 2108 coepit,
1153 2035 1261 2092 nisi
1290 2036 1358 2092 iis
1378 2050 1518 2107 quos
1549 2035 1709 2092 nobis
1737 2036 1857 2106 ipse
1885 2043 2155 2091 monstra-

549 2128 647 2195 vit,
678 2128 866 2185 diceus
891 2146 905 2183 :
942 2129 1117 2185 Orabo
1133 2131 1339 2203 spiritu,
1364 2130 1525 2185 orabo
1550 2140 1599 2185 et
1622 2138 1788 2185 mente
1815 2129 1859 2201 (1
1884 2127 2005 2185 Cor.
2037 2144 2151 2196 xtv,

554 2220 683 2292 l5)?
710 2221 956 2293 Denique
983 2231 1042 2278 ut
1083 2221 1229 2280 scias
1279 2223 1404 2294 quia
1450 2222 1587 2277 vidit
1629 2221 1887 2277 orando:
1930 2220 2154 2276 Factum

550 2324 647 2381 est,
674 2315 868 2386 inquit,
898 2317 1173 2372 revertenti
1194 2316 1325 2372 mihi
1348 2318 1403 2371 in
1423 2316 1778 2382 Hierusalem,
1803 2333 1922 2371 cum
1947 2331 2155 2371 orarem

552 2410 607 2465 in
638 2410 850 2481 templo,
881 2425 1123 2483 pavorem
1154 2411 1332 2479 habui,
1371 2410 1479 2466 vidi
1520 2411 1670 2466 illum
1699 2410 1955 2465 dicentem
1983 2408 2154 2465 mihi:

555 2498 796 2569 Festina,
819 2512 867 2557 et
887 2503 971 2557 exi
987 2502 1141 2558 citius
1162 2504 1225 2558 de
1248 2502 1604 2570 Hierusalem;
1634 2520 1737 2558 non
1753 2504 1892 2559 enim
1910 2502 2156 2575 recipient

556 2595 907 2651 testimonium
947 2607 1093 2652 tuum
1140 2597 1204 2652 de
1244 2613 1325 2652 me
1351 2596 1491 2670 (Act.
1534 2613 1685 2663 xxn,
1717 2596 1785 2653 17
1829 2603 1877 2650 et
1919 2594 2031 2666 l8).
2064 2594 2157 2650 lsti

550 2703 684 2759 ergo
740 2688 885 2745 oculi
939 2688 997 2745 in
1022 2690 1274 2758 ,verbum
1327 2690 1420 2746 Dei
1476 2689 1756 2758 deficiunt,
1804 2698 1860 2745 et
1910 2688 2154 2745 dicunt:

558 2784 781 2853 Quando
809 2787 1159 2843 consolaberis
1188 2803 1267 2843 me
1293 2786 1317 2841 ?
1352 2785 1475 2842 istis
1502 2785 1675 2842 oculis
1701 2785 1984 2858 propheta:
2010 2784 2161 2841 dice-

563 2880 759 2936 bantur
785 2878 1062 2948 Videntes;
1082 2882 1207 2953 quia
1234 2897 1329 2953 per
1350 2880 1739 2939 revelationem
1768 2895 1836 2937 ea
1860 2896 1981 2952 quae
2001 2889 2158 2937 erant

553 2970 896 3040 abscondita,
929 2982 1112 3029 mente
1136 2973 1458 3030 cernebant.

623 3068 678 3123 9.
720 3066 859 3136 Quid
885 3077 968 3124 est
997 3067 1189 3123 oculos
1218 3066 1499 3124 deﬁcere?
1535 3068 1613 3123 De
1658 3065 2038 3138 corporalibus
2075 3064 2157 3119 di-

550 3174 757 3235 camus,
789 3168 849 3215 ut
873 3158 1238 3229 intelligamus
1262 3158 1331 3216 de
1356 3159 1712 3231 spiritalibus.
1734 3156 1923 3214 Nonne
1938 3156 2156 3229 quando

2330 1944 2421 2001 1ο.
2463 1940 2787 1999 Defecerunt
2812 1955 2942 2009 ergo
2990 1938 3136 1994 oculi
3194 1935 3481 2007 Propheta:
3532 1934 3585 1989 in
3632 1930 3862 1986 verbum

2258 2037 2373 2103 Dei,
2399 2036 2643 2092 dicentes
2670 2052 2683 2088 :
2716 2032 2938 2103 Quando
2962 2030 3309 2086 consolaberis
3354 2027 3473 2083 me?
3508 2026 3567 2083 Si
3594 2024 3738 2081 oculi
3769 2023 3865 2078 isti

2255 2128 2541 2201 significati
2570 2136 2720 2193 sunt,
2762 2125 2956 2196 quibus
2996 2122 3267 2179 cernimus
3297 2128 3354 2179 et
3381 2119 3649 2187 videmus,
3678 2116 3866 2173 dicere

2256 2224 2595 2280 debuerunt:
2618 2220 2848 2290 Quando
2887 2217 3261 2276 consolaberis
3302 2231 3435 2283 nos;
3469 2215 3573 2271 hoc
3598 2221 3706 2281 est,
3749 2228 3863 2268 non

2257 2317 2627 2390 singulariter,
2654 2314 2747 2372 sed
2773 2312 3090 2387 pluraliter?
3138 2309 3244 2367 Sed
3275 2309 3403 2380 quia
3443 2306 3633 2364 oculus
3654 2305 3860 2360 mentis

2257 2421 2316 2469 et
2343 2412 2533 2468 oculus
2562 2409 2741 2466 carnis
2787 2424 2927 2464 unus
2975 2405 3165 2463 oculus
3214 2404 3367 2470 fiunt,
3416 2412 3471 2458 et
3524 2410 3653 2457 tunc
3694 2399 3867 2455 homo

2257 2504 2630 2562 consolatione
2655 2500 2901 2566 fulcitur,
2929 2514 3053 2555 cum
3077 2511 3205 2553 caro
3228 2507 3284 2553 et
3313 2508 3471 2553 mens
3500 2492 3716 2550 diversa
3748 2507 3863 2548 non

2258 2601 2505 2671 cupiunt,
2531 2597 2630 2654 sed
2650 2612 2817 2652 unum
2846 2593 3179 2662 desiderant,
3210 2606 3373 2647 unum
3396 2588 3707 2661 requirunt;
3733 2586 3867 2643 ideo

2260 2692 2458 2750 intenti
2488 2692 2555 2747 ad
2585 2706 2708 2748 eum
2729 2732 2744 2758 ,
2797 2690 2887 2762 qui
2919 2688 2994 2744 ait
3023 2706 3038 2743 :
3068 2685 3182 2759 Ego
3212 2695 3260 2742 et
3294 2684 3449 2742 Pater
3478 2699 3639 2739 unum
3678 2698 3865 2737 sumus

2260 2787 2439 2861 (Joan.
2464 2804 2519 2856 x,
2552 2784 2670 2859 30),
2702 2784 2791 2841 isti
2827 2797 3045 2855 quoque
3070 2781 3215 2837 oculi
3245 2796 3411 2836 unum
3442 2793 3503 2835 se
3531 2792 3655 2834 esse
3683 2776 3863 2832 conti-

2260 2891 2472 2947 tentur;
2523 2881 2644 2954 quia
2684 2895 2793 2936 uno
2833 2885 2997 2949 atque
3027 2875 3221 2933 eodem
3262 2871 3536 2930 desiderio
3566 2870 3865 2941 officioque

2258 2978 2573 3048 funguntur.

2332 3069 2421 3124 ll.
2466 3067 2760 3125 Deticiebat
2798 3082 2929 3139 ergo
2957 3066 3010 3122 in
3049 3065 3274 3121 verbum
3305 3062 3595 3135 PrOpheta.
3627 3058 3735 3116 Nos
3760 3074 3865 3114 au-

2259 3172 2367 3219 tem
2398 3163 2603 3219 otiosos
2633 3177 2733 3220 nos
2754 3171 3037 3234 putamus,
3066 3160 3115 3217 si
3143 3159 3309 3215 verbo
3337 3153 3714 3214 tantummodo
3740 3164 3867 3211 stu-
3896 3160 3899 3163 '

549 3254 786 3326 aliquem
808 3252 1202 3321 desideramus,
1237 3262 1292 3310 et
1319 3268 1603 3324 speramus
1632 3252 1838 3321 adfore,
1870 3268 1937 3309 eo
1963 3251 2149 3321 dirigi-
2173 3255 2219 3320 (ζ
2251 3258 2383 3314 dere
2408 3257 2687 3313 videamur
2710 3274 2724 3312 ;
2755 3265 2811 3313 ει
2835 3256 3005 3328 pluris
3026 3255 3361 3312 mslimamus
3386 3268 3483 3310 eos
3505 3251 3597 3325 qui
3633 3264 3867 3321 opera".

549 3361 672 3403 mus
713 3347 933 3411 oculos,
963 3345 1108 3403 unde
1149 3362 1432 3418 speramus
1458 3361 1585 3404 esse
1609 3345 1933 3404 venturum?
1963 3345 2148 3416 itaque

548 3440 788 3497 contenti
818 3439 913 3495 diu
937 3438 1253 3511 quotidiana
1282 3438 1693 3509 exspectatione
1726 3436 1941 3510 1106
1966 3436 2152 3492 delici-

550 3550 694 3592 mus.
726 3534 821 3591 Sic
848 3536 1007 3591 Anna
1031 3532 1481 3603 circumspiciens
1508 3533 1562 3587 in
1594 3532 1759 3599 viam,
1784 3530 2039 3587 sollicitis
2064 3528 2152 3585 ad-

550 3635 772 3684 ventum
793 3626 889 3683 ﬁlii
909 3626 1233 3699 explorabat
1260 3625 1503 3681 excubiis
1536 3624 1695 3699 (Tob.
1725 3641 1779 3691 x,
1814 3624 1891 3694 7).
1930 3622 2021 3679 Sic
2050 3623 2154 3677 Da-

548 3721 640 3779 vid
691 3720 975 3795 propbeta,
1013 3730 1043 3762 ι
1098 3728 1407 3778 currentem
1460 3718 1528 3775 de
1580 3718 1806 3791 praelia,
1854 3717 2048 3788 positis
2100 3717 2152 3771 in

552 3823 706 3871 turre
731 3813 1204 3886 exploratoribus,
1252 3814 1593 3884 interrogare
1621 3810 1689 3867 de
1733 3810 1906 3866 salute
1938 3808 2033 3863 lilii
2061 3823 2156 3880 pa-

552 3919 638 3967 ter
665 3908 888 3967 sedulus
913 3908 1180 3982 gestiebat
1205 3907 1273 3981 (ll
1302 3906 1431 3979 Reg.
1467 3922 1599 3963 xvnt
1619 3947 1635 3972 ,
1670 3903 1789 3976 24).
1818 3904 1909 3962 Sic
1950 3912 2154 3961 tenerae

557 4018 694 4060 uxor
720 4003 899 4060 aetatis
925 4002 994 4059 de
1022 4001 1242 4074 Specula
1290 4002 1509 4057 littorali
1530 4042 1545 4068 ,
1576 3999 1847 4057 indefessa
1875 4007 2157 4070 exspecta-

556 4096 703 4154 tione
727 4096 827 4153 viri
853 4096 1203 4168 praestolatur
1218 4096 1510 4153 adventum
1532 4112 1547 4163 ;
1573 4102 1631 4151 ut
1648 4109 2045 4167 quamcumque
2062 4109 2156 4150 na-

552 4194 661 4249 vim
688 4192 905 4261 viderit,
938 4193 1052 4251 illic
1094 4201 1246 4264 putet
1273 4192 1557 4264 coniugem
1592 4190 1878 4263 navigare,
1922 4198 2153 4245 metuat-

552 4302 660 4359 que
681 4302 752 4344 ne
777 4285 997 4343 videndi
1041 4286 1273 4358 gratiam
1303 4284 1487 4341 dilecti
1522 4284 1662 4339 alius
1688 4291 2020 4351 antevertat,
2056 4298 2157 4340 nec

558 4380 673 4453 ipsa
700 4381 875 4454 possit
922 4382 1101 4453 prima
1147 4375 1575 4435 dicerezVideo
1617 4386 1693 4443 te,
1739 4378 1972 4444 marite;
2018 4378 2157 4433 sicut

555 4474 711 4530 Anna
736 4473 952 4531 dicebat
971 4473 1041 4529 ad
1074 4472 1245 4528 tilium
1276 4489 1289 4527 :
1322 4468 1484 4526 Video
1524 4480 1592 4537 te,
1618 4470 1719 4540 ﬁli,
1760 4470 1951 4526 aniodo
1988 4469 2153 4525 liben-

553 4568 656 4624 tius
685 4570 879 4623 moriar
906 4567 1063 4640 (Tob.
1098 4584 1185 4638 xi,
1227 4567 1327 4639 8);
1375 4564 1565 4622 mortis
1613 4563 1867 4621 videlicet
1906 4563 2152 4621 dolorem

2254 3364 2363 3422 tur,
2391 3368 2552 3423 quam
2581 3368 2678 3408 eos
2699 3352 2792 3424 qui
2813 3350 2840 3390 δ
2870 3351 3110 3407 studium
3139 3348 3534 3422 cognoscendae
3558 3344 3864 3402 divinitatis

2254 3454 2527 3503 exercent.
2554 3444 2910 3502 Dicuntenim
2936 3445 3181 3516 plerique
3210 3462 3222 3497 :
3261 3444 3399 3499 Ecce
3426 3440 3589 3496 homo
3609 3449 3664 3494 et
3689 3452 3863 3509 opera

2253 3542 2394 3613 ejus.
2442 3540 2606 3611 Quasi
2632 3556 2765 3597 vero
2795 3540 2885 3611 qui
2914 3540 3085 3596 verbo
3122 3536 3361 3603 studeat,
3411 3551 3518 3591 non
3546 3539 3805 3604 operetur
3842 3548 3861 3593 ;

2254 3653 2380 3694 cum
2404 3638 2577 3706 majus
2604 3648 2748 3706 opus
2776 3634 2921 3691 istud
2968 3648 3130 3705 quam
3176 3642 3375 3687 cmtera
3424 3630 3551 3685 sint.
3603 3627 3659 3683 Si
3708 3626 3861 3683 enim

2255 3745 2392 3802 Opus
2416 3729 2626 3801 justitia
2665 3739 2769 3793 est,
2799 3728 2844 3783 si
2871 3742 3010 3799 opus
3040 3726 3426 3799 temperantia,
3456 3724 3501 3779 si
3528 3736 3667 3794 opus
3696 3718 3860 3776 forti-

2258 3824 2434 3880 tudo:
2480 3824 2666 3895 utique
2693 3838 2832 3894 opus
2860 3832 2944 3879 est
2989 3822 3152 3878 etiam
3198 3819 3496 3893 sapientia;
3545 3818 3665 3873 isne
3707 3816 3859 3872 enim

2258 3928 2489 3989 quatuor
2529 3916 2857 3988 principales
2887 3918 3114 3971 virtutes
3161 3914 3449 3969 habentur.
3494 3911 3623 3968 Nam
3652 3910 3697 3967 si
3725 3924 3863 3980 0pc-

2258 4021 2411 4069 ratur
2437 4010 2688 4067 Christus
2733 4009 3032 4067 secundum
3080 4008 3224 4080 quod
3261 4008 3470 4077 iustitia
3515 4014 3621 4071 est,
3666 4004 3863 4075 utique

2257 4112 2517 4177 operatur
2544 4102 2844 4160 secundum
2857 4102 2997 4175 quod
3022 4101 3231 4175 1107
3250 4099 3488 4156 Verbum
3518 4106 3622 4153 est.
3641 4095 3709 4151 Et
3727 4111 3859 4166 0pc-

2259 4199 2481 4256 rabatur
2510 4215 2634 4257 cum
2670 4207 2817 4255 esset
2859 4198 2915 4253 in
2944 4194 3210 4267 principio
3248 4193 3390 4266 apud
3428 4193 3666 4249 Patrem.
3695 4190 3860 4245 Deni-

2257 4309 2365 4365 que
2385 4310 2474 4364 per
2499 4294 2672 4364 ipsum
2700 4292 2875 4347 omnia
2894 4292 3036 4363 facta
3060 4298 3180 4345 sunt
3210 4287 3395 4359 (Joan.
3429 4303 3478 4353 ι,
3499 4285 3590 4359 3);
3621 4294 3676 4341 ιιι
3716 4283 3860 4340 scias

2256 4400 2600 4461 operatorem
2655 4388 2898 4444 omnium
2953 4401 3107 4452 esse,
3157 4394 3211 4441 εἰ
3264 4399 3400 4455 opus
3444 4392 3687 4439 nostrum
3734 4395 3859 4438 esse

2255 4484 2535 4539 Christum
2573 4486 2779 4540 .lesum.
2833 4482 3045 4538 Etenim
3088 4479 3385 4537 secundum
3439 4478 3583 4550 quod
3627 4477 3860 4532 verbum

2256 4589 2361 4642 est,
2391 4579 2615 4635 verbum
2644 4576 3067 4649 inquirentibus,
3091 4574 3297 4647 grande
3325 4589 3463 4645 opus
3492 4570 3720 4628 verbum
3750 4578 3855 4625 est.

557 4661 799 4732 exoptati
826 4668 1154 4733 conspectus
1179 4659 1450 4717 suavitate
1474 4673 1583 4715 non
1616 4658 1877 4715 sentiens.
1914 4656 2058 4729 Ergo
2097 4665 2152 4712 ut

2260 4671 2417 4729 Unde
2442 4687 2566 4728 cum
2595 4670 2801 4727 Martha
2833 4669 3120 4726 festinaret
3144 4667 3287 4724 circa
3328 4664 3712 4731 ministerium,
3745 4664 3859 4720 Ma-

556 4754 648 4813 illa
688 4770 810 4827 qua:
850 4754 1163 4811 advenienti
1188 4754 1308 4811 viro
1344 4770 1405 4811 se
1448 4763 1601 4825 optat
1646 4753 1864 4822 offerre,
1893 4752 2153 4823 ablegatis

553 4850 810 4907 omnibus
851 4848 1168 4907 domesticis
1193 4848 1675 4920 occupationibus,
1710 4847 1935 4905 semitas
1958 4845 2155 4903 viantis

554 4953 651 5002 aut
679 4943 875 5017 pedum
900 4943 1127 5016 vestigia
1153 4942 1287 5014 legit
1315 4960 1329 4998 :
1357 4942 1438 5000 sic
1462 4942 1734 5015 Propheta
1774 4941 1920 5001 curis
1960 4951 2156 5000 exutus

554 5043 928 5111 mularibus,
971 5042 1292 5100 interiorum
1341 5040 1623 5098 oculorum
1676 5041 1729 5097 in
1783 5041 2007 5097 verbum
2060 5038 2155 5095 Dei

554 5137 783 5211 pervigil
820 5147 1007 5196 custos
1032 5152 1206 5211 usque
1227 5135 1297 5193 ad
1336 5134 1699 5193 defectionem
1731 5135 1813 5191 sui
1837 5134 2155 5191 intendebat

554 5231 795 5299 obtutus,
826 5246 1030 5305 corpus
1056 5246 1215 5289 suum
1247 5229 1502 5303 redigens
1528 5229 1802 5297 servituti,
1832 5236 1888 5285 et
1916 5228 2151 5284 animam

551 5420 743 5475 carnis.
766 5418 951 5476 Bonus
974 5432 1171 5475 sensus
1205 5415 1251 5471 si
1282 5429 1379 5485 per
1406 5428 1466 5468 se
1492 5426 1557 5468 ac
1584 5411 1813 5467 seorsim
1843 5418 2143 5485 spectetur.

552 5490 661 5548 Sed
685 5508 809 5567 eum
838 5508 947 5549 non
976 5482 1430 5546 convenire'huic
1457 5485 1600 5567 loco,
1633 5499 1755 5564 'non
1795 5482 1972 5537 solum
2014 5483 2145 5565 alia-

554 5577 672 5620 rum
699 5564 835 5621 edit.
876 5579 940 5620 ac
967 5576 1097 5618 mss.
1126 5572 1426 5616 consensus
1472 5564 1705 5616 evincit;
1738 5569 1930 5609 verum
1978 5564 2141 5610 etiam

553 5638 882 5693 confirmant
904 5649 1091 5699 voces,
1121 5646 1244 5703 quae
1271 5637 1591 5703 sequuntur,
1624 5626 1711 5695 qui
1752 5629 1947 5689 frustra
1976 5636 2143 5703 mente

2261 4764 2342 4821 ria
2368 4767 2564 4826 fantem
2592 4763 2819 4820 verbum
2865 4762 3079 4818 Domini
3123 4761 3336 4817 audiret
3367 4779 3379 4814 :
3412 4776 3474 4816 ea
3505 4776 3627 4833 qua:
3674 4759 3859 4815 audie-

2262 4856 2375 4923 bat,
2426 4857 2477 4913 ei
2506 4874 2628 4928 qua:
2658 4856 3023 4923 ministrabat,
3070 4856 3270 4912 meruit
3316 4854 3598 4911 anteferri.
3644 4852 3859 4910 Dicenti

2263 4952 2409 5009 enim
2434 4952 2695 5009 Μαι-11ης
2725 4951 2971 5019 Domine,
3002 4968 3104 5006 non
3130 4960 3205 5006 est
3235 4950 3325 5005 tibi
3356 4966 3516 5018 cum,
3546 4949 3684 5018 quod
3708 4965 3862 5003 soror

2264 5065 2377 5103 mea
2410 5047 2617 5119 reliquit
2637 5063 2717 5103 me
2746 5045 2914 5101 solam
2940 5046 3276 5101 ministrare?
3299 5044 3399 5100 Dic
3426 5060 3545 5118 ergo
3572 5043 3652 5099 illi
3686 5052 3742 5098 ut
3777 5059 3862 5097 me

2264 5141 2494 5215 adjuvet.
2523 5140 2886 5212 Respondens,
2921 5139 3055 5194 dixit
3095 5138 3353 5195 Dominus
3380 5155 3400 5195 :
3441 5136 3677 5204 Martha,
3708 5135 3862 5191 Mar-

2260 5234 2442 5289 tha....
2477 5232 2652 5288 Maria
2680 5234 2867 5289 bonam
2913 5241 3111 5304 partem
3136 5232 3318 5305 elegit,
3348 5247 3465 5303 quae
3508 5247 3613 5286 non
3652 5232 3863 5302 aufere-

2322 5421 2350 5449 ι
2386 5410 2464 5466 lta
2492 5410 2678 5481 scripti
2700 5409 2823 5466 cod.
2852 5407 2998 5467 Edit.
3026 5424 3179 5477 vero,
3202 5420 3442 5465 currente
3461 5410 3526 5465 de
3546 5410 3725 5478 prtelio
3749 5426 3856 5468 uno

2250 5493 2366 5554 post
2404 5484 2628 5538 alterum
2661 5482 2749 5553 qui
2798 5483 3061 5537 nuntiaret
3089 5524 3104 5548 ,
3154 5483 3355 5553 positis.
3388 5492 3496 5554 etc.
3531 5482 3634 5554 Qui
3665 5492 3855 5540 autem

2247 5553 2577 5625 Sequentem
2621 5555 3088 5623 comparationem
3157 5570 3222 5609 ac
3283 5553 3531 5625 epistolae
3586 5553 3855 5611 Ptullidos

2250 5625 2529 5682 Ovidiana:
2556 5624 2719 5682 tinem
2750 5628 2893 5683 inter
2922 5642 2983 5683 se
3008 5624 3332 5690 contulerit,
3358 5641 3467 5682 non
3492 5640 3639 5698 aegre
3659 5627 3857 5684 fatebi-

549 5708 720 5763 earnis
761 5709 973 5779 inﬂatus
1016 5697 1110 5779 est.
1141 5697 1417 5779 :ltttellige
1470 5697 1631 5779 igitur
1678 5707 1914 5779 mentem
1964 5700 2144 5779 carnis
2245 5708 2333 5779 tur
2359 5714 2428 5779 e2
2452 5700 2760 5779 respexisse
2785 5709 3029 5756 nostrum
3065 5698 3451 5779 Ambrosium.

547 5781 714 5837 etiam
754 5768 897 5836 oc'uli
930 5773 1196 5833 vocabulo
1242 5768 1403 5840 posse
1447 5768 1742 5840 neminari,
1783 5768 1882 5827 sed
1926 5770 2141 5829 oculum

549 5850 703 5912 illum
731 5865 934 5909 caecum
962 5863 1025 5906 ac
1056 5843 1351 5918 superbum
1380 5858 1522 5900 esse.

2298 5769 2572 5899 .ZuEditf,
2598 5771 2828 5828 studium
2846 5770 3217 5843 coquoscenda:
3236 5770 3513 5839 veritatis;
3541 5784 3700 5839 mss.,
3727 5771 3860 5829 divi-

2298 5861 2307 5897 ι
2387 5859 2454 5898 ts.

2256 5859 2454 5898 tutam.
