4070 6462
113 380 311 436 1355
1246 371 1312 427 IN
1353 368 1684 428 PSALMUM
1724 367 1790 427 Cl

1892 370 1933 426 ll
1975 367 2356 427 EXPOSITIO.
3333 377 3438 432 155
3452 376 3484 429 li

119 505 245 550 tur
276 495 370 549 illi
401 492 556 565 (Luc.
587 507 642 559 κ,
673 486 890 561 40-42).
922 487 998 543 lta
1029 485 1257 542 verbum
1287 500 1612 556 cognoscere
1661 501 1773 539 ma-
1799 493 1852 552 Α
1878 484 2025 549 dere,
2078 485 2168 540 nix
2195 501 2314 556 quae
2347 484 2513 540 divini
2562 484 2850 554 Splendore
2899 485 3065 556 fulget
3112 487 3334 560 eloquii.
3369 491 3471 546 Nix

112 585 244 656 jus
291 602 438 657 opus
465 600 587 642 esse
633 597 794 655 quam
839 580 1172 649 ministrare,
1207 580 1402 635 divina:
1446 579 1770 633 auctoritate
1875 577 1992 631 haec
2019 577 2325 648 refrigerat,
2367 593 2474 632 n0u
2513 577 2691 633 adurit
2723 595 2738 633 :
2769 579 3025 634 fecundat
3077 591 3214 644 sata,
3245 600 3350 637 non
3384 585 3468 637 in-

120 683 463 736 sententiae
494 677 766 735 deﬁnitur,
1875 675 2139 723 ternecat.
2186 667 2285 723 Nix
2319 670 2436 724 tunc
2466 670 2761 740 praeceptio
2806 672 3159 729 continentiae
3199 687 3304 741 est,
3350 692 3473 744 «iure

1875 758 2110 814 calorem
2144 759 2271 814 facit
2295 777 2621 831 corporeum
2652 763 2869 836 frigere,
2902 775 2956 821 et
2996 782 3216 821 onmem
3263 778 3470 824 natura:

1878 849 2158 905 interioris
2182 852 2473 922 restinguit
2498 854 2770 911 ardorem.
2810 857 2876 912 Et
2900 857 3040 913 forte
3069 859 3190 914 ideo
3222 875 3345 916 cum
3387 877 3471 916 re-

1878 944 2234 998 surrectionis
2268 958 2382 999 suae
2425 945 2826 1003 demonstraret
2852 949 3106 1019 gloriam,
3150 954 3474 1007 vestimenta

1879 1035 1998 1106 ejus
2019 1046 2175 1091 erant
2203 1037 2430 1091 candida
2453 1041 2596 1093 sicut
2628 1039 2753 1097 nix:
2786 1052 2842 1095 ut
2873 1058 2979 1096 non
3007 1043 3179 1098 solum
3209 1047 3325 1116 ipse
3346 1048 3478 1101 alie-

1881 1143 1982 1183 nus
2023 1127 2389 1184 aestimaretur
2411 1144 2441 1183 a
2470 1131 2796 1201 contagione
2830 1135 3062 1203 peccati,
3096 1152 3283 1192 verum
3314 1142 3477 1194 etiam

1880 1220 2210 1292 quicumque
2242 1220 2621 1288 resuscitatur,
2654 1225 2952 1295 congelatis
3007 1227 3240 1299 conjugii
3273 1231 3482 1302 cupidi-

1882 1314 2103 1382 tatibus,
2154 1329 2443 1386 resurgere
2487 1315 2716 1386 frigidus
2763 1317 3055 1373 videretur.
3105 1323 3163 1376 in
3195 1340 3478 1381 resurrec—

1883 1406 2031 1462 tione
2058 1408 2201 1462 enim
2227 1423 2403 1478 neque
2425 1409 2658 1470 nubunt.
2690 1425 2865 1480 neque
2899 1426 3097 1468 uxores
3123 1414 3345 1483 ducunt,
3381 1418 3476 1473 sed

1884 1510 2045 1554 erunt
2070 1499 2213 1556 sicut
2236 1502 2412 1573 angeli
2446 1502 2537 1558 Dei
2570 1503 2623 1557 in
2663 1504 2823 1559 ccelo.
2857 1503 2992 1559 Boni
3038 1521 3169 1577 ergo
3198 1522 3349 1563 utres
3381 1510 3479 1565 fri—

1882 1591 2016 1662 gidi,
2051 1594 2153 1648 hoc
2181 1603 2283 1662 est,
2327 1595 2380 1648 in
2411 1596 2661 1665 gelicidio
2690 1598 2971 1653 constricti
3000 1599 3232 1670 pruinis,
3279 1616 3385 1654 non
3417 1601 3482 1656 li-

1884 1687 2085 1744 bidinis
2113 1690 2298 1745 calore
2325 1691 2573 1747 resoluti.

1962 1779 2051 1836 M.
2093 1780 2277 1837 Utrem
2309 1794 2487 1838 autem
2515 1798 2714 1854 corpus
2744 1783 2846 1839 hoc
2877 1785 3004 1852 dici,
3053 1786 3182 1843 licet
3209 1802 3275 1843 ex
3319 1789 3489 1859 pluri-

1814 1893 1862 1954 Β
1889 1874 1991 1930 bus
2010 1875 2164 1940 locis,
2187 1883 2370 1931 tamen
2395 1877 2560 1932 etiam
2594 1879 2719 1934 inde
2760 1879 3023 1950 intellige,
3058 1883 3201 1953 quod
3227 1883 3397 1937 Adam
3429 1892 3489 1940 et

1889 1970 2005 2026 Eva
2043 1971 2131 2027 ubi
2164 1972 2454 2042 imaginem
2499 1973 2804 2042 deposuere
2849 1976 3112 2042 ctelestis,
3147 1994 3308 2048 quam
3360 1989 3490 2034 ante

1887 2063 2197 2134 portabant,
2215 2063 2505 2134 imaginem
2531 2066 2735 2121 terreni
2758 2067 2991 2123 hominis
3011 2068 3321 2136 induentes,
3349 2073 3494 2127 tuni-

1888 2171 1980 2213 cas
2009 2157 2142 2213 dicti
2169 2167 2296 2212 sunt
2327 2158 2506 2214 vestiti
2535 2174 2659 2214 esse
2686 2159 2970 2229 pelliceas,
3013 2165 3326 2234 corporales
3347 2167 3491 2222 enim

1887 2265 1982 2305 eos
2007 2250 2076 2305 de
2101 2250 2440 2320 spiritalibus
2465 2251 2672 2306 fecerat
2695 2254 2852 2322 culpa
2884 2255 3178 2310 commissa
3207 2254 3364 2326 (Gen.
3395 2273 3483 2323 ιιι,

1887 2343 2006 2417 21).
2039 2343 2150 2400 Nec
2179 2345 2312 2400 illud
2338 2345 2634 2400 absurdum
2661 2345 2729 2401 ad
2767 2346 3206 2418 intelligendum,
3238 2351 3383 2418 quod
3415 2352 3492 2406 ita

1889 2451 1950 2493 se
1976 2437 2121 2491 dicat
2153 2438 2355 2493 factum
2392 2437 2562 2492 David
2603 2439 2743 2494 sicut
2771 2449 2948 2494 utrem
2992 2441 3044 2494 in
3095 2441 3380 2513 gelicidio;
3430 2457 3500 2498 c0

1890 2527 2034 2600 quod
2063 2530 2116 2582 in
2143 2533 2440 2600 asperitate
2461 2530 2591 2584 licet
2621 2532 2832 2601 pesitus
2855 2532 3092 2602 glaciali,
3123 2536 3500 2592 mortificavc-

1891 2623 1964 2676 rit
2004 2632 2184 2676 tamen
2239 2637 2440 2692 corpus
2472 2638 2662 2687 suum;
2713 2639 2780 2679 ne
2830 2629 3058 2680 sentiret
3103 2625 3302 2681 hiemis
3352 2629 3498 2685 illius

1892 2715 2266 2786 asperitatem,
2319 2703 2480 2785 quam
2514 2715 2763 2772 Salvator
2811 2715 2943 2770 dicit
2987 2731 3208 2786 gravem
3257 2719 3496 2774 futuram

105 878 112 882 _
231 816 336 873 12.
378 816 487 873 Sed
544 814 778 872 fortasse
831 812 980 870 dicat
1029 813 1226 884 aliquis
1279 810 1482 868 dictum
1531 823 1654 866 esse
1705 807 1774 862 ab

121 911 444 982 Apostolo
474 928 489 966 :
523 910 660 980 Quia
688 928 788 966 non
824 911 876 964 in
918 925 1151 965 sermone
1179 923 1391 982 regnum
1420 915 1493 961 est
1521 903 1654 971 Dei,
1684 903 1775 957 sed

118 1005 199 1058 in
231 1005 444 1060 virtute
468 1003 514 1075 (Ι
543 1002 664 1060 Cor.
692 1019 767 1072 tv,
794 1003 910 1073 20).
947 1002 1218 1071 Scriptum
1262 1017 1371 1055 non
1409 1015 1567 1068 nego,
1597 996 1692 1052 sed
1719 996 1773 1052 in

123 1113 274 1169 quo
306 1114 590 1166 sermone,
635 1113 936 1168 cognosce;
971 1113 1164 1166 nempe
1190 1111 1351 1168 quem
1397 1093 1612 1150 inﬂatus
1641 1092 1777 1147 eﬂ‘u-

125 1190 340 1260 derit,
369 1193 461 1263 qui
484 1191 829 1248 audientibus
850 1205 1029 1246 sermo
1055 1189 1314 1261 prodesse
1338 1205 1444 1243 non
1468 1187 1662 1258 possit,
1686 1187 1777 1257 qui

131 1287 296 1341 sine
331 1286 648 1341 Osteusione
675 1284 746 1340 sit
771 1283 994 1354 Spiritus
1020 1291 1183 1352 atque
1220 1279 1457 1344 virtutis,
1487 1281 1630 1333 hunc
1665 1292 1779 1333 ser-

139 1392 405 1433 monem
438 1377 636 1432 Paulus
662 1391 766 1431 non
808 1375 1056 1446 dignatur
1088 1388 1452 1444 cognoscere;
1485 1373 1599 1428 vult
1634 1371 1776 1427 enim

146 1474 362 1540 magis
393 1468 644 1526 virtutem
672 1469 940 1524 sermonis
966 1476 991 1504 α
1014 1480 1329 1538 agnoscere.
1358 1466 1602 1535 Denique
1627 1465 1782 1519 nole-

151 1561 276 1618 bat
325 1563 485 1618 talem
539 1577 693 1616 suum
724 1574 848 1616 esse
887 1560 1179 1631 Apostolus
1209 1573 1540 1624 sermonem,
1592 1557 1683 1628 qui
1726 1555 1779 1611 in

156 1655 514 1712 infirmitate
539 1656 825 1721 Veniebat,
859 1662 917 1708 ut
943 1653 1083 1709 alios
1128 1651 1336 1708 faceret
1383 1651 1634 1708 fortiores
1666 1667 1680 1704 :
1726 1648 1781 1705 in

160 1752 394 1806 timore
419 1760 474 1806 et
500 1757 734 1805 tremore
758 1766 773 1816 ;
796 1758 854 1803 ut
885 1749 1140 1803 timentes
1170 1745 1303 1801 nihil
1329 1751 1655 1809 metuerent,
1681 1741 1781 1798 nisi

162 1842 484 1899 Dominum
507 1844 691 1899 Jesum
714 1861 727 1897 :
754 1850 1053 1898 trementes
1075 1855 1262 1911 pacem
1293 1839 1408 1910 ejus
1426 1836 1787 1907 tranquillita-

152 1943 410 2006 temque
442 1944 746 1992 servarent.
773 1935 913 1989 Audi
943 1948 1075 2004 ergo
1109 1931 1324 2003 qualem
1352 1931 1644 2000 Aposmlus
1665 1945 1776 1985 ser-

151 2041 408 2086 monem
439 2029 690 2085 habebat.
718 2027 786 2083 Et
807 2044 994 2092 sermo,
1028 2026 1222 2096 inquit,
1251 2041 1393 2079 meus
1418 2034 1463 2079 et
1487 2023 1785 2093 prwdicatio

151 2138 290 2177 mea
328 2139 431 2177 non
450 2123 505 2177 in
529 2123 862 2193 persuasione
882 2120 1153 2189 sapientia:
1177 2117 1467 2182 verborum,
1492 2117 1582 2172 sed
1616 2117 1669 2170 in
1701 2132 1786 2170 os-

153 2217 418 2273 tensione
446 2219 660 2289 spiritus
703 2226 754 2273 et
797 2217 998 2271 virtutis
1042 2215 1086 2286 (l
1111 2213 1230 2269 Cor.
1257 2229 1323 2282 tt,
1358 2211 1458 2283 4);
1501 2215 1625 2284 quia
1653 2211 1785 2266 fides

149 2327 282 2368 non
323 2312 380 2366 in
415 2311 618 2368 forensi
654 2325 909 2368 sermone
943 2308 968 2347 ι)
1000 2308 1305 2378 sapientiae,
1335 2307 1431 2363 sed
1462 2305 1560 2362 Dei
1587 2307 1788 2360 virtute

148 2406 454 2475 ﬁrmatur.
487 2405 632 2478 Ergo
663 2405 716 2460 in
761 2418 1017 2460 sermone
1044 2413 1359 2458 sanctorum
1390 2401 1558 2455 virtus
1596 2407 1700 2463 est,
1734 2399 1789 2454 in

147 2514 437 2555 sermone
465 2510 642 2556 autem
687 2497 890 2554 forensi
922 2497 1027 2552 isto
1068 2512 1132 2552 ac
1171 2495 1552 2566 philosOphico
1582 2493 1788 2548 vanitas

151 2591 393 2650 mundi.
426 2591 692 2647 Virtutem
732 2599 914 2646 autem
944 2606 1068 2647 esse
1105 2589 1158 2645 in
1189 2605 1442 2645 sermone
1471 2599 1788 2644 sanctorum

87 2692 96 2698 ’
160 2686 350 2743 etiam
379 2686 483 2741 iste
509 2685 779 2751 Propheta
805 2694 856 2738 te
887 2685 1100 2750 doceat,
1129 2684 1221 2752 qui
1256 2685 1369 2737 ait:
1403 2681 1664 2737 Dominus
1696 2680 1790 2734 da-

164 2780 246 2834 bit
277 2777 504 2833 rerbum
526 2778 997 2849 euangelizantibus
1017 2777 1203 2831 virtute
1220 2777 1384 2830 multa
1415 2775 1591 2846 (Psnl.
1622 2788 1790 2838 van,

166 2873 312 2947 1‘2);
351 2874 459 2926 hoc
489 2880 593 2937 est,
639 2883 697 2926 ιιι
727 2873 892 2928 multa
934 2872 1147 2943 possint
1193 2873 1392 2927 virtute
1440 2870 1794 2940 Evangelium

163 2967 514 3038 praedicare.
575 2965 869 3020 Probatum
918 2975 1000 3020 est
1051 2981 1182 3035 ergo
1224 2964 1368 3035 quod
1417 2964 1470 3018 in
1517 2963 1798 3032 Evangelii

168 3060 584 3134 prtedicatione
605 3060 676 3116 sit
700 3061 870 3116 virtus
899 3078 912 3115 :
946 3060 1255 3132 praedicatio
1275 3069 1455 3115 autem
1487 3057 1793 3128 Evangelii,

162 3167 370 3210 sermo
400 3163 717 3208 sanctorum
747 3163 830 3208 est
855 3169 869 3207 :
901 3155 974 3208 ita
1003 3151 1225 3208 dubium
1267 3166 1378 3206 non
1408 3149 1634 3217 residet,
1665 3149 1794 3221 quin

164 3246 226 3303 in
257 3261 529 3303 sermone
555 3254 748 3302 sancto
772 3245 844 3301 sit
870 3245 1062 3302 virtus.

246 3383 344 3440 15.
392 3379 577 3453 (Vers.
601 3380 722 3452 83.)
751 3381 1008 3450 Sequitur
1037 3393 1228 3436 versus
1257 3379 1446 3435 tertius
1480 3395 1495 3432 :
1532 3379 1792 3445 Quoniam

170 3483 350 3553 factus
381 3493 501 3532 sum
527 3487 786 3547 tamquam
830 3487 944 3530 uter
986 3475 1041 3529 in
1081 3473 1344 3544 gelicidia,
1383 3473 1793 3545 justiﬁcationes

174 3585 296 3629 tuas
344 3587 454 3626 non
481 3586 596 3624 sunt
648 3568 856 3624 oblitus.
892 3567 1008 3622 Vox
1056 3566 1177 3632 ista,
1227 3581 1330 3620 vox
1374 3566 1506 3635 justi
1547 3573 1652 3629 est,
1698 3562 1792 3635 qui

172 3664 605 3724 mortificaverit
632 3678 788 3719 suum
824 3676 1061 3732 corpus;
1095 3670 1243 3717 recte
1269 3662 1414 3716 enim
1443 3669 1564 3717 uter
1591 3661 1794 3718 dicitur

171 3759 384 3831 justus,
417 3756 511 3826 qui
538 3754 892 3825 exspoliatus,
926 3769 1034 3809 non
1065 3752 1238 3809 nudus
1262 3753 1576 3809 inveniatur
1609 3771 1622 3806 :
1672 3762 1794 3810 uter

179 3867 426 3924 namque
452 3850 522 3906 de
547 3849 761 3907 exuviis
789 3849 844 3904 fit
862 3849 1154 3904 animantis
1181 3847 1399 3903 mortui.
1423 3847 1587 3918 igitur
1611 3855 1668 3902 et
1694 3861 1793 3902 nos

178 3957 413 4021 peccato
445 3945 767 4013 moriamur,
802 3953 860 3999 ut
889 3944 1132 3998 vivamus
1160 3942 1290 3998 Deo.
1319 3941 1530 4011 Repleti
1573 3941 1794 4012 spiritus

109 4035 126 4056 ⁵
176 4039 548 4116 iucunditate,
578 4049 633 4096 et
657 4039 925 4096 suavitate
955 4036 1184 4102 laetitia,
1217 4035 1422 4092 erimus
1453 4035 1663 4090 exuvias
1684 4034 1797 4102 spi-

180 4138 402 4203 ritales,
455 4143 708 4190 carentes
763 4131 1078 4187 infirmitate
1131 4142 1417 4200 corporea,
1471 4134 1526 4182 et
1583 4126 1796 4196 integro

185 4234 395 4291 mentis
423 4230 548 4287 sinu
582 4229 813 4284 infusam
862 4225 1020 4280 nobis
1061 4223 1368 4278 divinorum
1412 4218 1796 4289 mysteriorum

187 4328 428 4402 gratiam
453 4329 826 4379 reservantes.
858 4319 935 4375 De
967 4317 1055 4373 his
1079 4316 1289 4370 utribus
1317 4313 1535 4386 dicitur,
1559 4312 1685 4382 quia
1713 4311 1797 4366 vi-

194 4436 325 4477 num
366 4431 570 4474 novum
603 4415 658 4470 in
691 4420 840 4468 utres
868 4425 1041 4466 novos
1079 4409 1302 4464 mittunt
1324 4406 1539 4477 (Matth.
1569 4420 1652 4469 Ix,
1682 4404 1794 4472 l7),

191 4513 284 4584 qui
316 4510 512 4565 volunt
540 4514 831 4576 utrumque
857 4517 1106 4567 servare,
1129 4509 1186 4556 et
1214 4513 1434 4570 corpus,
1463 4507 1517 4554 et
1542 4497 1791 4570 gratiam.

194 4604 312 4660 Non
341 4601 532 4658 efﬂuat
557 4598 721 4668 igitur
743 4605 869 4650 tuus
887 4592 976 4649 hic
1001 4601 1142 4657 uter,
1170 4606 1279 4647 non
1307 4591 1539 4646 rimosus
1560 4590 1652 4654 sit.
1686 4603 1794 4644 non

1894 2821 2016 2862 esse
2041 2806 2371 2877 fugientibus
2416 2805 2633 2876 (Matth.
2664 2822 2814 2873 xxiv,
2862 2807 2976 2878 20).
3009 2808 3163 2862 Sicut
3190 2811 3335 2864 enim
3382 2811 3501 2881 gla-

1897 2899 2036 2955 ciem
2081 2915 2188 2953 non
2216 2899 2380 2954 sentit
2425 2909 2568 2966 uter,
2598 2899 2722 2970 quia
2752 2900 2909 2970 pellis
2939 2911 3024 2956 est
3061 2902 3316 2958 animalts
3351 2919 3498 2959 mor-

1896 2991 2008 3058 tui;
2039 2991 2114 3046 ita
2137 3003 2383 3045 mortuus
2406 3000 2634 3061 peccato
2651 2991 2923 3062 Propheta
2942 2992 3112 3064 frigus
3135 2996 3343 3064 peccati
3369 3011 3497 3052 sen-

1897 3084 2000 3140 tire
2059 3100 2166 3139 non
2225 3091 2482 3153 poterat:
2537 3085 2625 3140 vel
2677 3096 2827 3142 certe
2882 3086 3024 3156 quod
3071 3101 3181 3142 non
3219 3089 3500 3161 frangatur

1897 3177 2339 3242 necessitatibus,
2367 3191 2468 3232 nec
2506 3177 2727 3232 resistat
2755 3193 2886 3234 caro
2916 3182 3120 3246 menti;
3153 3181 3248 3236 sed
3282 3183 3502 3240 mollior

1817 3277 1863 3340 ο
1895 3268 2078 3333 ductu,
2113 3269 2313 3325 anima:
2343 3283 2402 3325 se
2431 3268 2674 3326 inﬂectat
2703 3269 2970 3340 imperiis,
3003 3280 3057 3326 ct
3080 3272 3134 3326 in
3167 3271 3271 3327 hoc
3311 3275 3500 3329 mundi

1892 3364 2146 3436 gelicidio
2185 3379 2294 3420 non
2338 3373 2589 3420 arescat:
2623 3365 2707 3420 vel
2757 3367 2885 3434 quia
2938 3379 3140 3434 corpus
3183 3367 3498 3424 afﬂictionis

1895 3475 2105 3526 sumus,
2151 3469 2208 3516 et
2253 3469 2482 3516 mortem
2530 3460 2748 3516 Domini
2779 3459 2909 3516 Jesu
2946 3475 3165 3530 semper
3215 3462 3266 3516 in
3307 3473 3502 3522 uestro

1895 3571 2126 3627 corpore
2148 3555 2506 3611 circumferre
2537 3555 2819 3610 debentus.
2851 3554 2952 3610 Hic
2979 3564 3063 3611 est
3091 3565 3209 3612 uter
3227 3557 3315 3627 qui
3335 3559 3501 3614 casti-

1896 3660 1984 3722 gat
2010 3665 2211 3721 corpus
2247 3663 2431 3713 suum,
2463 3662 2569 3704 non
2613 3657 2674 3701 ut
2717 3648 2808 3703 ille
2839 3647 3172 3703 incrassatus
3215 3657 3271 3704 et
3299 3650 3500 3708 obesus

1895 3743 2148 3815 populus,
2180 3743 2270 3812 qui
2296 3740 2440 3796 sedit
2465 3738 2796 3795 manducare
2825 3747 2880 3794 et
2919 3739 3128 3807 bibere,
3159 3749 3214 3796 et
3241 3757 3498 3798 surrexe-

1897 3845 2026 3893 runt
2067 3835 2255 3892 ludere
2288 3832 2487 3907 (Exod.
2519 3849 2712 3899 xxxn,
2744 3832 2824 3907 6).
2857 3835 2953 3888 llic
2982 3845 3065 3889 est
3095 3844 3217 3892 uter
3244 3837 3338 3907 qui
3380 3838 3500 3894 ine-

1896 3930 2036 3986 briat
2062 3945 2168 3985 non
2196 3930 2344 3994 vino,
2376 3929 2472 3983 sed
2501 3928 2697 3998 spiritu
2723 3944 2736 3979 :
2767 3927 2820 3981 in
2849 3942 2957 3996 quo
2983 3943 3088 3983 non
3120 3930 3316 4001 botryo
3343 3946 3494 3986 ama-

1897 4023 2176 4088 ritudinis,
2209 4037 2314 4076 non
2342 4020 2643 4074 draconum
2671 4018 2845 4085 furor,
2878 4035 2985 4074 non
3032 4023 3182 4077 furor
3221 4024 3496 4094 aspidutn,

1898 4116 1994 4173 sed
2027 4115 2276 4186 poculum
2311 4113 2594 4168 inebrians
2624 4127 2786 4183 quam
2811 4112 3128 4182 praeclarum
3150 4125 3233 4169 est
3261 4116 3274 4168 l
3306 4116 3361 4170 lu
3393 4118 3498 4175 hoc

1900 4221 2031 4276 ergo
2076 4195 2336 4278 gloriatur
2366 4201 2561 4270 David,
2592 4205 2717 4274 quia
2765 4204 2939 4259 factus
2965 4215 3050 4260 est
3090 4206 3232 4261 sicut
3277 4217 3398 4264 uter
3444 4212 3498 4267 in

1901 4297 2176 4369 gelicidio,
2212 4294 2583 4366 Operationem
2613 4296 2818 4365 peccati
2844 4312 2952 4350 non
2981 4299 3246 4356 sentiens.

1974 4391 2060 4449 15.
2104 4390 2176 4446 Et
2220 4390 2360 4446 bene
2388 4397 2670 4461 peccatum
2708 4388 2967 4459 gelicidia
3009 4405 3374 4463 comparatur.
3410 4399 3497 4455 Si-

1899 4497 1989 4545 cut
2019 4487 2162 4544 enim
2187 4486 2494 4558 gelicidium
2548 4485 2616 4541 ad
2659 4485 2872 4540 nullttm
2911 4500 3068 4542 usum
3114 4489 3246 4546 utile
3272 4501 3376 4560 est,
3425 4497 3494 4552 ad

1899 4581 2105 4637 nullam
2135 4579 2545 4650 operationem;
2573 4579 2652 4634 sic
2691 4579 2853 4650 culpa
2900 4580 3037 4636 nulli
3080 4583 3296 4652 prodest
3328 4589 3446 4642 usui
3477 4630 3491 4655 ,

199 4709 418 4755 terreno
460 4695 819 4748 inveterascat
850 4687 992 4751 situ;
1024 4700 1093 4741 ne
1130 4683 1314 4739 vinum
1346 4697 1549 4739 novum
1578 4689 1795 4738 veteres
1820 4675 1874 4736 D
1900 4674 2034 4730 nulli
2063 4673 2366 4744 operationi
2401 4689 2413 4724 :
2447 4681 2501 4728 et
2523 4671 2645 4727 ideo
2667 4673 2807 4726 sicut
2827 4674 3137 4743 gelicidium
3163 4676 3492 4739 declinanda

198 4802 346 4849 utres
373 4797 613 4859 rumpat,
647 4798 754 4856 quo
780 4780 1096 4839 scindantur
1117 4788 1286 4844 utres,
1319 4779 1574 4835 fundatur
1599 4777 1793 4849 gratia.

198 4885 316 4941 Non
348 4885 544 4939 iterum
587 4879 708 4935 sole
735 4874 1033 4946 iniquitatis
1073 4883 1128 4927 et
1153 4870 1316 4927 nimia
1345 4871 1396 4926 vi
1422 4870 1619 4925 caloris
1645 4884 1795 4924 ares-

201 4985 347 5041 cant,
378 4973 474 5030 sed
519 4968 844 5028 ferventium
895 4968 1162 5021 viscerum
1211 4962 1534 5033 cupiditates
1562 4961 1798 5017 diversa:

204 5067 366 5121 nivali
399 5064 633 5136 qundam
673 5061 875 5131 frigore
905 5064 1298 5127 temperentur.
1329 5053 1608 5124 Frigescat
1633 5063 1797 5107 aestus

206 5156 460 5220 libidinis,
508 5153 722 5226 ιιω
747 5161 800 5206 et
827 5151 1058 5222 quodam
1089 5149 1439 5206 continentiae
1464 5148 1608 5218 gelu,
1651 5144 1798 5216 jeju-

213 5248 535 5318 niorumque
551 5249 865 5310 restinctus,
895 5255 918 5282 ο
950 5243 1211 5299 matutina
1232 5242 1475 5298 oratione
1506 5240 1793 5310 perﬂetur;

217 5339 428 5412 quando
456 5340 597 5394 sicut
620 5349 732 5404 ros,
761 5334 832 5389 ita
867 5351 1030 5404 super
1056 5344 1256 5391 terram
1285 5342 1525 5389 nostram
1557 5332 1650 5387 Dei
1678 5347 1802 5386 ver-

215 5433 278 5488 ba
311 5430 666 5494 descendunt,
693 5427 834 5483 sicut
864 5428 1036 5481 imber
1079 5442 1242 5497 super
1284 5440 1529 5496 gramen,
1561 5435 1615 5478 et
1661 5424 1802 5478 sicut

219 5527 308 5582 nix
350 5542 510 5596 super
538 5523 740 5580 fenum.
785 5521 969 5577 Nescit
1000 5515 1175 5576 utrem
1201 5521 1401 5577 bonum
1448 5519 1550 5574 ista
1580 5517 1677 5573 nix
1707 5517 1801 5572 la:-

291 5693 318 5720 ι
354 5685 482 5739 Mss.
523 5686 727 5754 plures,
774 5695 1070 5753 agnoscere.
1123 5678 1352 5754 Denique
1377 5677 1573 5754 volebat
1620 5674 1797 5729 talem.

225 5753 408 5809 Melius
439 5749 718 5823 alii'atque
745 5749 903 5814 ed'it.,
946 5767 1222 5821 agnoscere
1246 5750 1387 5823 (sola
1429 5749 1612 5808 Rom”
1661 5762 1800 5823 com-

224 5826 499 5896 mendare).
527 5817 761 5894 Denique
790 5817 998 5896 nolebat
1018 5824 1194 5876 talem.
1228 5822 1299 5876 At
1324 5832 1446 5896 post
1475 5835 1654 5896 pauca
1662 5817 1796 5896 edit.

234 5913 436 5964 omnes,
461 5889 528 5953 ἰιι
573 5889 702 5953 alios
747 5896 913 5950 salvos
960 5894 1172 5962 faceret,
1221 5901 1269 5948 et
1308 5891 1570 5962 fortiores.
1609 5889 1806 5948 Melius

577 5991 849 6051 ΡΔτιιοι..
901 5985 1044 6048 XV.

1900 4775 2006 4835 est,
2032 4783 2100 4822 ne
2131 4773 2325 4821 noceat
2347 4777 2403 4820 et
2444 4764 2657 4820 adurat.
2691 4766 2900 4823 Bonum
2932 4783 3061 4839 ergo
3089 4770 3220 4826 mihi
3266 4773 3381 4828 ﬁeri
3415 4778 3493 4832 si-

1900 4871 1993 4918 cut
2018 4869 2193 4917 utrem
2241 4861 2295 4915 in
2325 4858 2614 4930 gelicidio;
2649 4868 2707 4914 ut
2731 4861 2936 4930 possim
2965 4877 3074 4917 non
3107 4863 3356 4922 oblivisci
3377 4869 3496 4937 jus-

1903 4955 2229 5012 tilicationes
2251 4953 2487 5018 Domini,
2515 4962 2576 5008 ut
2598 4969 2784 5008 earum
2819 4955 3030 5024 liquore
3055 4959 3308 5025 perfusus
3334 4961 3493 5018 refri-

1898 5059 2054 5121 geret
2085 5048 2263 5103 omnis
2297 5046 2478 5102 fervor
2525 5046 2755 5100 internm
2801 5047 3140 5115 cupiditatis.
3190 5049 3308 5106 Non
3359 5070 3492 5126 ergo

1906 5157 2130 5197 vacuum
2150 5182 2165 5208 ,
2196 5139 2292 5196 sed
2323 5139 2544 5207 plenum
2577 5139 2722 5193 hunc
2751 5145 2930 5193 utrem
2958 5153 3080 5195 esse
3111 5153 3348 5211 oportet.
3379 5148 3499 5214 ple-

1902 5250 2032 5291 num
2057 5233 2302 5303 Spiritus,
2324 5229 3002 5301 plenumjusnficationunt
3025 5249 3039 5298 ;
3059 5243 3115 5287 ut
3134 5245 3354 5303 peccata
3379 5255 3498 5297 mea

1900 5330 2020 5400 ipse
2044 5329 2328 5390 conlitear,
2362 5333 2421 5379 ut
2442 5325 2710 5380 luxuriam
2737 5326 2918 5380 carnis
2944 5341 3080 5382 mea:
3101 5330 3454 5400 comprimam
3481 5354 3498 5400 ;

1903 5421 2242 5478 moriendum
2261 5427 2345 5474 est
2358 5418 2500 5473 cnim
2522 5418 2742 5486 mundo,
2760 5427 2817 5474 ιιι
2833 5420 3072 5475 vivamus
3089 5421 3223 5479 Deo.
3244 5424 3298 5480 Si
3318 5440 3500 5484 autem

1905 5515 2150 5570 vivamus
2178 5513 2360 5580 carni,
2402 5527 2553 5568 mors
2593 5511 2778 5582 utique
2823 5523 2907 5569 est
2949 5517 3130 5571 carnis
3167 5518 3453 5587 prudentia
3487 5541 3502 5577 :

1915 5691 2105 5732 omnes
2129 5688 2261 5729 mss.
2281 5715 2294 5738 ,
2326 5684 2380 5727 ut
2403 5673 2533 5726 alios
2565 5675 2754 5740 faceret
2788 5674 3046 5743 fortiores.

1979 5745 2009 5784 b
2051 5747 2181 5802 Ροςι
2221 5745 2508 5814 sapientiw,
2542 5743 2823 5811 legebatur
2854 5748 2904 5797 itt
2933 5746 3090 5811 edit.,
3123 5748 3212 5800 sed
3243 5749 3295 5800 in
3339 5758 3508 5805 osten‘

1912 5819 2056 5874 sione
2082 5818 2295 5884 spiritus
2330 5833 2347 5869 :
2376 5815 2520 5886 quod
2549 5817 2602 5867 in
2634 5814 2796 5867 nullis
2823 5830 2955 5869 mss.
2997 5822 3254 5884 reperias.

1991 5901 2014 5930 ο
2056 5889 2216 5945 Rom.
2243 5887 2376 5945 edit.
2402 5927 2417 5954 ,
2446 5886 2701 5940 matutina
2727 5887 2987 5940 roratione
3025 5888 3292 5958 pel-ﬂetur.

2913 5973 2952 6033 6
