4104 6350
523 349 665 412 1533

1847 341 2097 404 SANCTI
2135 337 2457 406 AMBROSli

3679 343 3816 402 13.56

513 471 696 524 vivere
733 459 945 541 1109
967 471 1076 522 non
1112 475 1402 535 possumus
1429 465 1575 526 Deo;
1611 461 1734 532 quia
1779 460 1999 518 inimica
2030 469 2114 518 est
2140 463 2190 524 Α
2219 463 2448 519 vinculis
2467 460 3004 529 tenebatastrictum,
3025 467 3080 516 et
3097 459 3361 517 ferventis
3384 458 3635 516 libidinis
3651 459 3817 516 lassa-

524 564 638 619 Deo
667 563 901 617 carnalis
929 561 1033 616 ista
1057 559 1342 630 sapientia,
1378 567 1431 612 et
1460 556 1568 611 vita
1605 556 1904 612 saecularis.

601 655 690 711 16.
721 655 905 729 (Vere.
945 652 1064 722 84.)
1115 653 1374 719 Sequitur
1428 662 1623 705 versus
1673 659 1902 720 quartus
1935 665 1950 704 :
1979 649 2121 715 Quot

524 759 646 804 sunt
686 749 796 802 dies
820 747 950 802 serui
979 746 1055 799 tui
1084 746 1108 799 .9
1134 743 1357 810 Quando
1381 744 1540 814 facies
1569 743 1698 797 mihi
1725 742 1790 798 de
1817 757 2123 812 persequen-

520 841 655 896 tibus
676 853 757 896 me
772 839 1038 912 judicium
1064 838 1089 891 ἵ
1133 835 1319 893 Potest
1349 838 1431 892 Sic
1463 835 1634 907 accipi
1663 854 1674 890 :
1725 835 2122 903 Quotsuntdies

521 938 653 993 servi
677 937 750 991 tui
778 979 792 1003 ,
842 933 998 1006 quasi
1028 933 1176 989 dicat
1219 950 1233 987 :
1265 931 1467 1000 Quanti
1523 939 1652 987 sunt
1688 930 1806 986 dies
1853 930 2119 997 humani,

518 1035 780 1100 quantum
820 1033 1330 1097 tempus,‘quantum
1376 1021 1802 1096 SpatiumiCur
1849 1021 2123 1078 invidetur

520 1135 629 1179 tam
664 1121 816 1178 brevi
843 1121 970 1176 vita:
1003 1137 1017 1186 ;
1050 1135 1120 1176 ne
1169 1119 1465 1190 tranquillo
1513 1133 1675 1175 cursu
1729 1119 1886 1174 iritius
1931 1119 2122 1174 ‘stecull

523 1218 870 1289 perfruamur
894 1215 918 1270 i
941 1213 1054 1270 Cur
1101 1215 1154 1268 in
1183 1213 1338 1270 brevi
1384 1213 1561 1283 spatio
1593 1221 1701 1267 tam
1733 1212 1886 1267 multi
1933 1225 2123 1282 perse-

521 1311 804 1382 quentium
838 1325 936 1366 nos
964 1306 1144 1378 laquei
1172 1304 1514 1363 tenduntur?
1545 1305 1701 1361 Adsit
1725 1305 1834 1375 jam
1853 1305 2119 1376 judicium

523 1404 575 1459 in
604 1418 714 1474 quo
745 1414 906 1472 poena
937 1409 1023 1458 cst
1045 1399 1383 1472 perﬁdorum
1407 1441 1420 1465 ,
1451 1397 1505 1453 in
1538 1413 1648 1470 quo
1680 1397 2123 1467 persecutoribus

520 1497 682 1568 digna
742 1494 1038 1564 impietatis
1085 1507 1200 1549 suae
1244 1493 1416 1563 pretia
1469 1491 1792 1547 redduntur.
1845 1487 1949 1546 Vel
2001 1489 2118 1545 sic:

521 1591 818 1657 Quousque
865 1585 1127 1641 insultare
1157 1592 1443 1656 poterunt,
1471 1593 1754 1653 quousque
1795 1582 2122 1652 inquietare,

517 1681 610 1751 qui
635 1679 976 1735 nosdiversis
1003 1677 1179 1734 modis
1201 1685 1455 1747 qu:erunt
1485 1673 1730 1746 afﬂigere
1753 1674 1778 1730 ?
1805 1673 1924 1730 Non
1963 1683 2122 1731 serus

519 1773 623 1828 crit
651 1772 957 1836 terminus;
999 1771 1203 1826 etenim
1251 1768 1409 1840 quasi
1457 1768 1734 1838 Propheta
1781 1769 2120 1826 celeritatem

2218 558 2490 624 batazstu,
2526 557 2834 613 libertatem
2859 557 3206 627 ingemiscat,
3241 565 3569 627 potestatem
3591 555 3814 610 sentiat.

2223 647 2512 719 Subjectus
2539 658 2625 706 est
2651 649 2818 719 igitur
2847 648 3198 704 adversarius
3237 645 3537 704 secundum
3572 647 3819 702 Domini-

2226 741 2576 796 sententiam.
2616 742 2831 797 Etenim
2860 741 3120 797 Dominus
3140 739 3306 797 Jesus
3337 740 3565 797 veniens
3593 740 3644 795 in
3677 739 3825 795 hunc

2228 833 2487 890 mundum
2516 850 2613 905 per
2639 835 2869 905 Virginis
2895 844 3138 905 partums
3167 833 3370 905 ubjecit
3392 833 3590 889 animae
3615 841 3826 888 nostra:

2227 942 2416 982 omnes
2448 927 2752 984 contrarias
2783 937 3111 998 potestates;
3145 936 3204 983 ut
3233 927 3342 984 fide
3373 938 3460 984 tua
3481 969 3495 995 ,
3528 927 3823 994 verbouto,

2225 1019 2648 1076 conversatione
2671 1029 2783 1086 tua,
2797 1028 2852 1076 et
2873 1019 3133 1091 operibus
3147 1029 3516 1075 conterantur.
3538 1019 3754 1093 1110
3767 1018 3826 1074 Si

2225 1127 2356 1184 ergo
2381 1129 2487 1168 non
2502 1114 2740 1170 conteris
2781 1113 3171 1182 adversarium,
3189 1125 3276 1169 tua
3291 1113 3565 1185 culpacst,
3581 1115 3671 1184 qui
3695 1129 3826 1184 per-

2225 1207 2392 1264 missa
2411 1209 2704 1265 nonuteris
2718 1218 3005 1279 potestate.
3037 1209 3093 1265 in
3118 1210 3277 1265 nobis
3301 1219 3384 1266 est
3421 1209 3604 1280 igitur,
3640 1219 3699 1263 ut
3727 1217 3827 1263 aut

2227 1300 2915 1371 subjiciaturadversarius,
2941 1313 3033 1358 aut
3054 1303 3301 1359 resultet.
3329 1303 3384 1360 Si
3400 1304 3543 1358 enim
3556 1310 3827 1358 actusno—-

2225 1401 2340 1448 ster
2353 1393 2658 1466 displiceat,
2677 1396 2865 1466 incipit
2885 1395 3231 1452 adversarius
3247 1395 3528 1466 superbire
3544 1414 3557 1448 :
3575 1395 3620 1452 si
3639 1406 3826 1453 autent

2225 1487 2381 1544 bonis
2408 1488 2770 1547 inhazreamus
2785 1490 3437 1560 operibus,exerccamus
3459 1490 3635 1546 studia
3659 1491 3832 1546 casti-

2227 1581 2372 1650 tatis,
2401 1579 2650 1652 justitite,
2681 1586 3061 1652 continentiae,
3086 1585 3362 1641 calcamus
3390 1595 3702 1655 serpentem
3724 1627 3738 1651 ,
3768 1595 3833 1642 et

2223 1675 2592 1745 scorpionem.
2623 1675 2910 1733 Calcamus
2941 1678 3088 1734 enim
3128 1678 3278 1733 illum
3327 1678 3557 1750 pedibus
3603 1678 3831 1734 castita-

2226 1767 2324 1834 tis;
2361 1778 2382 1808 ε
2413 1771 2748 1826 conterimus
2769 1782 2822 1826 et
2851 1772 3218 1841 scorpionem,
3246 1787 3313 1828 nc
3343 1773 3826 1841 possitexcutere:

519 1865 958 1922 transcurrendm
981 1863 1141 1919 istius
1163 1861 1288 1918 vita:
1311 1876 1425 1920 non
1452 1877 1742 1929 annorum,
1764 1863 1862 1919 sed
1904 1863 2120 1920 dierum
2152 1873 2200 1934 Β
2227 1861 2500 1919 calcamus
2525 1864 2881 1921 continentia:
2906 1865 3172 1936 vestigiis,
3188 1863 3831 1936 verecundi:c,justiti:£-

516 1960 880 2015 mutimatione
907 1955 1181 2020 subducit,
1211 1956 1399 2012 dicens
1430 1973 1444 2009 :
1470 1955 1612 2023 Quot
1664 1966 1784 2010 sunt
1832 1955 1942 2010 dies
1986 1956 2119 2011 serui

518 2052 591 2106 tui
620 2051 740 2106 7Et
770 2050 912 2106 bene
928 2049 1054 2105 dies
1067 2048 1206 2104 dixit
1237 2064 1252 2113 ;
1279 2059 1461 2104 utnon
1491 2048 1673 2104 solum
1691 2061 1882 2104 moras
1907 2060 2118 2106 annuas

521 2143 840 2214 prophetica
896 2141 1104 2197 visione
1174 2149 1576 2196 transcurreret
1619 2157 1639 2195 τ
1684 2155 1876 2196 verum
1946 2141 2116 2197 etiam

520 2229 866 2306 splendidum
895 2233 999 2287 sibi
1034 2232 1160 2287 vita:
1189 2231 1355 2302 hujus
1383 2230 1714 2286 curricuium
1745 2232 2008 2287 virtutum
2036 2233 2120 2287 lu-

521 2329 672 2384 mine
696 2328 1025 2384 declararet.
1055 2327 1363 2397 Meritoque
1391 2341 1619 2383 securus
1643 2329 1723 2382 ait
1752 2345 1766 2381 :
1791 2327 2017 2395 Quando
2035 2331 2119 2400 [a-

519 2420 622 2474 cies
644 2420 769 2474 miln'
791 2419 856 2475 de
869 2420 1297 2490 persequentibus
1319 2436 1398 2474 me
1410 2420 1713 2493 judicium?
1735 2420 1888 2489 Mihi,
1915 2421 2114 2494 inquit,

513 2513 776 2581 indicium
793 2513 862 2568 de
885 2513 1339 2584 persequentibus
1359 2512 1550 2581 facies,
1585 2531 1694 2571 non
1715 2515 1784 2572 de
1811 2531 1899 2572 me
1930 2525 2118 2586 perse-

515 2606 814 2676 quentibus
842 2606 1107 2676 judicium
1142 2606 1306 2662 'dabis
1339 2623 1354 2672 ;
1392 2606 1647 2677 quoniam
1677 2621 1791 2664 non
1826 2622 2119 2681 resurgunt

518 2699 672 2769 impii
715 2699 768 2753 in
791 2698 1017 2768 judicio.
1042 2699 1148 2755 Sed
1177 2699 1332 2767 mihi,
1367 2701 1562 2770 inquit,
1589 2700 1663 2756 'da
1715 2701 1977 2772 judicium
2009 2719 2024 2770 ;
2053 2713 2118 2759 ut

515 2805 637 2846 cum
671 2801 991 2846 remuneras
1018 2791 1410 2860 innocentiam,
1439 2791 1604 2847 ﬁdem
1634 2793 1915 2864 provehis,
1948 2795 2116 2851 mise-

513 2883 804 2939 ricordiam
833 2897 1090 2952 coronas,
1123 2884 1276 2955 impii
1308 2894 1692 2955 persecutores
1731 2895 1758 2924 ³
1789 2887 2115 2945 meritorum

515 2977 756 3047 praemiis
789 2977 1229 3048 propheticorum
1253 2977 1588 3058 iudicentur.

588 3071 677 3124 17.
712 3069 829 3124 Non
855 3069 1158 3124 absurdum
1183 3070 1344 3124 etiam
1375 3071 1528 3139 illud,
1551 3081 1613 3126 ut
1639 3072 1765 3141 quia
1789 3072 1983 3131 breves
1999 3074 2119 3131 dies

514 3172 568 3218 ct
602 3163 761 3232 pauci
782 3173 915 3217 sunt
941 3163 1101 3218 istius
1131 3162 1282 3231 vitae,
1307 3177 1423 3220 non
1444 3163 1647 3219 diutius
1680 3168 1911 3236 gratiam
1957 3183 2117 3224 suam

2221 1969 2328 2025 que
2373 1955 2673 2026 gressibus.
2741 1957 3038 2013 Possumus
3100 1973 3230 2028 ergo
3283 1965 3337 2013 et
3391 1958 3445 2012 in
3505 1957 3611 2012 hac
3669 1956 3828 2013 brevi

2221 2048 2328 2102 vita
2361 2047 2696 2119 triumphum
2723 2049 2793 2106 de
2823 2049 3153 2106 adversariis
3177 2049 3379 2106 habere
3403 2059 3746 2120 perpetuum.

2293 2140 2380 2200 19.
2411 2143 2593 2215 (Vers.
2623 2143 2739 2216 85.)
2770 2144 3028 2215 Sequitur
3082 2158 3276 2199 versus
3320 2143 3542 2213 quintus
3569 2159 3582 2195 :
3614 2141 3828 2197 Narra-

2219 2243 2400 2288 verunt
2429 2235 2555 2288 mihi
2577 2236 2759 2305 injttsti
2777 2235 3295 2302 exercitationes,sed
3324 2250 3427 2289 non
3451 2234 3580 2288 sicut
3601 2232 3686 2288 lea:
3709 2244 3822 2302 tua,

2221 2327 2462 2384 Domine.
2483 2330 2631 2386 Bene
2655 2341 2805 2401 optat
2826 2330 3090 2402 judicium
3111 2330 3212 2386 sibi
3246 2330 3362 2386 ﬁeri
3395 2329 3463 2386 de
3490 2343 3828 2400 persequen—

2221 2420 2386 2489 tibus,
2417 2423 2506 2493 qui
2541 2439 2652 2478 non
2681 2423 2857 2480 solum
2887 2438 3054 2495 opera
3093 2424 3230 2493 justi
3275 2421 3564 2493 impedire,
3599 2439 3826 2480 verum-

2220 2516 2384 2572 etiam
2412 2516 2574 2572 [idem
2608 2517 2880 2588 superﬂua
2924 2518 3238 2573 narratione
3265 2517 3586 2573 subvertere
3637 2517 3826 2574 conati

2219 2618 2370 2665 sunt.
2407 2610 2617 2666 Etenim
2643 2612 2794 2680 quasi
2822 2610 3017 2666 fabulae
3041 2611 3321 2682 cujusdam
3340 2612 3543 2667 nenias
3571 2622 3827 2668 narratas
3903 2651 3910 2659 .

2219 2702 2323 2758 sibi
2345 2701 2477 2758 dicit
2503 2702 2801 2778 ἀδολεχίας,
2837 2705 2939 2760 hoc
2960 2713 3064 2772 est,
3099 2704 3400 2775 superﬂuas
3442 2705 3824 2775 loquacitatcs.

2220 2793 2541 2852 Narratores
2567 2798 2713 2852 enim
2764 2796 3026 2868 superﬂui
3064 2839 3077 2864 ,
3117 2798 3262 2853 sicut
3317 2797 3662 2863 hirundines,
3711 2796 3827 2852 dis-

2223 2891 2521 2962 putationis
2587 2892 2912 2948 suavitatem
2972 2892 3168 2946 nativte
3239 2891 3586 2962 loquacitatis
3643 2892 3828 2947 conti-

2222 2985 2483 3041 nuatione
2506 2995 2888 3058 corrumpunt,
2921 2997 2978 3044 ut
3004 2986 3319 3042 Aristotelis
3344 2987 3611 3042 sententia
3642 2994 3746 3041 cst.

2293 3075 2384 3132 20.
2422 3077 2704 3150 Superﬂua
2737 3079 2902 3150 igitur
2953 3079 3552 3150 loquituréhaarcticus,
3585 3079 3675 3150 qui
3711 3093 3820 3132 non

2224 3169 2465 3242 loquitur
2489 3173 2775 3228 veritatem
2803 3214 2817 3239 ,
2845 3187 2952 3227 non
3001 3172 3238 3242 loquitur
3284 3170 3585 3228 secundum
3617 3170 3818 3240 legem.

519 3255 782 3310 Dominus
811 3254 958 3311 circa
981 3256 1319 3326 'Propbetam
1369 3271 1529 3314 suum
1574 3257 1825 3318 differat:
1859 3263 1956 3319 sed
2009 3263 2116 3334 ipsi
2145 3279 2192 3345 ρ
2225 3263 2328 3332 Qui
2357 3275 2535 3319 autem
2566 3265 2824 3322 fundatus
2854 3269 2907 3321 in
2961 3266 3081 3337 lege
3111 3275 3217 3333 est,
3264 3268 3418 3321 novit
3444 3281 3472 3318 a
3503 3266 3646 3321 veris
3687 3266 3822 3320 falsa

507 3347 774 3417 judicium
798 3347 869 3403 de
891 3349 1352 3420 persequentibus
1383 3349 1566 3406 faciat.
1607 3352 1745 3408 Nam
1771 3354 1857 3410 hic
1897 3370 2115 3426 quoquc

512 3439 774 3510 judicium
829 3449 915 3496 est
953 3441 1023 3496 de
1054 3444 1539 3512 persecutoribus;
1567 3446 1836 3516 siquidem
1863 3449 1954 3520 qui
2003 3465 2114 3506 non

513 3535 691 3590 credit
714 3535 770 3589 in
791 3533 1043 3600 Christo,
1065 3535 1174 3606 jam
1202 3536 1472 3606 judicatus
1499 3546 1602 3594 est.
1631 3539 1902 3596 iudicium
1930 3550 2112 3599 autem

517 3630 622 3684 ltoc
646 3637 752 3697 est,
769 3627 921 3699 quod
945 3627 1097 3683 dedit
1119 3629 1354 3684 servulis
1379 3632 1494 3687 suis
1521 3631 1790 3690 Dominus
1836 3634 1995 3691 Jesus
2033 3634 2116 3690 di-

513 3739 646 3780 cens
673 3739 688 3776 :
721 3723 988 3778 Habebi'tis
1012 3732 1317 3794 potestatem
1345 3727 1585 3782 calcandi
1623 3743 1783 3800 super
1821 3737 2111 3800 serpentes,

513 3829 559 3873 et
587 3819 905 3890 scorpiones,
939 3829 987 3873 et
1029 3835 1188 3891 super
1209 3835 1416 3876 omnem
1441 3823 1683 3876 uirtutem
1705 3823 1912 3878 inimici
1951 3823 2110 3894 (Luc.

513 3926 568 3977 χ,
605 3909 716 3983 19).
747 3912 1318 3982 Etverumjudicium,
1361 3913 1413 3967 in
1441 3923 1550 3984 quo
1593 3922 1882 3984 torquetur
1929 3915 2114 3970 inimi-

511 4017 631 4070 cus,
659 4004 802 4060 sicut
829 4003 945 4074 ipse
967 4004 1256 4061 confessus
1286 4014 1373 4060 est
1392 4005 1619 4061 dicens:
1647 4005 1898 4073 Quid
1927 4009 2112 4062 venisti

512 4105 630 4151 ante
657 4106 855 4168 “napus
873 4106 1112 4168 torquere
1133 4114 1228 4154 nos
1251 4097 1478 4166 (Matth.
1513 4111 1631 4164 vin,
1651 4099 1749 4171 29)
1765 4101 1790 4153 ‘I

586 4191 675 4246 18.
701 4191 818 4246 Hoc
842 4205 981 4262 ergo
1006 4192 1256 4262 deposcit
1271 4192 1529 4248 virtutum
1557 4189 1859 4250 stabilitate
1918 4195 2113 4251 funda-

510 4295 598 4341 tus
628 4285 1009 4356 Propheta,‘ut
1034 4287 1358 4356 subjiciatur
1372 4287 1479 4342 sibi
1503 4301 1610 4342 non
1635 4288 1824 4354 homo,
1858 4290 1958 4344 sed
2019 4291 2112 4346 ille

509 4382 600 4449 qui
633 4380 810 4436 locum
843 4380 947 4436 sibi
977 4381 1032 4435 in
1056 4380 1277 4435 homine
1305 4380 1629 4436 vindicavit.
1661 4380 1818 4436 Unde
1855 4391 1910 4437 et
1966 4385 2113 4452 Apo-

509 4473 681 4528 stolus
707 4473 884 4542 ipsum
905 4475 1086 4544 magis
1111 4475 1170 4527 in
1201 4473 1438 4528 hominis
1471 4484 1696 4542 peccato
1727 4473 1936 4542 putavit
1985 4489 2110 4531 esse

511 4562 900 4629 damnandum,
921 4564 1110 4635 ipsum
1123 4562 1557 4633 subjiciendum,
1581 4563 1654 4618 de
1685 4580 1793 4634 quo
1819 4565 1895 4620 ait
1927 4583 1939 4619 :
1966 4564 2112 4620 Con-

2221 3357 2538 3415 discernere
2565 3377 2580 3425 ;
2608 3360 2874 3430 spiritalis
2903 3361 3217 3416 eruditione
3239 3360 3525 3426 doctrinae,
3567 3358 3824 3414 κωκύω

2220 3452 2290 3506 ab
2331 3452 2671 3522 Evangelicis
2689 3452 2949 3524 dogmata
2980 3465 3260 3523 separare.
3283 3451 3526 3522 ideoque
3547 3465 3624 3506 ate
3667 3451 3823 3505 multi

2218 3545 2586 3614 decipiantur,
2614 3546 2837 3616 jubetur
2859 3561 2891 3600 a
2925 3546 3154 3600 Domino
3174 3553 3635 3616 tucere'peccator
3656 3561 3670 3596 :
3689 3541 3825 3598 Pec-

2219 3639 2385 3692 catori
2423 3637 2572 3694 enim
2625 3634 2763 3700 dis!)
2804 3636 2949 3692 Deus
2973 3637 3202 3705 θρωπε
3245 3645 3305 3689 αι
3354 3650 3568 3690 manus
3589 3634 3826 3703 {notitias

2219 3747 2359 3788 meas
2401 3732 2522 3804 (Ps.
2555 3747 2710 3801 χιιι,
2747 3732 2889 3804 i7)?
2921 3732 3280 3789 ‘Contices‘cat
3325 3730 3498 3802 igitur
3553 3729 3778 3801 perﬁdia
3808 3771 3824 3795 ,

2219 3843 2340 3899 qua:
2367 3827 2645 3883 tramitem
2674 3827 2922 3883 veritatis
2981 3837 3168 3882 tenere
3214 3841 3322 3881 non
3361 3825 3544 3889 novit,
3571 3837 3693 3894 quae
3714 3823 3822 3877 'Dei

2221 3929 2489 3989 praecepta
2523 3933 2635 3974 non
2659 3927 2868 3974 servat.
2920 3918 3029 3973 Our
3055 3917 3202 3972 enim
3249 3929 3610 3987 por-ossuum
3659 3928 3824 3969 assu-

2219 4023 2378 4071 munt
2413 4024 2728 4086 peccatores
2775 4014 3137 4086 Evangelium
3170 4013 3452 4078 veritatis,
3487 4012 3817 4082 ist-quorum

2218 4125 2318 4168 ore
2338 4111 2540 4166 veritas
2555 4126 2668 4166 non
2691 4120 2780 4166 est
2803 4110 2827 4164 ?
2851 4108 3044 4164 Omnia
3071 4116 3252 4162 autem
3283 4114 3551 4176 praecepta
3598 4103 3691 4159 Dei
3731 4119 3825 4159 ve-

2217 4202 2376 4270 ritas,
2399 4201 2648 4258 Christus
2669 4212 2851 4257 autem
2880 4201 3099 4256 veritas.
3130 4198 3247 4254 Non
3278 4213 3410 4269 ergo
3449 4206 3534 4254 est
3561 4194 3826 4252 Christus

2218 4299 2275 4354 in
2303 4298 2767 4368 disputationibus
2795 4296 3133 4367 perﬁdorum
3165 4336 3178 4361 ,
3229 4293 3327 4363 qui
3356 4293 3496 4350 dicit
3563 4290 3771 4364 perﬁdo
3808 4311 3821 4344 :

2222 4389 2296 4444 οε
2315 4401 2460 4444 tuum
2480 4390 2755 4445 abundauit
2775 4389 3018 4459 nequitia,
3033 4398 3082 4441 et
3096 4388 3382 4457 tingua'tua
3391 4385 3715 4441 concitatam
3727 4383 3826 4438 do-

2219 4483 2330 4537 lum
2353 4482 2546 4549 (Ibid,
2573 4483 2702 4552 so);
2737 4482 2918 4553 lingua
2935 4483 3084 4538 enim
3110 4497 3232 4553 qua:
3253 4481 3370 4536 vult
3400 4489 3650 4536 astruere
3667 4493 3827 4533 men-

2219 4576 2458 4641 dacium,
2481 4575 2665 4630 dolum
2694 4576 2880 4646 utique
2907 4575 3076 4631 nectit
3095 4574 3343 4630 assertis.
3367 4571 3478 4630 Sed
3506 4569 3824 4643 hujnsmodi

511 4664 641 4710 terat
654 4655 802 4710 "Deus
831 4656 1083 4710 Satanam
1104 4656 1203 4710 sub
1229 4657 1447 4725 pedibus
1463 4657 1651 4710 uestris
1669 4657 1772 4711 cito
1795 4656 1973 4730 (Rom.
1992 4673 2110 4726 xvs,

2221 4667 2309 4723 fur
2332 4676 2450 4732 est,
2482 4677 2538 4722 et
2583 4681 2707 4721 cum
2757 4667 2878 4722 iure
2909 4681 3265 4723 concurrens.
3297 4665 3447 4720 Multi
3485 4663 3632 4720 enim
3673 4663 3825 4719 fures

507 4747 625 4820 20).
651 4750 736 4804 Ex
755 4749 868 4805 hoc
893 4763 1028 4819 ergo
1053 4761 1411 4819 persecutore
1436 4749 1698 4820 judicium
1713 4750 1822 4806 sibi
1843 4750 1964 4806 ﬁeri
1985 4766 2111 4823 ges-

509 4843 574 4896 tit
606 4852 710 4906 ;-u~t
733 4840 1228 4911 titleiProphetlcm
1252 4841 1504 4911 vestigiis
1530 4841 1884 4898 adversarius
1910 4854 2108 4900 cente-

509 4944 679 5001 ratur,
703 4935 1246 4991 etcomminuat'eum
1273 4931 2054 5006 sub'pedibus-suis‘lPropbeta
2075 4937 2104 4977 δ

508 5029 648 5084 sicut
681 5029 954 5098 pulverem
993 5047 1005 5082 :
1039 5041 1094 5085 et
1125 5030 1178 5084 in
1201 5029 1313 5083 ttae
1348 5027 1704 5096 corporis‘sui
1737 5028 1930 5083 militia
1974 5045 2109 5086 eon-

503 5121 748 5190 stitutus,
767 5124 1017 5192 quamvis
1041 5123 1158 5178 dies
1185 5122 1311 5176 vita:
1361 5120 1558 5176 breves
1583 5120 1728 5186 sint;
1774 5122 2107 5191 triumphum

503 5216 786 5272 tameu'tle
815 5216 1130 5272 adversario
1158 5215 1514 5286 adipiscatur,
1542 5213 1956 5285 queimforumti
2000 5217 2108 5271 ho-

504 5309 666 5366 minis
691 5311 762 5366 iin
794 5320 1045 5368 veterem
1073 5311 1304 5382 gratiam
1331 5314 1543 5380 ,'quc‘m
1602 5317 1728 5365 ante
1761 5306 2108 5366 delictorum

499 5514 507 5530 ‘
578 5511 779 5566 "Rom.
815 5511 976 5578 edit,
1002 5513 1304 5566 meritorum
1330 5509 1516 5580 pinnis.
1561 5506 1676 5564 Sed
1709 5507 1948 5563 'omnino
1973 5521 2099 5564 cum

500 5583 624 5638 aliis
651 5593 814 5652 atque
844 5583 1096 5638 omnibus
1125 5600 1256 5637 mss.
1289 5581 1599 5652 legendum,
1640 5581 1940 5632 meritorum
1963 5597 2100 5648 pra:-

495 5657 647 5717 miis;
677 5651 791 5709 lucc
814 5654 955 5709 enim
970 5664 1095 5708 sunt
1122 5651 1485 5710 rcittun'eratio
1512 5651 1859 5715 innocentiae,
1875 5666 2104 5719 provec-

498 5727 573 5780 tio
601 5725 747 5790 tidei,
774 5725 1159 5781 misericordia:
1189 5723 1493 5782 coronatio.

566 5795 590 5833 ι’
619 5797 745 5851 Post
793 5811 980 5851 vocem
1027 5797 1320 5866 puluerem,
1373 5795 1428 5850 in
1481 5795 1598 5852 sola
1626 5793 1784 5850 Rom.
1808 5792 1938 5849 edit.
1974 5794 2102 5849 sub-

490 5868 756 5940 jungi‘tur,
789 5877 908 5925 ante
929 5869 1110 5941 faciem
1133 5871 1291 5926 uetiti.

2221 4769 2370 4828 sunt,
2401 4763 2488 4832 qui
2522 4762 2745 4817 verbum
2780 4763 2875 4818 Dei
2899 4777 3009 4818 non
3033 4761 3423 4816 'ad‘utilitatem
3447 4774 3604 4815 suam
3635 4758 3822 4813 fin-an-

2220 4864 2312 4910 tur
2355 4864 2412 4910 et
2456 4857 2711 4927 rapiunt,
2758 4856 2856 4912 sed
2908 4855 2977 4910 ad
3017 4853 3261 4910 fraudem
3294 4868 3309 4919 ;
3341 4862 3398 4908 et
3434 4851 3823 4922 patrimonium

2219 4949 2494 5021 quoddam
2513 4951 2820 5006 ccelestium
2844 4946 3316 5018 Scripturarumin
3345 4959 3441 5001 sua
3462 4944 3602 5000 furta
3633 4945 3828 5000 detor—

2217 5051 2412 5112 quent,
2437 5042 2745 5098 adulterina
2793 5041 2899 5094 sibi
2945 5037 3270 5107 compendia
3299 5036 3624 5105 colligentes
3646 5075 3660 5100 ,
3689 5033 3824 5087 dolo

2220 5134 2392 5204 magis
2435 5149 2600 5205 quam
2632 5133 2865 5190 veritate
2895 5129 3144 5200 quaesita.
3177 5129 3288 5185 Sed
3315 5127 3372 5184 hi
3400 5137 3531 5188 sunt
3558 5126 3648 5194 qui
3667 5123 3821 5178 rmis-

2219 5233 2346 5279 cent
2374 5241 2566 5295 aquam
2594 5226 2744 5291 vino,
2779 5233 3052 5292 tamquam
3073 5232 3355 5290 caupones
3383 5212 3823 5287 pessimi.-adul-

2221 5325 2462 5372 territes
2485 5330 2797 5372 sermonem
2829 5313 2951 5380 Dei,
3000 5319 3058 5369 et
3099 5311 3429 5367 insincerum
3471 5306 3822 5378 proierontes

2289 5527 2311 5554 ο
2333 5515 2407 5569 Ita
2435 5517 2613 5570 cuncti
2635 5528 2772 5570 mss.
2795 5527 2861 5568 ac
2883 5521 2995 5567 vet.
3019 5511 3149 5568 edit.
3170 5511 3273 5566 nisi
3295 5509 3438 5579 quod
3460 5507 3594 5580 Reg.
3619 5522 3716 5579 pro
3733 5522 3823 5562 ea:-

2215 5596 2410 5651 cutere,
2441 5588 2588 5655 legit,
2623 5602 2916 5658 exsurgere.
2962 5586 3030 5658 At
3061 5583 3222 5638 Rom.
3256 5581 3389 5658 edit.
3424 5582 3588 5658 verba
3631 5581 3818 5658 sicin-

2212 5650 2403 5720 vertlt,
2431 5650 2739 5711 conterimus
2766 5650 2812 5711 Et
2836 5657 3160 5725 scorpionem
3203 5653 3530 5708 continentia
3551 5650 3776 5722 uestigiis
3801 5692 3816 5715 ,

2212 5729 2888 5799 uerecundiwjustitiaque
2932 5727 3212 5798 gressibus,
3257 5741 3318 5780 ne
3357 5725 3516 5794 possit
3553 5731 3810 5778 arcuere.

2217 5799 2526 5866 Possumus,
2558 5807 2662 5854 etc.
