4070 6466
191 377 355 434 I357

1292 374 1358 433 IN
1398 378 1724 438 PSALMUM
1761 378 1972 439 CXVIII
2013 375 2394 438 EXPOSITIO.

3341 388 3343 391 ’
3377 387 3518 443 1558

182 491 484 564 quidquid
515 491 724 562 perﬁdo
749 499 803 548 et
847 497 1125 563 tamquam
1154 491 1307 548 ebrio
1334 508 1430 549 ore
1459 493 1817 566 deprompse-
1842 497 1894 555 A
1919 493 2190 562 adulator,
2221 495 2313 566 qui
2358 493 2554 551 callida
2607 502 2846 552 mentem
2899 496 3213 554 adulatione
3252 505 3512 556 tentaret.

183 585 322 642 rint
353 604 368 650 ;
401 597 456 642 et
485 586 607 642 ideo
636 585 813 644 aliena
837 586 1136 657 loquuntur
1163 602 1191 640 a
1225 587 1366 658 lege.
1393 587 1546 644 Unde
1567 603 1663 646 eos
1678 588 1818 646 bene

185 680 492 751 Propheta
522 682 718 753 refugit
743 692 905 753 atque
927 682 1300 754 reprehendit:
1333 682 1515 739 sciens
1543 684 1670 754 quid
1690 698 1822 754 pra:-

187 775 426 846 scripto
449 776 587 847 legis
610 779 906 848 acceperit.

279 869 382 924 2|.
414 869 594 941 (Vcrs.
625 869 742 942 86.)
769 870 938 926 Recte
972 884 1101 941 ergo
1127 871 1201 925 ait
1222 869 1470 940 sequenti
1497 870 1773 926 versiculo
1804 889 1819 925 :

183 962 419 1018 Omnia
457 976 720 1037 praecepta
761 977 852 1022 tua
909 968 1098 1021 veritas
1123 983 1141 1020 :
1174 968 1366 1041 injuste
1395 968 1650 1036 persecuti
1702 975 1822 1021 sunt

190 1074 315 1122 me,
337 1059 537 1129 adjuva
566 1077 666 1114 me.
694 1061 862 1128 Quasi
894 1062 1066 1117 bonus
1093 1061 1250 1116 miles
1282 1061 1418 1116 bella
1454 1076 1562 1116 non
1595 1060 1814 1132 refugit,

191 1165 322 1207 nec
345 1152 634 1207 conflictus
659 1154 906 1225 quamvis
948 1155 1193 1226 gravium
1228 1156 1539 1225 prmliorum
1590 1156 1825 1211 bellator

195 1246 474 1314 pavescit
499 1252 755 1301 assuetus
789 1247 924 1312 ;sed
978 1247 1153 1303 ﬁdelis
1181 1257 1236 1304 et
1278 1247 1538 1319 providus
1583 1248 1825 1317 aspirare

197 1338 331 1394 sibi
357 1339 621 1396 divinitus
647 1350 769 1397 orat
799 1341 999 1396 auxilia
1021 1383 1037 1405 ,
1070 1352 1125 1397 et
1154 1343 1259 1413 pia:
1289 1341 1596 1397 devotionis
1644 1339 1825 1396 ﬁdelia

202 1432 333 1488 sibi
366 1432 680 1502 adjumenta
720 1434 984 1505 deposcit.
1008 1433 1244 1505 Ideoque
1265 1449 1370 1489 non
1400 1434 1534 1506 petit
1555 1442 1612 1488 ut
1639 1448 1825 1504 perse-

200 1528 480 1584 cutiones
503 1529 786 1602 quiescant
820 1531 958 1597 ;sed
1008 1531 1063 1586 in
1109 1532 1576 1602 persecutionibus
1613 1548 1674 1588 se
1702 1547 1828 1602 pos-

204 1621 370 1675 tulat
424 1623 690 1694 adjuvari.
719 1623 938 1679 Sciebat
985 1624 1132 1678 enim
1184 1625 1329 1695 quod
1378 1640 1572 1680 omnes
1616 1627 1825 1698 1111

201 1714 318 1785 qui
355 1714 549 1771 volunt
569 1717 653 1786 pie
683 1715 868 1772 vivere
899 1717 952 1771 in
980 1714 1206 1772 Christo
1237 1717 1387 1785 Jesu,
1421 1722 1830 1789 persecutiones

206 1807 528 1877 patiuntur.
554 1808 752 1866 Mavult
783 1824 914 1881 ergo
939 1811 1345 1881 persecutiones
1370 1811 1509 1882 pati;
1547 1819 1605 1866 ut
1637 1810 1723 1882 pie
1749 1811 1829 1865 vi-

1921 586 2040 642 Non
2084 588 2310 644 vacabat
2349 589 2534 645 animo
2573 591 2822 661 corporis
2851 590 3220 649 delectatione
3251 592 3514 661 dissolvi,

1921 690 1977 736 et
2000 680 2309 752 hujusmodi
2332 699 2454 752 quae
2485 683 2740 740 secundis
2763 685 2926 742 rebus
2951 686 3179 743 excitari
3196 687 3393 754 solent,
3425 686 3521 742 ad-

1922 776 2139 830 mittere
2169 776 2469 845 passiones.
2529 777 2656 834 Ideo
2697 776 2944 848 Apostoli
2991 796 3113 836 cum
3155 781 3523 848 caederentur,

1924 867 2360 933 includerentur,
2385 869 2738 926 exsultabant
2766 871 2911 942 quod
2933 872 3043 929 illis
3073 873 3288 938 injuriis
3309 881 3337 910 ⁸
3365 881 3524 928 teter-

1924 976 2009 1016 nce
2039 960 2226 1031 gloria:
2265 961 2520 1017 meritum
2550 963 2924 1029 lucrabantur,
2973 965 3067 1036 qui
3109 965 3254 1037 digni
3305 964 3528 1020 fuerant

1925 1066 2026 1122 pro
2061 1051 2265 1108 Christi
2298 1054 2520 1110 nomine
2560 1053 2789 1124 injurias
2846 1057 3121 1114 sustinere
3157 1057 3298 1129 (Act.
3324 1073 3378 1125 v,
3412 1056 3529 1128 41).

1929 1145 2048 1201 Non
2076 1145 2184 1201 illis
2209 1154 2327 1201 erat
2349 1160 2480 1200 cura
2502 1146 2570 1201 de
2591 1148 2946 1217 patrimonio,
2969 1150 3208 1206 studium
3235 1149 3304 1205 de
3337 1159 3528 1220 potes-

1927 1237 2129 1294 tatibus
2156 1246 2208 1293 et
2234 1237 2553 1304 honoribus,
2581 1253 2687 1293 non
2717 1238 2788 1294 de
2819 1240 3137 1309 praelatione
3157 1282 3172 1310 ,
3210 1258 3332 1313 quae
3360 1243 3528 1298 etiam

1922 1333 2100 1404 justos
2148 1334 2429 1404 exagitare
2478 1334 2807 1399 consuevit;
2874 1335 2970 1390 sed
3024 1335 3116 1392 ille
3155 1350 3215 1391 se
3270 1336 3520 1408 praeferri

1927 1427 2172 1498 putabat,
2201 1429 2290 1499 qui
2310 1437 2456 1484 esset
2479 1428 2725 1498 pluribus
2755 1429 3074 1486 verberibus
3126 1428 3157 1469 ιι
3199 1431 3530 1502 ﬂagellatus.

1999 1523 2093 1581 23.
2126 1523 2317 1581 Merito
2344 1537 2475 1594 ergo
2501 1523 2665 1578 David
2707 1525 3028 1580 occasiones
3075 1525 3285 1597 expetit
3333 1525 3532 1580 trium-

1934 1617 2166 1688 phandi,
2211 1626 2264 1674 et
2305 1617 2550 1674 certandi
2596 1619 2810 1690 copiam
2857 1633 2956 1690 pro
2997 1619 3315 1677 devotionis
3357 1620 3544 1676 erudi-

1935 1713 2086 1769 tione
2115 1727 2225 1769 non
2255 1715 2471 1782 metuit,
2507 1714 2596 1784 qui
2625 1725 2850 1773 noverat
2880 1717 3294 1788 persecutiones
3323 1715 3543 1788 iniquo-

1931 1824 2051 1864 rum
2089 1807 2361 1883 proiicere
2391 1807 2458 1862 ad
2512 1807 2850 1865 incrementa
2905 1808 3141 1865 virtutis.
3171 1811 3384 1883 1112
3422 1809 3544 1865 Non

204 1916 356 1957 vere
394 1901 446 1955 in
484 1902 703 1959 Christo
740 1904 930 1973 possit.
965 1903 1031 1958 Et
1068 1903 1209 1960 bene
1239 1919 1345 1959 non
1384 1919 1543 1959 unam
1577 1917 1829 1974 persecu-
1863 1903 1912 1964 B
1940 1901 2084 1956 enim
2109 1899 2246 1956 dixit
2272 1917 2285 1954 :
2309 1900 2447 1969 Quia
2476 1903 2894 1970 persecutiones
2916 1903 3095 1973 patior
3121 1944 3135 1969 ,
3168 1903 3362 1973 adjnva
3403 1917 3493 1959 me
3524 1918 3543 1969 ;

202 1995 458 2062 tionem,
491 1996 588 2051 sed
614 1997 810 2053 multas
828 1997 1243 2068 persecutiones
1262 1997 1422 2062 dixit,
1447 2012 1547 2053 nec
1569 1996 1840 2067 expressit

206 2091 488 2146 vocabula
505 2093 946 2162 persequentium
963 2109 977 2158 ;
1003 2094 1130 2162 quia
1144 2093 1298 2148 multi
1313 2101 1689 2163 persecutores
1699 2092 1840 2162 ,;non

204 2183 406 2240 solum
426 2198 563 2253 quos
577 2184 844 2254 videmus,
865 2184 959 2240 sed
974 2187 1136 2241 etiam
1153 2200 1288 2256 quos
1304 2202 1410 2241 non
1425 2185 1692 2240 videmus.
1709 2183 1839 2240 Per-

208 2288 534 2346 sequuntur
556 2279 810 2348 nequitim
833 2279 1105 2348 spiritales
1133 2321 1146 2344 ,
1167 2277 1838 2350 persequiturhtereticus,

207 2369 472 2438 Iudaeus,
490 2373 733 2443 gentilis.
753 2374 958 2428 Omnes
989 2388 1117 2442 ergo
1143 2372 1243 2428 sub
1268 2370 1840 2444 persecutoribus,qui

209 2464 420 2519 volunt
445 2465 532 2535 pie
556 2464 758 2534 vivere;
775 2467 900 2537 quia
917 2467 1006 2521 ubi
1027 2466 1179 2521 multi
1202 2477 1607 2537 persecutores,
1625 2464 1838 2521 nullum

210 2574 243 2610 τι
268 2559 722 2626 persecutoribus
750 2568 906 2615 vacat
933 2569 1146 2630 tempus
1170 2560 1458 2630 pie;vivere
1479 2558 1754 2632 gestienti.
1771 2557 1840 2613 Et

213 2648 470 2705 fortasse
493 2665 617 2707 cum
652 2654 1065 2722 persecutiones
1115 2669 1221 2709 non
1256 2653 1514 2724 patimur,
1560 2661 1837 2722 tamquam

214 2741 584 2798 condemnati
613 2744 917 2812 habemur;
961 2746 1087 2816 quia
1136 2761 1478 2816 nequaquam
1524 2746 1608 2815 pie
1654 2745 1841 2800 vivere

217 2835 469 2891 velimus
524 2839 578 2892 in
623 2839 865 2893 Christo.
921 2838 1053 2893 Nam
1099 2838 1286 2908 utique
1314 2853 1436 2892 cum
1497 2837 1568 2892 sit
1616 2835 1841 2891 deﬁnita

216 2929 533 2997 sententia,
555 2929 699 2999 quod
723 2930 913 2984 Omnes
933 2932 1020 2999 qui
1046 2933 1219 2984 volunt
1245 2931 1328 3000 pie
1357 2931 1518 2983 vivere
1543 2929 1595 2981 in
1633 2927 1841 2981 Christo

217 3019 387 3086 Iesu,
413 3023 798 3092 persecutiones
830 3021 1180 3094 patiuntur(ll
1201 3021 1340 3076 Tim.
1374 3038 1455 3089 ιιι,
1479 3019 1590 3092 12),
1627 3019 1843 3074 videtur

217 3114 271 3168 is
305 3115 405 3182 qui
433 3115 844 3182 persecutiones
867 3129 970 3169 non
998 3117 1221 3184 patitur,
1249 3111 1718 3184 abdicatus,quod
1734 3126 1841 3167 non

216 3207 294 3262 sit
323 3206 430 3275 pia:
459 3207 772 3262 intentionis
798 3209 848 3261 in
876 3206 1096 3262 Christo
1130 3225 1144 3273 ;
1169 3208 1513 3262 devotionem
1546 3205 1744 3261 etenim
1777 3204 1841 3257 ﬁ-

217 3301 311 3356 dei
343 3301 530 3371 praelia
549 3312 968 3372 persequuntur.
1003 3302 1060 3356 Si
1089 3302 1270 3357 desint
1297 3299 1618 3368 certamina,
1641 3314 1834 3355 vereor
1863 3287 1908 3351 C

223 3411 297 3449 ne
325 3394 524 3449 deesse
552 3393 800 3450 videatur
827 3438 840 3459 ,
877 3395 964 3466 qui
1013 3408 1224 3450 certare
1265 3393 1560 3450 desideret.
1599 3393 1789 3446 Omnia
1820 3434 1836 3460 ,

221 3487 432 3557 inquit,
464 3496 720 3557 praecepta
774 3496 860 3540 tua
911 3488 1095 3541 veritas
1150 3486 1329 3556 (Joan.
1381 3501 1475 3552 xv,
1532 3485 1650 3554 ‘20).
1703 3484 1839 3552 Quae

217 3586 513 3651 praecepta
543 3580 644 3636 nisi
675 3580 766 3634 illa
789 3597 800 3634 :
825 3580 886 3634 Si
915 3597 994 3634 me
1023 3581 1274 3652 persecuti
1302 3587 1446 3644 sunt,
1475 3590 1521 3632 et
1553 3593 1640 3632 vos
1665 3593 1841 3649 perse-

224 3673 486 3744 quentur?
504 3672 628 3728 Haec
649 3683 920 3744 praecepta
944 3674 1137 3741 David,
1155 3673 1398 3728 anterior
1432 3671 1560 3726 licet
1586 3671 1841 3725 lncarna-

227 3767 401 3822 tionis
418 3775 778 3834 sacramento,
804 3767 916 3839 jam
951 3777 1130 3822 tamen
1163 3767 1419 3822 audiebat
1445 3767 1498 3822 in
1522 3765 1716 3836 spiritu
1749 3774 1842 3821 :et

227 3861 388 3932 quasi
414 3861 621 3917 Christi
647 3861 947 3932 discipulus
970 3877 1077 3916 non
1096 3861 1447 3916 subtrahebat
1473 3875 1533 3916 se
1568 3858 1838 3930 passioni-

225 3953 335 4009 bus
356 3996 371 4022 ,
401 3954 499 4009 sed
519 3954 908 4010 certaminibus
943 3953 1233 4009 offerebat:
1267 3951 1473 4008 sciebat
1502 3951 1604 4006 hoc
1636 3951 1738 4006 sibi
1771 3949 1840 4003 ad

229 4045 466 4117 gloriam
491 4045 847 4111 fructuosum,
871 4045 973 4099 hoc
998 4044 1064 4098 ad
1092 4043 1397 4099 custodiam
1420 4041 1609 4096 salutis
1631 4048 1804 4095 tutum
1822 4080 1837 4106 ,

233 4149 294 4192 ut
347 4139 728 4207 frequentibus
761 4137 1038 4193 exercitiis
1077 4136 1208 4205 justi
1257 4137 1432 4206 pietas
1493 4133 1843 4188 conﬁrmare-

127 4234 137 4243 ”
234 4239 345 4286 tur.
371 4229 497 4286 Cito
522 4231 667 4286 enim
709 4231 843 4287 ﬁdes
887 4229 1239 4285 inexercitata
1263 4227 1596 4297 languescit,
1625 4234 1680 4280 et
1716 4239 1842 4280 cre-

236 4320 355 4375 bris
377 4320 556 4375 otiosa
585 4330 822 4376 tentatur
853 4319 1232 4380 incommodis.
1277 4319 1555 4376 Remissas
1586 4317 1842 4372 excubias

237 4415 495 4480 callidus,
515 4415 802 4471 insidiator
826 4415 1079 4485 irrumpit
1103 4431 1114 4466 ι
1139 4422 1416 4469 assuetum
1464 4421 1642 4466 autem
1699 4411 1842 4467 bello

236 4510 415 4563 virum
444 4520 672 4564 externa
695 4508 844 4564 fraus
873 4509 1114 4576 instruit,
1139 4518 1194 4564 et
1223 4507 1288 4563 ad
1311 4507 1564 4578 gloriosa:
1595 4503 1844 4574 provehit

238 4601 477 4672 palmam
526 4601 788 4658 victoriae.
831 4601 943 4657 Pax
994 4615 1123 4671 ergo
1180 4600 1305 4656 ﬁdei
1361 4599 1682 4670 corruptela:
1723 4614 1839 4653 ma-

238 4694 376 4750 teria
405 4701 512 4750 est.

311 4789 404 4844 22.
438 4789 611 4857 Quam
644 4789 866 4859 pulchre
897 4788 1053 4845 nobis
1090 4787 1490 4858 persecutionis
1523 4801 1844 4858 processere

245 4891 508 4951 tempora.
557 4881 802 4937 intentus
837 4891 959 4937 erat
1004 4881 1146 4937 sicut
1198 4880 1484 4936 mendicus
1529 4879 1734 4933 intimas
1773 4878 1842 4932 ad

247 4976 414 5030 Deum
448 4975 649 5030 mentis
676 4976 903 5032 affectus
932 4993 945 5030 :
971 4976 1050 5033 illi
1091 4976 1425 5042 adlmrebat,
1457 4989 1556 5030 nec
1583 4973 1722 5028 ullas
1751 4987 1845 5029 co—

246 5067 535 5137 gitationes
558 5068 940 5138 obstrepentes
962 5069 1067 5126 sibi
1099 5069 1374 5140 precantis
1402 5068 1615 5122 animus
1640 5066 1846 5122 sentie-

252 5160 340 5216 bat
371 5179 384 5215 :
414 5163 542 5217 totis
583 5161 882 5218 visceribus
929 5161 1256 5219 fundebatur
1302 5161 1480 5217 oratio
1501 5203 1515 5226 ,
1539 5172 1588 5216 et
1623 5159 1841 5231 quidam

253 5257 582 5314 miscebatur
607 5272 790 5314 sermo
812 5272 933 5312 cum
953 5258 1188 5314 Domino
1220 5275 1234 5323 ;
1257 5257 1572 5329 quotidiana
1613 5256 1842 5311 medita—

255 5352 328 5407 tie
354 5351 586 5409 habebat
612 5353 721 5422 jam
747 5361 1116 5423 contemptum
1147 5352 1372 5424 periculi
1409 5393 1423 5416 ,
1460 5357 1518 5406 et
1543 5365 1698 5406 usum
1735 5350 1844 5405 cal-

257 5445 440 5500 canda:
463 5447 657 5501 mortis
682 5453 990 5514 receperat.
1017 5445 1173 5512 Quod
1207 5445 1493 5500 amisimus
1522 5441 1844 5499 exercitium

263 5539 622 5604 tentantotia,
657 5553 792 5609 quos
844 5537 984 5591 bella
1034 5552 1140 5592 non
1196 5537 1491 5609 fregerant.
1529 5533 1846 5590 Periculosa

263 5629 419 5698 igitur
455 5639 510 5690 et
536 5632 684 5700 pacis
711 5632 842 5688 Otia.
903 5631 961 5690 In
1015 5647 1150 5702 pace
1193 5632 1377 5702 plures
1433 5629 1847 5701 persecutiones

268 5735 383 5777 esse
419 5734 717 5794 coeperunt.
748 5724 941 5780 Nullus
989 5734 1110 5779 erat
1151 5732 1406 5795 tempore
1445 5722 1849 5795 persecutionis

338 5838 503 5909 {‘Mss.
537 5854 644 5894 n0n
678 5839 854 5908 pauci,
880 5846 1086 5893 (eterna:
1114 5837 1298 5909 gratia:
1327 5839 1580 5909 meritum,
1613 5842 1718 5891 etc.

340 5903 510 5966 ι)Ἶοοἱ
538 5903 1016 5982 ﬂagellatus,Cod.
1052 5903 1192 5967 And.
1238 5919 1293 5966 et
1338 5925 1477 5965 unus
1529 5908 1658 5964 Nav.
1719 5904 1856 5976 adji-

1943 1995 2039 2052 sed
2072 2013 2085 2051 :
2115 1994 2341 2068 Injuste,
2369 1995 2572 2067 inquit,
2609 1997 2862 2066 persecuti
2885 1996 3021 2052 'sunt
3065 2011 3167 2062 me,
3217 1996 3408 2067 adjuvit
3437 2011 3542 2051 me.

1941 2093 2129 2152 Potest
2150 2093 2296 2150 enim
2330 2093 2450 2164 quis
2486 2102 2542 2149 et
2573 2094 2990 2164 persecutiones
3023 2093 3156 2164 pati,
3204 2093 3300 2150 sed
3325 2107 3432 2149 non
3463 2093 3548 2148 in-

1948 2185 2130 2257 juste;
2161 2187 2285 2257 quia
2307 2193 2390 2241 est
2415 2185 2577 2240 etiam
2601 2183 2747 2255 iusta
2787 2185 3117 2256 persecutio,
3174 2184 3219 2239 si
3259 2184 3550 2240 oderimus

1944 2279 2310 2344 obscenos,si
2355 2278 2541 2334 infesti
2593 2278 2766 2334 simus
2785 2276 3101 2349 injttstis,si
3147 2276 3367 2350 iniquos
3407 2275 3553 2332 veli-

1943 2390 2064 2429 mus
2102 2372 2436 2443 opprimere,
2483 2387 2556 2427 ne
2609 2373 2858 2442 pluribus
2913 2379 3169 2438 noceant,
3223 2369 3272 2426 si
3321 2383 3553 2425 avarum

1939 2467 2149 2522 fraudis
2173 2482 2286 2522 suae
2309 2466 2655 2537 compendiis
2683 2481 2970 2533 exuamus,
3000 2464 3048 2523 si
3081 2479 3437 2523 exsecremur
3461 2465 3553 2521 in-

1941 2562 2231 2617 solentiam
2259 2561 2640 2632 superborum.
2673 2561 2776 2629 Qui
2799 2571 2982 2618 autem
3015 2576 3111 2632 pro
3143 2559 3273 2626 ﬁde,
3305 2575 3404 2630 pro
3427 2559 3552 2631 jus-

1943 2653 2094 2723 titia,
2135 2669 2235 2724 pro
2275 2654 2529 2709 castitate
2575 2653 3016 2724 persecutionem
3055 2654 3292 2724 patitur,
3327 2651 3471 2708 bene
3504 2653 3557 2709 is

1943 2745 2076 2800 dicit
2103 2763 2115 2798 :
2149 2746 2353 2819 Injuste
2385 2746 2644 2816 persecuti
2672 2754 2792 2800 sunt
2821 2762 2922 2812 me,
2950 2746 3143 2815 adjuvrt
3163 2760 3263 2800 me.

2015 2837 2108 2891 “24.
2137 2837 2319 2909 (Vers.
2351 2837 2468 2908 87.)
2511 2836 2773 2908 Sequitur
2817 2852 3011 2893 versus
3059 2837 3328 2908 septimus
3361 2854 3374 2892 :
3405 2835 3556 2893 Pau-

1946 2929 2172 2985 lominus
2199 2941 2693 2985 consummaverunt
2724 2947 2806 2986 me
2824 2931 2880 2985 in
2906 2939 3046 2985 terra
3071 2945 3090 2985 :
3115 2945 3206 3002 ego
3232 2939 3407 2987 autem
3451 2947 3558 2986 non

1947 3021 2198 3092 deretiqui
2221 3022 2473 3078 mandata
2498 3033 2604 3078 tua.
2625 3022 2743 3081 Non
2774 3022 3054 3094 superﬂuo
3084 3023 3327 3078 divinum
3360 3025 3561 3094 quaesi-

1945 3113 2024 3168 vit
2045 3115 2334 3181 auxilium,
2381 3117 2468 3186 qui
2518 3115 2724 3172 sciebat
2767 3117 2871 3172 sibi
2911 3115 3174 3172 adversus
3214 3115 3386 3171 fortes
3433 3131 3561 3172 esse

1944 3217 2242 3276 certamen,
2272 3209 2536 3282 pluraque
2561 3211 2660 3265 sibi
2687 3211 2870 3281 praelia
2905 3217 3204 3281 praeparata
3227 3207 3557 3265 dimicaturo

1945 3320 2089 3361 nunc
2104 3304 2367 3361 adversus
2382 3305 2648 3376 nequitias
2669 3305 2963 3376 spiritales,
2993 3318 3115 3378 quae
3137 3313 3266 3361 sunt
3291 3304 3346 3360 in
3367 3303 3566 3376 cccles-

1945 3397 2110 3466 libus,
2136 3413 2282 3454 nunc
2304 3399 2568 3455 adversus
2596 3399 2834 3454 calorem
2868 3397 3148 3469 sanguinis
3182 3439 3196 3464 ,
3217 3405 3272 3452 et
3301 3397 3556 3452 innume-

1944 3507 2032 3546 ras
2054 3493 2300 3562 corporis
2331 3491 2493 3562 hujus
2520 3490 2832 3556 illecebras,
2857 3507 3084 3561 quarum
3124 3505 3268 3547 nexu
3297 3489 3451 3545 vario
3497 3500 3558 3545 et

1943 3586 2199 3641 diuturna
2240 3585 2627 3640 colluctatione
2667 3583 2900 3639 lassatus
2945 3583 3200 3653 pudendo
3255 3583 3562 3638 corruisset

1947 3676 2290 3742 certamine;
2322 3677 2428 3732 nisi
2455 3675 2580 3732 ﬁdei
2617 3691 2677 3732 se
2708 3674 2892 3731 radice
2939 3675 3224 3731 tenuisset.
3267 3674 3560 3730 Discamus

1946 3789 2142 3831 cavere
2171 3789 2334 3848 quem
2374 3773 2645 3844 gerimus,
2670 3773 2759 3829 hic
2797 3771 2953 3828 nobis
2981 3769 3158 3826 hostis
3187 3768 3524 3826 domesticus
3545 3807 3563 3835 ,

1947 3867 2038 3920 hic
2074 3865 2327 3922 inimicus
2350 3867 2529 3937 gravis
2560 3876 2645 3922 est
2689 3865 2860 3921 nostri
2906 3864 3076 3936 ipsius
3105 3877 3234 3918 usus
3282 3862 3555 3935 corporis.

1945 3958 2318 4016 lnﬁammatnr
2343 3961 2489 4024 vino,
2523 3959 2678 4014 ardet
2707 3957 2953 4025 libidine,
2975 3957 3177 4014 decore
3203 3955 3447 4012 mulieris
3465 3967 3560 4010 oc-

1945 4051 2213 4107 cursantis
2231 4050 2572 4117 accenditur,
2605 4064 2700 4119 spe
2722 4049 2904 4114 alitur,
2929 4047 3312 4118 desperatione
3337 4045 3520 4101 uritur
3537 4087 3557 4113 ,

1950 4144 2227 4199 illecebris
2275 4147 2556 4208 exuritur,
2609 4156 2718 4196 non
2771 4150 3026 4210 evaporat
3068 4139 3261 4194 effectu
3294 4181 3308 4206 ,
3362 4139 3562 4193 timore

1947 4235 2232 4301 turbatur,
2279 4243 2427 4290 metu
2462 4235 2756 4304 frangitur,
2788 4233 2994 4288 luxuria
3043 4228 3306 4298 mollitur,
3340 4229 3564 4286 lascivia

1951 4328 2304 4396 dissolvitur,
2334 4328 2522 4384 labore
2568 4327 2824 4395 afﬁcitur,
2849 4326 3230 4382 'sullicltudine
3271 4325 3562 4396 fatigatur,

1953 4420 2209 4491 passione
2245 4420 2562 4477 conteritur.
2596 4418 2804 4473 Miraris
2844 4417 2888 4472 sl
2925 4417 3067 4473 inter
3107 4426 3184 4474 tot
3219 4417 3563 4473 adversarias

1950 4515 2264 4588 passionum
2285 4515 2433 4571 vices
2450 4528 2510 4570 se
2532 4515 2692 4569 etiam
2709 4511 2888 4582 justus
2904 4520 3092 4568 tenere
3111 4511 3200 4565 vix
3224 4510 3418 4581 possit,
3431 4523 3563 4565 cum

1953 4607 2196 4680 impares
2230 4608 2401 4662 simus
2438 4606 2601 4662 etiam
2642 4604 2975 4676 singularum
3024 4603 3312 4659 certamini
3338 4602 3362 4657 ?
3385 4601 3560 4669 Quem

1870 4682 1926 4744 Β
1953 4701 2040 4757 vel
2069 4702 2188 4757 sola
2219 4699 2390 4755 libido
2420 4713 2526 4754 non
2555 4697 2820 4765 vindicet,
2850 4713 3009 4769 quem
3035 4712 3146 4752 non
3169 4696 3562 4768 subjugetava-

1952 4794 2103 4856 ritia,
2131 4808 2292 4864 quem
2318 4790 2554 4846 formido
2583 4807 2688 4847 non
2721 4790 2967 4862 quatiat,
2998 4804 3158 4866 quem
3191 4789 3406 4846 luxuria
3447 4804 3561 4845 non

1951 4894 2197 4949 enervet,
2228 4899 2387 4955 quem
2421 4885 2640 4940 lascivia
2664 4899 2771 4941 non
2803 4884 3069 4954 emolliat,
3101 4898 3264 4956 quem
3287 4900 3398 4940 non
3425 4898 3558 4955 sup-

1954 4979 2164 5048 plantet
2189 4976 2460 5032 ebrietas?

2026 5071 2119 5128 25.
2151 5070 2315 5138 Quasi
2337 5069 2590 5126 conscius
2611 5069 2776 5141 igitur
2802 5069 3034 5125 carnalis
3079 5068 3417 5126 inﬁrmitatis
3439 5111 3453 5138 ,
3505 5076 3564 5126 et

1953 5165 2267 5236 explorator
2299 5162 2694 5235 persecutionis
2722 5161 2957 5230 hostilis,
2978 5161 3112 5217 dicit
3145 5183 3158 5218 ε
3209 5160 3560 5217 Paufominus

1954 5263 2443 5310 consummaverunt
2469 5254 2618 5307 mein
2650 5263 2806 5309 terra.
2837 5252 2898 5308 ln
2927 5252 3030 5309 hac
3069 5255 3255 5325 utique
3281 5263 3425 5310 terra
3457 5295 3474 5323 ,
3505 5254 3564 5310 in

1953 5362 2060 5416 qna
2091 5346 2261 5402 Adam
2312 5345 2519 5416 primus
2557 5345 2785 5410 corruit,
2815 5353 2871 5399 et
2918 5345 3170 5415 pudenda
3213 5345 3565 5415 prolapsione

1955 5441 2226 5508 dejectus,
2259 5440 2422 5493 tOtius
2455 5452 2703 5508 gressum
2734 5437 2931 5492 futurae
2961 5436 3301 5506 posteritatis
3355 5436 3568 5493 inﬂexit

1959 5534 2119 5607 (Gen.
2145 5550 2226 5600 ιιι,
2254 5530 2365 5603 17).
2401 5531 2458 5586 ln
2489 5531 2592 5587 hac
2620 5541 2788 5599 terra,
2813 5530 2867 5586 in
2887 5545 2991 5602 qua
3019 5528 3154 5585 Cain
3198 5543 3425 5584 munera
3459 5527 3569 5582 fra-

1959 5640 2112 5684 terna
2143 5625 2334 5682 dolens
2365 5624 2478 5679 suis
2499 5639 2623 5680 esse
2645 5624 2892 5694 prailata,
2927 5623 3082 5678 ruina
3114 5630 3202 5678 est
3245 5627 3450 5676 stratus
3481 5621 3569 5676 in-

1960 5719 2141 5774 vidiae.
2199 5715 2442 5785 Denique
2489 5729 2598 5769 vox
2655 5713 2878 5769 fraterni
2915 5712 3200 5783 sanguinis
3230 5709 3486 5766 clamavit
3535 5726 3572 5767 a

1963 5829 2116 5905 ciunt
2138 5846 2152 5883 :
2175 5827 2316 5883 Time
2336 5843 2457 5900 ergo
2477 5825 2567 5905 qui
2589 5840 2787 5905 semper
2799 5823 3003 5905 vis‘esse
3023 5823 3292 5905 praelatus.
3312 5818 3420 5877 Sed
3440 5820 3576 5880 illud

1967 5903 2241 5974 glossema
2262 5893 2585 5968 esse'qui'vis
2615 5893 2776 5960 facile
2792 5893 3139 5965 iudicaverit.
