4104 6350
495 309 635 366 1559

1820 301 2064 361 SANCTI
2105 302 2426 362 AMBROSII

3646 305 3784 365 1360

493 435 635 480 terra
696 421 852 494 (Gen.
909 440 1002 490 tv,
1061 426 1175 498 10).
1232 423 1440 494 ιιιῖιιιιο
1486 429 1630 478 terra
1688 417 1803 474 Noe
1860 428 2084 474 sanctus
2113 421 2161 480 A
2192 417 2504 489 intelligere
2560 418 2727 489 :quia
2767 417 2880 490 jam
2925 419 3194 491 Propheta
3242 435 3362 490 qua:
3423 428 3582 476 erant
3625 419 3784 489 Legis

486 531 648 586 quem
708 516 875 570 totius
929 515 1082 570 orbis
1159 517 1358 571 diluvia
1415 515 1466 567 in
1514 512 1681 567 tantis
1729 511 1981 582 procellis
2033 521 2088 564 et

487 608 742 664 ﬂuctibus
821 611 1139 678 pervigilem
1236 609 1654 680 probaverunt,
1724 606 1812 662 ubi
1907 617 2085 658 tamen

486 703 664 758 otiosi»
714 717 876 757 curas
929 702 1133 756 laxavit
1173 716 1450 771 corpore,
1505 713 1754 757 somnum
1810 696 2087 753 ebrietatis

491 805 515 831 ⁸
545 795 804 859 olleudit,
853 795 1241 850 contumeliam
1303 805 1545 864 paterna:
1595 790 1809 862 pietatis
1861 789 2091 844 incurrit

487 887 642 960 (Gen.
680 904 772 950 ιι,
797 889 860 943 2|
898 898 943 942 et
985 888 1112 959 9.9.),
1150 887 1357 942 docens
1396 885 1702 956 periculosa
1741 884 1849 938 oua
1881 896 2090 938 secura:

485 999 609 1040 esse
623 984 824 1038 vit-tuti.
846 983 904 1038 lu
921 983 1022 1038 hac
1044 991 1190 1038 terra
1221 983 1324 1038 Lot
1349 980 1630 1038 reverendi
1655 979 1898 1050 parentis
1914 975 2088 1030 imita-

483 1085 592 1139 tor,
626 1091 787 1147 quem
817 1092 922 1130 ιιοιι
965 1076 1290 1131 luxuriantis
1319 1074 1688 1130 Sodomitana:
1718 1070 1890 1140 plebis
1928 1068 2092 1124 deco-

483 1171 677 1228 loravit
709 1170 1026 1240 impuritas,
1052 1187 1158 1224 non
1192 1169 1409 1225 ﬂamma
1440 1167 1692 1225 Sodoma:
1727 1163 1970 1218 ardentis
2001 1161 2088 1216 in-

484 1265 688 1332 volvit,
719 1264 1003 1319 veninbilis
1040 1264 1260 1334 quidem
1308 1261 1650 1333 ignorantur,
1694 1257 1961 1327 pudendae
2011 1262 2091 1308 ta-

480 1373 608 1414 men
639 1357 1046 1412 commixtionis
1073 1373 1179 1412 non
1205 1358 1377 1412 evasit
1400 1356 1666 1410 incestum
1694 1351 1847 1422 (Gen.
1880 1365 1994 1414 xtx,
2021 1346 2091 1402 52

481 1462 532 1508 et
568 1469 656 1521 seq
681 1450 726 1524 ).
769 1451 959 1508 Uritur
996 1453 1098 1506 iste
1135 1449 1366 1504 ﬂammis
1403 1447 1728 1510 mulierum,
1758 1457 1932 1523 .quem
1979 1440 2093 1495 sul-

485 1545 690 1616 plmrea
723 1545 940 1600 ﬂamma
981 1559 1086 1598 non
1123 1544 1282 1599 ussit.

553 1638 647 1692 26.
681 1637 736 1692 lu
763 1641 860 1692 bac
877 1647 1020 1692 terra
1053 1635 1216 1691 etiam
1251 1633 1416 1690 David
1435 1632 1824 1704 propemodum
1839 1643 2091 1700 consum-

483 1740 694 1788 matum
719 1746 779 1786 se
826 1746 949 1786 esse
975 1730 1130 1786 dixit.
1177 1730 1457 1800 Siquidem
1514 1744 1651 1799 pene
1700 1737 1879 1782 motos
1925 1725 2092 1795 pedes

2192 523 2516 584 agnoverat,
2549 522 2702 584 optat
2727 513 2992 571 adventus
3022 516 3287 572 Dominici
3319 517 3781 583 misericordiam,

2193 615 2249 659 ttt
2276 605 2507 674 accipiat
2554 615 2865 677 praecepta,
2917 607 3114 680 quibus
3159 609 3267 665 Lex
3297 609 3697 679 adimpleatur;
3730 617 3788 662 ut

2192 711 2299 751 non
2351 696 2526 751 solum
2578 696 2907 754 adulterium
2957 702 3124 758 sciret
3177 715 3300 757 esse
3349 701 3657 768 vitandum,
3690 699 3787 756 sed

2192 789 2354 845 etiam
2403 791 2904 862 concupiscentiam
2969 793 3221 849 adulterii
3265 793 3667 850 declinandam.
3715 795 3789 849 Os

2192 884 2338 941 enim
2363 883 2537 939 Patris
2563 883 2724 940 Jesus
2755 886 3016 942 Dominus
3045 887 3256 942 locutus
3283 897 3369 943 est
3389 887 3440 941 in
3472 885 3785 958 Evangelio,

2192 991 2315 1031 eum
2345 975 2435 1046 qui
2465 975 2659 1031 viderit
2684 976 2968 1034 mulierem
2992 979 3061 1033 ad
3113 977 3608 1050 concupiscendum
3635 993 3787 1044 eam,

2194 1071 2248 1125 in
2278 1070 2444 1126 corde
2464 1085 2563 1126 suo
2593 1071 2918 1128 adulterium
2949 1082 3296 1144 perpetrasse
3329 1073 3546 1147 (Matth.
3580 1089 3638 1139 v,
3669 1072 3787 1143 9.8).

2193 1166 2462 1235 Quantum
2489 1168 2783 1239 Evangelia
2801 1166 3157 1239 profecerunt
3175 1167 3353 1225 studia
3375 1168 3666 1236 castitatis,
3685 1183 3793 1238 quo

2194 1275 2303 1315 non
2333 1261 2508 1316 solent
2543 1261 2804 1331 turpioris
2837 1261 2959 1316 laeti
2984 1303 3000 1328 ,
3050 1261 3147 1318 sed
3177 1261 3338 1317 etiam
3369 1260 3532 1317 studii
3553 1260 3792 1332 degene-

2194 1353 2274 1408 ris
2300 1351 2580 1424 ablegatur
2599 1353 2954 1425 opprobrium
2977 1354 2991 1407 ι

2264 1445 2356 1501 29.
2398 1445 2502 1514 Qui
2524 1457 2651 1502 sunt
2677 1456 2857 1503 autem
2886 1449 2954 1504 de
2984 1448 3180 1520 quibus
3202 1448 3333 1505 dicit
3352 1449 3498 1521 quod
3533 1447 3797 1520 paulomi-

2196 1555 2297 1594 nus
2327 1549 2845 1596 consummaverunt
2869 1556 2994 1596 eum
3021 1540 3074 1596 iu
3118 1549 3294 1607 terra,
3339 1541 3444 1596 nisi
3473 1549 3798 1612 perseeuto-

2197 1650 2286 1689 res
2309 1633 2332 1687 ‘l
2361 1634 2438 1689 De
2463 1649 2693 1703 quorum
2738 1650 2847 1690 uno
2875 1635 2954 1690 ait
2984 1634 3244 1690 Dominus
3274 1633 3436 1690 Jesus
3461 1653 3476 1688 :
3509 1633 3616 1702 Ite,
3644 1633 3801 1688 dicite

2197 1729 2344 1798 vulpi
2387 1728 2468 1784 illi
2515 1727 2668 1800 (Luc.
2709 1745 2837 1797 xm,
2870 1727 2994 1800 δί),
3024 1728 3129 1784 hoc
3172 1737 3290 1794 est,
3337 1729 3408 1786 de
3454 1728 3690 1785 Herode.
3731 1729 3801 1784 Et

480 1841 613 1882 suos
641 1835 698 1880 et
728 1839 952 1896 gressus
973 1839 1102 1878 suos
1133 1823 1480 1894 paulominus
1507 1821 1678 1878 sensit
1701 1820 1902 1876 eﬁ'usos
1930 1837 1942 1872 :
1967 1816 2092 1889 quia
2124 1816 2174 1877 B
2200 1821 2330 1876 alibi
2374 1836 2495 1877 cum
2543 1818 2603 1878 se
2651 1822 3025 1878 fraudulenter
3075 1822 3399 1894 interrogari
3446 1821 3753 1878 adverteret
3781 1863 3798 1889 ,

485 1919 709 1976 divitias
738 1919 1032 1974 saeculares
1060 1927 1115 1974 et
1155 1933 1439 1974 successus
1469 1914 1832 1986 corporalium
1868 1930 2096 1984 prospe-

481 2029 669 2070 rorum
689 2013 812 2068 loco
837 2011 1190 2067 beatitudinis
1209 2009 1505 2066 aestimavit
1527 2008 1908 2080 peccatoribus
1927 2007 2092 2061 abun-

484 2106 637 2162 dare.
665 2105 892 2176 Propter
917 2105 1060 2173 quod
1086 2103 1248 2160 etiam
1277 2103 1312 2158 ﬁ
1333 2103 1587 2174 tgellatus
1616 2111 1730 2166 est;
1763 2101 1858 2156 sed
1882 2099 2097 2170 ﬂ-ogella

477 2200 631 2270 justo
661 2197 904 2254 remedia
924 2198 1117 2252 salutis
1147 2205 1292 2252 sunt.
1320 2197 1530 2270 1113
1561 2195 1790 2265 Castigat
1816 2195 1960 2250 enim
1991 2193 2097 2248 Do-

489 2293 660 2347 minus
690 2307 889 2347 omnem
921 2291 1090 2361 ﬁlium
1118 2307 1269 2361 quem
1297 2291 1478 2358 reciptt
1509 2286 1665 2358 (Heb.
1706 2302 1802 2351 χιι,
1829 2287 1908 2356 6).
1946 2285 2098 2342 Unde

486 2389 651 2445 etiam
686 2386 849 2442 David
874 2402 1170 2443 conversus
1207 2385 1272 2439 ad
1314 2383 1528 2439 |t0tuini
1553 2383 1899 2445 cbaritaletn,
1933 2389 2098 2450 atque

488 2482 542 2536 in
562 2483 682 2550 ejus
703 2481 948 2537 eruditus
972 2479 1282 2549 praeceptis,
1304 2493 1414 2533 nou
1439 2477 1695 2547 ignorans
1715 2473 1860 2544 quod
1877 2472 2098 2528 caducis

486 2578 691 2632 caduca
731 2574 958 2629 fortuito
986 2572 1219 2643 quodam
1251 2570 1566 2626 deferantur
1592 2580 1809 2630 eventu,
1864 2576 1918 2621 et
1971 2567 2096 2636 quia

486 2686 596 2726 tton
625 2668 938 2723 divitiarum
962 2664 1316 2730 abundantia,
1351 2663 1447 2718 sed
1480 2663 1739 2716 virtutum
1768 2659 1942 2731 gratia
1973 2659 2097 2713 vita:

485 2759 790 2834 probabilis
819 2761 1010 2816 merita
1042 2765 1362 2829 pensantur,
1387 2755 1579 2811 dilexit
1598 2754 1768 2826 magis
1794 2770 1956 2825 quam
2003 2752 2122 2807 de-'

485 2853 704 2924 reliquit
737 2851 984 2907 mandata
1015 2851 1132 2916 Dei,
1165 2850 1362 2921 quibus
1387 2849 1520 2903 Solis
1561 2850 1733 2918 potuit
1781 2847 2097 2918 iugruentes

488 2945 761 3016 nequitias
791 2944 1090 3010 stiiritales,
1111 2952 1165 2998 et
1182 2943 1524 3012 insurgentes
1549 2940 1710 3010 hujus
1733 2940 1982 3010 corporis
2003 2955 2098 3005 ap-

489 3044 693 3111 petitus
713 3036 769 3092 in
798 3039 898 3091 hac
925 3046 1030 3090 tam
1052 3035 1256 3104 fragilis
1288 3043 1498 3088 natura:
1521 3033 1836 3088 inﬁrmitate
1870 3047 2098 3100 supera-

493 3151 579 3190 re.
607 3133 796 3202 Magna
829 3130 991 3201 igitur
1013 3129 1188 3184 virtus
1213 3170 1229 3194 ,
1261 3143 1382 3198 quae
1408 3127 1510 3182 sub
1557 3127 1720 3180 tantis
1757 3127 2096 3196 persecutio-

2199 1917 2335 1973 dixit
2370 1936 2382 1972 :
2423 1917 2618 1989 Vulpes
2667 1921 2841 1990 foveas
2868 1919 3086 1984 habent,
3135 1926 3183 1972 et
3227 1917 3464 1972 uolucres
3506 1917 3619 1972 cali
3649 1917 3800 1970 nidos

2200 2009 2286 2065 ubi
2307 2011 2626 2082 requiescant
2654 2010 2870 2082 (Matth.
2896 2027 2989 2066 vut
3013 2052 3028 2077 ,
3049 2011 3175 2081 20);
3208 2025 3274 2066 eo
3302 2009 3446 2081 quod
3482 2009 3802 2065 fraudulen-

2200 2111 2284 2158 ter
2333 2104 2386 2158 in
2419 2105 2758 2159 terrestrium
2811 2105 3128 2176 passionum
3180 2102 3502 2174 quibusdam
3557 2103 3805 2158 latibulis

2200 2196 2576 2253 demorentur.
2615 2197 2769 2254 Unde
2795 2199 2960 2253 etiam
2999 2199 3228 2254 Samson
3280 2197 3436 2252 binas
3477 2196 3666 2268 vulpes
3695 2196 3805 2252 sibi

2202 2291 2421 2356 nexuit,
2452 2290 2520 2346 ad
2559 2307 2786 2362 quarum
2820 2290 3025 2347 caudas
3065 2290 3316 2362 alligavit
3345 2289 3510 2356 faces,
3541 2300 3597 2346 et
3635 2289 3804 2345 dimi-

2200 2383 2272 2439 sit
2297 2397 2392 2438 eas
2415 2397 2512 2453 per
2533 2399 2740 2439 messes
2769 2383 3188 2456 Allophylorum
3213 2382 3416 2453 (Judic.
3445 2399 3548 2450 xv,
3576 2383 3610 2437 4
3635 2392 3692 2439 et
3710 2383 3802 2454 5);

2201 2492 2300 2548 per
2328 2477 2467 2532 hanc
2495 2478 2720 2550 ﬁguram
2751 2479 3066 2550 signiﬁcans
3097 2478 3240 2548 quod
3293 2477 3524 2546 improbi
3565 2492 3627 2532 ae
3654 2477 3809 2532 frau-

2201 2570 2404 2626 dulenti
2431 2571 2703 2639 homines,
2751 2581 2808 2628 et
2837 2571 3072 2628 maxime
3099 2569 3343 2627 haeretici
3369 2612 3383 2634 ,
3421 2569 3646 2625 liberam
3692 2570 3802 2626 liu-

2200 2677 2358 2733 gnam
2393 2663 2624 2718 habeant
2653 2661 2720 2717 ad
2747 2662 3055 2718 latrandum
3082 2707 3096 2731 ,
3127 2663 3223 2718 sed
3257 2661 3436 2718 exitus
3463 2660 3758 2731 impeditos
3789 2677 3803 2714 :

2201 2754 2229 2793 ι)
2266 2763 2357 2810 aut
2385 2755 2616 2827 litigiosa
2649 2756 2915 2827 principia
2939 2797 2954 2821 ,
2991 2756 3151 2810 ﬁnem
3185 2755 3542 2811 vero-fraudis
3571 2768 3686 2810 sua:
3713 2754 3806 2809 in.

2202 2848 2398 2905 eendio
2443 2849 2784 2921 deputatum.
2842 2848 3076 2920 Ideoque
3106 2857 3161 2904 et
3190 2858 3460 2905 trecentas
3496 2847 3688 2919 vulpes
3716 2846 3805 2902 di-

2202 2943 2352 2998 misit
2371 2985 2384 3008 ,
2417 2959 2483 2998 eo
2507 2943 2650 3015 quod
2675 2942 2865 3014 perﬁdi
2897 2941 3110 3016 1115.
3132 2943 3310 2999 crucis
3334 2942 3553 3013 quidem
3583 2956 3643 2997 se
3668 2955 3810 3010 pra:-

2202 3035 2476 3092 dicatione
2520 3036 2902 3093 commendare
2951 3036 3306 3102 desiderant,
3337 3034 3435 3092 sed
3479 3033 3808 3105 mysterium

2203 3130 2321 3201 ejus
2344 3139 2528 3186 tenere
2557 3146 2662 3185 non
2697 3138 2923 3201 p0ssunt
2946 3170 2961 3195 ,
2989 3127 3083 3200 qui
3105 3126 3208 3183 hac
3239 3126 3628 3198 praedicatione
3655 3140 3813 3182 com—

497 3226 657 3282 nibus
685 3223 1003 3289 constituta,
1035 3230 1089 3277 et
1121 3237 1258 3292 pene
1288 3235 1548 3291 oppressa
1571 3237 1586 3286 ;
1609 3227 1790 3275 tamen
1819 3234 2096 3275 suumnon
2125 3213 2172 3278 C
2203 3223 2379 3296 posita
2430 3234 2483 3279 et
2512 3223 2644 3280 falsa
2682 3234 2844 3295 atque
2873 3222 3124 3278 simulata
3180 3237 3342 3278 urere
3397 3219 3568 3292 magis
3597 3217 3813 3274 fructus

499 3334 584 3380 eSt
622 3320 790 3377 oblita
817 3318 1157 3390 praesidium,
1188 3331 1290 3373 nec
1340 3315 1594 3372 mandata
1638 3313 1855 3370 Domini
1903 3313 2104 3370 dereli-

503 3416 637 3486 quit.

569 3507 662 3562 27.
687 3506 869 3578 (Vers.
891 3504 1011 3576 88.)
1033 3504 1159 3559 Ideo
1175 3505 1299 3574 quia
1318 3501 1494 3557 solum
1513 3499 1618 3556 sibi
1643 3501 1809 3556 Deum
1835 3499 2105 3572 profuisse

497 3600 784 3672 cognorit,
814 3613 1004 3668 preces
1032 3597 1097 3652 ad
1131 3597 1417 3651 Dominum
1433 3594 1700 3665 dirigens.
1721 3594 1796 3648 ait
1825 3610 1983 3649 versu
2015 3608 2104 3648 se-

499 3694 685 3767 quenti
719 3710 734 3747 :
769 3691 1075 3748 Secundum
1119 3687 1530 3744 misericordiam
1561 3697 1704 3741 luam
1731 3687 1938 3757 viviﬁra
1975 3702 2055 3740 me
2087 3700 2105 3739 :

502 3800 551 3843 et
580 3787 866 3842 custodiam
914 3786 1206 3840 testimonia
1235 3785 1340 3838 oris
1381 3783 1457 3838 ιιιί
1488 3782 1651 3854 (Sup.
1685 3797 1733 3835 υ.
1789 3781 1904 3852 17).
1937 3782 2106 3847 Quam

502 3880 925 3937 viiiﬁcationem
958 3876 1043 3932 Sui
1073 3876 1340 3946 postulet,
1373 3889 1540 3946 supra
1559 3873 1824 3940 diximus;
1852 3873 1976 3943 quia
2000 3889 2108 3928 non

506 3975 559 4031 id
593 3983 844 4046 precatus
867 3980 952 4027 est
976 3970 1119 4042 quod
1153 3969 1417 4034 habebat,
1449 3967 1544 4022 sed
1570 3967 1713 4038 quod
1736 3965 2106 4034 desiderabat,

508 4071 560 4125 id
586 4077 701 4132 est,
729 4075 790 4122 ut
821 4068 1030 4120 viveret
1056 4065 1107 4118 itt
1138 4071 1434 4130 mternum,
1459 4061 1768 4130 intelligens
1787 4059 1910 4114 vita:
1938 4057 2112 4115 beati-

512 4162 753 4218 tudinem
805 4160 860 4215 in
898 4159 1004 4213 hoc
1040 4155 1321 4212 ﬂuctuanti
1363 4166 1417 4210 et
1469 4153 1638 4210 inﬁdo
1678 4152 1836 4209 nobis
1881 4166 2113 4222 corpore

513 4272 635 4314 esse
658 4271 765 4311 non
798 4268 979 4324 posse.
999 4251 1156 4321 cujus
1183 4249 1527 4305 imbecillitas
1554 4249 1890 4318 propositum
1915 4247 2110 4302 animae

511 4349 874 4417 derelinquat.
907 4345 1056 4414 Opus
1087 4353 1171 4399 est
1199 4357 1330 4412 ergo
1353 4341 1720 4396 misericordia
1752 4341 1877 4405 Dei,
1903 4349 1960 4394 ut
1981 4354 2112 4394 eon-

515 4441 663 4495 tiuua
691 4447 747 4492 et
775 4445 1036 4507 perpetua
1066 4435 1136 4490 sit
1176 4434 1229 4488 itt
1277 4431 1380 4486 hoc
1417 4446 1649 4500 corpore
1693 4429 2016 4496 viviﬁratio;
2053 4441 2113 4484 ut

514 4529 756 4603 quotidie
802 4528 982 4600 justus
1013 4528 1127 4583 Deo
1167 4525 1348 4590 vivat,
1377 4531 1711 4594 peceatoque
1737 4522 2020 4578 moriatur.
2052 4523 2110 4579 Si

2205 3325 2472 3374 conantur
2525 3317 2762 3383 alienos;
2804 3331 2929 3372 cum
2984 3315 3170 3383 utique
3220 3330 3348 3370 vera
3399 3327 3532 3369 crux
3594 3309 3815 3366 Domini

2206 3425 2313 3465 non
2341 3418 2534 3465 exurat
2573 3409 2749 3465 aliena
2791 3408 3016 3476 merita,
3048 3406 3145 3464 sed
3180 3405 3453 3462 fecundat.
3506 3402 3815 3472 Meritoque

2204 3504 2467 3574 scriptum
2495 3513 2575 3560 est
2606 3503 2658 3558 iu
2696 3501 2934 3558 Canticis
2979 3503 3318 3556 canticorum
3351 3517 3364 3552 :
3393 3497 3643 3553 Prendite
3666 3495 3816 3550 nobis

2206 3595 2390 3664 vulpes
2429 3595 2648 3666 pusillas
2676 3594 3078 3649 exterminantes
3109 3593 3316 3658 vineas;
3347 3603 3403 3645 ut
3437 3591 3596 3645 vincte
3624 3598 3820 3643 nostrae

2209 3689 2426 3757 ﬂoreant
2475 3685 2652 3757 (Cant.
2701 3702 2771 3752 ιι,
2827 3684 2940 3757 15).
2971 3686 3090 3752 Quo
3139 3683 3468 3748 ostenditur,
3523 3679 3666 3752 quod
3728 3678 3818 3734 vel

2211 3781 2475 3836 Dominus
2496 3780 2675 3848 Jesus,
2708 3779 2795 3835 vel
2839 3778 3116 3842 Ecclesia,
3152 3774 3623 3832 fraudulentorum
3654 3770 3820 3826 dolos

2211 3889 2240 3929 a
2272 3874 2448 3930 vineis
2486 3875 2600 3929 suis
2619 3871 3066 3929 exterminandas
3088 3883 3212 3926 esse
3242 3867 3600 3938 praecipiant;
3630 3878 3701 3919 ne
3721 3878 3822 3934 pu-

2211 3968 2412 4025 sillulis
2433 3967 2608 4024 vineis
2636 3975 2868 4022 noceant
2889 4005 2905 4032 ,
2935 3976 2957 4003 ο
2990 3964 3114 4036 quia
3134 3961 3466 4031 adultisjam
3491 3958 3696 4013 vitibus
3727 3971 3822 4011 no.

2213 4077 2342 4118 cere
2363 4077 2471 4119 non
2496 4070 2741 4132 possunt.
2771 4057 3072 4116 Haereticus
3103 4057 3249 4112 enim
3291 4051 3670 4125 imperfectum
3700 4058 3822 4105 ten-

2215 4162 2336 4210 tare
2371 4161 2586 4224 potest,
2616 4167 2723 4208 non
2751 4157 2932 4222 potest
2961 4149 3315 4220 supplantare
3347 4143 3673 4218 perfectum.

2651 4288 2887 4348 SERMO
2927 4285 3389 4345 DUODECIMUS.

2859 4395 2911 4471 Β.
2953 4410 3169 4467 Lamed.

2296 4524 2347 4578 1.
2389 4524 2588 4580 Lamed
2634 4524 2813 4581 littera
2842 4524 3167 4581 duodecima
3210 4522 3435 4592 incipit,
3463 4519 3618 4592 cujus
3645 4519 3824 4576 inter-

513 4625 660 4680 enim
685 4622 843 4691 culpa
887 4620 1150 4675 moriatur
1178 4619 1230 4673 in
1260 4617 1416 4673 nobis
1439 4658 1452 4682 ,
1478 4616 1585 4672 erit
1605 4615 1713 4670 vita
1741 4615 1852 4671 Deo
1896 4616 2114 4683 vivens,
2143 4603 2198 4664 Ῑ)
2224 4616 2459 4686 pretatio
2480 4657 2495 4681 ,
2527 4633 2638 4684 cor,
2666 4617 2753 4673 vel
2775 4625 2835 4672 ut
2872 4617 2978 4672 alia
3019 4615 3400 4686 interpretatio
3431 4614 3624 4679 habet,
3654 4627 3823 4668 servo.

518 4730 573 4773 et
626 4713 870 4771 custodia
925 4719 1319 4782 praceptorum
1377 4710 1680 4766 caelestium
1727 4723 2116 4779 perseverans,

520 4825 682 4882 quam
731 4811 919 4878 utique
971 4803 1063 4859 ille
1116 4803 1386 4870 custodit,
1441 4803 1534 4872 qui
1585 4802 1887 4858 viviﬁcatur
1936 4817 1967 4857 τι
2011 4801 2120 4859 Do-

526 4906 695 4962 mino.

589 4999 682 5053 25“.
729 4995 968 5065 Denique
988 4991 1246 5048 viviﬁcari
1277 5006 1337 5046 se
1367 4998 1492 5044 ante
1519 4988 1696 5060 poscit
1722 5003 1751 5042 a
1785 4989 2036 5054 Domino,
2063 5000 2119 5045 et

521 5102 708 5162 postea
739 5087 1042 5143 custodiam
1076 5083 1514 5139 testimoniorum
1546 5081 1846 5137 ccelestium
1897 5081 2120 5150 pollice-

520 5196 634 5248 tur;
685 5197 791 5236 nou
824 5181 968 5235 enim
995 5179 1303 5232 communis
1334 5173 1451 5228 hate
1490 5171 1594 5228 vita
1629 5173 1862 5228 custodit
1898 5174 2120 5228 caeleste

521 5276 832 5331 mandatum
855 5315 870 5339 ,
895 5273 991 5328 sed
1026 5272 1116 5324 illa
1144 5286 1263 5340 ιιιιειε
1294 5283 1518 5324 munere
1546 5265 1769 5321 fulcitur
1793 5276 1997 5322 interno
2023 5282 2120 5336 per

521 5372 896 5440 operationem
935 5367 1128 5437 gratia:
1171 5362 1454 5433 spiritalis.
1505 5361 1800 5416 Possumus
1836 5361 1996 5416 etiam
2039 5361 2120 5415 sic

588 5542 613 5568 η
658 5529 862 5585 Omnes
909 5521 1062 5582 edit.,
1117 5518 1331 5586 offendit
1384 5517 1614 5584 (quando
1664 5516 1970 5570 mediastino
2011 5517 2121 5584 filio

517 5601 793 5671 tlelirattte)
818 5593 1338 5671 catttuttteliant,_ete.
1368 5589 1571 5671 verum
1603 5605 1740 5671 quae
1774 5588 2122 5643 includuntur

513 5675 747 5737 uncinis,
777 5660 1008 5735 'prorsus
1031 5666 1082 5718 itt
1123 5661 1288 5737 tttt_|lis
1313 5660 1438 5714 cod.
1465 5661 1831 5737 reperiuntur.

590 5745 616 5783 ι»
647 5729 746 5800 διό
769 5729 901 5795 mss.
935 5751 1149 5790 omnes.
1176 5731 1374 5787 Contra
1407 5746 1538 5785 vero
1573 5730 1731 5803 edit.,
1764 5740 1850 5803 aut
1878 5729 2123 5803 religiosa

527 5815 808 5890 principia.
839 5810 1016 5865 Minus
1041 5805 1213 5870 bene;
1247 5803 1372 5859 licet
1395 5803 1540 5858 enim
1569 5801 1850 5873 religionis
1885 5801 2121 5871 speciem

2227 4708 2384 4766 Unde
2411 4709 2625 4765 videtur
2668 4709 2985 4775 admonere,
3017 4708 3103 4765 vel
3134 4708 3429 4779 prudenter
3473 4706 3590 4762 htec
3626 4705 3830 4762 intelli-

2225 4803 2434 4874 genda,
2479 4803 2563 4858 vel
2608 4803 2842 4860 sollicite
2889 4802 3154 4859 servanda
3200 4811 3492 4872 praecepta.
3542 4799 3675 4855 Nam
3723 4797 3830 4855 hoc

2227 4897 2436 4968 primus
2465 4897 2646 4951 statim
2693 4896 2994 4952 versiculus
3021 4895 3300 4950 admonet.
3348 4893 3457 4948 Cor
3490 4891 3693 4948 etenim
3722 4889 3828 4945 sibi

2227 4988 2487 5044 numdum
2534 4988 2709 5044 creari
2755 4989 2810 5042 in
2866 4985 3244 5057 superioribus
3289 4984 3378 5040 hic
3418 4982 3726 5052 Propheta,
3768 4990 3831 5036 ut

2229 5081 2463 5152 legimus
2493 5082 2668 5156 (Psal.
2702 5099 2756 5150 ι,
2802 5081 2917 5152 12),
2959 5079 3272 5151 postulavit.
3305 5078 3412 5134 Cor
3457 5077 3560 5133 sibi
3587 5075 3827 5146 prudens

2229 5178 2346 5232 dari
2378 5179 2555 5233 oravit
2577 5194 2607 5232 a
2640 5176 2871 5233 Domino
2894 5176 3038 5230 ﬁlius
3062 5173 3224 5245 hujus
3251 5172 3530 5228 Salomon.
3553 5169 3658 5237 Qui
3694 5182 3829 5238 ergo

2229 5269 2394 5324 habet
2442 5285 2536 5326 cor
2586 5269 2883 5332 mundum,
2916 5267 3008 5338 qui
3044 5266 3207 5323 habet
3248 5280 3345 5322 eor
3388 5263 3660 5335 prudens,
3709 5261 3830 5332 ipse

2229 5362 2482 5434 intelligit
2526 5363 2726 5419 seriem
2755 5360 3092 5417 subditorum
3133 5373 3424 5426 versuum,
3467 5367 3633 5427 atque
3661 5354 3830 5409 virtu-

2229 5519 2529 5575 secessioui
2567 5534 2681 5574 sure
2711 5517 3010 5575 obtendere
3041 5518 3256 5573 soleant
3297 5515 3579 5580 haeretici,
3612 5530 3719 5570 non
3743 5523 3826 5569 ta-

2228 5606 2350 5645 men
2381 5590 2628 5646 absolute
2673 5589 2781 5644 diei
2813 5590 3015 5646 debent
3038 5630 3054 5651 .
3087 5588 3331 5644 maxime
3377 5590 3431 5644 in
3471 5588 3735 5643 concione
3760 5584 3829 5641 ad

2231 5661 2486 5735 populum
2507 5702 2523 5728 ,
2555 5677 2744 5735 eorum
2768 5663 3014 5735 religiosa
3045 5661 3330 5735 principia.

2305 5729 2326 5772 ίε
2359 5733 2486 5788 lllss.
2519 5733 2758 5803 aliquot,
2789 5729 2908 5804 quia
2937 5732 3130 5787 adultis
3149 5729 3266 5804 jam
3293 5729 3503 5786 viribus.
