3982 6486
132 356 314 412 1361

1261 358 1328 414 ΙΝ
1368 359 1701 421 PSALMUM
1737 365 1949 422 CXVIII
1990 366 2374 426 EXPOSITIO.

3339 376 3482 433 I562

129 483 282 530 tem
316 473 417 546 (Ill
442 475 574 547 Reg.
608 490 681 542 l.\',
722 475 800 548 9).
838 473 994 531 Unde
1023 484 1078 530 et
1115 475 1242 532 alibi
1274 477 1584 534 invenimus
1617 488 1641 516 α
1681 495 1778 537 eor
1804 485 1858 545 Α
1883 494 2214 554 perseverat.
2269 485 2438 541 Serva
2487 501 2616 558 ergo
2661 488 2884 544 verbum
2940 489 3072 558 Dei,
3119 500 3176 546 et
3215 506 3369 547 serva
3423 492 3480 546 in

126 567 388 633 solum,
421 567 472 622 id
502 577 622 633 est,
663 569 746 623 vel
788 567 1088 637 singulare,
1120 567 1206 624 vel
1241 568 1385 639 quod
1416 570 1566 624 nulla
1595 570 1780 628 illece-

127 661 269 716 bra
301 661 470 731 hujus
496 662 680 717 saeculi
705 663 998 732 impediat,
1029 670 1085 718 et
1123 663 1302 718 carnis
1322 663 1496 734 possit
1517 663 1778 721 intertur-

123 753 307 808 bare
339 754 624 822 sapientia.
656 754 755 823 Qui
779 763 959 809 autem
991 755 1153 810 habet
1170 769 1284 818 cor,
1317 764 1499 810 servat
1525 756 1777 812 mandata

125 842 265 900 Dei
298 862 312 898 :
346 845 798 916 quemadmodum
846 845 1024 917 legisti
1070 848 1136 902 de
1168 846 1367 914 Maria,
1396 863 1516 919 qua:
1557 862 1780 903 conser-

123 934 340 990 vabat
393 935 578 991 omnia
618 935 836 992 Domini
886 936 1188 992 Salvatoris
1243 936 1296 992 in
1344 937 1509 993 corde
1554 952 1655 994 suo
1691 938 1779 994 vel

129 1026 322 1084 dicta
346 1069 363 1094 ,
388 1029 470 1084 vel
501 1037 656 1100 gesta
688 1028 844 1101 (Luc.
876 1046 949 1097 ιι,
978 1030 1098 1100 5|).

228 1119 302 1174 2.
349 1122 819 1179 (Ιίνωιιιοίιιιηιις
847 1139 982 1195 ergo
1006 1139 1114 1179 ur
1155 1130 1404 1180 nostrum
1434 1141 1448 1178 :
1495 1123 1630 1180 nihil
1658 1139 1778 1180 eor—

126 1229 442 1287 porcum,
483 1216 617 1272 nihil
662 1216 766 1272 vile
814 1233 1117 1289 quieramus
1168 1237 1180 1271 :
1234 1217 1340 1272 vile
1386 1225 1566 1273 autem
1616 1232 1779 1274 onme

132 1319 483 1364 terrenum.
517 1308 662 1365 Nihil
689 1324 818 1380 ergo
854 1320 1126 1366 terrenum
1151 1352 1167 1378 ,
1195 1310 1331 1366 nihil
1370 1312 1658 1380 smculare,
1692 1315 1777 1368 ni-

132 1401 237 1457 hil
269 1417 630 1474 corporeum,
664 1405 796 1460 nihil
821 1406 939 1462 leve
967 1415 1128 1478 atque
1173 1407 1435 1464 mutabile
1465 1408 1516 1462 in
1545 1408 1778 1478 eloquiis

131 1497 574 1554 constituamus
609 1498 944 1556 caelestibus.
975 1498 1203 1572 Eloquia
1233 1501 1377 1558 enim
1407 1501 1641 1568 Domini,
1671 1504 1780 1559 elo-

131 1598 292 1668 quia
322 1606 468 1652 casta
497 1596 673 1670 (Psal.
702 1613 757 1653 ιιι
776 1640 791 1664 ,
833 1597 921 1669 7);
954 1607 1014 1653 ut
1039 1597 1123 1653 bis
1167 1597 1555 1671 mysteriorum
1582 1599 1777 1656 cmles-

137 1688 307 1743 tium
333 1687 677 1744 immaculata
707 1699 760 1744 et
792 1690 986 1761 pudica
1016 1691 1302 1746 sinceritas
1330 1691 1560 1762 spiritali
1608 1692 1776 1747 inter—

136 1781 484 1852 pretatione
513 1782 874 1852 reSpleudeat.
901 1783 1022 1840 Non
1063 1784 1368 1841 adulterina
1396 1785 1629 1856 quadam
1656 1785 1776 1856 Opi-

1882 576 2046 631 corde
2085 587 2196 642 tuo,
2223 589 2278 634 et
2307 579 2379 634 ita
2407 596 2587 646 serva,
2617 597 2685 637 ne
2723 581 3085 639 obliviscaris.
3113 583 3277 639 Serva
3303 585 3475 657 legem

1883 666 2122 733 Domini,
2158 672 2540 746 eerneditare;
2588 689 2654 728 ne
2693 673 3114 744 joStilicatioues
3147 675 3357 730 Domini
3408 676 3480 732 de

1882 769 1976 815 tuo
2004 761 2172 817 corde
2212 763 2485 820 labantur.
2530 767 2696 822 Docet
2738 777 2790 822 te
2815 769 3010 824 litterae
3062 771 3478 839 interpretatio,

1882 861 1938 906 ut
1965 867 2151 907 serves
2180 853 2488 924 diligenter.
2519 857 2688 913 Docet
2714 866 2768 914 te
2812 860 3082 929 Propheta
3113 861 3166 917 in
3201 861 3434 918 subditis
3459 903 3477 930 ,

1880 943 2110 999 dicens:
2144 944 2265 999 Nisi
2305 947 2427 1016 quia
2475 949 2560 1002 lea;
2603 959 2690 1004 tua
2719 952 2986 1007 meditatio
3027 971 3150 1008 mea
3195 965 3305 1020 est,
3355 965 3480 1008 tunc

1880 1038 2097 1110 forsitan
2129 1039 2396 1108 periissem
2440 1040 2495 1094 in
2523 1041 2817 1097 humilitate
2846 1061 2976 1100 mea.
3012 1045 3078 1100 In
3098 1057 3348 1100 a‘ternum
3373 1062 3480 1101 non

1880 1132 2153 1186 obliviscar
2191 1133 2635 1202 justiﬁcationum
2685 1146 2891 1191 tuarum
2932 1138 3068 1212 (Inf.
3099 1157 3145 1195 υ.
3172 1140 3243 1197 92
3275 1152 3322 1196 et
3356 1141 3471 1211 95).

1878 1223 2042 1294 Legis
2063 1240 2192 1296 ergo
2221 1225 2504 1284 inedita“
2523 1226 2649 1302 facit
2671 1271 2686 1295 ,
2720 1238 2782 1284 ut
2809 1238 3049 1299 tempora
3076 1234 3472 1298 tribulationis,

1879 1327 2122 1386 tempora
2153 1319 2346 1390 quibus
2370 1320 2721 1376 humiliamur
2743 1323 3015 1393 aliquibus
3051 1326 3296 1382 adversis
3318 1368 3332 1391 ,
3356 1341 3479 1382 sus-

1879 1411 2054 1466 tinere
2099 1422 2154 1466 et
2216 1412 2451 1468 tolerare
2501 1415 2799 1484 possimus;
2851 1427 2909 1470 ut
2967 1432 3143 1487 neque
3189 1419 3479 1475 humiliato

1877 1502 2068 1568 nimis,
2125 1519 2300 1574 neque
2344 1504 2558 1574 deiecto
2607 1506 2919 1577 l'rangamur
2961 1507 3180 1564 affectu.
3234 1510 3474 1581 Denique

1876 1595 2137 1650 Dominus
2168 1611 2273 1651 non
2305 1595 2478 1668 frangi
2511 1613 2610 1653 nos
2642 1598 2952 1655 humilitate
2992 1615 3166 1670 usque
3189 1599 3256 1654 ad
3278 1599 3477 1671 despe-

1878 1689 2142 1744 rationem
2172 1690 2320 1757 vult,
2351 1691 2450 1745 sed
2483 1707 2652 1762 usque
2677 1694 2742 1748 ad
2766 1694 3186 1760 correptionem.

1948 1781 2001 1836 6.
2045 1780 2200 1838 Unde
2222 1793 2275 1837 et
2308 1783 2608 1840 Hieremias
2637 1787 2902 1855 propheta
2931 1787 3033 1842 sub
3079 1785 3180 1842 hac
3207 1786 3387 1842 littera
3417 1788 3475 1842 in

130 1876 337 1932 nione
366 1876 689 1933 misceamus
739 1889 956 1934 terrena
988 1878 1216 1945 divinis,
1255 1888 1310 1935 et
1357 1877 1492 1934 illud
1543 1879 1772 1934 inviola-
1805 1871 1851 1932 B
1879 1874 2114 1929 Threnis
2137 1876 2212 1929 ait
2244 1894 2255 1928 :
2294 1874 2364 1930 Ut
2394 1877 2692 1932 humiliaret
2718 1879 2810 1932 sub
2831 1878 3046 1945 pedibus
3076 1895 3250 1932 eomes
3281 1879 3481 1934 vinctos

129 1967 263 2024 bile
299 1978 709 2046 sgerameutum
738 1971 1077 2042 propheticaa
1103 1971 1360 2035 visionis,
1395 1979 1486 2026 aut
1516 1972 1769 2042 perennis

131 2063 382 2118 oraculi
413 2073 621 2118 natura:
651 2073 851 2118 nosmr:
897 2064 1258 2119 :estimatioue
1307 2062 1594 2118 violemus.
1642 2063 1769 2119 Ideo

129 2154 309 2210 enim
345 2155 557 2212 addidit
584 2175 599 2212 :
629 2158 916 2229 Argentum
933 2159 1052 2230 igne
1079 2159 1451 2226 examinatum,
1487 2169 1769 2230 purgatum

133 2258 340 2314 terra,
381 2251 652 2320 probatum
679 2254 971 2324 septuplum
997 2251 1224 2324 (lbid.);
1249 2263 1306 2306 ut
1337 2261 1609 2322 tamquam
1639 2250 1769 2306 boni

132 2341 519 2398 nummularii
550 2343 745 2415 spiritu
769 2347 1146 2402 examinemus
1168 2346 1474 2416 prophetici
1498 2346 1768 2402 sermonis

134 2446 452 2508 argentum
473 2479 488 2505 ,
518 2448 867 2495 secerneates
907 2440 1118 2494 Domini
1150 2440 1431 2510 pecuniam
1457 2481 1471 2505 ,
1501 2447 1668 2510 atque
1697 2438 1766 2495 ab

136 2531 310 2586 ornlii
367 2530 490 2587 labe
543 2540 758 2588 terrena
808 2533 1062 2588 salutaris
1101 2533 1271 2589 fontis
1318 2533 1588 2590 inlusione
1635 2550 1765 2606 pur-

138 2634 390 2695 gantes;
426 2634 482 2678 ut
513 2624 734 2681 Christo
761 2625 919 2698 digna
943 2627 1149 2682 sentire
1178 2627 1480 2693 videamur,
1512 2627 1604 2698 qui
1641 2628 1715 2682 ait
1751 2645 1764 2679 :

140 2716 348 2771 Nolite
376 2716 729 2772 thesaurizare
770 2720 910 2773 vobis
950 2720 1002 2772 in
1030 2728 1190 2784 terra,
1218 2720 1306 2773 ubi
1331 2735 1507 2789 teruga
1543 2728 1590 2773 et
1629 2719 1768 2774 tinea

143 2807 607 2863 exterminant....
637 2810 728 2864 sed
771 2810 1114 2866 thesaurizate
1142 2811 1282 2866 vobis
1304 2811 1357 2864 in
1389 2811 1516 2865 calo
1550 2809 1762 2881 (Matth.

143 2913 236 2966 vr,
279 2899 354 2955 l9
386 2908 447 2954 et
469 2899 590 2969 20).

223 2993 284 3049 3.
329 2990 660 3049 Thesaurus
683 3002 806 3050 tuus
826 3003 908 3050 est
936 2994 1101 3063 lides,
1129 2997 1330 3067 pietas,
1355 2993 1763 3051 misericordia:

148 3088 468 3145 thesaurus
495 3096 617 3144 tuus
651 3089 899 3146 Christus
940 3101 1043 3146 est.
1074 3090 1194 3146 Noli
1226 3106 1348 3147 eum
1380 3089 1652 3146 aestimare
1699 3089 1768 3146 de

150 3182 352 3247 terris,
403 3179 509 3235 hoc
542 3191 659 3246 est,
689 3182 758 3237 de
783 3186 1087 3250 creaturis;
1129 3183 1253 3255 quia
1297 3184 1555 3239 Dominus
1597 3185 1765 3240 totius

1876 1976 2047 2032 terrae,
2078 1978 2126 2021 et
2158 1969 2441 2024 declinaret
2460 1972 2728 2044 judicium
2756 1971 2854 2025 viri
2883 1983 3066 2026 contra
3095 1973 3281 2042 faciem
3310 1973 3475 2028 Altis-

1873 2062 2027 2131 simi,
2057 2061 2124 2115 ad
2152 2063 2600 2118 condemnandum
2646 2065 2926 2130 hominem,
2955 2081 3071 2119 cum
3115 2066 3407 2136 judicatur,
3443 2063 3472 2105 δ

1874 2156 2127 2210 Dominus
2154 2175 2256 2211 non
2286 2157 2417 2212 dixit
2441 2157 2655 2231 (Thren.
2693 2174 2782 2224 ιιι,
2813 2159 2881 2214 3t
2912 2169 2958 2211 et
2988 2158 3146 2228 seq.).
3182 2157 3243 2213 Et
3287 2156 3424 2213 infra
3456 2177 3472 2214 :

1872 2246 1952 2303 De
1977 2266 2063 2303 ore
2094 2249 2344 2304 Altissimi
2376 2266 2478 2305 non
2508 2252 2716 2305 exibunt
2754 2251 2894 2306 mala
2924 2248 3115 2323 (Ibid.,
3144 2250 3258 2323 58).
3286 2250 3476 2306 Ilutni-

1872 2341 1996 2395 litas
2022 2355 2153 2410 ergo
2179 2357 2300 2412 quae
2336 2356 2366 2395 a
2415 2343 2644 2398 Domino
2683 2352 2800 2410 est,
2830 2344 2986 2413 plena
3029 2343 3278 2413 iustitiae,
3317 2344 3478 2413 plena

1871 2441 1958 2489 est
1976 2433 2283 2502 aequitatis;
2316 2435 2439 2504 quia
2465 2451 2571 2490 nou
2603 2447 2798 2491 exeunt
2835 2437 2976 2490 mala
2999 2435 3068 2492 de
3102 2453 3197 2492 ore
3226 2436 3467 2494 Domini.

1875 2524 2114 2596 Denique
2141 2526 2232 2595 qui
2258 2527 2644 2581 bumiliabatur
2691 2543 2719 2580 a
2767 2527 3022 2589 Domino.
3063 2527 3278 2584 dicebat
3311 2546 3326 2585 :
3356 2527 3476 2583 Hu-

1872 2618 2098 2671 miliatus
2120 2634 2255 2682 sum,
2285 2627 2332 2672 et
2354 2619 2556 2673 saluum
2585 2635 2666 2672 me
2692 2619 2812 2688 fecit
2837 2617 3012 2690 (Psal.
3037 2634 3182 2684 cxtv,
3207 2619 3284 2690 6).

1944 2711 1998 2764 7.
2042 2711 2184 2782 Ergo
2249 2712 2390 2766 sicut
2463 2711 2759 2780 prudenter
2832 2710 3288 2766 considerandum
3353 2722 3472 2778 est,

1870 2805 2088 2874 quando
2119 2804 2393 2859 luunilitas
2446 2820 2475 2858 a
2527 2805 2757 2860 Domino
2800 2806 2866 2859 sit
2897 2820 3056 2860 causa
3101 2806 3470 2875 probationis”.

1871 2897 2090 2967 quando
2129 2899 2293 2953 etiam
2321 2898 2434 2968 ipsa
2466 2897 2534 2952 ab
2558 2897 2777 2952 homine
2819 2897 3119 2953 inferendae
3147 2897 3471 2954 humilitatis

1870 2990 2181 3060 impressio,
2203 3004 2324 3061 qua:
2352 2998 2534 3044 tamen
2558 2989 2672 3059 ipsa
2713 2988 2852 3043 solet
2884 2990 3138 3058 patientia
3166 3001 3219 3044 et
3249 3005 3471 3060 magna-

1871 3083 2116 3138 uimitate
2136 3083 2353 3138 tolerari
2389 3101 2400 3135 :
2433 3083 2504 3137 ita
2521 3083 2685 3138 etiam
2709 3083 2986 3153 sapienter
3005 3082 3468 3138 considerandum

1869 3176 1995 3245 quid
2037 3173 2144 3240 sit,
2179 3175 2233 3229 iu
2265 3185 2527 3230 aeternum
2559 3175 2613 3229 iu
2643 3175 2786 3231 coelo
2813 3174 3038 3230 verbum
3087 3175 3301 3230 Domini
3345 3189 3472 3246 per-

145 3281 438 3328 creaturae
460 3281 562 3326 εει.
597 3271 936 3341 Μαιεάὶειω,
974 3276 1145 3347 inquit
1167 3319 1182 3342 ,
1207 3275 1361 3330 homo
1383 3275 1472 3346 qui
1497 3292 1642 3346 spem
1669 3277 1761 3329 ha-
1792 3264 1838 3328 C
1869 3285 2090 3325 manere
2117 3287 2131 3324 :
2165 3270 2248 3325 vel
2269 3270 2407 3325 sicut
2430 3269 2593 3338 aliqui
2618 3268 2837 3324 Codices
2868 3269 3091 3325 habent.
3117 3271 3170 3324 in
3193 3269 3468 3338 amulum,

147 3367 231 3421 bet
261 3367 322 3420 in
360 3364 570 3419 homine
596 3363 812 3438 (Jerem.
844 3383 980 3435 xvu,
1014 3368 1069 3440 5)
1116 3387 1128 3422 :
1161 3369 1254 3425 sed
1311 3368 1444 3424 mihi
1491 3369 1640 3424 salus
1668 3385 1766 3439 per

147 3459 450 3516 hominem
481 3458 648 3513 venit.
682 3457 814 3514 Vide
842 3469 1021 3517 tamen
1051 3462 1176 3533 quid
1199 3461 1478 3533 Scriptura
1504 3469 1658 3517 vetus
1680 3462 1763 3518 dis

151 3555 299 3610 xerit
332 3572 348 3608 :
378 3551 452 3606 Et
478 3553 627 3606 homo
656 3563 763 3624 est,
794 3563 840 3610 et
865 3555 980 3625 quis
1007 3570 1272 3628 cognoscet
1291 3573 1408 3611 eum
1433 3555 1623 3628 (lbid.,
1657 3557 1762 3626 9)?

148 3645 250 3701 Ille
283 3645 458 3715 igitur
488 3643 650 3699 homo
680 3661 786 3700 nou
839 3646 1073 3702 humana
1118 3649 1278 3715 mihi,
1315 3648 1410 3704 sed
1452 3649 1632 3705 divina
1664 3665 1762 3721 po-

151 3747 358 3795 teState
388 3739 604 3811 1115
631 3740 812 3794 omnia
843 3751 1064 3811 peccata
1098 3741 1358 3805 donavit,
1390 3742 1529 3798 Deus
1555 3743 1608 3798 in
1640 3758 1761 3800 cor-

154 3851 291 3908 pore
333 3835 601 3889 Dominus
652 3833 834 3902 Jesus,
892 3836 1153 3892 mundum
1198 3838 1559 3893 reconcilians
1619 3838 1802 3906 sibi,'

153 3946 317 4002 quem
347 3928 658 3985 redimebat
681 3945 711 3984 a
740 3931 918 4001 culpa.

227 4023 285 4077 4.
319 4020 640 4077 'I‘hesaurus
684 4028 870 4077 noster
920 4023 1190 4091 pretiosus
1229 4024 1540 4079 intellectus
1569 4030 1670 4078 est.
1702 4021 1760 4077 Si

156 4125 410 4172 terrenus
437 4115 752 4170 intellectus
782 4114 979 4182 fuerit,
1021 4116 1064 4170 si
1092 4116 1324 4186 fragilis,
1357 4117 1610 4172 haeretica
1634 4130 1758 4169 eum

161 4209 306 4262 tinea
332 4249 346 4271 ,
372 4216 424 4262 et
460 4206 756 4274 impietatis
783 4220 966 4275 aerugo
1005 4216 1307 4261 consumet.
1337 4206 1601 4262 Levemus
1629 4221 1761 4276 ergo

159 4309 216 4357 et
241 4301 519 4370 erigamus
546 4312 737 4353 sensus
779 4308 1020 4364 nostros,
1067 4314 1165 4354 nec
1198 4299 1528 4369 impOSsibile
1549 4299 1761 4370 judice-

164 4413 321 4462 mus,
377 4403 433 4450 ut
464 4393 582 4448 haec
607 4393 828 4448 humani
868 4393 1113 4464 corporis
1154 4392 1440 4448 inﬁrmitas
1468 4393 1534 4448 ad
1573 4395 1759 4466 cogni-

162 4495 368 4550 tionem
428 4490 809 4563 mysteriorum
866 4490 1165 4546 caalestium
1216 4489 1582 4559 provehatur;
1633 4504 1756 4544 cum

161 4586 269 4656 jam
300 4583 366 4638 ad
399 4598 498 4638 nos
519 4582 782 4637 Dominus
810 4580 970 4637 Jesus
993 4622 1010 4648 ,
1041 4582 1094 4636 in
1123 4597 1229 4652 quo
1261 4581 1566 4636 absconditi
1599 4589 1757 4637 erant

1867 3365 1992 3435 quia
2019 3363 2240 3419 Graccus
2279 3367 2350 3425 εἰς
2389 3366 2477 3420 τὸν
2507 3365 2669 3419 αἰῶνα
2710 3363 2920 3433 posuit,
2953 3363 3096 3434 quod
3126 3363 3340 3419 diverse
3375 3363 3466 3420 in-

1868 3457 2148 3528 terpretati
2177 3467 2304 3513 sunt
2349 3457 2742 3512 translatores:
2774 3457 2865 3510 alii
2895 3457 2948 3510 in
2986 3467 3255 3521 wternum,
3289 3456 3378 3510 alii
3411 3459 3467 3513 in

1865 3553 2128 3609 saeculum.
2155 3552 2221 3607 In
2247 3553 2490 3607 steculum
2515 3567 2646 3622 ergo
2672 3561 2955 3622 permanet,
2980 3549 3220 3613 Domine,
3254 3552 3462 3606 uerbum

1865 3657 2010 3701 tuum
2039 3647 2091 3700 in
2137 3647 2282 3700 caelo.
2335 3646 2399 3700 Et
2449 3644 2721 3715 quomodo
2752 3645 2868 3716 ipse
2914 3643 3099 3700 dixisti
3149 3642 3392 3699 :Ccelum
3417 3659 3466 3700 et

1864 3752 2002 3798 terra
2033 3742 2326 3798 transibunt
2371 3759 2388 3795 :
2440 3741 2592 3796 verba
2629 3751 2800 3796 autem
2829 3758 2943 3797 mea
2991 3758 3093 3796 non
3121 3740 3462 3814 praeteribunt

1864 3833 2082 3906 (Matth.
2109 3851 2258 3899 xxxv,
2302 3832 2437 3904 55)?
2482 3834 2540 3888 lu
2573 3836 2828 3889 sarculum
2861 3843 3145 3904 permanet
3197 3833 3458 3898 verhmn,

1864 3942 1970 3982 non
2004 3927 2143 3982 ultra
2172 3927 2428 3981 smeulum
2460 3937 2515 3980 et
2543 3925 2775 3990 saecula;
2808 3924 3002 3980 sa-eula
3028 3924 3172 3979 enim
3198 3925 3462 3992 temporis

1861 4029 2010 4076 sunt.
2039 4018 2248 4075 (Icelum
2274 4034 2404 4089 ergo
2424 4027 2479 4074 et
2510 4028 2651 4074 terra
2671 4059 2685 4081 ,
2717 4017 2766 4071 id
2790 4027 2872 4072 est
2897 4059 2912 4082 ,
2935 4016 3090 4071 istius
3117 4017 3298 4070 mundi
3324 4031 3460 4086 ope-

1865 4127 1920 4165 ra
1955 4111 2340 4178 pra-terihuut,
2370 4121 2425 4165 et
2453 4121 2696 4178 tempora
2730 4109 3143 4176 permanebunt.
3172 4107 3323 4162 Alius
3367 4109 3461 4173 qui

1861 4203 2124 4274 spiritalis
2164 4211 2280 4267 est,
2330 4211 2383 4256 et
2432 4201 2690 4269 dijudicat
2730 4201 2944 4274 1116
2986 4199 3152 4254 verba
3183 4199 3317 4269 legis
3347 4215 3360 4251 :
3390 4198 3458 4254 In

1863 4309 2131 4360 a’ternum,
2183 4297 2374 4364 inquit,
2409 4293 2652 4359 Domine,
2702 4304 2966 4366 permanet
2994 4293 3198 4347 verbum
3231 4305 3372 4346 tuum
3399 4294 3459 4348 in

1861 4393 2007 4448 caelo.
2032 4390 2484 4447 Eternitasenim
2509 4388 2657 4445 verbi
2679 4390 2948 4444 manentis
2969 4386 3281 4456 opinionem
3305 4384 3458 4440 verbi

1862 4483 2244 4558 praetereuntis
2296 4483 2558 4539 excludit.
2611 4479 2897 4550 Quomodo
2944 4491 3125 4534 autem
3179 4486 3460 4544 permanet

1860 4579 2084 4634 verbum
2118 4578 2170 4632 iu
2197 4576 2368 4642 coelo,
2409 4577 2452 4629 si
2483 4575 2658 4645 ipsum
2684 4574 2880 4630 caelum
2908 4571 3190 4643 prieterit?
3219 4571 3284 4627 Et
3320 4584 3456 4642 quo-

164 4647 404 4735 seieutize
453 4677 842 4747 sapientizuque
890 4676 1132 4732 thesauri
1158 4718 1172 4742 ,
1219 4674 1396 4730 divina
1450 4691 1544 4730 sua
1591 4675 1754 4731 mise-
1781 4647 1832 4706 D
1861 4671 2022 4728 modo
2045 4681 2270 4741 possunt
2299 4679 2444 4724 stare
2469 4669 2700 4724 culmina
2720 4709 2735 4734 ,
2767 4668 2811 4722 si
2840 4667 3038 4723 cedant
3064 4666 3458 4721 fundamenta?

169 4775 376 4830 ratione
418 4771 806 4834 descenderit;
851 4779 909 4824 ut
952 4769 1134 4824 clausa
1185 4777 1482 4834 reseraret,
1511 4772 1755 4838 aperiret

169 4867 405 4933 latentia,
433 4864 700 4921 revelaret
723 4863 954 4920 occulta.
1003 4861 1140 4918 Veni
1168 4877 1319 4932 ergo,
1347 4863 1572 4917 Domine
1600 4860 1750 4927 .lcsu,

171 4961 316 5031 aperi
363 4959 514 5016 nobis
541 4968 596 5014 et
641 4957 796 5013 istius
833 4956 1138 5028 prophetici
1188 4955 1456 5010 sermonis
1495 4955 1749 5023 ianuam;

176 5051 350 5106 multis
371 5052 511 5106 enim
551 5051 732 5104 clausa
760 5057 844 5104 est
863 5091 878 5118 ,
925 5047 1029 5104 etsi
1057 5047 1231 5118 prima
1258 5047 1439 5116 specie
1465 5054 1646 5115 aperta
1670 5045 1754 5100 vi-

178 5142 382 5199 deatur.

246 5234 297 5288 5.
339 5232 515 5304 (Vers.
541 5229 658 5303 89.)
707 5227 774 5283 In
801 5239 1083 5298 (sternam,
1118 5231 1333 5301 inquit,
1366 5227 1611 5298 Domine,
1639 5247 1746 5302 per-

182 5337 344 5383 manet
367 5328 564 5383 verbum
590 5336 736 5380 tuum
763 5325 818 5379 in
862 5326 1006 5380 ctelo.
1042 5325 1210 5382 Vides
1239 5326 1401 5381 etiam
1443 5324 1495 5378 in
1546 5338 1598 5380 te
1624 5340 1751 5396 per-

181 5435 395 5478 manere
439 5419 670 5485 debere,
716 5416 860 5489 quod
910 5419 1158 5475 etiamin
1195 5419 1338 5475 coelo
1366 5430 1648 5490 permanet
1693 5435 1755 5474 ac

257 5605 282 5635 α
311 5595 462 5651 Rom.
491 5596 618 5652 edit.
652 5597 766 5650 sola
788 5639 804 5663 ,
837 5611 926 5650 cor
956 5610 1136 5658 unum,
1166 5595 1244 5648 vel
1289 5612 1378 5650 cor
1425 5594 1590 5659 aliud,
1623 5594 1761 5662 quod

193 5667 376 5733 nullm,
403 5677 506 5723 etc.
535 5667 797 5722 Nimirum
823 5677 881 5720 ut
913 5664 1186 5720 Ambrosii
1217 5667 1389 5719 verba
1416 5665 1586 5733 magis
1606 5679 1762 5717 accc-

193 5739 375 5810 derent
394 5739 456 5792 ad
484 5740 605 5793 illud
632 5739 829 5793 Ezech.
859 5751 981 5803 xxx,
1009 5736 1076 5791 I9
1102 5753 1114 5788 :
1148 5740 1241 5791 Καὶ
1260 5736 1410 5792 δώσω
1433 5739 1614 5810 aurei;
1641 5754 1765 5810 καρ-

194 5804 511 5931 ῗὶανιὶτίραν.
559 5811 660 5865 Sed
700 5823 836 5863 eone
883 5810 966 5863 vir
1010 5820 1233 5862 sanctus
1277 5808 1613 5876 respexerit,
1655 5804 1761 5860 non

223 5891 269 5931 ta
321 5881 477 5931 iuuet.

223 5891 269 5933 ta
301 5881 477 5950 liquet.

1864 4774 1966 4825 Aut
1992 4769 2268 4837 quomodo
2297 4775 2473 4834 potest
2503 4779 2823 4832 permanere
2853 4762 3123 4818 habitator
3159 4762 3214 4817 in
3249 4760 3458 4836 habita-

1863 4862 2010 4915 tione
2039 4875 2174 4927 sua,
2221 4859 2324 4912 nisi
2367 4866 2423 4912 et
2471 4856 2734 4911 habitatio
2781 4854 3135 4926 perseveret?
3163 4853 3269 4911 Sed
3312 4855 3451 4910 forte

1864 4953 1992 5010 illud
2024 4958 2315 5012 occurrat,
2360 4952 2482 5021 quia
2510 4950 2770 5019 scriptum
2816 4957 2939 5004 est:
2971 4944 3090 5001 Erit
3131 4945 3313 5000 calum
3357 4960 3454 4999 no-

1860 5063 1976 5101 vum
2000 5044 2171 5118 (Esai.
2204 5058 2331 5109 va,
2363 5041 2476 5113 I7).
2502 5041 2702 5097 Verum
2729 5056 2828 5096 nec
2854 5041 2936 5095 sic
2965 5038 3302 5103 absolubile;
3328 5038 3456 5107 quia

1859 5154 1962 5196 nec
2014 5139 2068 5194 in
2099 5137 2204 5192 hoc
2235 5145 2416 5208 potest
2470 5148 2791 5205 permanere
2841 5133 2986 5203 quod
3028 5130 3303 5203 praeterit,
3357 5145 3458 5186 nec

1852 5232 1984 5288 illud
2043 5239 2220 5301 potest
2267 5228 2376 5283 diei
2428 5225 2717 5294 mansisse,
2771 5225 2914 5296 quod
2978 5224 3224 5294 Coeperit.
3281 5219 3452 5279 Tinea

1859 5324 2193 5380 intellectum
2263 5329 2414 5376 tuum
2458 5319 2700 5386 scindet,
2752 5319 2796 5373 si
2847 5327 3001 5388 putes
3055 5317 3278 5372 verbum
3318 5317 3462 5372 sicut

1859 5419 2059 5475 caelum
2083 5459 2097 5482 ,
2127 5415 2212 5471 vel
2249 5415 2516 5485 incipere,
2547 5412 2634 5467 vel
2662 5410 2963 5481 prtcterire.

1936 5591 1966 5630 ι’
2000 5591 2256 5645 Dominus
2284 5607 2385 5645 non
2430 5591 2594 5655 dixit,
2649 5588 2792 5660 quod
2834 5587 3032 5645 habent
3065 5591 3197 5646 edit.
3229 5605 3419 5645 omnes
3445 5633 3462 5657 ,

1867 5665 1919 5719 in
1947 5678 2077 5717 mss.
2115 5663 2394 5716 nonnullis
2427 5665 2892 5728 praetermittitur;
2945 5664 2996 5716 in
3047 5663 3238 5730 majori
3280 5669 3463 5730 autem

1869 5751 2098 5789 humeri)
2149 5735 2216 5786 ita
2269 5734 2483 5803 legitur,
2531 5749 2648 5786 cum
2687 5731 2960 5800 judicatur
3003 5729 3277 5786 Dominus.
3325 5729 3465 5803 Nam

1871 5805 2001 5862 dixit
2030 5814 2078 5857 et
2100 5806 2260 5872 infra,
2285 5801 2389 5859 etc.
2420 5804 2617 5859 Verum
2645 5805 2927 5873 integritas
2969 5817 3167 5873 sensus
3202 5816 3266 5854 ac
3305 5801 3461 5854 testi~

1873 5876 2037 5930 monii
2068 5871 2369 5943 prophetici
2398 5890 2520 5930 cum
2549 5877 2692 5938 aliis;
2720 5871 2880 5942 atque
2907 5875 3036 5929 edit.
3069 5871 3216 5926 facit.
