4104 6350
522 290 661 350 i365

1867 283 2111 341 SANCTI
2150 283 2472 342 AMBROSII

3677 289 3809 347 1564

590 415 646 469 8.
690 411 846 472 Unde
872 414 921 470 si
950 414 1208 470 virtutem
1246 412 1546 484 prepbetici
1569 425 1762 468 sensus
1789 424 2120 482 cognoscere
2145 414 2201 476 Α
2227 412 2398 482 possit
2425 412 2476 466 in
2501 411 2661 467 nobis
2678 452 2706 477 ,.
2748 412 2836 468 ubi
2891 421 3070 468 tantos
3096 413 3320 484 laqueos
3350 413 3599 470 diabolus
3627 430 3814 487 asper-

520 509 802 575 volumus,
856 511 1092 580 primum
1132 510 1184 564 in
1218 508 1306 564 his
1346 524 1465 577 qua:
1495 506 1726 563 visibilis
1757 515 1814 563 et
1843 508 2121 563 sensibiiia

519 613 649 659 sunt
690 614 714 642 ⁸
759 603 995 660 ethicam
1025 603 1465 668 consideremus;
1515 612 1575 658 ut
1618 617 1685 658 ex
1716 618 1784 658 eo
1824 619 1946 672 quae
1995 611 2120 656 sunt

521 697 891 767 intelligibilia
941 696 1370 752 manifestemns.
1403 696 1459 752 Si
1501 696 1726 752 verbum
1757 695 1852 751 Dci
1895 695 1948 749 in
1979 695 2122 751 coelo

520 798 842 860 permanet,
879 787 1160 845 imitemur
1185 788 1384 844 caelum
1415 788 1505 843 ubi
1535 798 1820 860 permanet
1864 789 2120 857 verbum,

520 891 806 951 permanet
853 881 988 936 ordo
1036 881 1300 937 solemnis
1325 881 1632 937 caelestium
1661 890 1998 937 statutorum
2021 920 2036 946 ,
2069 889 2126 937 et

519 975 911 1031 beneﬁciorum
961 974 1180 1030 Domini
1205 975 1416 1031 crebrae
1445 977 1596 1031 vices
1625 975 1962 1031 solemnibus
2008 987 2125 1030 mu-

521 1067 742 1122 neribus
792 1076 1166 1138 perseverant.
1207 1067 1481 1139 Supernis
1530 1084 1726 1139 nempe
1770 1069 1858 1124 vei
1897 1069 2122 1140 pluviis,

521 1160 608 1232 vel
633 1160 839 1228 calore,
871 1161 957 1216 vel
1008 1160 1124 1217 fotu
1153 1163 1296 1219 aeris
1325 1162 1490 1234 huius
1517 1163 1826 1218 infunditur
1851 1165 2015 1219 terris
2045 1172 2125 1219 at-

518 1271 628 1327 que
654 1255 815 1310 alitur
838 1255 987 1328 larga
1016 1256 1344 1312 fecunditas.
1392 1255 1544 1313 Casio
1581 1272 1759 1313 annus
1790 1257 1990 1313 labitur
2029 1273 2126 1328 per

519 1349 672 1415 dies,
708 1363 772 1404 ac
804 1363 1053 1414 menses,
1085 1359 1139 1404 et
1168 1357 1414 1420 tempora
1441 1350 1688 1405 autumni
1709 1359 1872 1421 atque
1905 1349 2123 1417 hiemis,

521 1442 665 1498 veris
685 1457 903 1514 quoque
926 1450 983 1499 et
1005 1458 1156 1514 parte
1181 1444 1428 1515 digestus
1453 1445 1680 1501 :estatis.
1726 1446 1804 1501 De
1827 1446 1970 1502 ccelo
2000 1448 2125 1502 vita:
2162 1445 2172 1452 ’

520 1544 625 1590 tuae
676 1535 965 1606 imaginem
1012 1552 1167 1607 cape.
1219 1538 1392 1593 Etiam
1441 1539 1660 1610 quando
1696 1553 1803 1595 non
1850 1540 2124 1611 germinae

522 1629 785 1699 fructum,
810 1645 933 1686 sere
957 1640 1140 1687 tamen
1167 1646 1354 1689 semen
1380 1634 1448 1689 ad
1474 1633 1727 1690 fructum.
1755 1636 1896 1690 Sunt
1918 1635 2126 1692 semina

520 1742 642 1798 qua:
673 1727 741 1783 de
779 1727 919 1783 cmlo
965 1736 1127 1795 sunt,
1160 1735 1216 1783 et
1261 1740 1517 1786 seruntur
1545 1731 1599 1785 in
1630 1732 1810 1786 terris.
1842 1729 1941 1785 Est
1961 1731 2124 1785 etiam

2227 505 2334 570 sit,
2375 506 2463 575 qui
2491 504 2619 560 dum
2643 513 2793 561 esset
2821 505 2874 560 in
2908 506 3048 561 caelo
3074 548 3090 572 ,
3129 523 3229 562 nec
3251 507 3324 562 ibi
3364 506 3604 563 Verbum
3663 519 3816 579 pote-

2225 607 2310 652 rat
2348 613 2687 668 permanere.
2729 598 2976 668 Denique
3021 599 3145 671 quia
3191 609 3246 655 et
3272 600 3389 670 ipse
3425 601 3660 657 Verbum
3712 617 3816 658 non

2225 693 2435 759 tenuit,
2469 692 2669 748 cecidit
2704 708 2735 748 e
2760 693 2926 750 cutio.

2299 787 2388 841 11.
2426 786 2486 841 in
2518 788 2658 843 cosio
2698 802 2828 858 ergo
2860 787 3100 843 Verbum
3131 796 3434 858 permanet,
3477 798 3532 844 et
3560 788 3704 859 quod
3729 803 3820 845 se-

2226 881 2462 936 cundum
2490 881 2656 938 Verbi
2685 883 3104 953 dispositionem
3139 883 3347 954 regitur
3374 892 3430 939 et
3461 883 3820 954 gubernatur.

2225 976 2329 1033 Sed
2363 978 2487 1049 quia
2530 987 2588 1034 et
2634 978 2809 1047 ipsum
2834 978 3032 1034 omium
3067 979 3347 1048 praeterit,
3393 977 3516 1033 ideo
3553 993 3660 1032 non
3689 977 3826 1032 dixit

2226 1071 2281 1126 in
2329 1071 2528 1125 saecula
2561 1085 2901 1140 permanere,
2961 1071 3060 1126 sed
3087 1071 3141 1125 in
3171 1071 3419 1126 secutum
3447 1086 3470 1125 :
3495 1084 3823 1141 quamquam

2229 1177 2551 1242 praetereat,
2583 1179 2643 1225 ut
2673 1169 2766 1223 fiat
2793 1185 2989 1225 novum
3019 1170 3240 1234 caelum,
3267 1177 3322 1224 et
3351 1184 3488 1222 nova
3521 1177 3688 1235 terra,
3722 1184 3824 1222 no-

2225 1280 2352 1319 vum
2388 1270 2802 1331 testamentum;
2853 1274 2912 1318 ut
2958 1263 3098 1318 facie
3133 1261 3200 1317 ad
3240 1259 3431 1316 faciem
3460 1261 3690 1332 gloriam
3718 1261 3826 1316 Ι)οο

2229 1356 2361 1411 mini
2385 1354 2572 1410 videre
2598 1354 2893 1424 possimus.

2298 1448 2386 1504 12.
2427 1447 2822 1503 Verumtamen
2851 1446 2980 1517 quia
3026 1456 3080 1502 et
3107 1446 3162 1501 in
3191 1442 3336 1503 calo
3363 1445 3463 1501 fuit
3493 1445 3640 1500 vitiis
3671 1444 3829 1500 locus

2229 1540 2392 1614 (nam
2424 1540 2611 1611 utique
2639 1555 2748 1595 non
2770 1539 3058 1596 cecidisset
3090 1539 3217 1595 inde
3244 1540 3612 1604 adversarius,
3645 1539 3748 1594 nisi
3771 1540 3828 1596 in

2226 1633 2550 1690 criminibus
2593 1634 2966 1704 deprehensus
2990 1676 3004 1701 ,
3056 1649 3178 1688 nam
3210 1644 3265 1687 ct
3306 1632 3502 1688 stultus
3530 1632 3672 1688 sicut
3701 1632 3829 1686 luna

2228 1737 2488 1793 mutatur,
2521 1735 2578 1783 et
2598 1729 2795 1784 omium
2821 1729 2998 1798 ipsum
3020 1728 3258 1783 tenebris
3279 1726 3591 1796 obducitur)
3611 1726 3831 1782 videtur

525 1832 763 1890 superna
793 1819 1101 1886 vindemia;
1136 1820 1278 1877 unde
1317 1823 1394 1877 ait
1438 1822 1708 1894 PrOpheta
1745 1840 1757 1878 :
1790 1821 1960 1878 Serite
1988 1823 2126 1879 vobis
2155 1829 2202 1890 Β
2231 1822 2418 1892 utique
2467 1837 2574 1875 non
2614 1820 2682 1876 de
2711 1822 2986 1876 elemento
3015 1821 3219 1875 dictum
3241 1861 3255 1886 ,
3299 1819 3397 1876 sed
3423 1819 3494 1874 de
3518 1818 3830 1875 Virtutibus

522 1913 592 1966 ad
629 1913 918 1983 justitiam,
965 1914 1276 1971 vindemiam
1324 1917 1394 1970 ad
1422 1918 1650 1988 fructum
1695 1916 1841 1990 (Ore.
1894 1934 1960 1984 x,
2009 1917 2122 1990 12).

524 2003 596 2060 Et
621 2007 843 2077 quando
871 2022 977 2062 non
1001 2008 1199 2063 florent
1218 2022 1384 2078 Opera
1409 2019 1496 2064 tua
1517 2053 1530 2076 ,
1557 2009 1679 2064 fove
1705 2013 1883 2064 tamen
1917 2009 2126 2064 semina

525 2109 616 2152 tua
636 2140 653 2165 ,
696 2113 763 2153 ne
788 2097 1122 2154 lasciviendo
1151 2099 1444 2156 luxurient.
1469 2100 1625 2169 Quod
1653 2100 1885 2155 luxuriat
1915 2101 1970 2155 in
1993 2098 2128 2155 iiore

523 2190 830 2258 sermonis,
865 2201 1124 2248 tenuatur
1167 2201 1225 2248 et
1251 2193 1538 2249 hebetatur
1564 2195 1618 2248 in
1657 2192 1857 2249 fructu.
1892 2191 2128 2249 Fructus

524 2284 675 2353 ipsos
699 2300 872 2355 usque
901 2286 967 2342 ad
993 2288 1370 2343 maturitatem
1392 2286 1656 2358 decoque.

597 2376 657 2432 9.
695 2377 1001 2434 imitatores
1056 2379 1221 2435 etiam
1270 2381 1442 2452 ipsius
1494 2379 1739 2436 caelestis
1790 2381 1962 2436 simus
2017 2381 2130 2438 ele-

527 2472 700 2541 menti
731 2488 748 2529 :
780 2485 888 2528 non
916 2487 1134 2546 semper
1158 2475 1277 2530 sole
1305 2477 1477 2531 fervet
1520 2475 1730 2531 ardenti
1756 2519 1770 2542 ,
1811 2477 2130 2548 frequenter

528 2563 768 2618 nubibus
817 2566 1040 2633 texitur,
1075 2565 1275 2637 pluviis
1318 2567 1734 2624 vehementibus
1762 2569 2126 2641 inhorrescit,

518 2657 683 2726 iactis
713 2657 934 2713 nivibus
958 2660 1090 2731 tegit
1121 2671 1343 2717 terram.
1370 2660 1488 2717 Non
1509 2677 1642 2734 ergo
1661 2663 1732 2719 sit
1751 2665 1806 2720 in
1831 2674 1882 2721 te
1912 2681 2131 2736 quoque

529 2750 786 2807 diuturna
816 2751 1060 2820 lascivia,
1113 2755 1410 2812 succedant
1457 2765 1651 2813 mmsta
1697 2759 1948 2814 senilium
1974 2775 2132 2815 cura-

524 2855 646 2898 rum
680 2851 923 2915 tempora
946 2888 960 2910 ,
993 2855 1048 2902 et
1079 2854 1358 2918 tamquam
1395 2850 1585 2905 incana
1614 2852 1900 2907 maturitas
1939 2867 2129 2924 agrum

526 2935 671 2990 hunc
697 2938 772 2990 tui
795 2935 1044 3008 corporis
1073 2941 1354 3010 reprimat.
1381 2942 1580 2998 Utilior
1605 2959 1750 3010 saepe
1780 2947 1994 3001 tristitia
2023 2955 2128 3012 est,

527 3041 651 3097 qucu
700 3027 955 3086 comitem
1008 3032 1148 3087 solet
1198 3033 1402 3089 habere
1449 3037 1794 3103 gravitatem.
1858 3038 2130 3108 Numquid

528 3121 636 3176 ulla
673 3121 726 3177 in
773 3123 896 3193 ipso
924 3131 1006 3180 est
1033 3125 1152 3180 sole
1198 3127 1608 3195 prtevaricatio?
1633 3127 1825 3183 Nonne
1856 3131 2130 3198 quotidia-

2230 1915 2709 1986 Poteslatibusque
2737 1914 3078 1971 cwlcstibus.
3133 1915 3273 1971 Sunt
3303 1915 3448 1969 enim
3471 1925 3677 1968 sanctae
3707 1913 3833 1969 Vir-

2232 2017 2371 2064 tutes
2405 2009 2458 2063 in
2481 2008 2643 2072 coelo,
2693 2009 2747 2061 in
2771 2009 2969 2079 quibus
2992 2007 3125 2063 nihil
3159 2008 3428 2064 lubricum
3469 2017 3833 2077 atqueterre-

2229 2118 2356 2157 num
2388 2103 2475 2156 sit.
2506 2103 2648 2157 Sunt
2677 2102 2841 2158 etiam
2870 2103 2925 2157 in
2951 2104 3114 2157 terris
3134 2102 3279 2166 caeli,
3312 2102 3403 2172 qui
3430 2110 3687 2156 enarraut
3713 2101 3835 2171 glo-

2231 2195 2366 2250 riam
2399 2193 2516 2249 Dei.
2541 2195 2644 2263 Qui
2683 2204 2812 2250 sunt
2855 2195 2942 2250 isti
2977 2194 3138 2250 creti?
3164 2194 3306 2249 Audi
3333 2192 3609 2248 dicentem
3640 2194 3837 2250 :Siestt

2232 2290 2549 2358 portavimus
2567 2288 2845 2358 imaginem
2868 2290 3012 2343 illius
3036 2289 3255 2354 terreni,
3282 2298 3542 2357 portarunt
3568 2297 3618 2341 et
3641 2288 3834 2360 imagi-

2231 2397 2350 2435 nem
2391 2381 2548 2453 hujus
2590 2381 2809 2436 scelestis
2842 2382 2884 2453 tl
2910 2381 3030 2436 Cor.
3075 2396 3171 2446 xv,
3203 2379 3318 2446 49).
3351 2380 3442 2436 isti
3499 2381 3666 2450 igitur
3707 2390 3839 2437 sunt

2230 2476 2376 2542 caeli,
2407 2476 2498 2546 qui
2536 2475 2699 2530 etiam
2731 2476 2786 2529 in
2812 2476 2975 2530 terris
3009 2475 3168 2543 positi
3199 2474 3403 2530 audent
3429 2473 3618 2529 dicere
3648 2492 3659 2528 :
3695 2473 3838 2528 Nos-

2232 2580 2312 2623 tra
2339 2578 2511 2623 autem
2542 2568 2860 2622 conuersatio
2885 2569 2940 2621 in
2967 2568 3108 2621 caelis
3135 2575 3206 2622 est
3231 2565 3456 2638 (Philip.
3486 2582 3564 2632 tu,
3591 2563 3706 2637 ‘20).
3739 2566 3838 2621 Isti

2232 2670 2359 2716 sunt
2387 2661 2531 2727 caali,
2555 2662 2608 2715 in
2635 2662 2831 2729 quibus
2859 2660 3012 2728 fides,
3035 2662 3293 2731 gravitas,
3317 2659 3673 2726 continentia,
3702 2659 3840 2713 doc-

2234 2758 2396 2825 trina,
2415 2757 2523 2811 vita
2540 2755 2783 2812 caelestis
2799 2765 2902 2811 est.
2921 2755 3052 2810 Nam
3070 2753 3529 2826 quemadmodum
3552 2762 3692 2809 terra
3713 2753 3838 2808 dic-

2235 2859 2319 2904 tus
2342 2859 2444 2915 est,
2469 2851 2557 2920 qui
2581 2850 2761 2920 lapsus
2785 2865 2850 2904 ex
2868 2849 2955 2902 illa
2977 2848 3424 2919 praevaricatione
3450 2831 3691 2902 ctelesris
3712 2862 3842 2917 gra-

2237 2944 2343 3010 tias,
2369 2955 2419 2998 et
2454 2945 2505 2998 in
2530 2943 2644 2999 haec
2677 2953 2893 2999 terrena
2920 2943 3049 2997 vitia
3075 2942 3342 3012 deiectus,
3365 2941 3840 3011 pnevaricationis

2235 3053 2346 3094 sum
2375 3053 2434 3094 se
2454 3039 2682 3095 vinculis
2706 3040 2892 3109 ligavit
2915 3055 2928 3091 :
2953 3038 3026 3093 ita
3050 3055 3079 3092 e
3100 3037 3378 3094 contrario
3396 3037 3590 3091 cmium
3609 3036 3837 3103 dicitur,

2234 3135 2324 3204 qui
2366 3135 2531 3188 vitam
2573 3135 2889 3204 angelorum
2921 3133 3166 3188 custodia
3209 3132 3535 3202 integritatis
3577 3140 3837 3198 exercet,

527 3227 632 3268 nos
653 3229 844 3270 cursus
891 3229 1020 3272 suos
1049 3219 1276 3273 servat?
1304 3218 1625 3290 Numquidb
1665 3223 1953 3278 continuos
1980 3227 2129 3280 novit
2155 3225 2199 3288 C
2232 3237 2286 3282 et
2333 3241 2533 3298 corpus
2585 3241 2742 3282 suum
2785 3229 3089 3283 continenti
3135 3227 3432 3282 sobrietate
3482 3225 3833 3292 moderatur,

525 3307 651 3362 luna
679 3309 947 3376 defectus,
973 3320 1027 3365 et
1049 3312 1330 3367 commissi
1358 3326 1556 3368 munus
1583 3313 1790 3370 deserit
1817 3317 2130 3372 ministerii?

528 3400 725 3455 iisdem
769 3415 968 3472 nempe
997 3402 1206 3458 vicibus
1243 3417 1422 3460 annus
1452 3405 1625 3472 redit,
1659 3407 1852 3462 eodem
1875 3416 2018 3463 statu
2047 3424 2134 3465 rc-

529 3503 792 3563 parantur
839 3503 1114 3565 tempora,
1167 3497 1358 3552 iisdem
1415 3499 1694 3569 obsequiis
1744 3499 2128 3557 reformantur.

534 3587 629 3642 Sol
679 3588 824 3643 diem
877 3587 1184 3658 illuntinat,
1239 3599 1480 3662 tempora
1545 3590 1745 3650 statuta
1795 3596 2128 3653 custodiens.

533 3680 732 3750 Fulget
766 3681 1151 3752 spiendoribus
1197 3683 1320 3738 luna
1364 3686 1665 3753 nocturnis,
1689 3695 1746 3742 et
1788 3686 1878 3743 lux
1909 3689 2027 3759 eius
2077 3690 2130 3746 in

533 3774 777 3829 tenebris
823 3776 1008 3830 micat.
1037 3774 1332 3833 Stellarum
1366 3779 1651 3834 nitentium
1683 3781 1874 3836 rutilat
1899 3778 2092 3852 globus
2115 3824 2130 3850 ,
2185 3794 2198 3808 '

536 3866 882 3938 solemnique
911 3867 1148 3924 statione
1186 3879 1242 3924 et
1272 3873 1630 3927 conversione
1674 3886 1737 3928 ac
1763 3873 2134 3932 demutationc

533 3961 850 4033 funguntur.
899 3962 1013 4018 Lex
1059 3978 1167 4018 una
1198 3963 1449 4034 diversis,
1495 3969 1917 4024 constitutorum
1964 3970 2134 4026 semel

533 4059 681 4114 vices
728 4072 985 4115 cursuum
1033 4062 1338 4131 custodire,
1389 4075 1490 4118 nec
1533 4064 1672 4121 lines
1717 4067 1951 4122 transire
1990 4083 2134 4137 prae-

532 4152 783 4223 scriptos.
816 4153 998 4210 Manet
1022 4155 1138 4225 ipsa
1165 4151 1521 4212 immutabilis
1550 4157 1888 4225 demutatio,
1925 4170 1980 4215 et
2004 4173 2136 4214 con-

533 4245 718 4300 versio
756 4254 974 4302 vertere
1001 4248 1248 4304 ordinem
1288 4263 1447 4305 suum
1493 4252 1686 4308 nescit.
1740 4252 1859 4309 Una
1888 4257 2133 4309 omnium

529 4333 877 4406 obedientia,
922 4337 1172 4394 discretis
1227 4341 1551 4396 muneribus
1595 4343 1947 4400 indiscretam
1999 4359 2136 4415 prae-

531 4430 751 4497 scripta:
774 4431 1182 4500 constitutionis
1213 4441 1402 4490 tenere
1440 4435 1811 4490 concordiam.

535 4527 586 4591 ῃ
614 4519 822 4592 1117
865 4523 952 4579 i0.
995 4523 1053 4578 in
1085 4525 1226 4581 cmlo
1249 4539 1381 4597 ergo
1412 4536 1698 4597 permanet
1736 4527 1978 4584 Verbum
2002 4531 2131 4601 quia

2237 3334 2477 3380 mentem
2501 3341 2719 3395 quoque
2761 3339 2916 3380 suam
2950 3325 3068 3379 miti
3100 3321 3489 3393 tranquillitate
3530 3321 3836 3391 componit,

2235 3419 2522 3489 pecuniam
2569 3418 2896 3488 pauperibus
2949 3416 3286 3473 misericordi
3338 3414 3668 3470 liberalitate
3717 3415 3836 3466 dis-

2235 3520 2447 3581 pensat.
2483 3510 2576 3566 Est
2597 3526 2729 3580 ergo
2755 3519 2808 3564 et
2843 3512 2896 3564 in
2933 3511 3092 3565 terris
3117 3511 3314 3568 omium
3335 3551 3349 3574 ,
3386 3511 3438 3562 in
3463 3521 3574 3579 quo
3602 3517 3838 3577 possunt

2235 3605 2467 3658 virtutes
2507 3616 2628 3658 esse
2675 3603 2952 3658 caelestes.
2999 3601 3196 3657 lenm
3232 3600 3361 3653 mihi
3397 3601 3615 3653 thronus
3657 3597 3833 3670 (Esai.

2238 3713 2384 3765 vat,
2422 3697 2498 3769 i),
2533 3711 2634 3766 ego
2670 3697 2840 3767 magis
2861 3697 2992 3767 justi
3021 3695 3274 3751 affectum
3307 3709 3469 3765 quam
3500 3694 3835 3750 elementum

2237 3792 2504 3859 intelligo.
2530 3790 2683 3844 illum
2715 3799 2844 3858 puto
2867 3790 3066 3846 ctelunt
3086 3831 3101 3856 ,
3147 3790 3213 3844 ad
3238 3787 3394 3858 cujus
3415 3787 3650 3842 animam
3684 3787 3838 3840 venit

2237 3883 2510 3950 Christus,
2534 3893 2589 3939 et
2615 3883 2793 3953 pulsat
2817 3884 3071 3954 ianuam,
3097 3892 3152 3940 et
3178 3883 3225 3937 si
3253 3881 3560 3951 aperuerit,
3595 3880 3834 3950 ingredi-

2238 3985 2346 4032 tur.
2390 3976 2499 4032 Nec
2529 3976 2681 4032 solus
2712 3977 3044 4048 ingreditur;
3093 3976 3190 4032 sed
3216 3977 3382 4031 etiam
3406 3989 3529 4030 cum
3553 3973 3735 4035 Patre.
3761 3973 3838 4028 si-

2237 4079 2328 4127 cut
2355 4071 2469 4142 ipse
2494 4072 2607 4126 ait:
2636 4069 2751 4142 Ego
2797 4080 2843 4126 et
2899 4070 3056 4125 Pater
3094 4070 3375 4135 veniemus,
3431 4079 3480 4122 et
3515 4068 3836 4122 mansionem

2238 4165 2381 4237 apud
2407 4181 2524 4219 eum
2549 4165 2799 4236 faciemus
2827 4163 3012 4234 (Joan.
3046 4180 3157 4232 le,
3188 4162 3309 4236 25).

2311 4261 2399 4316 15.
2444 4259 2607 4316 Vides
2658 4260 2818 4331 igitur
2865 4259 3009 4330 quod
3039 4259 3276 4315 Verbum
3323 4258 3464 4314 Deus
3512 4267 3568 4313 et
3595 4257 3834 4312 otiosum

2238 4361 2516 4422 provocat,
2551 4362 2605 4407 et
2635 4351 2994 4407 dormientem
3017 4352 3238 4408 excitat.
3271 4351 3371 4416 Qui
3394 4350 3540 4405 enim
3565 4350 3732 4416 venit,
3777 4358 3837 4405 et

2236 4445 2456 4515 ianuam
2481 4445 2679 4514 pulsat,
2710 4445 2824 4499 vult
2847 4459 3064 4514 semper
3094 4447 3320 4499 intrare.
3349 4443 3458 4500 Sed
3487 4445 3541 4498 in
3571 4443 3723 4498 nobis
3747 4451 3837 4498 est

2239 4537 2386 4606 quod
2417 4551 2523 4592 non
2577 4550 2794 4607 semper
2833 4539 3168 4607 ingreditur,
3219 4553 3324 4591 non
3367 4549 3585 4606 semper
3623 4544 3831 4590 manet.

535 4618 754 4669 Satanas
776 4612 845 4669 de
867 4616 1006 4671 coelo
1032 4616 1229 4673 cecidit
1259 4638 1271 4674 :
1301 4634 1407 4675 non
1433 4619 1664 4676 habebat
1695 4621 1746 4676 in
1769 4623 1910 4678 ccelo
1929 4622 2130 4693 locum,
2159 4629 2214 4691 D
2241 4630 2428 4684 Pateat
2459 4629 2767 4685 advenienti
2779 4629 2945 4699 ianua
2973 4639 3083 4696 tua,
3112 4630 3259 4700 aperi
3284 4629 3522 4682 animam
3543 4636 3709 4690 tuam,
3738 4641 3827 4680 ex.

535 4714 826 4775 propterea
857 4708 1078 4762 cecidit.
1127 4711 1248 4779 Quo
1277 4712 1481 4769 cecidit
1519 4714 1622 4769 nisi
1659 4715 1711 4770 in
1747 4717 1956 4772 terras?
2008 4717 2137 4773 ideo

538 4799 628 4854 hic
651 4801 939 4866 adulteria,
966 4802 1257 4860 homicidia
1278 4848 1291 4872 ,
1323 4805 1619 4864 ebrietates
1646 4810 1929 4867 abundare
1953 4827 2137 4884 crepe-

537 4905 686 4954 runt.
711 4893 848 4951 inde
868 4893 1126 4952 exclusus
1150 4898 1329 4954 acrior
1348 4899 1416 4955 ad
1451 4915 1550 4956 nos
1575 4902 1764 4971 venit,
1793 4913 1849 4960 et
1877 4907 2136 4963 tentatio-

537 4999 639 5043 nes
681 4984 848 5044 solito
893 4989 1204 5060 asperiores
1261 5000 1533 5062 tamquam
1587 4995 1760 5050 iratus
1801 5007 2040 5054 exercet.
2071 4997 2129 5057 in

537 5083 681 5137 ctelo
712 5081 876 5155 igitur
899 5091 1187 5155 permanet
1242 5084 1516 5153 Verbum;
1566 5089 1689 5159 quia
1731 5089 1860 5145 inde
1885 5089 2132 5161 deiectus

535 5183 635 5242 est.
652 5167 904 5233 diabolus
932 5193 947 5231 :
979 5177 1035 5233 in
1063 5181 1226 5249 ματη
1255 5193 1363 5236 non
1410 5191 1726 5252 permanet;
1758 5185 1885 5254 quia
1911 5185 2018 5242 huc
2051 5197 2132 5242 to.

538 5277 628 5324 tus
656 5269 893 5325 advenit.
936 5272 1001 5326 Et
1037 5270 1162 5328 vide
1185 5282 1363 5328 utrum
1407 5271 1496 5330 hic
1524 5289 1846 5347 permanere
1886 5278 2126 5336 Verbum

605 5478 634 5510 ι
661 5468 806 5524 Edit.
825 5478 964 5536 vet.,
993 5468 1063 5523 Et
1087 5469 1169 5538 hic
1194 5486 1310 5524 eum
1325 5470 1490 5524 locum
1513 5471 1914 5526 consideremus.
1939 5470 2124 5538 Rom.,

539 5557 657 5596 eum
701 5540 1098 5594 consideremus.
1128 5537 1256 5595 Mss.
1300 5541 1542 5596 nonnulli
1569 5583 1584 5607 ,
1636 5552 1685 5597 et
1714 5544 1796 5597 hic
1843 5557 1957 5597 cum
2014 5537 2127 5598 loco

539 5612 942 5666 consideremus.
995 5611 1095 5665 Alii
1129 5627 1257 5667 vero
1303 5611 1619 5682 frequentes
1657 5625 1712 5668 ut
1753 5615 1804 5668 in
1845 5623 2122 5669 contextu.

540 5683 610 5738 Et
639 5697 760 5738 eam
803 5683 1090 5737 lectionem
1132 5695 1444 5754 germanam
1485 5697 1605 5739 esse
1641 5685 1773 5740 illud
1800 5685 2122 5753 confirmat,

541 5755 687 5824 quod
713 5754 988 5824 extemplo
1015 5754 1080 5808 ad
1109 5768 1326 5810 sensum
1351 5756 1610 5811 moralem
1651 5771 1831 5811 sermo
1855 5758 2126 5813 converti~

2240 4721 2417 4794 pande
2445 4722 2714 4792 gremium
2745 4723 2945 4778 mentis
2970 4733 3106 4788 tuae;
3159 4732 3216 4776 ut
3248 4721 3426 4777 videat
3451 4720 3674 4775 divitias
3703 4720 3836 4773 sim-

2239 4817 2513 4886 plicitatis,
2545 4816 2829 4871 thesauros
2853 4816 3021 4886 pacis,
3065 4813 3386 4869 suavitatem
3417 4813 3626 4883 gratiae.
3653 4811 3834 4867 Dilata

2237 4923 2334 4966 cor
2352 4917 2526 4977 tuum,
2549 4923 2778 4966 occurre
2801 4911 2905 4966 soli
2939 4910 3075 4964 lucis
3106 4917 3324 4965 :eternm
3348 4951 3363 4975 ,
3413 4923 3535 4978 qua:
3563 4907 3836 4961 illuminat

2237 5016 2452 5058 omnem
2475 5003 2771 5059 hominem.
2804 5003 2868 5057 Et
2891 5002 3024 5056 illud
3058 5001 3276 5072 quidem
3301 5017 3488 5056 verum
3511 5001 3695 5056 iunien
3715 5014 3835 5052 om-

2234 5094 2396 5150 nibus
2427 5094 2733 5150 lucctzsed
2779 5093 2825 5151 si
2871 5095 2994 5163 quis
3038 5094 3306 5149 fenestras
3359 5109 3486 5153 suas
3543 5093 3828 5162 clauserit,

2233 5195 2442 5245 αξιοι·ηο
2474 5187 2681 5243 lumine
2705 5187 2902 5258 seipse
2932 5187 3226 5244 fraudabit.
3250 5188 3594 5260 iExcluditur
3619 5203 3750 5258 ergo
3775 5197 3836 5243 et

2233 5279 2507 5346 Christus,
2531 5281 2575 5335 si
2602 5289 2655 5335 tu
2679 5281 2874 5337 mentis
2897 5288 3001 5336 tuae
3017 5280 3235 5351 ianuam
3258 5281 3480 5337 claudas
3502 5298 3517 5336 :
3540 5281 3644 5337 etsi
3662 5281 3839 5350 possit

2233 5471 2542 5543 mysticum.
2576 5469 2746 5543 Porro
2775 5467 2890 5523 haec
2913 5469 3146 5543 varietas
3167 5484 3272 5524 non
3297 5470 3517 5526 aliunde
3535 5482 3651 5526 orta
3680 5474 3835 5531 vide-

2231 5539 2336 5609 tur,
2373 5557 2534 5612 quam
2579 5541 2646 5593 ab
2688 5539 2992 5609 ignorantia
3022 5539 3452 5596 Amanuensium
3482 5544 3576 5612 qui
3609 5546 3830 5603 unicam

2230 5610 2418 5669 vocem
2447 5610 2673 5667 ethicam
2719 5615 2767 5666 in
2810 5611 2945 5666 duas
2987 5612 3073 5667 vel
3113 5623 3220 5668 tres
3267 5610 3599 5684 praposterc
3630 5618 3836 5674 divise-

2231 5695 2378 5740 runt.

2263 5703 2568 5812 ustbmnes
2595 5756 2750 5824 edit.,
2782 5757 3050 5812 continuos
3078 5773 3179 5812 non
3207 5758 3369 5826 novit;
3396 5757 3492 5815 sed
3524 5761 3720 5825 melius
3737 5775 3836 5823 ne.

543 5835 652 5892 tur,
683 5841 712 5882 a
735 5836 843 5908 quo
872 5825 1068 5886 deinde
1097 5832 1351 5889 transitus
1380 5831 1436 5887 tit
1458 5832 1521 5914 ad
1553 5833 1941 5908 intelligibilem
1967 5876 1981 5904 ,
2027 5848 2123 5894 seu
2227 5836 2374 5908 gatio
2402 5833 2746 5918 praemittitur
2785 5832 2838 5896 in
2870 5847 3001 5904 mss,
