4104 6350
286 290 408 348 1365

1325 283 1394 340 ΙΝ
1432 281 1756 350 PSALMUM
1793 281 2005 347 CXVIII
2042 281 2428 349 EXPOSITIO.

3406 283 3550 343 1566

285 411 490 474 intrare,
512 420 618 464 non
641 404 761 468 vult
780 413 962 460 tamen
985 401 1329 473 importunus
1349 400 1580 470 irruere,
1602 415 1711 462 non
1730 401 1850 467 vult
1875 401 1931 462 Α
1951 400 2049 457 cit.
2079 400 2212 464 lude
2237 401 2568 473 intelligibili
2590 411 2771 470 utero,
2800 403 2854 464 in
2891 416 3002 474 quo
3030 411 3119 459 est
3147 404 3556 474 receptaculum

283 499 462 568 invites
492 512 708 568 cogere.
744 489 909 551 Ortus
945 510 1015 550 ex
1044 494 1256 565 virgine
1295 493 1562 564 processit
1595 508 1662 548 ex
1690 493 1848 559 alvo,

283 593 510 654 universa
547 590 712 652 totius
741 588 892 652 orbis
915 585 1182 650 irradians
1203 627 1219 653 ,
1258 594 1318 644 ut
1344 586 1551 644 luceret
1573 585 1848 642 omnibus.

287 686 480 759 1118
519 684 770 754 Capiunt,
817 682 910 754 qui
957 680 1277 744 desiderant
1325 677 1552 750 fulgoris
1600 678 1852 749 perpetui

279 780 561 836 claritatem
587 817 604 844 ,
656 791 819 846 quam
872 789 979 830 nox
1019 773 1169 830 nulla
1207 771 1520 842 interpolat.
1559 770 1674 826 Soli
1704 771 1849 826 enim

279 873 388 930 huic
411 887 565 943 quem
591 868 837 941 quotidie
865 869 1168 935 cernimus,
1200 881 1306 923 nox
1338 865 1630 922 tenebrosa
1659 879 1852 921 succe-

277 966 377 1032 dit;
410 965 489 1029 sol
516 971 695 1017 autem
734 961 959 1032 iustitia:
1006 973 1301 1030 numquam
1333 956 1568 1024 occidit,
1613 956 1739 1030 quia
1763 970 1852 1012 sa-

277 1059 476 1132 pientiae
507 1072 618 1113 non
647 1055 896 1120 succedit
918 1054 1147 1111 malitia.

338 1152 419 1206 11.
459 1151 656 1207 Beatus
685 1165 817 1221 ergo
847 1150 942 1206 ille
964 1192 980 1217 ,
1033 1149 1189 1220 cujus
1220 1147 1398 1220 pulsat
1412 1146 1637 1219 ianuam
1664 1144 1853 1202 Chris-

274 1252 367 1300 tus.
395 1243 562 1310 ianua
600 1252 787 1300 nostra
816 1241 952 1299 fides
992 1248 1098 1306 est,
1137 1255 1260 1312 quae
1301 1250 1470 1298 totam
1518 1240 1763 1306 domum,
1803 1238 1850 1292 si

275 1336 417 1400 luerit
442 1336 664 1400 robusta
691 1336 1013 1392 communit.
1043 1334 1148 1390 Per
1178 1335 1338 1398 istam
1353 1333 1576 1406 ianuam
1603 1333 1851 1390 Christus

275 1428 580 1500 ingreditur.
602 1427 759 1485 Unde
797 1437 855 1484 et
881 1426 1123 1484 Ecclesia
1155 1427 1290 1482 dicit
1317 1427 1371 1483 in
1411 1427 1653 1482 Canticis
1684 1444 1698 1480 :
1738 1425 1852 1484 Vox

273 1525 435 1596 fratris
453 1523 551 1581 mei
578 1524 753 1596 pulsat
782 1523 849 1578 ad
860 1526 1082 1595 januam
1095 1522 1268 1594 (Cant.
1289 1537 1343 1588 v,
1363 1521 1444 1592 2).
1461 1520 1603 1577 Audi
1629 1521 1852 1591 pulsan-

273 1625 388 1684 tem,
418 1616 542 1672 audi
576 1616 806 1672 introire
825 1616 1132 1686 cupientem
1161 1632 1175 1668 :
1202 1615 1354 1686 Aperi
1379 1613 1540 1682 mihi,
1569 1629 1718 1668 soror
1736 1630 1852 1669 mea

273 1709 481 1780 Sponsa,
526 1708 770 1764 columba
786 1725 920 1776 mea,
945 1712 1173 1779 perfecta
1195 1724 1307 1763 mea
1323 1749 1336 1772 ,
1366 1708 1491 1780 quia
1513 1717 1664 1777 caput
1681 1723 1851 1762 meum

1953 494 2128 556 verbi,
2144 493 2446 556 seminibus
2467 495 2587 564 eius
2611 495 2826 562 inlusis,
2859 494 3256 570 plenitudinem
3281 495 3402 565 eius
3429 509 3556 554 cor-

1955 584 2219 655 poraliter
2250 585 2649 642 inbabitantem
2678 585 2899 648 haurire
2921 587 3102 644 anima
3132 596 3322 650 nostra
3339 585 3556 651 deside-

1954 685 2061 740 rat,
2087 676 2204 742 Non
2227 679 2374 738 enim
2407 679 2658 736 turbatur
2695 690 2886 742 uterus
2915 679 3268 746 feminarum,
3306 678 3412 744 nisi
3435 695 3558 750 quae

1954 769 2160 828 fuerint
2188 772 2315 829 alvo
2344 787 2558 844 graves.

2028 866 2116 922 17.
2159 865 2345 937 Surgit
2389 867 2554 938 igitur
2580 867 2805 934 anima,
2855 877 2916 930 ut
2962 868 3174 940 aperiat
3221 869 3320 926 Dei
3351 868 3554 937 Verbo,

1954 958 2052 1016 sed
2073 961 2202 1016 dum
2231 975 2293 1016 se
2332 961 2594 1032 expandit
2623 973 2788 1032 atque
2814 963 3032 1033 aperit;
3085 971 3144 1026 ut
3168 977 3334 1033 opera
3366 963 3555 1020 mundi

1955 1052 2120 1124 huius
2146 1055 2300 1114 verbi
2324 1056 2642 1126 receptioue
2663 1057 2982 1124 mortilieet,
3032 1055 3178 1114 sicut
3198 1056 3296 1116 ille
3322 1056 3414 1126 qui
3442 1058 3557 1114 ait:

1954 1148 2010 1202 Μ
2019 1149 2414 1219 orti/icationem
2432 1149 2645 1214 Domini
2665 1149 2796 1212 Iesu
2816 1152 2872 1210 in
2894 1167 3109 1222 corpore
3131 1160 3306 1210 nostra
3332 1153 3555 1211 circum-

1953 1244 2170 1313 [erimus
2199 1242 2265 1316 (II
2293 1243 2416 1299 Cor.
2449 1261 2525 1312 tv,
2571 1244 2687 1317 10).
2722 1245 2866 1315 Ergo
2889 1244 3017 1306 dum
3044 1245 3252 1315 aperit,
3306 1245 3561 1303 tmnsivit

1952 1336 2221 1408 Sponsus.
2257 1340 2471 1412 1119
2500 1339 2628 1394 Vult
2653 1339 2800 1395 enim
2834 1353 3052 1408 semper
3072 1337 3266 1408 quaeri,
3299 1336 3556 1408 frequen-

1955 1437 2063 1492 tius
2087 1437 2320 1494 inveniri
2351 1475 2367 1504 ,
2399 1446 2454 1492 et
2479 1436 2526 1491 si
2556 1437 2801 1493 clausam
2832 1433 3106 1491 invenerit
3132 1434 3352 1504 ianuam
3374 1475 3390 1501 ,
3430 1433 3554 1503 pul-

1955 1539 2080 1594 sat,
2119 1539 2175 1584 et
2201 1530 2246 1584 si
2282 1544 2378 1598 per
2406 1544 2616 1588 moram
2647 1528 2811 1592 fuerit
2839 1528 3097 1594 exclusus
3121 1569 3137 1594 ,
3191 1526 3419 1583 recedit.
3447 1525 3553 1582 Sed

1952 1621 2064 1676 cito
2090 1620 2273 1686 redit,
2315 1629 2372 1676 et
2398 1620 2598 1678 iterum
2631 1621 2843 1692 pulsat;
2875 1628 2935 1678 ut
2962 1619 3051 1675 vel
3079 1627 3269 1690 postea
3299 1633 3558 1689 sponsam

1954 1713 2202 1773 inveniat
2241 1723 2624 1783 praeparatam.
2658 1714 2846 1770 Potest
2887 1712 3108 1782 quidem
3154 1720 3210 1767 et
3239 1711 3320 1768 sic
3339 1712 3553 1781 accipi:

271 1803 500 1870 repletum
528 1811 608 1857 est
635 1819 752 1857 rore
772 1843 789 1870 ,
827 1812 879 1858 et
908 1803 1078 1856 crines
1117 1801 1217 1858 mei
1255 1801 1412 1873 guttis
1437 1802 1602 1866 noctis
1624 1799 1844 1872 (Ibid).
1878 1814 1928 1874 Β
1959 1803 2146 1859 Frater
2170 1821 2311 1860 meus
2334 1803 2756 1874 trausieit(Cant.
2778 1820 2836 1872 ν,
2867 1805 2945 1876 6),
2968 1805 3114 1861 sicut
3139 1803 3394 1875 legimus.
3409 1804 3554 1874 quod

270 1897 546 1952 Considera
575 1895 795 1970 quando
827 1895 1067 1954 maxime
1090 1895 1268 1966 pulsat
1285 1894 1507 1964 ianuam
1538 1903 1683 1954 tuam
1709 1896 1850 1950 Deus

273 1987 494 2044 Verbum
518 2031 532 2055 ,
597 2005 724 2052 cum
763 1989 1035 2059 repletum
1065 1999 1150 2044 est
1191 1997 1358 2059 caput
1399 1987 1521 2057 eius
1550 2002 1679 2043 rore
1710 2001 1848 2043 noc-

271 2092 432 2139 turno.
482 2082 540 2140 In
580 2083 940 2146 tribulatione
960 2084 1164 2140 etenim
1195 2092 1252 2138 et
1289 2081 1681 2162 tentatipnibus
1706 2080 1854 2151 pasi-

270 2183 343 2230 tos
368 2174 594 2234 visitare
638 2175 928 2246 dignatur;
987 2191 1058 2232 ne
1081 2176 1202 2250 quis
1225 2174 1364 2232 forte
1388 2173 1708 2240 succumbat
1734 2173 1850 2230 vic-

270 2275 361 2337 tus.
393 2265 675 2324 aerumnis.
734 2265 998 2336 Repletur
1051 2281 1185 2336 ergo
1239 2264 1546 2336 caputeius
1569 2278 1722 2332 rore,
1767 2265 1851 2320 vel

269 2360 436 2427 guttis,
463 2358 687 2429 quando
712 2373 910 2429 corpus
943 2359 1064 2429 eius
1096 2359 1326 2416 laborat.
1363 2359 1518 2416 Tune
1545 2373 1678 2428 ergo
1708 2358 1850 2429 vigi-

269 2449 500 2516 landum;
534 2467 606 2506 ne
632 2466 754 2506 cum
779 2451 1028 2522 Sponsus
1049 2451 1284 2518 venerit,
1321 2450 1545 2514 recedat
1571 2450 1847 2506 exclusus.

270 2542 316 2597 Si
343 2544 478 2608 enim
506 2542 775 2612 dormias,
820 2552 878 2600 et
906 2559 1001 2601 cor
1026 2553 1178 2599 tuum
1209 2558 1315 2602 non
1349 2543 1566 2614 vigilet,
1621 2543 1853 2604 discedit

267 2646 534 2708 antequam
567 2637 783 2707 pulset:
813 2638 860 2692 si
885 2652 982 2693 cor
1005 2648 1154 2704 tuum
1182 2636 1386 2707 vigilet,
1416 2637 1614 2707 pulsat,
1645 2645 1701 2692 et
1722 2652 1853 2707 ape-

270 2727 353 2784 riri
390 2728 490 2784 sibi
529 2729 758 2798 ianuam
787 2729 984 2802 poscit.
1019 2729 1297 2786 Habemus
1332 2743 1464 2800 ergo
1490 2729 1688 2784 anima:
1721 2743 1851 2784 nos-

269 2826 351 2879 tra:
373 2819 595 2888 ianuam
620 2861 637 2886 ,
689 2818 958 2884 habemus
1001 2830 1055 2874 ct
1098 2830 1284 2891 portas
1312 2820 1379 2875 de
1406 2820 1603 2890 quibus
1640 2819 1848 2875 dictum

266 2925 336 2978 est
363 2933 374 2966 :
407 2913 601 2978 Tollite
629 2924 811 2986 portas
839 2914 1099 2988 principes
1123 2925 1339 2980 uestras,
1369 2921 1414 2968 et
1435 2913 1706 2972 elevamini
1726 2930 1850 2981 por-

264 3018 319 3062 ta:
342 3010 614 3072 celeritates
635 3051 651 3078 ,
691 3018 738 3063 et
764 3010 1000 3064 introibit
1041 3025 1135 3063 rex
1159 3009 1340 3079 gloria:
1365 3006 1544 3078 (Psal.
1578 3022 1730 3075 χχιιι,
1767 3006 1846 3078 7).

266 3100 347 3158 Bst
371 3115 500 3172 ergo
556 3109 615 3155 et
663 3099 862 3166 ctelum
910 3101 965 3156 in
1007 3099 1128 3170 his,
1179 3099 1235 3156 in
1267 3101 1465 3171 quibus
1515 3110 1686 3171 porta:
1720 3108 1848 3154 sunt

1957 1898 2264 1968 penetravit
2313 1897 2530 1954 dilectae
2556 1897 2747 1956 intima
2785 1895 3167 1961 medullarum,
3204 1904 3262 1954 et
3289 1895 3558 1967 quemad-

1955 1991 2177 2046 modum
2231 1991 2298 2046 ad
2330 1991 2553 2046 Mariam
2585 1992 2792 2046 dictum
2825 2000 2911 2046 est
2941 2009 2953 2043 :
2986 1990 3056 2045 Et
3077 1999 3218 2050 tuam
3249 1991 3419 2062 ipsius
3439 1990 3556 2048 aui-

1954 2101 2092 2142 mam
2145 2085 2480 2153 pertransibit
2528 2085 2778 2158 gladius;
2828 2095 2883 2140 ut
2933 2086 3226 2145 reuelcntur
3272 2083 3557 2142 multorum

1954 2178 2190 2234 cordium
2236 2179 2571 2249 cogitationes
2604 2177 2760 2248 (Lua.
2790 2193 2827 2233 ιι
2855 2215 2869 2242 ,
2921 2175 3034 2247 55).
3077 2177 3322 2248 Denique
3346 2177 3558 2234 addidit

1952 2270 2164 2340 Sponsa
2194 2271 2429 2328 animam
2456 2287 2608 2330 suam
2641 2271 2830 2336 exisse
2864 2271 2918 2332 in
2951 2270 3125 2332 verbo
3142 2270 3290 2340 eius,
3321 2271 3464 2350 quod
3499 2270 3556 2324 lit

1953 2361 2172 2433 quando
2200 2363 2384 2426 anima
2415 2365 2794 2434 peregrinatur
2823 2377 2853 2425 a
2877 2376 3147 2433 corpore,
3188 2371 3246 2422 et
3267 2362 3380 2420 Deo
3410 2376 3555 2433 prtu-

1951 2471 2084 2516 sens
2110 2465 2196 2512 est
2224 2456 2402 2526 (Cant.
2428 2473 2479 2521 v,
2515 2456 2596 2527 6).

2028 2548 2118 2604 18.
2145 2547 2575 2618 Explanavimus
2593 2549 2778 2620 igitur,
2810 2557 2869 2613 ut
2896 2539 3349 2619 potuimusgquid
3375 2555 3553 2604 esset:

1954 2639 2023 2694 In
2048 2651 2320 2709 (sternunt,
2345 2640 2596 2708 Domine,
2631 2650 2892 2712 permanet
2917 2642 3126 2700 uerbum
3156 2651 3300 2700 tuum
3322 2641 3376 2694 in
3403 2641 3552 2701 caelo.

1953 2731 2253 2796 Possumus
2303 2741 2484 2794 tamen
2536 2744 2594 2789 et
2630 2734 2710 2788 sic
2762 2732 3107 2801 intelligere,
3165 2731 3292 2802 quia
3323 2731 3376 2793 iu
3408 2730 3550 2790 cmlo

1951 2823 2125 2894 magis
2150 2831 2438 2894 permanet
2483 2823 2537 2878 in
2559 2832 2849 2889 arternum,
2890 2821 2979 2884 ubi
3008 2821 3201 2892 Augeli
3228 2832 3281 2885 et
3307 2821 3556 2885 Arcbau-

1951 2917 2081 2987 geli,
2099 2915 2393 2972 Cberubim
2409 2926 2466 2978 et
2481 2915 2764 2986 Seraphim
2784 2915 3075 2986 ;quoniam
3102 2914 3352 2982 homines
3365 2931 3555 2984 quam-

1952 3007 2034 3064 vis
2063 3009 2242 3064 sancti
2270 3015 2430 3076 sunt,
2488 3016 2670 3064 tamen
2721 3007 2950 3066 affectus
2987 3022 3176 3068 eorum
3206 3022 3355 3079 srepe
3379 3019 3555 3074 muta-

1954 3101 2231 3173 tur.,Nttnc
2255 3099 2577 3172 gaudemus,
2607 3099 2872 3164 continuo
2899 3115 3218 3170 maeremus,
3248 3101 3557 3168 irascimur,

265 3193 555 3250 teteruales.
590 3191 648 3258 Si
681 3192 774 3247 bas
796 3192 918 3248 lidei
953 3203 1058 3250 tuae
1084 3203 1268 3266 portas
1293 3194 1427 3249 velis
1456 3193 1729 3260 attollere,
1754 3192 1841 3254 in-
1871 3201 1918 3264 α
1949 3195 2379 3266 ingemiscimus.
2411 3193 2466 3249 In
2512 3194 2626 3264 ipsa
2655 3192 2978 3264 paenitentia
3004 3207 3114 3256 non
3145 3192 3261 3258 vult
3287 3207 3391 3258 nos
3421 3194 3555 3256 satis

267 3285 411 3340 trahit
439 3284 505 3339 ad
535 3295 594 3340 te
619 3301 716 3339 rex
746 3285 959 3356 glorim,
995 3286 1326 3356 triumphum
1358 3294 1584 3357 portans
1614 3286 1849 3356 propria:

262 3378 535 3448 passionis.
597 3378 771 3442 Habet
813 3379 978 3434 etiam
1006 3380 1220 3450 iustitia
1265 3387 1472 3449 portas.
1511 3379 1646 3434 Nam
1678 3380 1849 3434 etiam

268 3472 326 3526 de
345 3472 425 3528 his
467 3473 708 3544 legimus
738 3474 1030 3544 scriptum,
1075 3474 1294 3529 dicente
1340 3474 1566 3530 Domino
1593 3473 1723 3534 Jesu
1754 3489 1852 3545 per

264 3565 576 3638 Prophetam
618 3582 778 3628 suum
812 3585 825 3620 :
855 3568 1066 3646 Aperite
1103 3568 1229 3624 mihi
1273 3577 1450 3638 portas
1477 3569 1699 3640 iustitia:
1729 3565 1847 3637 (Pa.

263 3676 408 3728 ervit,
435 3662 553 3732 19).
589 3663 653 3716 Et
674 3661 812 3716 infra
841 3662 916 3722 ait
938 3663 1202 3731 propheta
1234 3660 1404 3716 David
1431 3679 1444 3714 :
1477 3659 1684 3726 Lauda,
1718 3659 1848 3714 Hie-

265 3756 465 3824 rusalem
485 3797 502 3823 ,
539 3754 833 3812 Dominum
865 3771 882 3810 :
909 3755 1069 3810 lauda
1099 3753 1266 3808 Deum
1305 3764 1478 3824 tuum,
1512 3755 1686 3819 Sion;
1717 3771 1848 3825 quo-

265 3847 387 3902 niam
434 3848 755 3919 confortatu't
795 3863 940 3904 teras
968 3857 1236 3919 portarum
1265 3857 1472 3904 tuarum
1501 3846 1621 3920 (Pa.
1645 3862 1847 3914 chvu,

265 3938 324 3994 i9
348 3950 394 3995 et
419 3940 533 4010 15).

327 4035 409 4090 15.
449 4035 550 4090 Est
592 4047 727 4104 ergo
757 4034 937 4100 anima
967 4049 1088 4104 quas
1119 4033 1285 4090 habet
1307 4033 1530 4104 ianuam
1550 4075 1565 4101 ,
1619 4044 1704 4090 est
1729 4049 1851 4106 quae

266 4122 412 4182 habet
436 4138 656 4198 portas.
689 4126 771 4191 Ad
798 4125 941 4186 hanc
966 4127 1184 4198 ianuam
1208 4125 1356 4183 venit
1381 4125 1636 4194 Chrisws
1656 4137 1712 4182 et
1733 4128 1853 4198 pul-

265 4226 356 4281 sat,
390 4220 575 4290 pulsat
607 4228 663 4273 et
695 4228 900 4288 portas.
931 4218 1098 4289 Aperi
1125 4233 1256 4289 ergo
1284 4219 1362 4276 illi
1398 4236 1412 4274 :
1446 4220 1562 4274 vult
1599 4221 1848 4287 introire,

265 4309 361 4366 vult
391 4309 668 4379 Sponsam
707 4310 953 4366 invenire
996 4311 1336 4382 vigilantem.
1367 4310 1489 4372 Noli
1526 4312 1672 4368 bono
1702 4328 1852 4370 ama-

267 4404 355 4458 tori
378 4403 564 4468 i‘acere
591 4418 776 4470 moras
796 4444 811 4470 ,
853 4404 962 4464 cito
987 4403 1197 4458 recedit
1221 4421 1234 4456 :
1267 4411 1323 4458 et
1349 4413 1404 4457 tu
1426 4419 1621 4459 somno
1651 4419 1849 4475 corpo-

267 4494 331 4549 ris
375 4497 448 4552 tui
470 4497 686 4554 videris
714 4496 1022 4561 exclusisse
1054 4495 1382 4568 pulsantem.
1418 4494 1679 4551 Excludis
1705 4497 1850 4552 enim

1951 3287 2271 3354 constritari
2303 3287 2602 3357 Apostolus
2623 3327 2639 3354 ,
2689 3302 2758 3348 ne
2792 3284 3014 3346 tristitia
3056 3285 3451 3346 absorbeamur
3487 3284 3555 3356 (ll

1954 3381 2075 3440 Cor.
2101 3379 2512 3452 u,7).Ubiergo
2540 3378 2846 3450 iracundia,
2865 3377 2958 3442 ubi
2978 3377 3196 3438 tristitia
3219 3378 3422 3448 gravis,
3447 3391 3557 3442 non

1953 3483 2241 3545 permanet
2263 3473 2335 3539 ibi
2364 3471 2624 3539 Verbum.
2659 3471 2907 3541 Denique
2934 3470 3003 3526 de
3031 3470 3150 3530 Solo
3171 3468 3398 3538 Domino
3423 3467 3555 3536 Jesu

1953 3569 2158 3624 dictum
2210 3575 2298 3623 est
2355 3581 2387 3620 a
2440 3565 2653 3621 Joanne
2709 3564 2832 3634 quia
2881 3560 3221 3619 Vidit........
3295 3561 3553 3633 Spiritum

1953 3671 2191 3718 sanctum
2217 3659 2607 3716 descendentem
2628 3655 2692 3712 de
2712 3655 2840 3714 caelo
2866 3655 3000 3720 sicut
3028 3653 3338 3719 columbam,
3371 3662 3419 3707 et
3447 3668 3557 3705 ma-

1953 3764 2160 3814 nentem
2215 3769 2374 3824 super
2418 3767 2536 3806 eum
2566 3747 2761 3822 (Marc.
2795 3763 2836 3815 ι,
2870 3747 2982 3817 10).
3013 3746 3148 3804 Nam
3178 3756 3236 3809 et
3266 3744 3555 3818 prophetae

1954 3862 2062 3901 non
2117 3861 2337 3915 semper
2378 3843 2806 3915 prophetahant,
2847 3841 2944 3897 sed
2973 3856 3097 3898 cum
3129 3839 3446 3906 intenderet
3472 3839 3558 3894 bis

1953 3939 2186 4010 gratiam
2221 3938 2464 4008 Spiritus
2517 3935 2906 4008 prophetandi.
2964 3935 3349 4006 Deniquenec
3387 3934 3557 4000 David

1955 4031 2232 4102 praescivit
2259 4030 2388 4100 quid
2413 4030 2766 4092 annuntiaret
2795 4025 3007 4092 Natban
3032 4027 3233 4090 missus
3253 4041 3283 4086 a
3301 4026 3556 4090 Domino,

1955 4135 2010 4181 et
2058 4125 2246 4196 utique
2298 4123 2528 4186 inferior
2563 4121 2778 4186 Nathan
2821 4120 3085 4194 propheta
3125 4119 3380 4190 cognovit
3409 4119 3554 4189 quod

1956 4216 2126 4272 David
2161 4214 2511 4288 praestantior
2551 4211 3223 4286 nesciebat(ll1ieg.xxu,
3268 4213 3302 4267 5
3329 4210 3552 4283 ακρῳ).

1955 4309 2024 4366 Et
2043 4308 2185 4376 alius
2209 4308 2345 4366 dixit
2378 4304 2892 4382 prephetazCelavit
2911 4321 2992 4368 me
3016 4303 3274 4364 Dominus
3304 4304 3394 4377 (IV
3420 4302 3555 4377 Reg.

1954 4417 2028 4468 tv,
2056 4399 2339 4472 27).Unde
2361 4408 2417 4455 et
2435 4399 2684 4475 plerique
2697 4397 2976 4468 accipiunt
3000 4399 3054 4452 in
3067 4396 3213 4460 cmlo
3236 4409 3554 4466 permanere

1957 4494 2054 4550 Dei
2075 4493 2333 4560 Verbum,
2350 4493 2403 4548 in
2418 4491 2786 4548 Potestatibus
2801 4490 3134 4556 caelestibus,
3153 4488 3208 4546 iu
3230 4488 3428 4566 quibus
3444 4503 3554 4550 non

263 4601 393 4655 eum,
425 4606 553 4648 eum
578 4589 888 4648 desidiosus
913 4605 997 4657 es,
1027 4605 1148 4644 cum
1180 4590 1352 4664 piger,
1385 4604 1506 4645 cum
1537 4592 1852 4648 somnolen-
1876 4599 1928 4658 ι)
1955 4595 2084 4648 sunt
2102 4586 2394 4641 aii‘ectuum
2422 4585 2735 4646 varietates.
2766 4583 2948 4654 Aliqui
2971 4591 3157 4645 autem
3187 4580 3391 4651 deipsa
3411 4578 3557 4646 acci-

265 4689 368 4750 tus,
399 4684 483 4750 bis
513 4683 794 4754 repagulis
820 4682 1074 4744 Christus
1102 4683 1440 4748 excluditur;
1483 4685 1587 4738 etsi
1631 4693 1847 4749 castus,

263 4778 356 4838 etsi
403 4779 630 4843 sobrius
666 4777 782 4846 sis,
829 4792 965 4842 cave
1010 4792 1080 4833 ne
1128 4776 1414 4848 negligens
1461 4776 1560 4832 sis.
1591 4777 1848 4848 Maiorem

263 4865 469 4936 Christo
500 4869 636 4936 facit
665 4868 946 4940 iniuriam,
970 4870 1057 4941 qui
1087 4869 1466 4925 advenientem
1493 4870 1727 4940 repellit.

328 4963 413 5016 16.
447 4963 852 5032 Nonnunquam
889 4962 1082 5026 etiam,
1132 4961 1178 5016 si
1209 4963 1442 5016 moraris
1467 5003 1480 5025 ,
1541 4962 1708 5016 mittit
1736 4977 1851 5016 ma-

266 5067 380 5109 num
412 5071 571 5112 suam
603 5069 701 5130 per
731 5053 1029 5118 fenestram
1049 5096 1062 5118 ,
1113 5052 1253 5108 sicut
1274 5053 1351 5108 ait
1373 5053 1586 5124 Sponsa
1619 5070 1633 5107 :
1671 5051 1856 5108 Frater

265 5163 394 5202 meus
420 5150 564 5202 misit
587 5165 800 5202 manum
827 5165 975 5202 suam
1004 5149 1068 5201 de
1098 5158 1408 5218 prospectu,
1439 5157 1484 5201 et
1514 5158 1686 5202 uenter
1713 5165 1857 5205 meus

264 5241 588 5294 conturbatus
634 5248 707 5295 est
730 5253 885 5310 super
915 5255 1050 5294 eum.
1080 5239 1369 5294 Exsurrext‘
1393 5255 1489 5308 ego
1511 5241 1715 5310 aperire
1741 5241 1854 5308 [ra-

264 5333 320 5385 tri
349 5351 480 5388 meo.
521 5333 714 5390 Manus
751 5349 876 5389 mea:
926 5334 1307 5387 distillaverunt
1365 5335 1674 5404 myrrham:
1704 5334 1856 5403 digiti

265 5425 353 5479 mei
399 5428 614 5496 myrrha
661 5427 800 5496 pleni
848 5425 1024 5498 (Cant.
1059 5443 1114 5494 v,
1165 5427 1280 5482 Aet
1307 5424 1387 5498 5).
1443 5427 1684 5483 Primum
1723 5443 1855 5500 ergo

268 5528 536 5590 tamquam
569 5536 597 5572 τι
631 5528 920 5591 prospectu
948 5521 1114 5575 mittit
1143 5535 1366 5576 manum
1397 5535 1551 5576 suam
1580 5561 1596 5588 ,
1641 5521 1858 5591 quando

269 5609 401 5666 Deus
453 5627 581 5668 esse
631 5614 888 5683 operibus
936 5613 1255 5668 aestimatur.
1291 5613 1447 5669 Unde
1486 5614 1562 5667 ait
1593 5630 1607 5666 :
1642 5613 1703 5670 Si
1733 5613 1861 5668 mihi

267 5717 363 5757 non
392 5704 628 5771 creditis,
661 5705 741 5760 vel
772 5704 1013 5776 aperibus
1044 5706 1236 5760 credite
1255 5703 1433 5778 (Joau.
1460 5705 1858 5778 x,58).Deinde

270 5808 496 5882 augetur
519 5813 695 5874 amor,
719 5808 775 5854 et
795 5799 1001 5855 intimis
1025 5797 1329 5855 visceribus
1349 5809 1646 5880 conceptus
1664 5799 1865 5855 inoles-

1955 4682 2112 4750 piunt
2134 4679 2422 4744 Trinitate,
2455 4692 2575 4755 qua:
2600 4677 2713 4734 sola
2738 4674 3098 4738 immutabilis
3123 4675 3223 4742 sit;
3255 4684 3311 4739 et
3337 4673 3463 4735 ideo
3497 4675 3552 4740 in

1955 4773 2095 4828 etelo
2121 4781 2403 4842 permanet
2435 4771 2704 4838 Verbum,
2734 4768 2784 4826 id
2814 4778 2917 4832 est,
2949 4769 3002 4824 in
3043 4767 3237 4835 Patre,
3271 4768 3396 4838 quia
3425 4766 3556 4826 Ver-

1956 4867 2083 4922 bum
2111 4865 2282 4920 dixit:
2301 4863 2482 4936 Egoin
2500 4863 2679 4932 Patre,
2698 4874 2743 4918 et
2767 4861 2925 4916 Pater
2942 4863 2997 4916 in
3018 4877 3098 4920 me
3117 4859 3295 4934 (Joan.
3313 4876 3425 4936 xtv,
3442 4859 3556 4932 10).

2031 4960 2119 5016 19.
2163 4935 2500 5028 (Vers.90.)
2551 4956 2616 5011 In
2659 4935 3036 5027 generationem
3084 4964 3134 5012 et
3181 4955 3562 5025 generationem

1956 5053 2143 5107 veritas
2175 5061 2283 5106 tua.
2307 5047 2456 5106 Multi
2484 5058 2611 5105 sunt
2631 5050 2720 5122 qui
2747 5048 3006 5104 dicuntur
3028 5047 3124 5114 dii,
3145 5047 3243 5103 sed
3275 5063 3382 5102 non
3407 5056 3555 5108 sunt.

1961 5147 2104 5217 Ergo
2130 5147 2181 5201 in
2210 5145 2461 5216 gentibus
2478 5142 2821 5206 mendacium
2846 5151 2961 5207 Cal;
2986 5140 3039 5203 iu
3064 5139 3308 5196 Ecclesia
3332 5139 3557 5204 veritas.

1959 5237 2109 5292 Hauc
2141 5245 2318 5290 tamen
2341 5235 2626 5290 veritatem
2657 5234 2848 5288 habuit
2881 5234 3056 5302 primo
3085 5232 3372 5303 Synagoga
3395 5273 3411 5299 ,
3438 5246 3562 5303 qua:

1963 5326 2196 5382 habebat
2217 5325 2428 5396 eloquia
2449 5324 2574 5388 Dei;
2594 5333 2679 5378 est
2710 5326 2853 5379 enim
2879 5324 3078 5380 veritas
3095 5333 3150 5380 et
3171 5326 3224 5380 in
3241 5325 3413 5381 veteri
3430 5327 3564 5380 Tes-

1959 5428 2225 5487 tamento,
2249 5404 2376 5492 qua:
2403 5419 2503 5473 fuit
2533 5426 2659 5474 ante
2692 5418 2746 5473 iu
2779 5419 2981 5490 populo
3010 5418 3348 5478 Judteorum.
3383 5419 3560 5482 Notus

1963 5516 2109 5572 enim
2140 5516 2196 5571 in
2219 5512 2407 5569 Judara
2434 5511 2576 5568 Deus
2599 5512 2720 5585 (Ps.
2758 5529 2902 5569 Lxxv
2923 5554 2938 5580 ,
2971 5513 3046 5584 1).
3077 5515 3221 5572 Deus
3249 5523 3431 5572 autem
3464 5530 3560 5571 ve-

1965 5609 2095 5665 ritas
2116 5619 2233 5673 est,
2284 5622 2415 5678 ergo
2447 5608 2498 5660 in
2527 5607 2714 5662 Judma
2742 5607 2969 5661 veritas.
3003 5604 3128 5662 Fuit
3171 5608 3335 5679 igitur
3363 5609 3566 5664 veritas

1967 5703 2022 5773 in
2055 5701 2320 5774 patribus,
2354 5701 2562 5776 Moyse,
2586 5710 2640 5760 et
2665 5700 2793 5766 Jesu
2821 5700 2990 5770 Nave,
3017 5701 3068 5758 in
3103 5701 3352 5772 Samuel,
3374 5702 3427 5758 iu
3457 5695 3568 5756 Da-

1973 5779 2086 5863 vid,
2111 5796 2247 5864 Elia,
2280 5795 2502 5862 Elisaeo,
2529 5803 2585 5852 et
2607 5795 2662 5854 in
2687 5795 2797 5852 illis
2823 5804 3032 5868 septem
3054 5795 3296 5856 millibus
3325 5792 3569 5861 virorum
