4104 6350
549 283 689 340 1507

1903 281 2148 339 SANCTI
2189 279 2510 340 AMBROSII

3702 281 3837 338 £368

541 403 630 474 qui
663 416 770 457 non
794 409 1163 458 curvaverant
1186 415 1362 472 genua
1395 399 1544 456 Baal.
1577 399 1685 458 Sed
1707 399 1832 471 quia
1866 401 2146 470 posterior
2177 402 2220 463 Α
2249 398 2294 473 (l
2320 399 2441 457 Cor.
2476 416 2514 467 ι,
2540 399 2620 471 5),
2645 414 2752 456 non
2779 400 2830 454 in
2874 397 3122 470 pecuniis
3150 398 3336 470 utique
3356 439 3372 466 ,
3407 411 3514 455 non
3538 399 3594 455 in
3623 413 3754 456 auro
3785 411 3842 456 et

546 495 770 552 soboles
799 494 1116 552 .ludreorum
1141 510 1170 550 a
1195 503 1405 561 patrum
1453 493 1701 549 moribus
1727 491 1966 548 deviavit
1989 534 2004 555 ,
2056 507 2148 548 re-

546 591 716 645 cessit
745 590 814 643 ab
837 589 945 644 illis
974 590 1198 649 veritas,
1231 596 1288 642 et
1314 586 1379 640 ad
1410 586 1716 643 Ecclesiam
1748 587 1915 642 venit.
1949 585 2151 643 Reces—

549 683 621 738 sit
648 682 792 738 enim
822 683 889 737 ab
914 682 1046 744 illis,
1081 680 1299 749 quando
1327 679 1585 735 dixerunt
1623 680 1692 736 de
1718 680 1948 735 Domino
1976 680 2106 736 Jesu
2135 697 2148 734 :

549 773 720 840 Tolle,
754 775 877 829 tolle
899 817 912 839 ,
960 773 1209 844 cruci/iga
1238 789 1350 827 eum
1383 770 1562 845 (Joan.
1597 778 1686 829 xix
1707 815 1721 837 ,
1758 774 1878 842 15);
1914 773 2152 830 tradide-

551 877 687 922 runt
711 867 854 923 enim
885 867 1193 933 veritatem,
1247 875 1301 921 et
1326 867 1613 938 elegerunt
1635 867 1997 937 iniquitatem.
2023 867 2154 923 Om-

555 975 656 1016 nes
685 976 815 1031 ergo
853 959 972 1015 alia:
1001 959 1386 1030 generationes
1416 960 1661 1016 veritatis
1691 971 1937 1016 exsortes
1971 1003 1986 1025 ,
2029 977 2150 1016 om-

554 1053 705 1107 nium
740 1052 1118 1107 haereticorum
1164 1053 1550 1123 generationes
1592 1069 1702 1109 non
1735 1063 1922 1110 tenent
1955 1054 2152 1110 verita-

553 1156 662 1202 tem
695 1164 708 1200 :
741 1148 860 1202 sola
911 1147 1158 1203 Ecclesia
1189 1149 1474 1204 veritatem
1505 1149 1597 1218 pio
1633 1148 1835 1204 affectu
1867 1149 2150 1220 possidet;

554 1239 677 1309 quia
707 1241 984 1311 generatio
1012 1240 1323 1296 Iudaeorum
1353 1284 1368 1307 ,
1419 1257 1541 1312 qua:
1587 1253 1712 1298 ante
1742 1257 1858 1298 eam
1901 1243 2150 1312 posside-

555 1329 670 1394 bat,
693 1332 894 1386 amisit.
927 1332 1162 1400 Populus
1183 1349 1313 1403 ergo
1336 1332 1647 1389 Iudaeorum
1674 1335 1820 1405 prior
1844 1335 1967 1390 ﬁdei
1991 1351 2153 1404 gene-

553 1424 716 1487 ratio,
747 1432 803 1477 et
832 1423 954 1478 ideo
981 1423 1242 1479 infantior
1267 1434 1322 1480 et
1350 1425 1640 1494 infirmior,
1672 1427 1762 1497 qui
1785 1428 1995 1482 lubrico
2013 1428 2148 1483 ado-

551 1517 828 1574 lescentiae
869 1529 1014 1575 stare
1054 1536 1158 1574 non
1191 1521 1404 1592 1120
1437 1521 1646 1590 potuit;
1697 1523 1932 1592 p0pulus
1969 1532 2147 1579 autem

554 1611 898 1666 Christianus
924 1613 1044 1668 fidei
1069 1614 1308 1668 secunda
1337 1615 1617 1683 generatio
1642 1631 1656 1681 ;
1699 1615 1820 1671 ideo
1847 1617 2147 1684 robustior,

555 1715 605 1760 et
643 1705 940 1761 venerabili
971 1707 1232 1760 maturior
1264 1716 1566 1763 senectute.
1619 1708 1709 1763 Illa
1734 1710 2018 1779 generatio
2049 1710 2151 1765 Le-

2254 503 2500 567 argento,
2521 494 2613 551 sed
2628 496 2680 549 in
2699 494 3022 560 omniverbo,
3049 494 3242 560 inquit,
3262 504 3310 548 et
3327 493 3836 569 cognitione(lbid.).

2253 587 2321 643 Et
2348 587 2476 642 alibi
2504 587 2578 641 ait
2607 605 2619 642 :
2666 586 2689 640 1
2700 605 2730 641 n
2757 587 2949 642 divitiis
2991 587 3340 656 simplicitatis
3361 585 3434 655 (ll
3459 585 3580 643 Cor.
3610 603 3726 652 vm,
3756 588 3835 662 2).

2255 681 2350 737 llze
2375 680 2582 735 divitiae
2601 691 2724 735 sunt
2754 679 3032 745 salubres;
3077 695 3201 734 nam
3243 679 3414 749 copiae
3435 681 3729 735 szecnlares
3751 696 3841 736 sa-

2252 773 2418 828 lutem
2446 773 2641 828 afferre
2669 787 2773 828 non
2807 771 3168 842 possunt.Qui
3195 782 3372 827 autem
3403 771 3653 827 habuerit
3677 773 3844 829 abun-

2255 866 2496 922 dantiam
2541 865 2866 936 spiritalem,
2913 866 3076 936 hujus
3117 876 3262 922 terra
3304 865 3589 922 fructifera
3636 876 3740 922 stat
3788 867 3846 923 in

2254 963 2555 1025 saeculum.
2611 962 2749 1018 bene
2787 962 3004 1017 fundata
3037 961 3219 1017 radice
3237 961 3519 1027 virtutum,
3561 962 3645 1016 vel
3667 962 3846 1016 anima

2252 1057 2424 1113 bonos
2449 1057 2631 1125 utique
2645 1057 2957 1127 germinans
2986 1056 3189 1112 fructm
3209 1098 3224 1122 ,
3243 1057 3328 1111 vel
3346 1071 3474 1110 caro
3501 1055 3668 1111 nullis
3693 1057 3848 1127 cupi-

2253 1151 2514 1207 ditatibus
2543 1150 2762 1206 mobilis
2787 1150 2852 1204 ad
2875 1151 3302 1220 prolapsioncm.

2323 1244 2414 1299 ἓξ.
2433 1244 2579 1300 Hanc
2602 1253 2800 1299 terram
2820 1244 3015 1299 circuit
3028 1244 3107 1299 sol
3123 1243 3347 1314 justitite
3365 1242 3647 1310 salutaris,
3662 1242 3852 1315 dequo

2253 1338 2514 1407 scriptum
2538 1346 2622 1392 est
2645 1355 2657 1390 :
2684 1334 2754 1390 Et
2772 1337 2940 1390 oritur
2961 1337 3060 1402 sol,
3080 1347 3126 1390 et
3145 1337 3352 1396 occidit,
3377 1346 3424 1390 et
3448 1337 3502 1391 in
3519 1337 3686 1390 locum
3702 1353 3852 1390 suum

2253 1430 2428 1484 trahit.
2461 1429 2584 1501 Ipse
2617 1431 2786 1485 oriens
2813 1430 2942 1484 illuc
2966 1429 3108 1485 vadit
3139 1429 3207 1483 ad
3236 1439 3488 1494 austrum,
3523 1439 3570 1482 et
3603 1438 3754 1500 gyrat
3786 1429 3854 1481 ad

2252 1524 2545 1595 aquilonem
2575 1539 2593 1578 :
2617 1535 2638 1563 ο
2669 1524 2902 1596 gyrando
2927 1534 3074 1598 gyrat
3103 1521 3366 1593 Spiritus,
3398 1531 3445 1576 et
3471 1522 3526 1576 in
3555 1539 3710 1594 gyros
3739 1525 3856 1596 ejus

2254 1616 2562 1670 convertitur
2583 1615 2815 1687 Spiritus
2837 1613 3004 1684 (Eccl.
3038 1631 3076 1680 ι,
3108 1613 3141 1668 5
3162 1625 3211 1668 et
3236 1613 3317 1685 6).
3351 1613 3536 1668 Oritur
3562 1613 3642 1670 sol
3675 1613 3854 1681 iustis,

2253 1708 2454 1764 occidit
2468 1719 2646 1764 autem
2671 1708 2883 1778 injustis
2901 1726 2912 1761 :
2931 1709 3104 1762 oritur
3122 1706 3497 1776 tranquillitati
3516 1707 3617 1776 pire
3633 1705 3856 1772 mentis,

551 1799 655 1869 gis,
690 1799 805 1855 haec
845 1801 1054 1870 gratiae.
1083 1800 1240 1857 Unde
1278 1811 1333 1856 et
1383 1802 1508 1857 alibi
1529 1804 1601 1858 ait
1629 1821 1639 1857 :
1673 1802 1736 1857 In
1767 1805 2145 1875 generationem
2175 1796 2222 1856 B
2249 1800 2446 1855 Ot'Cidil
2472 1799 2787 1855 iracundim.
2813 1800 2962 1855 Unde
2981 1800 3090 1853 ait:
3118 1799 3213 1854 Sol
3238 1815 3338 1852 non
3361 1798 3561 1852 occidat
3578 1815 3733 1869 super
3749 1798 3858 1851 ira-

553 1903 602 1946 et
629 1895 1009 1965 generationem
1033 1896 1416 1950 annuntiabunt
1450 1901 1715 1954 veritatem
1747 1908 1888 1952 tuam
1919 1896 2142 1967 (Psahn.

553 2001 792 2042 Lxxxvm
812 2027 826 2050 ,
856 1987 936 2057 2).

625 2077 717 2134 90.
755 2079 1010 2150 Sequitur
1048 2095 1241 2136 versus
1284 2081 1478 2138 tertius
1510 2101 1524 2138 :
1552 2081 1810 2137 Fundasti
1861 2093 2073 2152 terram,
2108 2093 2156 2138 et

553 2181 838 2240 permanet.
896 2171 1251 2245 Dispositione
1292 2184 1379 2228 tua
1407 2187 1671 2247 permanet
1707 2176 1834 2230 dies.
1868 2175 2154 2244 Quomodo

554 2266 862 2323 fundaverit
880 2267 1024 2323 Dens
1046 2275 1249 2324 terram
1271 2268 1555 2341 Scriptura
1583 2285 1682 2326 nos
1701 2270 1904 2337 docuit,
1938 2271 2157 2327 dicente

552 2357 868 2430 Pr0pbeta:
912 2357 1055 2414 Deus
1107 2362 1360 2431 sapientia
1408 2361 1648 2431 fundauit
1688 2372 1903 2426 terram,
1957 2365 2157 2434 paravit

554 2465 726 2508 autem
755 2455 907 2508 ctelos
937 2455 992 2508 in
1019 2455 1280 2510 intellectu
1309 2455 1496 2528 (Prov.
1538 2472 1617 2522 ιιι,
1660 2456 1774 2528 19).
1829 2456 1997 2512 Terra
2025 2473 2156 2528 ergo

558 2557 834 2616 tamquam
865 2545 1280 2602 fundamentum
1311 2558 1424 2614 est,
1469 2549 1522 2604 in
1551 2563 1654 2620 qua
1681 2551 2063 2615 consistimus;
2093 2551 2154 2605 li-

557 2645 646 2693 cet
695 2645 719 2673 “
762 2637 934 2707 ipsam
969 2638 1021 2692 in
1055 2637 1364 2710 hemicyclo
1385 2640 1509 2697 coeli
1541 2653 1665 2696 esse
1688 2683 1702 2707 ,
1746 2651 1798 2696 et
1832 2642 1876 2696 is
1907 2642 1996 2711 qui
2025 2642 2160 2698 foris

553 2740 638 2784 eSt
667 2743 848 2785 sermo
871 2731 1242 2798 concelebret,
1270 2743 1324 2787 et
1347 2732 1626 2803 Scriptura
1647 2733 2157 2804 significarevidea-

553 2833 662 2892 tur,
708 2825 926 2880 dicente
955 2824 1058 2881 Job
1091 2845 1106 2882 :
1135 2825 1474 2901 Suspendens
1515 2839 1706 2884 terram
1743 2830 1796 2884 in
1819 2831 1984 2885 nihilo
2008 2829 2153 2903 (Job.

557 2935 716 2987 xxvi,
747 2918 823 2991 7).
854 2917 1156 2977 lnclnditur
1197 2938 1327 2994 ergo
1366 2923 1499 2978 orbe
1545 2925 1786 2990 caelesti;
1827 2933 1883 2980 et
1928 2924 2052 2981 ideo
2073 2927 2156 2982 sol

557 3014 807 3069 noctibus
828 3032 935 3072 non
968 3017 1207 3080 videtur,
1237 3017 1361 3086 quia
1387 3015 1630 3086 gyrando
1661 3015 1919 3072 inferiore
1945 3017 2155 3072 inveni-

558 3113 644 3159 tur
665 3106 816 3161 orbis
857 3118 1013 3178 parte
1057 3108 1321 3163 cmlestis.
1359 3107 1464 3163 Sed
1519 3121 1626 3162 non
1657 3118 1740 3163 est
1794 3122 1925 3163 cura
1949 3109 2151 3164 sanctis

2257 1895 2499 1948 cundiam
2521 1903 2737 1948 vestram
2774 1891 2994 1967 (Ep/tes.
3035 1909 3106 1961 tv,
3139 1893 3257 1964 26).
3295 1892 3430 1948 lfinc
3466 1902 3645 1963 potest
3673 1892 3858 1963 colligi

2259 1987 2381 2058 quia
2399 1986 2589 2042 iisdem
2607 1988 2813 2042 oriatur
2829 1995 2885 2042 et
2901 1985 3132 2051 occidat,
3148 2001 3376 2054 quorum
3391 1996 3444 2042 et
3458 1986 3586 2041 vitia
3601 1985 3855 2057 sepeliat,

2258 2087 2313 2134 et
2343 2078 2614 2134 illuminat
2651 2079 2907 2149 gratiam.
2944 2078 3186 2133 Mortuus
3203 2087 3289 2133 est
3333 2077 3476 2134 enim
3507 2091 3732 2148 peccato
3755 2121 3769 2145 ,
3796 2090 3859 2134 ut

2264 2173 2374 2228 Deo
2399 2174 2643 2239 viveret;
2679 2174 2780 2228 hoc
2807 2181 2930 2239 est,
2961 2181 3186 2243 peccato
3209 2187 3396 2226 sumus
3429 2171 3481 2225 in
3519 2171 3613 2226 illo
3637 2171 3858 2239 mortui,

2262 2275 2318 2321 ut
2346 2267 2458 2321 Deo
2507 2266 2561 2320 in
2591 2276 2914 2335 perpetuum
2958 2265 3288 2320 viveremus.
3324 2262 3462 2319 Vide
3503 2263 3678 2334 ipsum
3710 2279 3862 2337 mys-

2261 2361 2452 2416 terium
2471 2360 2914 2431 praenuntiatum.
2935 2357 2999 2413 Et
3021 2359 3205 2424 oritur,
3223 2357 3422 2429 inquit,
3445 2357 3524 2412 sol
3539 2398 3553 2421 ,
3577 2366 3626 2412 et
3643 2358 3860 2423 occidit,

2259 2465 2306 2508 et
2329 2455 2382 2508 in
2414 2455 2584 2508 locum
2605 2471 2759 2509 suum
2790 2453 2968 2507 trahit.
3013 2451 3127 2506 Hoc
3152 2460 3234 2505 est
3271 2449 3415 2521 quod
3451 2448 3811 2506 aitDominns
3846 2468 3860 2506 :

2261 2546 2392 2602 Cum
2432 2547 2692 2602 exaltatus
2741 2550 3008 2617 fuero.....
3041 2546 3213 2600 omnia
3251 2543 3452 2596 traham
3483 2541 3552 2594 ad
3576 2557 3655 2597 me
3685 2543 3862 2612 ipsum

2263 2640 2442 2713 (Joan.
2475 2657 2573 2708 sn,
2599 2640 2714 2713 ὅθ).
2747 2640 2938 2694 Traxit
2980 2638 3123 2694 enim
3156 2637 3222 2691 ad
3255 2653 3315 2693 se
3355 2635 3595 2691 omnium
3645 2635 3859 2701 studia,

2260 2747 2320 2793 ut
2347 2739 2430 2793 vel
2454 2745 2676 2808 peccata
2705 2745 2890 2791 nostra
2916 2733 3284 2802 crucifigeret,
3318 2731 3399 2786 vel
3421 2731 3618 2786 bonum
3645 2731 3858 2802 1121

2261 2831 2532 2900 ingenium
2562 2829 2628 2884 ad
2655 2828 2922 2900 justitiam
2951 2833 3298 2896 provocaret.
3328 2823 3566 2880 Adverte
3588 2823 3862 2890 quemad-

2261 2921 2480 2978 modum
2505 2920 2684 2978 trabat
2713 2920 2780 2974 ad
2805 2935 2863 2975 se
2897 2937 2909 2973 :
2946 2917 3224 2973 Pater.....
3258 2917 3374 2970 volo
3399 2924 3455 2969 ut
3475 2914 3561 2967 ubi
3587 2929 3679 2984 ego
3709 2929 3862 2979 sum,

2258 3027 2307 3072 et
2352 3019 2437 3071 isti
2490 3018 2592 3071 sint
2639 3033 2836 3072 mecum
2868 3012 3048 3086 (Joan.
3079 3029 3210 3074 xvst,
3241 3011 3358 3081 24).
3394 3011 3460 3065 Et
3492 3007 3559 3063 ad
3588 3008 3861 3063 latronem

2257 3108 2334 3162 ait
2363 3125 2374 3162 :
2403 3107 2580 3162 Hodie
2626 3123 2824 3162 mecum
2863 3107 2964 3161 eris
3007 3107 3060 3160 in
3105 3102 3351 3174 paradiso
3375 3101 3528 3171 (Luc.
3559 3114 3709 3154 xxut.
3737 3097 3862 3170 45).

555 3210 714 3251 axem
765 3199 888 3253 cmli
909 3242 924 3264 ,
983 3208 1040 3254 et
1087 3200 1488 3255 elementorum
1549 3199 1720 3270 spatia
1771 3200 2154 3270 pbilosopbico
2181 3189 2229 3252 C
2263 3199 2498 3254 Adverte
2518 3199 2791 3268 quomodo
2819 3198 2998 3253 omnia
3030 3194 3226 3252 trahat.
3259 3193 3541 3250 Exaltatus
3571 3201 3860 3258 estcruce,

561 3303 734 3353 more,
761 3307 1129 3362 numerosque
1145 3292 1455 3347 describere
1471 3291 1618 3362 (quid
1639 3293 1784 3347 enim
1811 3291 1913 3347 hoc
1936 3293 2158 3363 prodest

557 3384 744 3455 saluti)
788 3384 912 3456 quia
959 3387 1132 3440 sancti
1163 3385 1504 3456 spiritalibus
1526 3400 1746 3455 semper
1769 3385 2078 3451 intendunt,
2103 3393 2158 3441 et

557 3474 683 3531 vitae
710 3485 930 3532 aeterna:
956 3480 1239 3548 profutura
1261 3476 1347 3532 vel
1376 3492 1710 3548 cognoscere
1746 3479 2012 3552 gestiunt,
2067 3481 2155 3536 vel

557 3567 776 3624 docere.

626 3660 720 3715 21.
755 3662 993 3732 Denique
1020 3662 1164 3718 hunc
1190 3663 1366 3717 locum
1389 3662 1616 3734 pulchre
1638 3664 1794 3718 nobis
1817 3665 2032 3734 aperuit
2054 3663 2156 3719 Ec-

555 3753 843 3808 clesiastes
876 3755 1179 3823 Spiritaletn
1211 3768 1356 3820 esse,
1381 3770 1486 3809 non
1517 3756 1876 3820 tnaterialem,
1921 3755 2109 3810 dicens
2137 3774 2150 3809 :

561 3844 692 3910 Qua:
711 3845 1029 3901 abundantia
1053 3847 1247 3901 homini
1273 3848 1328 3901 in
1357 3849 1495 3901 omni
1519 3849 1692 3900 labore
1717 3865 1810 3903 suo
1831 3865 1930 3919 quo
1956 3848 2156 3903 laborat

557 3940 650 3994 sub
677 3942 824 3994 sole?
843 3939 1120 3996 Generatio
1148 3942 1320 4008 vadit,
1368 3952 1416 3998 et
1439 3945 1702 4013 generatio
1724 3943 1857 3997 venit
1880 3985 1893 4008 ,
1938 3951 1987 3997 et
2018 3953 2154 3998 terra

555 4044 652 4089 stat
683 4036 736 4090 in
767 4036 1012 4090 saeculum
1030 4035 1230 4106 (Eccle.
1257 4053 1304 4102 ι,
1335 4038 1369 4093 5
1387 4047 1432 4091 et
1460 4038 1513 4103 4)
1535 4054 1550 4101 ;
1576 4037 1679 4093 hoc
1703 4048 1808 4102 est,
1832 4054 1952 4108 qua:
1982 4039 2156 4094 abun-

558 4129 742 4185 dantia
784 4130 1012 4198 Spil’iLlli
1047 4129 1256 4184 homini
1300 4131 1568 4186 laboranti
1617 4131 1718 4187 sub
1755 4131 2155 4199 solcjustitias?

559 4222 627 4279 Et
651 4224 886 4294 subjecit
914 4243 926 4277 :
959 4212 1232 4278 Generatio
1259 4224 1426 4286 vadit,
1454 4234 1500 4278 et
1533 4226 1794 4295 generatio
1816 4226 1970 4279 venit.
1993 4225 2156 4281 Vadit

555 4322 870 4389 generatio,
917 4319 1041 4387 quia
1083 4319 1264 4373 divites
1309 4328 1553 4389 eguerunt
1580 4329 1625 4371 et
1662 4317 2152 4389 esurierunt(Psal.

555 4427 746 4473 χχχιιι,
773 4412 882 4482 ll).
903 4411 1006 4479 Qui
1026 4421 1156 4467 ante
1179 4411 1738 4479 abundabantgratia,
1761 4422 1948 4480 postea
1973 4421 2150 4466 tamen

555 4513 780 4575 propter
814 4504 1096 4572 perfidiam
1131 4517 1284 4556 suam
1311 4517 1472 4571 egere
1495 4511 1801 4571 cteperunt.
1833 4501 1935 4568 Qui
1968 4511 2150 4556 autem

2261 3302 2315 3348 et
2340 3301 2482 3348 lotus
2507 3291 2738 3346 credidit
2761 3291 3016 3346 mundus.

2329 3387 2422 3445 2'5.
2453 3388 2576 3458 Ipse
2605 3388 2798 3453 oriens,
2825 3386 3022 3457 inquit,
3053 3384 3194 3439 vadit
3230 3387 3299 3437 ad
3338 3390 3595 3444 austrum,
3624 3389 3674 3434 et
3706 3388 3866 3451 gyrat

2259 3481 2328 3535 ad
2354 3483 2667 3551 aquilonem.
2699 3481 2791 3534 Ille
2816 3478 3000 3548 utique
3029 3479 3233 3541 oriens,
3263 3475 3352 3546 qui
3393 3473 3470 3528 ait
3502 3491 3514 3528 :
3546 3472 3732 3527 Oriens
3759 3486 3860 3526 no-

2258 3593 2376 3630 men
2406 3585 2478 3631 est
2503 3575 2628 3629 mihi
2659 3573 2846 3646 (Zach.
2877 3589 2952 3635 vi,
2986 3572 3074 3642 12)
3106 3591 3119 3626 :
3146 3570 3237 3643 qui
3277 3584 3492 3636 semper
3519 3567 3695 3622 oritur
3726 3565 3859 3636 piis,

2259 3685 2552 3740 numquam
2585 3667 2802 3723 occidit.
2832 3665 2955 3736 Ipse
2983 3668 3166 3720 oriens
3189 3662 3389 3734 p0pnlo
3412 3660 3763 3717 ﬂebrzeorum
3789 3657 3861 3714 ad

2259 3773 2506 3818 austrum
2536 3760 2656 3825 ivit,
2691 3759 2757 3814 ad
2789 3758 3090 3813 molliorem
3121 3754 3403 3826 populum,
3440 3751 3652 3807 luxuria
3683 3749 3862 3821 magis

2260 3855 2521 3911 ferventis
2551 3853 2800 3922 corporis
2829 3851 3119 3915 lubricum,
3151 3865 3311 3920 quam
3343 3843 3863 3916 intpietatisi‘imma-

2259 3949 2429 4005 nitate
2452 3947 2759 4019 praedurum
2793 3964 2804 3999 :
2837 3955 2930 4000 aut
2974 3954 3126 3998 certe
3153 3943 3218 3996 ad
3265 3939 3584 3995 nobiliorem
3614 3936 3856 4006 plebem,

2257 4060 2378 4116 qu:e
2417 4055 2530 4099 erat
2559 4057 2730 4114 genus
2773 4039 3030 4102 electum,
3065 4034 3348 4092 vindicans
3377 4031 3478 4087 sibi
3523 4027 3859 4101 patriarcha.

2257 4154 2374 4192 rum
2393 4134 2721 4208 prosapiam.
2749 4131 2854 4187 Sed
2899 4131 3021 4194 quia
3059 4125 3444 4198 perseverabat
3469 4123 3523 4178 in
3554 4121 3720 4182 vitiis,
3753 4133 3858 4173 nec

2256 4232 2581 4288 emendabat
2629 4243 2904 4286 errorem:
2959 4225 3079 4280 ideo
3123 4224 3204 4279 sol
3243 4221 3467 4291 jnstitim
3526 4217 3738 4290 gyravit
3787 4217 3852 4270 ad

2255 4333 2466 4394 gentes,
2519 4337 2639 4390 quae
2685 4329 2812 4376 ante
2859 4317 3091 4386 eloquiis
3133 4313 3448 4371 cmlestibus
3496 4309 3850 4375 defraudatzr,

2256 4413 2572 4469 dimmanes
2618 4423 2674 4470 et
2728 4413 2992 4481 ignobiles
3044 4409 3421 4472 habebantur;
3475 4405 3658 4476 aquilo
3707 4404 3850 4459 enim

2256 4507 2435 4579 gravis
2461 4516 2676 4573 ventus,
2727 4514 2786 4559 ut
2809 4505 3045 4577 populus
3088 4503 3388 4557 nationum.
3423 4500 3530 4556 Sed
3563 4498 3652 4570 qui
3697 4503 3855 4551 erant

552 4610 824 4666 pauperes
869 4604 1026 4650 erant
1071 4596 1252 4666 p0puli
1305 4596 1622 4660 nationum,
1677 4595 1788 4663 jam
1844 4609 1940 4663 per
1987 4592 2148 4647 ﬁdem
2178 4585 2449 4669 Dgraves
2491 4608 2614 4653 ante
2660 4597 2908 4668 perlidia,
2960 4612 3104 4652 nunc
3148 4610 3314 4666 super
3356 4592 3565 4663 aquilas
3619 4590 3854 4645 leviores

549 4690 753 4748 Christi
797 4691 1060 4746 satiantur
1109 4701 1163 4748 et
1203 4691 1512 4757 abundant,
1562 4692 1703 4747 sicut
1730 4691 1995 4761 scriptum
2019 4698 2145 4746 est:

550 4782 724 4839 Edent
752 4800 1022 4856 pauperes,
1050 4794 1096 4836 et
1124 4786 1492 4839 saturabuntur
1516 4784 1637 4854 (Ps.
1664 4801 1778 4851 xxr,
1807 4785 1926 4856 27).
1951 4784 2149 4838 Audie-

553 4885 682 4932 runt
708 4880 856 4932 enim
897 4875 1176 4931 dicentem
1207 4893 1220 4928 :
1252 4877 1656 4932 Abundantcs...
1691 4876 1718 4915 ι)
1749 4879 1804 4930 in
1831 4879 1968 4932 omni
1996 4878 2147 4932 verbo

623 5022 648 5050 ι
689 5011 834 5065 Edit.
890 5009 1069 5074 Rom.,
1107 5010 1223 5063 licet
1249 5010 1416 5078 ipsam
1445 5011 1498 5064 in
1531 5010 1818 5064 meditullio
1854 5012 1989 5073 caeli,
2028 5021 2136 5066 etc.

547 5085 670 5140 Vet.
706 5098 768 5136 ac
797 5096 953 5141 mss..
1004 5083 1056 5134 in
1084 5081 1385 5151 hemicyclo,
1420 5081 1698 5146 nonnulli,
1725 5084 1780 5134 in
1814 5083 2136 5152 hemicyclio.

547 5155 688 5212 Nihil
712 5163 894 5207 autem
927 5152 1071 5206 aliud
1099 5155 1209 5204 vult
1237 5160 1458 5207 sanctus
1490 5164 1707 5216 noster,
1764 5154 1862 5206 nisi
1909 5163 2137 5218 terram,

547 5231 600 5282 in
634 5241 734 5291 qua
756 5225 1114 5289 consistimus;
1147 5223 1248 5277 hoc
1269 5233 1352 5277 e~t
1373 5266 1387 5289 ,
1421 5224 1860 5292 betnisph't-rium
1893 5233 2138 5278 no<trum

551 5300 742 5354 ιηρειίιιξ
765 5305 970 5349 tantum
1002 5297 1138 5362 parti
1167 5295 1313 5350 Orbis
1335 5295 1572 5350 caelestis
1605 5295 1968 5366 respondere;
1991 5296 2141 5351 ideo-

548 5386 652 5440 que
689 5367 904 5440 solem,
948 5366 1037 5440 ubi
1086 5366 1152 5419 ad
1197 5369 1356 5420 aliam
1407 5367 1728 5440 transierit,
1758 5367 1997 5440 (aonobis
2034 5383 2138 5422 non

546 5437 709 5512 ροςςθ
740 5437 929 5512 videri.
982 5437 1246 5490 Cmternm
1295 5452 1393 5512 per
1415 5453 1476 5492 ea
1504 5454 1624 5512 qum
1651 5439 1926 5508 subjungit
1955 5439 2141 5512 verba,

549 5508 593 5566 Et
621 5512 664 5563 is
689 5511 776 5578 qui
799 5511 928 5578 {oris
956 5518 1028 5579 est
1053 5524 1239 5570 sermo,
1273 5508 1678 5579 philosophicas
1696 5510 2144 5564 ratiocinationes

545 5581 821 5651 designari
871 5583 940 5634 ab
965 5578 1258 5636 Ambrosio
1280 5580 1392 5650 jam
1415 5578 1523 5635 non
1547 5580 1717 5636 semel
1766 5581 1915 5636 licuit
1951 5579 2140 5636 adver-

551 5665 688 5710 tere.

621 5723 651 5764 δ
690 5721 894 5781 Omnes
937 5721 1050 5780 fere
1081 5739 1236 5791 mss.,
1284 5724 1339 5778 in
1357 5723 1496 5778 omni
1522 5722 1672 5793 bono,
1703 5740 1804 5780 non
1825 5724 1882 5779 in
1911 5725 2143 5793 pecuniis

547 5800 741 5871 utique.

2257 4692 2383 4747 facti
2413 4700 2540 4746 sunt
2574 4690 2700 4759 fide,
2732 4702 2894 4761 atque
2935 4690 3155 4761 pietate,
3188 4697 3537 4758 posteaquam
3568 4683 3718 4738 venit
3758 4682 3852 4752 qui

2255 4783 2461 4839 diceret
2491 4803 2504 4838 :
2544 4795 2566 4820 ε’
2591 4784 2674 4839 Ab
2703 4784 2955 4854 aquilone
2985 4783 3159 4837 adduc
3190 4779 3359 4854 (Esai.
3397 4793 3549 4845 mn,
3580 4777 3662 4850 6).
3696 4775 3766 4830 Et
3797 4776 3849 4831 in

2257 4877 2594 4948 Evangeiio:
2640 4876 2852 4932 Venient
2899 4876 2961 4931 ab
3007 4876 3215 4931 Oriente
3259 4883 3308 4928 et
3357 4871 3649 4938 Occidente,
3697 4881 3748 4926 et
3786 4869 3850 4924 ab

2322 5025 2343 5052 ο
2369 5014 2444 5070 Ita
2467 5014 2600 5070 edit.
2627 5029 2843 5080 omnes,
2865 5014 3061 5084 quibus
3084 5013 3351 5068 accedunt
3370 5026 3503 5066 mss.
3530 5026 3638 5066 non
3663 5011 3844 5080 pauci.

2245 5085 2382 5160 ρας)
2415 5095 2593 5140 tamen
2618 5090 2872 5160 (probata:
2929 5100 3120 5139 manus
3168 5084 3353 5155 legunt
3384 5100 3396 5136 :
3425 5085 3660 5160 gyrando
3695 5093 3849 5154 gyrat

2246 5155 2500 5230 Christus,
2532 5169 2581 5212 et
2607 5159 2659 5211 in
2681 5173 2859 5230 gyros,
2884 5165 2992 5230 etc.

2317 5232 2341 5265 ά
2375 5229 2496 5282 Mss.
2549 5245 2656 5283 non
2681 5224 2866 5299 pauci,
2910 5229 3087 5299 inanes
3131 5236 3179 5281 et
3209 5224 3460 5299 ignobiles
3505 5226 3845 5282 habebantur.

2321 5309 2344 5335 ε
2371 5299 2528 5353 Rom.
2561 5297 2700 5355 edit.
2727 5301 2864 5362 sola,
2885 5298 2959 5351 Ab
2983 5300 3176 5352 oriente
3200 5297 3458 5351 adducam
3480 5313 3649 5352 semen
3674 5307 3849 5365 tuum;

2249 5381 2293 5425 et
2316 5373 2380 5426 ab
2403 5372 2668 5426 occidente
2695 5372 3013 5442 congregabo
3043 5381 3090 5423 te
3122 5387 3140 5425 :
3163 5370 3330 5423 dicam
3357 5369 3605 5436 aquiloni,
3639 5368 3848 5442 adduc;

2249 5452 2296 5498 et
2322 5445 2507 5514 africa,
2531 5460 2593 5496 ne
2623 5440 2916 5514 prohibeas.
2958 5440 3156 5495 Verum
3205 5452 3261 5494 ut
3302 5441 3535 5494 maxime
3567 5441 3847 5514 probabile

2247 5516 2317 5569 sit
2343 5512 2410 5569 eo
2462 5515 2771 5584 respexisse
2801 5513 3144 5568 Ambrosium
3187 5521 3456 5584 nostrum,
3504 5512 3718 5567 videtur
3757 5522 3843 5566 ta-

2248 5601 2371 5641 men
2399 5600 2504 5640 non
2532 5583 2640 5640 tam
2679 5586 2791 5652 ipsa
2825 5585 3106 5654 propheta:
3137 5584 3297 5638 verba
3329 5583 3568 5638 voluisse
3599 5583 3845 5652 proferre

2244 5659 2300 5781 3‘!)
2341 5657 2598 5722 medium,
2641 5671 2800 5727 quam
2839 5657 3020 5712 locum
3062 5655 3226 5712 veluti
3264 5665 3513 5712 extremo
3543 5654 3716 5726 digito
3758 5656 3845 5711 in-

2284 5742 2448 5781 Icare.

2284 5742 2448 5784 Icare.
