4104 6350
276 286 428 347 1389

1355 285 1424 343 IN
1460 284 1792 345 PSALMUM
1830 285 2044 346 CXVIII
2083 283 2471 345 EXPOSI'I‘IO.

3444 285 3585 343 1570

280 407 563 479 Aquilone,
594 415 643 462 et
670 406 881 472 Austro,
910 412 959 460 et
984 406 1281 460 recumbent
1301 422 1416 461 cum
1441 406 1702 462 Abraham
1725 406 1781 461 in
1797 421 1883 460 re-
1911 409 1963 470 Α
1986 414 2235 472 occasus,
2281 413 2337 462 et
2362 404 2456 460 dat
2487 404 2660 461 noctis
2710 403 3028 462 successio?
3052 403 3164 461 Sed
3216 413 3347 461 sunt
3388 403 3585 477 quibus

278 516 388 575 gno
417 499 515 555 Dei
540 498 696 571 (Luc.
729 514 847 565 xm,
875 498 993 571 29).
1027 499 1094 555 Et
1121 514 1252 555 ecce
1292 510 1418 556 sunt
1460 501 1763 568 novissimi,
1791 500 1884 571 qui

278 604 447 650 erant
493 593 654 664 primi
695 602 791 649 :et
836 602 964 648 sunt
1020 591 1218 663 primi,
1269 593 1360 664 qui
1409 601 1566 648 erant
1607 592 1887 649 novissimi

288 687 515 761 (Matth.
552 703 652 751 xx,
692 685 803 755 16).
861 685 1107 757 Denique
1161 692 1218 740 et
1258 685 1374 755 ipse
1421 684 1711 740 Psalmista
1764 684 1882 740 ait:

284 780 454 836 Mons
482 779 633 844 Sion,
654 778 816 834 latera
837 779 1118 849 aquilonis,
1146 778 1321 832 civitas
1348 779 1483 849 regis
1508 778 1682 850 magni
1709 777 1884 849 (Psal.

282 887 463 940 van,
495 870 589 944 3);
618 871 723 927 hoc
749 879 854 936 est,
881 872 975 942 qui
993 881 1151 925 erant
1170 869 1441 941 aquilonis
1464 870 1630 937 latus,
1654 870 1888 942 pupulas

279 964 471 1020 tactus
507 971 594 1020 est
634 962 801 1034 Regis
844 960 1056 1029 aeterni,
1080 962 1173 1034 qui
1195 962 1347 1018 solus
1393 970 1479 1019 est
1529 977 1753 1034 magnus
1785 962 1890 1019 Do-

283 1059 499 1138 minus.

367 1151 461 1207 ει.
489 1149 598 1207 Sed
643 1150 783 1207 forte
827 1150 1327 1221 dicaszQuomodo
1376 1152 1430 1207 in
1478 1149 1717 1208 Canticis
1757 1161 1886 1209 est:

282 1241 791 1316 Exsurge,aquilo;
820 1253 869 1299 et
896 1244 1033 1311 veni,
1069 1254 1244 1299 auster
1263 1244 1436 1317 (Cant.
1459 1261 1537 1310 tv,
1571 1244 1687 1318 16).
1718 1245 1892 1302 Pleri-

280 1352 402 1408 que
426 1338 575 1394 enim
597 1337 872 1408 accipiunt
896 1338 1050 1408 quasi
1082 1336 1399 1407 projiciatnr
1434 1336 1635 1409 aquilo.
1666 1345 1721 1393 et
1754 1338 1893 1394 invi-

284 1437 447 1486 tetur
482 1438 685 1484 auster.
731 1428 884 1497 Quod
930 1429 974 1484 si
1022 1430 1095 1483 ita
1125 1429 1436 1500 accipiunt:
1466 1428 1782 1485 exturbatur
1823 1429 1893 1485 ab

286 1524 539 1581 Ecclesia
585 1522 822 1594 perﬁdiae
867 1523 1107 1593 glacialis
1150 1523 1415 1593 asperitas
1454 1541 1467 1577 :
1505 1522 1592 1577 Ne
1633 1524 1726 1591 ﬁat
1766 1523 1892 1595 fuga

285 1628 481 1673 nostra
507 1617 705 1682 hieme,
736 1618 813 1673 uel
842 1617 1050 1672 sabbato
1079 1616 1296 1690 (Matth.
1333 1634 1489 1687 xstv,
1516 1619 1637 1691 20),
1669 1629 1724 1675 et
1755 1620 1891 1674 iuvi-

286 1719 448 1764 tatur
474 1709 725 1764 australis
746 1725 913 1765 verna
944 1712 1254 1781 temperies.
1276 1709 1385 1765 Aut
1410 1720 1559 1767 certe
1584 1730 1596 1765 :
1630 1710 1888 1785 Exsurge,

1990 512 2208 569 semper
2246 496 2365 552 dies
2402 505 2507 563 est,
2540 495 2649 551 illis
2677 494 2863 565 utique
2893 494 3094 567 quibus
3134 493 3385 552 Christus
3406 496 3584 565 adest,

1988 591 2080 661 qui
2126 590 2257 645 dicit
2282 607 2296 645 :
2320 588 2613 658 Ambulate,
2657 589 2783 644 dum
2822 589 2992 645 lucem
3038 589 3239 645 habetis
3271 589 3453 661 (Joan.
3485 605 3583 656 stt,

1989 683 2104 755 35).
2132 684 2231 740 llic
2270 693 2351 740 est
2382 683 2501 740 dies
2536 700 2694 756 quem
2740 683 2877 739 vidit
2905 682 3204 751 Abraham,
3233 684 3355 740 dies
3395 684 3588 740 remis-

1990 777 2160 833 sionis
2187 785 2530 847 peccatorum
2555 774 2736 850 (Joan.
2770 791 2886 842 vut,
2921 773 3038 847 56),
3063 774 3134 832 de
3154 791 3263 848 quo
3286 776 3419 847 legis
3445 793 3458 830 :
3484 774 3588 830 Hic

1989 879 2065 926 est
2088 870 2198 925 dies
2224 886 2374 940 quem
2396 870 2516 943 fecit
2544 868 2821 937 Dominus,
2851 869 3169 925 exsultemus
3194 878 3244 924 et
3274 869 3510 925 ltetemur
3531 870 3588 925 in

1991 977 2050 1017 eo
2089 961 2265 1035 (Psal.
2310 961 2619 1033 cxvu,2l).
2665 962 2803 1018 Sunt
2844 977 2977 1035 ergo
3022 960 3218 1027 sancti,
3264 962 3459 1031 quibus
3505 960 3588 1016 sol

1993 1071 2284 1127 numquam
2312 1055 2544 1111 occidit:
2574 1056 2697 1127 quia
2737 1056 3000 1111 Dominus
3026 1054 3117 1111 lus
3140 1070 3329 1111 eorum
3360 1063 3468 1122 est,
3514 1054 3589 1109 si—

1991 1158 2083 1206 cut
2124 1150 2387 1220 scriptum
2416 1157 2536 1206 est:
2571 1148 2640 1204 Et
2681 1149 2778 1204 erit
2805 1148 2913 1204 illis
2946 1148 3198 1203 Dominus
3222 1148 3398 1203 lumen
3438 1155 3589 1203 teter-

1992 1260 2117 1299 num
2144 1241 2317 1314 (Esai.
2352 1259 2441 1309 ιχ,
2473 1241 2586 1314 19).

2063 1338 2156 1393 27.
2199 1337 2267 1393 Ει
2294 1336 2567 1406 expressit
2604 1350 2820 1391 causam
2851 1334 3223 1407 permanentis
3251 1333 3383 1402 diei,
3426 1343 3590 1406 atque

1993 1432 2309 1489 subtexuit:
2344 1429 2701 1499 Dispositione
2747 1438 2837 1483 tua
2866 1437 3132 1499 permanet
3177 1429 3322 1492 dies;
3347 1428 3590 1499 quoniam

1994 1526 2235 1581 universa
2260 1524 2487 1580 seruiunt
2518 1524 2627 1578 tibi.
2656 1521 2887 1578 Videtur
2916 1524 3098 1591 itaque
3121 1521 3428 1593 signiﬁcare
3450 1521 3590 1577 lutu-

1995 1637 2113 1676 rum
2145 1619 2299 1685 illud,
2332 1620 2552 1691 quando
2580 1617 2707 1673 Nos:
2733 1634 2838 1672 non
2859 1617 2959 1672 erit
2984 1616 3214 1687 amplius
3234 1658 3249 1683 ,
3296 1626 3347 1672 et
3376 1632 3478 1671 non
3507 1615 3593 1670 in-

1995 1715 2249 1787 digebitur
2266 1715 2515 1780 lucernae,
2556 1713 2635 1768 vel
2664 1712 2789 1768 solis
2816 1712 3050 1776 lumine;
3077 1711 3320 1781 quoniam
3341 1709 3596 1766 Dominus

284 1801 499 1871 aquilo,
521 1800 625 1856 hoc
644 1810 749 1869 est,
766 1817 936 1872 surge,
970 1801 1061 1870 qui
1085 1801 1299 1866 dormis,
1316 1811 1365 1856 et
1387 1818 1604 1872 exsurge
1625 1819 1655 1856 a
1679 1803 1892 1857 mortuis
1924 1815 1969 1875 Β
1995 1806 2309 1864 illuminabit
2352 1824 2438 1862 eos
2469 1804 2659 1879 (Apoc.
2710 1822 2851 1872 χχιι,
2879 1804 2961 1876 5).
3010 1804 3112 1874 Qui
3156 1805 3264 1860 sint
3308 1803 3386 1859 illi
3430 1818 3595 1875 supra

284 1893 522 1967 (Ephes.
545 1909 597 1960 v,
627 1893 739 1965 ll).
768 1894 1004 1965 Bopulus
1038 1895 1340 1959 nationum,
1366 1895 1455 1965 qui
1486 1894 1575 1950 diu
1621 1906 1744 1952 ante
1769 1896 1895 1951 dor-

284 1986 475 2053 misti,
516 1986 709 2058 evigila
739 1984 1054 2058 aliquando,
1099 1996 1157 2043 et
1184 1988 1467 2045 illucescet
1497 1988 1594 2043 tibi
1617 1988 1890 2045 Christus.

288 2080 590 2137 Postremo
625 2095 816 2138 omnes
854 2081 1148 2136 invitantur
1183 2082 1248 2136 ad
1278 2080 1610 2148 Ecclesium,
1646 2091 1703 2137 et
1730 2083 1899 2154 Syna-

292 2176 461 2248 εοεαε
498 2174 748 2245 populus,
780 2184 834 2229 et
874 2174 1153 2244 gentilium
1190 2191 1204 2228 :
1239 2175 1332 2229 sed
1379 2175 1526 2245 prius
1568 2174 1894 2248 Synagogm;

292 2265 429 2337 quia
474 2265 682 2334 priores
725 2280 791 2320 ex
836 2263 1037 2322 Judaeis
1074 2260 1303 2336 apostoli
1357 2266 1738 2333 crediderunt,
1803 2281 1898 2337 per

295 2359 454 2428 ipsos
489 2365 680 2430 postea
717 2357 993 2414 nationum
1024 2358 1204 2429 populi
1231 2359 1544 2430 congregati
1570 2369 1715 2413 sunt.

372 2449 471 2507 25.
499 2450 632 2506 Vide
667 2465 799 2522 ergo
839 2452 1147 2507 venientem
1174 2450 1347 2506 solem
1380 2460 1625 2507 nostrum
1657 2451 1724 2507 ad
1769 2465 1897 2504 aus-

297 2556 474 2611 trum,
511 2554 697 2615 postea
742 2554 1026 2618 gyrantem
1065 2543 1134 2599 ad
1174 2545 1502 2616 aquilonem.
1537 2543 1896 2612 Hierusalem,

297 2637 645 2693 Hierusalem
673 2635 846 2710 (venit
893 2636 1078 2708 utique
1118 2636 1186 2692 ad
1232 2651 1375 2703 eam,
1407 2652 1566 2707 quam
1618 2636 1779 2692 etiam
1804 2653 1901 2692 vo-

298 2747 436 2787 care
464 2731 721 2801 dignatus
749 2740 866 2796 est;
906 2729 1003 2786 sed
1033 2729 1150 2785 haec
1179 2728 1519 2785 Hierusalem
1545 2738 1760 2786 terrena
1790 2737 1897 2797 est,

297 2841 427 2897 qua:
471 2824 674 2879 occidit
701 2823 1022 2895 prophetas,
1074 2823 1176 2878 hoc
1223 2830 1326 2890 est,
1377 2821 1659 2894 Synagoga
1687 2822 1903 2878 Judaao-

298 2918 476 2992 rum),
509 2918 735 2989 quoties,
766 2917 966 2988 inquit,
997 2915 1138 2970 volui
1158 2930 1474 2987 congregare
1501 2913 1640 2985 ﬁlios
1672 2925 1808 2981 tuos,
1832 2916 1906 2969 si-

298 3020 390 3065 cut
416 3010 612 3084 gallina
642 3008 815 3078 pullos
860 3024 1007 3072 suos,
1063 3016 1111 3060 et
1138 3006 1388 3061 noluisti!
1415 3004 1553 3060 Ecce
1581 3007 1903 3078 relinquetur

297 3103 447 3158 vobis
478 3106 666 3157 domus
712 3111 877 3156 uestra
918 3101 1121 3157 deserta
1160 3101 1378 3174 (Matth.
1413 3115 1570 3166 χχιιι,
1596 3099 1667 3155 ’57
1697 3108 1748 3155 ει
1782 3099 1897 3165 58).

1996 1903 2091 1966 ait.
2125 1902 2314 1958 dicens
2348 1922 2360 1956 :
2393 1901 2458 1956 Et
2487 1902 2619 1957 servi
2660 1904 2773 1973 ejus
2815 1900 3038 1955 servient
3064 1900 3110 1952 ei
3139 1897 3336 1971 (Ibid.,
3365 1896 3445 1969 3),
3493 1896 3597 1952 hoc

1997 2007 2103 2062 εει,
2131 1996 2347 2050 Domini
2375 1996 2571 2051 facient
2599 1994 2953 2049 voluntatem.
2984 1991 3138 2047 Nunc
3166 1990 3312 2048 enim
3344 2005 3451 2047 non
3478 2005 3596 2046 om-

1999 2105 2095 2146 nes
2120 2090 2389 2144 servimus
2414 2106 2427 2141 :
2458 2086 2589 2143 Cum
2628 2094 2807 2142 autem
2836 2085 3111 2140 tradiderit
3138 2098 3354 2158 regnum
3399 2081 3504 2137 Deo
3546 2089 3596 2136 et

2001 2182 2245 2240 Patri....
2270 2191 2391 2237 tunc
2415 2181 2648 2256 subjecta
2672 2189 2820 2235 erunt
2863 2179 3037 2233 omnia
3075 2180 3120 2232 ei
3152 2176 3197 2250 (Ι
3227 2174 3349 2232 Cor.
3382 2190 3471 2240 xv,
3499 2173 3594 2240 24,

1996 2277 2115 2350 28),
2159 2277 2251 2348 qui
2280 2275 2383 2331 sibi
2432 2277 2681 2332 universa
2725 2273 2980 2345 subjecit,
3023 2271 3314 2342 acquirens
3354 2268 3596 2324 omnium

1998 2372 2159 2427 fidem
2191 2387 2289 2442 per
2308 2369 2569 2441 unigeniti
2593 2368 2924 2440 passionem.
2954 2365 3237 2436 Subjectio
3262 2364 3425 2435 igitur
3447 2377 3598 2417 men-

1999 2468 2132 2523 tium
2190 2465 2318 2520 facit
2362 2463 2604 2519 sedulam
2652 2462 2992 2517 servitutem.
3036 2459 3180 2530 Ergo
3234 2473 3357 2513 cum
3405 2471 3598 2514 omnes

1999 2557 2331 2615 crediderint
2368 2557 2418 2610 in
2469 2554 2754 2611 Dominum
2783 2551 2996 2617 Jesum,
3030 2561 3156 2607 tunc
3199 2552 3455 2605 universa
3487 2548 3596 2603 Deo

2000 2654 2266 2720 servient;
2298 2660 2359 2707 ut
2404 2652 2475 2707 sit
2518 2651 2659 2705 Deus
2687 2647 2890 2714 omnia,
2938 2654 2993 2700 et
3023 2646 3076 2701 in
3116 2645 3412 2701 omnibus:
3444 2657 3591 2697 nunc

2000 2758 2180 2803 autem
2208 2761 2316 2800 non
2346 2757 2536 2801 omnes
2555 2742 2696 2798 servi
2724 2741 2853 2807 Dei;
2883 2741 3008 2808 quia
3036 2739 3278 2809 plerique
3295 2736 3438 2791 servi
3465 2748 3595 2805 pec-

2001 2839 2130 2895 cati.
2176 2838 2279 2907 Qui
2334 2838 2477 2892 enim
2527 2845 2796 2906 peccatum
2845 2833 2999 2904 facit,
3051 2845 3225 2885 seruus
3274 2837 3351 2882 est
3400 2827 3597 2897 peccati

2003 2929 2187 3005 (Joan.
2218 2944 2330 2995 vnt,
2357 2926 2478 3000 54).
2519 2926 2777 2981 Dominus
2827 2934 3010 2979 autem
3043 2937 3150 2976 non
3177 2921 3291 2975 vult
3319 2933 3440 2974 cum
3473 2918 3595 2972 aliis

2002 3021 2337 3079 consortium
2371 3019 2573 3074 habere
2613 3016 2946 3073 dominatus.
2979 3014 3271 3070 Permanet
3311 3025 3442 3082 ergo
3478 3008 3598 3065 dies

2005 3114 2378 3173 immutabilis.
2418 3112 2605 3169 Potuit
2640 3126 2771 3180 ergo
2818 3109 3031 3174 dicere,
3081 3107 3423 3180 permanebit
3454 3122 3468 3158 τ
3501 3103 3598 3159 sed

301 3197 535 3269 εγω-ιι
556 3197 720 3267 igitur
749 3210 810 3251 se
838 3195 906 3251 ad
936 3203 1128 3265 gentes
1158 3213 1170 3249 :
1195 3193 1439 3265 gyrando
1475 3205 1657 3248 autem
1691 3190 1895 3264 gyravit

2003 3209 2284 3282 prophetis
2314 3207 2492 3263 futura
2518 3219 2616 3278 pro
2639 3203 3000 3276 praesentibus
3029 3212 3229 3274 praesto
3254 3215 3376 3257 esse
3405 3197 3595 3257 videti-

299 3290 539 3361 Spiritus
573 3290 686 3353 Dei.
737 3298 792 3344 et
820 3289 873 3344 in
901 3303 1037 3360 gyro
1066 3303 1167 3345 suo
1196 3303 1493 3344 conversus
1519 3298 1633 3352 est;
1658 3295 1716 3341 ut
1742 3287 1899 3341 ﬁeret

303 3382 451 3437 Dens
471 3380 675 3447 omnia,
705 3381 827 3435 etin
854 3380 1126 3436 omnibus.
1156 3380 1281 3437 Ideo
1303 3391 1522 3437 sanctus
1544 3380 1745 3436 ctelum
1762 3378 1897 3434 diei-

302 3485 416 3540 tur,
438 3474 563 3545 quia
593 3473 823 3530 vicinior
849 3488 972 3528 eum
1001 3473 1219 3529 claritas
1238 3472 1371 3529 solis
1391 3487 1608 3544 semper
1633 3472 1893 3527 illustrat.

299 3568 475 3623 liabet
506 3567 855 3638 splendorem
902 3582 1058 3623 suum
1097 3567 1490 3633 domesticum;
1545 3575 1606 3622 ut
1644 3566 1896 3622 tenebras

302 3662 481 3717 noctis
512 3674 618 3715 non
646 3660 869 3716 sentiat.
913 3660 1041 3717 Ideo
1075 3660 1319 3716 Ecclesia
1364 3669 1420 3716 et
1448 3660 1647 3718 caelum
1677 3658 1896 3728 dicitur,

301 3763 360 3808 et
388 3751 646 3818 mundus,
674 3753 820 3822 quod
850 3752 1048 3808 habeat
1076 3762 1294 3810 sanctos
1339 3752 1550 3823 angelis
1579 3761 1634 3806 et
1661 3752 1897 3807 archan-

301 3846 439 3918 gelis
463 3845 885 3916 comparandos,
907 3847 1101 3902 habeat
1118 3847 1284 3902 etiam
1314 3846 1601 3915 plerosque
1623 3852 1894 3899 terrenus.

302 3939 513 3996 Dicitur
557 3948 614 3994 et
660 3941 810 3996 orbis
840 3949 1129 4008 terrarum,
1164 3942 1254 4011 qui
1299 3950 1381 3995 est
1428 3938 1686 3994 fundatus
1735 3952 1899 4008 super

301 4037 497 4105 maria,
529 4047 584 4091 et
610 4051 776 4107 super
816 4035 1041 4092 ﬂumina
1088 4044 1443 4106 praeparatus.
1477 4036 1714 4104 Denique
1742 4031 1901 4105 quasi

299 4128 454 4185 orbis
492 4136 767 4184 terrarum
796 4128 932 4184 dicit
970 4127 1253 4184 Ecclesia:
1289 4129 1499 4200 1122
1538 4127 1717 4181 Nolite
1758 4127 1898 4196 aspi-

299 4241 417 4279 cere
444 4241 546 4292 me,
576 4224 821 4293 quoniam
844 4226 991 4292 fusca
1018 4239 1172 4289 sum;
1196 4224 1318 4291 quia
1347 4239 1448 4277 non
1480 4221 1701 4291 respexit
1727 4236 1805 4273 me
1818 4221 1900 4273 sol

302 4319 479 4393 (Cant.
512 4335 562 4382 ι,
598 4317 688 4391 5);
724 4335 789 4376 eo
822 4317 964 4389 quod
996 4320 1140 4373 velut
1174 4317 1383 4388 pruinis
1426 4316 1771 4379 biema’ibus,
1799 4329 1896 4385 ge-

299 4413 466 4483 luque
513 4412 863 4468 constrictam
907 4411 1125 4482 gentilis
1168 4409 1372 4466 erroris
1422 4408 1896 4479 congregationem

297 4507 544 4578 gentium
609 4504 704 4562 Sol
755 4505 980 4574 iustitia:
1026 4504 1116 4559 diu
1179 4503 1453 4573 indignam
1502 4500 1894 4567 aestimaverit,

2003 3309 2093 3356 tur
2118 3302 2170 3356 in
2199 3300 2413 3372 spiritu.

2071 3393 2164 3449 28.
2196 3392 2379 3463 (Vers.
2405 3391 2524 3464 92.)
2544 3389 2801 3463 Sequitur
2821 3402 3014 3445 versus
3034 3395 3302 3459 quartus:
3332 3384 3454 3439 Nisi
3474 3383 3597 3454 quia

2000 3482 2110 3539 Lea:
2136 3494 2227 3538 tua
2264 3484 2534 3539 meditatio
2561 3499 2680 3538 mea
2706 3490 2808 3545 est,
2840 3490 2962 3535 tunc
2992 3480 3210 3550 forsitan
3248 3477 3512 3545 periissem
3544 3475 3599 3529 in

1999 3576 2295 3631 humilitate
2318 3593 2454 3631 mea.
2484 3575 2729 3632 Lucebat
2752 3573 3029 3644 Pr0pheta
3057 3581 3115 3625 ut
3143 3570 3280 3635 dies,
3312 3568 3397 3624 cui
3429 3566 3601 3623 medi-

2000 3670 2133 3724 tatio
2160 3668 2271 3725 Lex
2313 3679 2463 3735 erat;
2506 3668 2704 3724 etenim
2736 3668 2915 3722 nleum
2944 3662 3164 3719 luminis
3195 3659 3502 3733 accipiebat
3529 3674 3594 3715 ex

1999 3761 2160 3834 Lege.
2193 3763 2442 3833 Denique
2461 3777 2528 3819 ne
2556 3775 2785 3831 corpore
2818 3758 3007 3814 moitis
3036 3756 3125 3812 lux
3153 3755 3260 3810 diei
3291 3763 3477 3825 posset
3504 3767 3598 3809 εχ·-

1998 3854 2232 3925 stingui,
2263 3855 2573 3911 ambulabat
2614 3854 2667 3907 in
2707 3851 2881 3922 Lege,
2926 3849 3051 3905 ideo
3081 3846 3391 3903 ambulabat
3423 3848 3476 3900 in
3513 3845 3588 3900 Ιιι·

2001 3948 2167 4002 mine.
2210 3948 2475 4019 Alioquin,
2506 3946 2698 4017 inquit,
2738 3945 3007 4013 periissem
3047 3942 3103 3996 in
3132 3938 3423 3994 humilitate
3460 3951 3595 3991 mea.

2000 4040 2288 4097 Ilumilitas
2316 4057 2423 4095 non
2452 4029 2683 4109 semper
2715 4036 2932 4091 virtutis
2959 4042 3067 4097 est,
3108 4033 3204 4088 sed
3235 4032 3398 4086 etiam
3426 4026 3598 4083 amic-

2001 4133 2198 4200 tionis;
2251 4131 2354 4187 hoc
2388 4143 2492 4195 est,
2536 4145 2645 4185 non
2701 4143 2919 4198 semper
2958 4124 3288 4189 voluntaria,
3337 4121 3431 4176 sed
3471 4134 3593 4192 quae

1999 4226 2163 4280 etiam
2190 4241 2254 4280 ex
2290 4225 2614 4283 necessitate
2635 4221 2951 4291 suscipitur,
2977 4217 3194 4288 quando
3216 4216 3393 4285 aliqua
3429 4213 3599 4268 afflic-

2002 4318 2146 4373 tione
2176 4327 2467 4372 tentantur.
2498 4314 2755 4386 Alioquin
2806 4329 2967 4367 neme
3002 4310 3142 4381 perit
3183 4310 3238 4364 in
3268 4306 3594 4372 humilitate,

1997 4426 2119 4482 qua:
2151 4411 2323 4480 magis
2346 4423 2569 4465 servare
2596 4406 2897 4463 consuevit.
2927 4403 3076 4474 Ergo
3103 4401 3322 4473 quando
3344 4400 3396 4453 in
3425 4395 3594 4452 uillic-

2000 4503 2162 4558 tionis
2190 4511 2436 4573 tempore
2478 4516 2686 4564 sumus,
2720 4508 2774 4554 et
2806 4499 3083 4568 quatimur
3119 4491 3387 4557 adversis,
3418 4488 3590 4546 medi-

298 4618 464 4673 quam
509 4616 706 4657 serena
756 4600 938 4656 vultus
968 4601 1051 4655 sui
1093 4600 1212 4655 luce
1259 4598 1537 4654 lustraret.
1586 4597 1776 4653 Nonne
1804 4597 1897 4651 tibi
1924 4600 1977 4660 1)
2007 4600 2138 4654 tatio
2166 4598 2324 4652 nobis
2349 4597 2402 4651 iu
2444 4596 2565 4666 lege
2591 4595 2692 4659 sit;
2725 4608 2793 4648 ne
2835 4592 3127 4660 imparatos
3158 4584 3393 4656 procella
3424 4592 3595 4639 tenta-

295 4697 588 4754 videbatur
618 4696 833 4753 hiberni
865 4697 1013 4767 rigor
1042 4694 1323 4766 temporis,
1346 4694 1564 4766 quando
1596 4706 1755 4750 notus
1781 4699 1901 4747 erat

295 4785 356 4850 in
383 4792 574 4849 Iudaea
604 4791 980 4847 tantummodo
1006 4791 1183 4846 Deus?
1209 4788 1363 4844 Nunc
1397 4800 1577 4844 autem
1621 4787 1898 4858 plenitudo

298 4889 441 4943 lucis
464 4886 686 4955 elI'ulget
732 4884 955 4952 aestivze,
997 4882 1215 4954 quando
1258 4882 1437 4937 omnia
1469 4890 1525 4936 et
1554 4882 1605 4935 in
1638 4881 1897 4934 omnibus

295 4978 576 5034 Christus.
609 4977 802 5033 Nonne
832 4986 973 5032 terra
1004 4972 1236 5039 Domini,
1263 4983 1316 5029 et
1340 4971 1617 5043 plenitudo
1647 4969 1800 5042 ejus?
1832 4968 1898 5023 Et

295 5086 435 5126 vere
462 5071 610 5125 orbis
636 5078 903 5125 terrarum
941 5069 995 5123 in
1026 5067 1296 5132 Ecclesia,
1328 5067 1381 5121 in
1406 5081 1512 5135 qua
1540 5081 1646 5119 non
1676 5063 1896 5119 Iudaeus

296 5160 679 5217 tantummodo
708 5170 803 5217 aut
830 5161 1071 5221 Grmcus,
1104 5174 1210 5214 non
1257 5158 1525 5214 Barbarus
1552 5168 1645 5211 aut
1671 5155 1893 5228 Scytha,

295 5270 410 5311 non
438 5271 631 5310 servus
659 5265 752 5310 aut
781 5255 918 5310 liber
947 5272 961 5306 :
992 5253 1088 5308 sed
1137 5266 1328 5308 omnes
1360 5253 1412 5307 in
1459 5251 1683 5307 Christo
1726 5268 1892 5308 unum

293 5362 513 5404 sumus.
544 5346 636 5404 Sol
661 5346 911 5402 omnibus
938 5345 1130 5417 fulget,
1154 5345 1272 5400 dies
1296 5344 1551 5399 omnibus
1582 5344 1750 5400 lucet.

375 5438 469 5495 26.
496 5438 677 5511 (γει-ε.
705 5437 823 5511 91.)
854 5437 1090 5509 Ideoque
1114 5436 1193 5491 ait
1219 5453 1235 5495 :
1268 5435 1625 5507 Dispositione
1666 5444 1755 5491 tua
1779 5452 1897 5509 per.

295 5541 478 5588 manet
505 5534 633 5587 dies.
669 5530 801 5586 Nam
841 5532 947 5586 nisi
975 5531 1050 5586 ita
1077 5530 1333 5600 accipias,
1367 5528 1644 5600 quomodo
1682 5543 1899 5601 perma-

294 5638 397 5687 net
425 5627 582 5693 dies;
613 5640 738 5682 cum
769 5635 891 5697 post
932 5624 1101 5681 breve
1137 5631 1472 5679 momentum
1500 5622 1609 5680 diei
1636 5631 1900 5695 sequatur

2003 4689 2168 4745 tionis
2193 4686 2420 4758 afﬂigat.
2460 4686 2682 4741 Athleta
2714 4683 2816 4738 nisi
2853 4680 3066 4756 1123
3107 4676 3372 4734 exercitio
3402 4676 3598 4746 paues-

2001 4792 2101 4838 tra:
2155 4782 2303 4852 prius
2356 4780 2521 4835 luerit
2580 4776 2961 4841 assuefactus,
3024 4788 3130 4829 non
3194 4769 3359 4826 audet
3406 4767 3596 4823 subire

1999 4884 2298 4931 certamen.
2361 4871 2637 4943 Ungamus
2687 4870 2850 4941 igitur
2913 4868 3035 4922 oleo
3082 4862 3331 4920 lectionis
3394 4871 3597 4914 nostra:

2001 4967 2200 5022 mentis
2225 4966 2483 5020 lacertos.
2508 4962 2590 5019 Sit
2619 4961 2775 5018 nobis
2806 4968 2913 5015 tota
2945 4958 3034 5014 die
3071 4971 3134 5010 ac
3165 4963 3324 5010 nocte
3347 4950 3597 5007 exercitii

2001 5074 2131 5115 usus
2175 5061 2228 5113 in
2259 5057 2490 5128 quadam
2522 5054 2830 5111 caelestium
2869 5051 3278 5119 Scripturarum
3317 5043 3595 5116 palaestra,

1998 5162 2257 5222 artusque
2283 5151 2587 5205 aliimornm
2633 5156 2945 5203 nostrorum
2990 5140 3224 5198 salubris
3268 5135 3631 5208 spiritalium.

1998 5247 2337 5303 ferculorum
2366 5258 2492 5300 esca
2532 5242 2820 5297 continuet
2844 5255 2859 5306 ;
2893 5246 2953 5293 ut
2981 5250 3104 5291 cum
3135 5228 3481 5309 adversarius
3510 5241 3598 5282 as-

1999 5340 2194 5395 sistere
2242 5336 2493 5408 coeperit,
2549 5344 2605 5390 et
2648 5342 2677 5371 ι
2706 5333 2930 5404 pulvere
2967 5342 3069 5384 nos
3124 5341 3235 5382 suae
3284 5320 3600 5379 teutationis

2003 5430 2304 5501 aSperserit
2325 5472 2341 5497 ,
2373 5438 2581 5484 stemus
2609 5424 2899 5497 intrepidi,
2927 5421 3164 5477 nitamur
3193 5431 3299 5472 non
3335 5423 3396 5469 ut
3432 5412 3487 5468 in
3520 5413 3600 5466 in-

2006 5536 2240 5591 certum,
2287 5539 2389 5580 nec
2420 5533 2478 5578 ut
2517 5537 2642 5598 aera
2687 5520 2984 5577 caedentes.
3042 5512 3233 5570 Melius
3267 5506 3600 5581 pereutimus

2004 5620 2298 5688 verberati,
2330 5617 2377 5674 si
2418 5615 2745 5688 percutienti
2784 5612 3064 5669 maxillam
3101 5608 3329 5662 alteram
3362 5598 3603 5672 praebea-

373 5826 398 5853 α
439 5786 784 5871 'i‘mnslatum
832 5798 899 5869 sit
936 5800 1102 5868 aliena
1140 5786 1250 5866 :d‘e
1288 5800 1397 5879 quo
1422 5802 1548 5866 vide
1597 5804 1780 5865 notam
1813 5803 1881 5861 ad
1911 5804 2116 5864 calcem
2143 5804 2252 5863 col.
2281 5801 2411 5860 560.
