4104 6350
541 252 675 310 1571

1861 251 2109 308 SANCTI
2149 250 2470 312 AHBHOSII

3697 258 3834 318 1572

539 381 682 430 mus,
713 366 758 420 si
784 365 1074 422 vindictam
1096 381 1204 421 non
1232 367 1573 437 requiramus
1603 382 1616 420 :
1644 365 1742 420 sed
1769 366 1820 421 ei
1846 367 1941 436 qui
1969 366 2134 422 dixit:
2166 370 2219 434 Α
2244 366 2571 438 Egyptios?
2598 367 2693 424 Est
2716 367 3070 424 consolabilis
3095 369 3353 436 servitus,
3380 371 3591 428 servire
3624 375 3838 450 nu

543 460 679 516 Mihi
718 449 1019 527 uindictam,
1083 470 1131 517 et
1171 478 1264 534 ego
1309 460 1590 516 retribuam
1629 458 1809 532 (Rom.
1865 476 1967 527 xu,
2020 459 2134 531 l9),

544 571 763 612 causam
808 556 1062 614 vindictae
1116 556 1378 625 integram
1437 568 1808 610 reservemus.
1863 554 2138 610 Caedimus

541 650 721 705 aerias
752 656 1072 717 potestates,
1106 649 1152 704 si
1185 663 1283 704 nos
1315 648 1464 715 ipsos
1491 649 1760 718 castigare
1804 648 2134 703 noverimus.

543 738 858 812 Castigabat
883 756 1100 798 carnem
1129 755 1283 795 suam
1314 740 1536 807 Paulus,
1559 749 1619 796 ut
1643 739 1988 796 adversarios
2013 756 2139 798 ver-

546 835 762 890 beraret
796 853 807 888 :
835 843 890 889 et
935 833 1182 890 servituti
1209 833 1491 903 redigebat
1514 847 1716 903 corpus
1744 849 1925 901 suum,
1952 841 2012 890 ut
2039 831 2137 889 do-

546 929 845 984 minaretur
895 928 1130 984 inimicis
1167 927 1211 998 (l
1237 925 1356 982 Cor.
1392 927 1612 999 1x,27).
1647 929 2010 985 Exerceamur
2037 929 2139 999 igi-

549 1032 634 1082 tur
657 1021 929 1078 indefesso
956 1021 1324 1078 meditationis
1357 1037 1478 1088 usu,
1502 1037 1857 1081 exerceamur
1879 1032 2007 1078 ante
2025 1037 2144 1078 cer-

548 1122 766 1178 tamen;
814 1122 874 1170 ut
902 1114 1071 1170 simus
1105 1115 1388 1170 certamini
1427 1130 1646 1185 semper
1687 1117 1860 1184 parati
1891 1133 1903 1170 :
1937 1123 1992 1171 et
2021 1130 2142 1170 cum

547 1205 888 1276 frequentior
927 1206 1226 1261 adversarii
1280 1207 1418 1262 ictus
1463 1208 1728 1278 ingruerit
1757 1224 1900 1264 nunc
1938 1208 2142 1278 inopia,

548 1315 690 1356 nunc
735 1301 947 1370 rapina,
979 1315 1122 1356 nunc
1153 1300 1414 1370 orbitate,
1445 1317 1588 1358 nunc
1636 1301 1881 1372 corporis
1928 1302 2146 1372 aegritu-

547 1392 698 1460 dine,
729 1409 872 1449 nunc
901 1408 1141 1450 maerore
1193 1395 1384 1459 animi,
1429 1411 1572 1454 nunc
1607 1405 1815 1451 terrore
1846 1395 2059 1460 mortis,
2090 1402 2148 1450 et

551 1485 846 1541 acerbitate
896 1500 1214 1555 poenarum;
1267 1485 1412 1542 dicat
1466 1487 1836 1557 unusquisque
1877 1498 2144 1550 nostrum,

549 1579 637 1649 qui
672 1577 911 1648 potuerit
953 1579 1227 1634 sustinere
1263 1594 1326 1634 ae
1352 1579 1603 1649 perpeti:
1633 1578 1755 1634 Nisi
1781 1579 1904 1647 quia
1934 1579 2019 1634 lea:
2059 1589 2148 1633 tua

550 1672 816 1727 meditatio
847 1687 960 1728 mea
1006 1681 1102 1739 est,
1128 1676 1268 1742 λιιιιιε
1294 1673 1514 1742 forsitan
1562 1671 1828 1742 periissem
1870 1672 1924 1728 in
1976 1670 2149 1725 humi-

553 1765 696 1820 litate
727 1781 860 1818 mea.

621 1856 714 1912 ΞΒ.
749 1857 958 1924 Quanta
1004 1855 1168 1912 simul
1212 1868 1532 1914 coacervata
1575 1867 1736 1925 sunt;
1765 1866 1824 1916 ut
1862 1857 1918 1922 in
1945 1857 2036 1912 illa
2066 1855 2148 1912 af-

553 1947 791 2003 ﬂictione
818 1948 921 2004 Job
965 1959 1186 2005 sanctus
1230 1949 1477 2020 periret?
1516 1949 1770 2020 Scdquia
1815 1949 2146 2018 patriarcha-

553 2057 669 2096 rum
701 2042 1310 2109 moribusinformatus,
1343 2043 1798 2115 oraculorumquc
1818 2042 2145 2111 caelestium,

553 2144 608 2191 ct
646 2137 910 2204 naturalis
950 2137 1084 2208 legis
1134 2146 1251 2196 erat
1273 2145 1300 2174 ⁸
1332 2138 1674 2194 institutione
1708 2135 1998 2205 formatus,
2028 2137 2150 2196 ideo

553 2231 608 2286 in
659 2231 1047 2287 tentationibus
1091 2232 1260 2290 tantis
1305 2233 1484 2302 perire
1524 2247 1632 2294 non
1669 2232 1864 2302 potuit.
1906 2231 2150 2301 Denique

552 2341 674 2378 cum
706 2325 979 2382 amisisset
1008 2335 1116 2380 tam
1147 2327 1354 2396 amplas
1380 2327 1557 2382 subito
1589 2326 1898 2395 facultates,
1930 2325 2151 2380 charis-

554 2417 723 2472 simos
756 2418 918 2485 filios,
945 2419 1100 2489 quasi
1144 2419 1191 2473 is
1217 2419 1304 2474 cui
1346 2419 1624 2474 meditatio
1649 2418 1963 2490 quotidiana
2007 2426 2154 2475 esset

554 2513 608 2566 in
636 2513 756 2581 lege
776 2513 984 2578 divina,
1013 2515 1089 2568 ait
1121 2530 1133 2566 :
1164 2511 1356 2567 Nudus
1373 2515 1508 2568 exivi
1530 2514 1595 2568 de
1622 2523 1772 2568 utero
1793 2515 1974 2569 matris
2001 2529 2150 2581 ruere,

556 2605 724 2658 nudus
752 2605 838 2659 ibo
861 2622 942 2661 eo.
977 2604 1232 2661 Dominus
1265 2607 1427 2670 dedit,
1455 2608 1709 2662 Dominus
1745 2608 1957 2664 abstulit
1981 2625 1999 2663 :
2022 2609 2154 2664 sicut

557 2697 779 2754 Domino
804 2701 1024 2770 placuit,
1049 2701 1122 2754 ita
1143 2701 1341 2770 factum
1368 2711 1443 2756 est
1472 2717 1490 2755 :
1516 2702 1580 2754 sit
1613 2717 1797 2757 nomen
1822 2701 2033 2756 Domini
2065 2703 2153 2756 be-

559 2793 817 2846 nedictum
847 2792 990 2864 (Job.
1022 2810 1061 2860 ι,
1091 2793 1208 2864 2t).
1241 2793 1498 2849 Perfusus
1523 2794 1689 2850 etiam
1716 2794 1963 2864 corporis
1995 2795 2156 2852 totius

559 2885 855 2952 ulceribus,
887 2902 1011 2942 cum
1041 2895 1341 2943 tentaretur
1383 2887 1571 2943 uxoris
1607 2887 1882 2957 alloquiis,
1912 2887 2009 2958 qui
2038 2903 2154 2950 me-

560 2979 808 3034 minisset
860 2979 1030 3034 Adam
1080 2980 1161 3037 sic
1214 2996 1337 3036 esse
1391 2983 1701 3050 dejeetum,
1756 2982 1884 3040 dum
1922 2985 2156 3054 propria:

559 3072 790 3127 credidit
814 3076 995 3138 uxori,
1032 3074 1350 3144 respondit:
1387 3075 1536 3130 Sicut
1567 3093 1672 3132 una
1701 3094 1764 3131 ex
1799 3078 2158 3147 insipientibus

2240 462 2324 516 vel
2348 461 2534 530 justis.
2566 460 2845 531 IEquitate
2888 461 3098 518 domini
3129 463 3342 520 levatur
3381 465 3576 536 injuria
3606 470 3843 524 servitu-

2241 556 2331 610 tis.
2356 555 2532 612 Tanto
2563 557 2725 627 igitur
2751 572 2953 627 genere
2977 557 3247 627 dejectus,
3274 561 3412 615 satis
3434 571 3644 632 gratum
3675 562 3842 620 habe-

2238 648 2352 715 bat,
2369 647 2396 686 ι)
2425 650 2472 704 si
2501 650 2752 705 ministro
2775 651 2928 720 regio
2955 666 3117 708 suum
3141 653 3464 722 obsequium
3488 657 3840 726 probaretur.

2240 741 2322 798 Ne
2350 741 2455 799 hoc
2474 743 2696 815 quidem
2724 744 2860 800 satis
2889 744 2988 800 fuit
3016 745 3084 800 ad
3109 749 3427 803 tentationis
3455 749 3842 807 acerbitatem:

2241 836 2384 892 redit
2409 837 2750 894 adversarius
2781 838 2848 893 ad
2875 853 3002 894 suas
3031 850 3198 907 artes,
3241 850 3509 914 notasque
3533 843 3678 900 vires
3707 857 3840 900 suas

2243 931 2393 984 omni
2427 929 2615 986 fraude
2657 933 2988 998 commovit;
3034 940 3094 988 ut
3141 947 3242 1004 per
3286 935 3568 991 mulierem
3615 937 3846 1008 laqueos

2245 1024 2482 1078 innoxiae
2526 1032 2769 1080 necteret
2792 1027 3170 1082 conscientiae.
3195 1025 3502 1082 Concitavit
3532 1029 3584 1083 in
3615 1044 3738 1084 eum
3778 1030 3846 1084 li-

2246 1115 2449 1172 bidinis
2475 1117 2715 1173 stimulis
2739 1133 2965 1174 uxorem
2987 1119 3190 1178 dumini
3213 1121 3295 1175 sui
3320 1120 3476 1193 (Gen.
3511 1137 3695 1188 xxxrx,
3729 1123 3842 1196 12),

2246 1225 2366 1281 qua:
2395 1210 2748 1267 adulterinos
2795 1227 2827 1266 a
2854 1213 3070 1266 servulo
3105 1214 3427 1269 concubitus
3455 1214 3752 1285 ﬂagitaret;
3788 1225 3850 1272 ut

2247 1302 2292 1356 si
2319 1304 2710 1373 acquiesceret,
2755 1305 2965 1360 crimen
3016 1305 3270 1374 impleret
3299 1323 3311 1359 :
3339 1307 3387 1362 si
3432 1315 3730 1373 recusaret,
3767 1308 3852 1363 in-

2247 1397 2456 1454 cideret
2496 1398 2784 1464 offensam,
2812 1411 2835 1438 ο
2867 1415 3069 1454 nexum
3108 1400 3392 1455 calumnia:
3426 1415 3534 1455 non
3567 1400 3846 1457 evaderet.

2249 1489 2490 1562 Denique
2520 1499 2704 1546 trusus
2729 1492 2782 1546 in
2810 1506 3086 1547 carcerem
3119 1491 3312 1564 (Ibid.,
3354 1491 3471 1564 20),
3501 1501 3555 1549 et
3586 1494 3852 1549 innocens

2250 1580 2396 1638 inter
2423 1583 2621 1637 noxios
2643 1583 2968 1650 :eStimatus,
3002 1584 3070 1638 ab
3092 1599 3159 1639 eo
3187 1584 3423 1654 amplius
3448 1584 3612 1657 cmpit
3643 1588 3849 1656 urgeri,

2251 1675 2340 1729 cui
2372 1674 2532 1730 fidem
2563 1691 2716 1731 suam
2753 1691 2876 1731 cum
2910 1677 3167 1746 periculis
3198 1678 3562 1748 praestitisset.
3594 1677 3700 1733 Sed
3722 1679 3852 1748 quia

2178 1769 2227 1830 B
2251 1768 2594 1823 contumeliae
2623 1769 2798 1823 virum
2831 1767 3088 1840 frangere
3118 1771 3501 1840 nequiverunt,
3532 1779 3734 1824 mutata
3767 1779 3854 1826 est

2251 1865 2500 1928 tentatio,
2533 1862 2559 1900 ιι
2592 1864 2754 1935 longe
2783 1863 3030 1935 asperior
3057 1865 3240 1935 specie
3271 1875 3678 1935 prosperorum.
3721 1863 3856 1920 Plu-

2250 1958 2419 2012 rimos
2443 1957 2584 2011 enim
2616 1956 3108 2028 supplantaverunt
3137 1957 3391 2013 secunda:
3428 1971 3535 2020 res,
3561 1971 3700 2026 quos
3722 1971 3857 2026 sup-

2252 2052 2410 2121 plicia
2454 2051 2653 2106 acerba
2708 2065 2813 2106 non
2864 2048 3156 2121 fregerant.
3205 2049 3530 2105 Producitur
3567 2064 3600 2104 e
3628 2064 3859 2107 carcere

2252 2155 2386 2199 nutu
2415 2144 2585 2214 regio,
2634 2144 3026 2214 interpretatur
3063 2145 3361 2210 somnium,
3402 2142 3626 2214 eligitur
3656 2154 3712 2197 ut
3755 2145 3857 2196 lto-

2255 2252 2386 2292 nore
2417 2237 2763 2307 praestantior
2804 2246 2952 2292 esset
2977 2235 3228 2291 omnibus
3269 2235 3562 2307 IEgyptiis,
3605 2237 3716 2306 regi
3768 2252 3858 2292 se-

2254 2330 2504 2396 cundus,
2564 2329 2932 2385 esurientibus
2990 2329 3205 2398 populis
3269 2329 3527 2382 alimenta
3583 2327 3861 2384 divideret

2256 2423 2411 2496 (Gen.
2443 2439 2550 2488 xu,
2586 2425 2671 2489 M,
2704 2423 2805 2477 8et
2835 2425 2988 2494 seq.).
3025 2420 3364 2492 Objiciuntur
3405 2422 3455 2476 ei
3495 2420 3708 2488 fratres,
3759 2422 3857 2492 qui

2257 2532 2382 2572 eum
2405 2515 2471 2571 ad
2501 2516 2781 2572 servitutis
2820 2514 3070 2584 injuriam
3120 2529 3225 2568 non
3257 2513 3496 2569 fraterno
3522 2529 3706 2568 amore
3731 2527 3859 2570 veno

2257 2609 2538 2664 diderant:
2570 2618 2627 2663 ut
2649 2610 2732 2664 vel
2771 2607 3116 2663 contumelia:
3146 2615 3201 2661 et
3243 2608 3500 2677 appetitus
3544 2608 3737 2662 salutis
3762 2609 3863 2663 do-

2260 2701 2379 2757 lore
2409 2711 2646 2757 tentatus
2681 2707 2967 2755 excuteret
3005 2699 3384 2770 germanitatis
3412 2699 3664 2772 affectum
3700 2700 3859 2772 (Gen.

2259 2811 2390 2862 χιιι,
2419 2795 2452 2850 6
2479 2807 2527 2851 et
2554 2792 2713 2865 seq.).
2753 2793 2860 2849 Sed
2901 2794 2986 2848 vir
3011 2792 3191 2862 justus
3221 2793 3424 2848 oblitus
3465 2803 3549 2848 est
3575 2801 3863 2850 contume-

2261 2889 2408 2956 liam,
2460 2887 2756 2943 cumulavit
2795 2886 3060 2957 gratiam;
3107 2899 3282 2954 eoque
3331 2899 3390 2939 se
3435 2885 3606 2955 magis
3633 2883 3860 2941 fratrem

2261 2982 2433 3042 voluit
2460 2982 2747 3045 exhibere,
2783 2996 2888 3050 quo
2916 2979 3112 3033 fratres
3143 2979 3257 3048 ipse
3293 2993 3400 3031 non
3434 2977 3625 3034 fuisset
3664 2994 3862 3048 exper-

2265 3084 2348 3131 tus
2379 3075 2534 3147 (Gen.
2577 3089 2721 3140 thv,
2751 3073 2786 3127 2
2815 3082 2861 3128 et
2899 3070 3051 3143 καφ).
3085 3072 3329 3141 Denique
3355 3071 3459 3125 hoc
3500 3085 3725 3126 munere
3756 3082 3779 3108 ο
3808 3082 3863 3127 et

560 3169 866 3238 mulieribus
908 3171 1082 3226 locuta
1119 3189 1172 3227 es
1221 3171 1365 3242 (Job.
1431 3187 1488 3238 Il,
1548 3171 1658 3243 '10).
1707 3173 1860 3240 Quod
1917 3175 1963 3230 si
2010 3173 2156 3236 illam
2185 3166 2228 3228 C
2264 3168 2461 3224 fratres
2492 3169 2714 3238 recepit,
2758 3178 2812 3224 et
2849 3179 3054 3238 patrem
3081 3168 3164 3238 pia
3197 3167 3384 3223 fraude
3411 3168 3680 3238 quaesivit.
3715 3167 3860 3234 Quid

465 3321 468 3325 ,
560 3265 714 3333 quasi
747 3266 1046 3334 sapientem
1097 3264 1354 3320 voluisset
1397 3265 1606 3332 audire,
1646 3265 1765 3336 ipse
1793 3267 2014 3337 sapiens
2051 3281 2157 3322 non

560 3355 770 3412 fuisset.
797 3356 1063 3412 Teutalus
1097 3356 1260 3411 etiam
1303 3357 1533 3412 diversis
1575 3357 1828 3427 alloquiis
1859 3358 2156 3414 amicorum

561 3447 705 3519 (Job.
738 3464 849 3513 xix,
885 3448 966 3518 5),
993 3463 1116 3504 cum
1163 3449 1286 3504 fidei
1335 3450 1570 3515 stabilis,
1617 3449 2020 3520 imtnobilisque
2059 3466 2152 3519 pa-

563 3542 765 3596 tientiae
797 3542 1018 3612 praemia
1047 3542 1334 3596 meruisset
1355 3558 1383 3596 a
1417 3543 1664 3608 Domino,
1697 3558 1877 3598 nonne
1902 3542 2154 3600 dicebat:

567 3635 688 3690 Nisi
717 3639 839 3708 quia
870 3635 979 3690 Lex
1011 3647 1100 3690 tua
1120 3636 1384 3691 meditatio
1413 3653 1526 3691 mea
1544 3647 1640 3703 est,
1671 3647 1788 3696 tunc
1817 3637 2037 3707 forsitan
2072 3653 2161 3707 pe-

562 3732 760 3785 riissem
781 3731 834 3785 in
861 3730 1158 3785 humilitate
1186 3729 1338 3783 mea?

633 3823 722 3878 50.
756 3822 928 3890 Quam
960 3831 1113 3891 grato
1143 3821 1246 3876 boc
1285 3821 1418 3879 dicit
1459 3821 1642 3888 hodie,
1674 3822 1764 3893 qui
1811 3824 1864 3876 in
1898 3821 2160 3893 martyrio

562 3916 794 3985 plurima
808 3915 1015 3986 ﬂagella
1037 3915 1311 3979 sustinuit,
1330 3915 1561 3986 equuleo
1580 3924 1635 3973 et
1653 3916 1892 3986 ungulis,
1909 3917 2154 3986 plumbo,

563 4010 779 4065 laminis
799 4010 1138 4077 ardentibus,
1164 4010 1342 4081 gladio
1363 4010 1785 4081 comprobatus?
1809 4011 1990 4067 Potuit
2011 4012 2159 4067 enim

564 4104 761 4174 perire,
795 4103 899 4158 nisi
928 4103 1218 4158 meditatus
1246 4104 1299 4158 in
1320 4103 1486 4175 Lege,
1517 4105 1766 4176 graviora
1795 4105 2159 4175 praesentibus

564 4199 739 4252 futura
769 4198 1035 4268 supplicia
1063 4196 1404 4253 credidisset.

633 4290 726 4344 5|.
753 4289 962 4354 Quanta
991 4299 1211 4344 sanctus
1240 4289 1442 4360 Joseplt
1473 4291 1718 4361 pertulit,
1747 4306 1907 4362 quam
1934 4291 2150 4358 acerba,

561 4395 721 4449 quam
765 4380 931 4436 dura!
965 4383 1148 4438 Primo
1179 4381 1404 4436 fratrum
1444 4384 1564 4437 odia
1596 4383 1750 4454 (Gen.
1795 4400 2006 4448 xxxvn,
2034 4385 2155 4455 28),

561 4473 846 4543 degeneris
873 4477 1155 4531 servitutis
1194 4491 1489 4543 mrutnnas,
1529 4479 1845 4546 parentibus
1875 4478 2161 4534 defrauda-

2265 3263 2427 3332 igitur
2453 3261 2600 3316 aliud
2633 3261 2826 3315 melius
2857 3260 3062 3315 diceret
3090 3268 3312 3316 sanctus
3341 3259 3568 3330 Josepb,
3595 3275 3755 3330 quam
3791 3261 3863 3314 is-

2266 3355 2356 3411 tud
2384 3356 2450 3410 ad
2501 3354 2784 3409 Dominum
2812 3372 2826 3407 :
2860 3353 2981 3408 Nisi
3029 3354 3154 3424 quia
3185 3354 3268 3408 lea:
3296 3362 3386 3407 tua
3429 3353 3694 3407 meditatio
3748 3368 3862 3406 mea

2262 3462 2356 3514 est,
2392 3461 2510 3504 tunc
2535 3451 2750 3522 forsitan
2775 3449 3040 3519 periissem
3069 3448 3122 3501 in
3150 3446 3434 3501 humilitate
3459 3462 3573 3500 mea
3593 3447 3618 3499 .9

2333 3544 2420 3599 59.
2460 3543 2652 3598 Fertur
2681 3541 2958 3612 prophetae
2992 3540 3204 3595 cuidam
3243 3543 3319 3612 (et
3359 3539 3602 3610 plerique
3628 3536 3645 3576 τ
3672 3537 3856 3594 ferunt

2260 3637 2401 3704 quod
2428 3636 2600 3692 Esaia:
2633 3636 2683 3689 in
2715 3649 2934 3690 carcere
2962 3633 3163 3705 posito)
3197 3649 3319 3688 cum
3348 3633 3490 3687 mole
3520 3631 3860 3686 imminentis

2261 3739 2543 3801 urgeretur
2585 3727 2758 3792 exitii,
2790 3727 2997 3783 dixisse
3037 3725 3312 3781 diabolum
3345 3725 3480 3780 :Dic
3523 3725 3646 3795 quia
3680 3739 3792 3778 non
3821 3739 3850 3777 a

2262 3825 2492 3880 Domino
2514 3825 2725 3879 locutus
2754 3837 2815 3878 es
2836 3837 2955 3892 quae
2977 3820 3180 3885 dixisti,
3209 3830 3263 3875 et
3289 3819 3530 3874 omnium
3556 3819 3608 3872 in
3631 3826 3683 3872 te
3708 3832 3861 3874 men—

2262 3929 2345 3976 tes
2367 3919 2700 3987 affectusque
2731 3915 2984 3979 mutabo;
3015 3914 3183 3982 utqui
3210 3912 3560 3983 indignantur
3583 3909 3859 3980 iniuriam,

2262 4014 2660 4072 absolutionem
2714 4010 3019 4067 conferant.
3077 4006 3186 4064 Sed
3228 4007 3317 4062 ille
3364 4005 3570 4078 gratius
3596 4003 3866 4074 judicavit

2265 4126 2362 4181 pro
2397 4107 2623 4164 veritate
2645 4104 2990 4176 supplicium,
3015 4115 3174 4170 quam
3202 4114 3298 4170 pro
3321 4098 3634 4153 adulatione
3657 4096 3862 4150 benefi-

2263 4204 2432 4259 cium.
2451 4200 2607 4269 Quod
2637 4204 2821 4269 utique
2847 4211 2952 4252 non
2982 4194 3222 4257 fecisset,
3246 4193 3348 4250 nisi
3376 4189 3727 4246 meditatione
3754 4187 3860 4243 Lc-

2263 4300 2346 4368 gis
2377 4297 2568 4352 fuisset
2594 4292 2943 4349 exercitatus.

2336 4393 2427 4447 55.
2460 4390 2544 4445 Sit
2568 4403 2699 4458 ergo
2725 4386 2879 4441 nobis
2908 4382 3220 4454 quotidiana
3250 4381 3414 4435 lectio
3441 4393 3538 4448 pro
3575 4375 3857 4441 exercitio,

2266 4495 2465 4555 ntqua:
2492 4483 2745 4553 legimus,
2783 4478 3110 4533 meditemur
3152 4475 3370 4530 imitari.
3411 4473 3470 4528 in
3510 4472 3611 4526 hac
3633 4470 3863 4525 desuda-

565 4576 682 4631 tus,
730 4567 1009 4637 ablegatus
1064 4570 1257 4624 exsilio
1284 4611 1298 4635 ,
1343 4571 1740 4640 negOtiatorttm
1795 4573 2049 4637 vernula.
2103 4583 2157 4628 et
2183 4587 2384 4649 Dmns
2411 4578 2675 4631 virtutum
2715 4573 3000 4643 palaestra;
3045 4581 3101 4624 ιιι
3129 4567 3646 4637 cumiucrepuerint
3683 4573 3860 4619 tenta-

565 4657 808 4731 Egyptii
835 4661 1088 4731 ignobilis
1116 4664 1221 4718 vile
1247 4663 1600 4734 mancipium.
1631 4666 1764 4732 Qua:
1797 4665 1972 4736 potuit
2000 4666 2158 4720 nobi-

563 4752 626 4807 lis
653 4754 914 4824 prosapiae
962 4770 1130 4824 puero
1178 4757 1394 4826 gravior
1433 4773 1555 4813 esse
1606 4759 1851 4824 tentatio,
1895 4773 2056 4830 quam
2102 4768 2160 4814 ut

564 4855 712 4904 tanto
767 4847 983 4904 familiae
1036 4849 1328 4919 splendore
1383 4850 1668 4921 deiectus,
1727 4853 1962 4910 serviret
2016 4853 2158 4925 apud

637 5045 663 5109 fl
689 5036 846 5109 llam.
878 5036 1037 5105 edit.,
1063 5039 1387 5093 institutione
1415 5039 1672 5109 ﬁrmatus.

634 5106 816 5186 ljblss.
854 5109 1083 5186 aliquot,
1124 5113 1168 5165 si
1199 5106 1477 5186 ministerio
1522 5112 1686 5183 regio.
1722 5110 1786 5168 Et
1817 5119 1937 5182 post
1961 5125 2154 5186 pauca,

565 5177 654 5231 ubi
685 5195 875 5236 omnes
903 5181 1071 5256 edit.,
1091 5193 1319 5253 totasque
1363 5183 1494 5238 vires
1518 5177 1670 5256 suits,
1701 5177 1892 5241 omnes
1919 5177 2049 5240 m'ss.
2087 5177 2163 5242 lef-

562 5260 716 5319 gnut,
747 5263 1000 5324 notasque
1028 5255 1160 5308 vires
1188 5272 1330 5309 suas.

645 5354 664 5379 ο
693 5343 784 5398 Sic
826 5360 1016 5401 omnes
1055 5363 1185 5402 mss.
1229 5363 1292 5404 ac
1321 5358 1429 5405 vet.
1459 5349 1624 5414 edit.;
1658 5348 1815 5404 Rom.
1848 5363 1977 5405 vero
2007 5364 2166 5419 repo-

566 5415 694 5476 suit,
730 5432 916 5470 noxam
940 5419 1227 5474 calumniw.

639 5504 665 5543 ἀ
689 5509 817 5563 Mss.
852 5525 947 5565 sex
991 5512 1130 5587 baud
1179 5515 1336 5587 malae
1365 5524 1518 5587 _not:n
1551 5515 1741 5587 :tonge
1785 5514 2020 5582 asperior
2055 5514 2166 5567 acte

569 5595 958 5655 prosperorum.
1011 5584 1126 5638 Non
1181 5585 1434 5641 absurde.
1483 5584 1738 5644 Diabolus
1795 5587 1938 5644 enim
1990 5587 2164 5655 primo

567 5652 823 5777 advfrsa,
849 5654 973 5784 deip
1001 5671 1254 5726 prospera
1286 5658 1438 5730 quasi
1465 5659 1710 5715 diversas
1732 5659 1876 5714 acies
1895 5652 2163 5713 instruere

568 5739 619 5779 ιιι
647 5741 676 5777 e
702 5736 851 5784 ectos
881 5743 940 5781 so
965 5740 1038 5784 et.

568 5739 619 5779 Ill
647 5739 851 5784 BleCIOS
881 5739 1038 5784 solet.

643 5805 665 5835 ’³
691 5796 781 5858 Sic
807 5798 937 5858 edit.
971 5815 1192 5878 omnes,
1223 5817 1284 5863 ac
1315 5818 1447 5866 mss.
1479 5804 1707 5890 aliquot.
1750 5802 1856 5879 Alii
1887 5815 2018 5863 vero
2045 5800 2162 5888 plu-

2267 4679 2468 4736 menta,
2492 4678 2516 4715 Β
2547 4682 2652 4722 non
2686 4676 2955 4734 tamquam
2999 4662 3402 4726 inexercitatos,
3449 4674 3556 4714 non
3590 4667 3862 4727 tamquam

2266 4770 2516 4832 expertes
2547 4759 2871 4830 spiritalium
2916 4756 3182 4820 ciborum,
3213 4763 3270 4810 et
3310 4761 3617 4808 attenuatos
3655 4749 3863 4820 jejunio

2269 4853 2547 4921 lectionis,
2601 4852 2957 4906 tentationum
3012 4857 3226 4918 tempus
3291 4844 3552 4901 inveniat.
3615 4841 3770 4910 Quod
3815 4840 3862 4898 si

2264 5056 2376 5107 res,
2409 5053 2584 5109 neque
2614 5037 2917 5093 deteriores
2947 5052 2961 5088 :
2995 5032 3062 5089 Et
3093 5044 3291 5104 patrem
3319 5031 3537 5104 recepit,
3578 5039 3625 5084 et
3649 5032 3862 5101 fratrem

2266 5114 2354 5182 pia
2379 5111 2563 5179 fraude
2586 5109 2841 5181 qumiuit.

2344 5201 2362 5241 τ
2387 5202 2482 5264 llic
2496 5201 2778 5275 evidenter
2800 5199 2974 5275 i_nn_ni_t
2987 5196 3300 5275 Ambrosius
3319 5207 3664 5275 communem
3687 5191 3861 5274 scrip-

2269 5285 2444 5329 torum
2478 5273 2560 5328 sui
2586 5271 2849 5338 temporis
2880 5269 3048 5325 fuisse
3085 5269 3419 5338 opinionem,
3459 5264 3670 5338 Esaiam
3698 5264 3856 5338 jussu

2269 5346 2531 5401 Manassis
2581 5335 2723 5414 regis
2770 5344 2820 5396 in
2865 5341 2998 5414 duas
3034 5335 3210 5410 partes
3241 5346 3466 5414 _s_ectunt
3519 5335 3858 5414 occubuisse.

2268 5417 2373 5473 Sed
2406 5416 2530 5470 huic
2551 5405 2833 5489 sementis}
2855 5405 3070 5489 quidam
3097 5426 3218 5489 cum
3241 5408 3468 5489 Testata
3497 5405 3861 5489 refragantur,

2269 5489 2464 5558 quibus
2495 5485 2720 5557 proinde
2747 5475 2916 5558 relata
2942 5484 3010 5558 ab
3039 5481 3329 5544 Ambrosio
3359 5479 3564 5538 diaboli
3601 5477 3762 5544 verba
3793 5475 3862 5532 de

2269 5554 2377 5635 alio
2400 5554 2662 5632 propheta
2689 5554 3006 5629 explicanda
3033 5563 3177 5620 sunt.

2343 5655 2587 5711 SOmnes
2629 5652 2786 5716 edit.,
2829 5669 2933 5706 non
2983 5659 3242 5719 tamquam
3286 5647 3616 5719 inexperles;
3669 5640 3862 5695 melius

2265 5742 2456 5804 omnes
2488 5740 2645 5812 tnss.,
2671 5742 2772 5779 non
2800 5735 3058 5818 tamquam
3083 5729 3336 5806 expertes,
3368 5719 3426 5775 id
3453 5726 3557 5806 est,
3587 5729 3694 5792 non
3721 5720 3864 5792 tam.

2266 5799 2426 5880 quam
2459 5798 2714 5882 privatos.
2920 5798 2926 5818 ‘
2949 5798 2954 5799 “
3149 5801 3154 5806 ’
3187 5803 3190 5808 ’
3549 5798 3554 5806 ’
