3982 6492
77 367 107 424 ﬂ
122 369 248 426 375

1198 360 1266 418 IN
1304 359 1635 418 PSALMUM
1677 359 1891 417 CXVIII
1928 359 2313 418 EXPOSITIO.

3271 363 3413 422 ιδτι

81 486 114 515 ιι
145 477 440 534 athleticis
471 476 644 548 epulis
683 481 888 545 pastam
929 471 1168 530 animam
1197 478 1438 529 nostram
1471 468 1709 540 potuerit
1733 473 1784 534 Α
1811 479 2075 526 aeternum
2105 491 2119 541 ;
2153 481 2213 530 ut
2232 486 2354 528 cum
2408 471 2714 530 venerimus
2757 473 2810 529 in
2863 473 3014 528 illam
3045 489 3174 530 vere
3206 484 3412 532 terram

81 571 407 628 invenire:
453 571 498 626 si
547 571 616 626 sit
659 568 1016 639 Evangelicus
1060 581 1253 623 succus
1301 567 1362 622 in
1406 565 1564 621 nobis
1611 564 1706 622 :si

80 666 427 736 apostolicis
456 664 598 720 escis
618 661 905 718 maturitas
934 668 1136 716 nostra
1169 659 1368 715 mentis
1395 667 1564 719 toros,
1593 655 1710 712 ani-

84 775 204 815 mae
264 760 491 816 robusta
549 756 905 814 solidaverit:
939 755 984 811 si
1031 753 1302 824 frequenti
1351 750 1704 809 meditatione

82 851 378 906 memoria
421 861 586 906 tenax
629 857 1024 920 praceptorum
1072 845 1374 902 emicstium
1413 854 1598 915 parata
1639 843 1706 900 ad

83 954 322 1016 tempus
376 945 624 1014 exempla
662 941 1098 1014 deprompserit,
1153 939 1302 996 nulla
1343 937 1706 996 tentationum

82 1040 308 1110 poterit
335 1053 438 1094 nos
463 1039 781 1110 perturbare
802 1035 1134 1106 congressio.

168 1134 270 1190 δι.
303 1133 488 1205 (Vers.
514 1133 637 1200 95.)
663 1131 918 1201 Sequitur
945 1143 1136 1184 versus
1170 1127 1390 1199 quintus
1414 1144 1427 1180 :
1458 1125 1527 1180 ιη
1552 1133 1702 1180 atter-

87 1244 228 1282 num
273 1243 382 1281 non
428 1228 702 1282 obliviscar
723 1224 1158 1299 justiﬁcationum
1197 1233 1436 1286 tuarum;
1464 1220 1708 1291 quoniam

86 1320 150 1373 in
177 1319 321 1386 ipsis
345 1319 616 1388 viviﬁcasti
657 1334 755 1372 me.
785 1316 899 1372 Lex
923 1313 1226 1370 secundum
1255 1312 1574 1384 Apostolum
1598 1327 1709 1383 pa:-

89 1410 354 1482 dagogus
387 1411 599 1484 1125
628 1419 716 1467 est
753 1409 1129 1480 parvulorum,
1157 1407 1333 1463 donec
1362 1406 1428 1461 ad
1454 1405 1708 1476 perfeette

91 1504 230 1559 lidei
254 1507 610 1560 maturiorem
640 1503 926 1574 quamdam
957 1502 1240 1557 veniamus
1268 1510 1484 1556 tetalem
1505 1499 1703 1570 (Colat.

93 1615 188 1666 ιιι,
213 1598 341 1667 2t).
374 1598 431 1652 In
479 1597 622 1668 Lege
665 1608 844 1652 autem
891 1594 1147 1651 mandata
1188 1604 1336 1661 sunt,
1361 1593 1708 1664 iustificatio-

95 1707 224 1757 nes,
260 1691 594 1757 testimonia,
615 1690 864 1761 iustitiae,
894 1697 1188 1760 praecepta.
1208 1687 1556 1744 Viviﬁcamur
1577 1701 1707 1758 ergo

95 1786 153 1840 in
186 1785 378 1855 Lege;
413 1783 554 1840 unde
580 1793 635 1839 et
659 1783 736 1838 ait
765 1780 1059 1852 Apostolus
1093 1798 1107 1834 :
1141 1779 1251 1836 Lex
1290 1790 1464 1834 autent
1503 1796 1608 1834 non
1634 1787 1707 1835 est

1810 565 2276 634 repromissionis,
2299 567 2390 622 ubi
2413 576 2494 622 cst
2526 569 2674 638 regio
2700 568 2966 636 vivorum,
3001 571 3414 628 meminerimus

1809 666 2007 726 quanta
2037 657 2123 713 hic
2153 659 2306 714 nobis
2353 659 2564 715 Pharao
2615 660 2766 717 dirus
2809 661 3076 727 intulerit,
3106 673 3234 732 quot
3288 678 3416 732 per-

1809 752 1959 820 pessi
1998 751 2052 805 in
2093 750 2198 807 hoc
2223 753 2424 808 saeculo
2476 754 2678 819 simus,
2735 758 2932 826 quibus
2981 757 3194 812 tandem
3237 757 3412 827 erepti

1808 841 1967 898 malis
2016 861 2033 910 ;
2079 852 2134 899 et
2183 859 2406 914 agamus
2460 847 2665 915 gratias
2715 850 2968 919 eripienti
3025 864 3126 905 nos
3182 850 3412 906 Domino

1807 936 1935 994 Jesu
1966 979 1984 1006 ,
2034 939 2128 1007 qui
2178 938 2610 1008 perturbatorem
2671 941 2916 1000 omnium
2949 943 3215 999 fecitesse
3246 943 3418 1015 capti-

1809 1045 1958 1086 vum.

1879 1123 1970 1181 57.
1995 1121 2178 1196 (Vers.
2213 1121 2336 1194 9i.)
2366 1122 2620 1192 Sequitur
2646 1139 2835 1182 versus
2865 1134 3052 1181 sextus
3084 1143 3097 1180 :
3131 1126 3269 1182 Tuus
3298 1143 3412 1182 sum

1809 1231 1922 1282 ego,
1952 1215 2096 1270 salva
2135 1231 2234 1278 me,
2269 1213 2528 1279 Domine;
2567 1217 2814 1284 quoniam
2839 1219 3250 1286 justiﬁcationes
3296 1229 3411 1272 tuas

1809 1309 2076 1380 exquisivi.
2110 1309 2308 1364 Facilis
2331 1324 2458 1375 vox,
2483 1317 2538 1364 et
2563 1311 2869 1366 communis
2898 1310 3131 1373 videtur,
3157 1311 3252 1366 sed
3283 1328 3412 1382 pau-

1809 1416 1996 1456 corum
2030 1411 2132 1457 est.
2168 1401 2310 1457 Satis
2359 1416 2517 1457 rarus
2545 1411 2628 1456 est
2675 1403 2820 1456 enim
2877 1404 2964 1473 qni
2995 1412 3174 1474 potest
3230 1405 3416 1462 dicere

1811 1493 1960 1550 Deo:
1989 1494 2135 1548 Tuus
2173 1511 2307 1549 sum.
2359 1494 2455 1549 Ille
2489 1495 2634 1550 enim
2667 1493 2798 1550 dicit
2827 1535 2841 1558 ,
2876 1496 2966 1565 qui
3009 1495 3250 1550 adhaeret
3305 1498 3416 1552 Deo

1810 1587 1944 1642 totis
1989 1587 2263 1652 sensibus,
2315 1586 2406 1657 qui
2436 1587 2580 1643 aliud
2604 1589 2844 1657 cogitare
2874 1604 2979 1644 non
3034 1587 3267 1642 noverit.
3324 1588 3418 1644 Ille

1810 1677 1912 1734 hac
1939 1695 2076 1735 voce
2123 1681 2314 1745 utitur,
2371 1681 2463 1749 qtti
2518 1689 2697 1750 potest
2738 1679 2957 1736 dicere:
2996 1680 3221 1735 Ostende
3270 1681 3418 1734 nobis

1813 1771 2041 1840 Patrem,
2076 1783 2124 1828 et
2150 1773 2348 1845 sufﬁcit
2377 1773 2520 1827 nobis
2552 1772 2732 1843 (Joan.
2767 1789 2880 1840 xrv,
2915 1773 2990 1844 8).
3019 1773 3287 1843 Numquid
3310 1776 3414 1830 hac

94 1895 163 1932 ea;
195 1879 305 1947 ﬁde
338 1894 356 1932 ;
383 1878 475 1932 sed
526 1877 614 1947 qui
641 1875 769 1976 {acii
809 1873 978 1943 illam,
1009 1874 1138 1928 vivet
1178 1873 1233 1927 in
1258 1891 1320 1928 ea
1359 1871 1551 1944 (lbid.,
1582 1871 1695 1944 12).
1729 1870 1776 1932 B
1809 1880 1938 1921 voce
1960 1867 2125 1920 utitur
2145 1865 2333 1922 avidus
2357 1866 2619 1935 pecuniae,
2651 1866 2898 1932 honoris,
2924 1866 3246 1936 potestatis?
3276 1865 3415 1921 Mul-

96 1970 210 2027 Sed
234 1972 362 2041 quia
391 1971 536 2026 idem
568 1967 731 2039 supra
759 1968 837 2024 ait
862 1987 878 2024 z
907 1967 1168 2035 Quoniam
1191 1968 1243 2021 in
1266 1967 1399 2038 Lege
1421 1983 1566 2023 nemo
1587 1968 1707 2039 jus-

96 2069 339 2138 tificatur
365 2066 556 2139 (Ibid.,
591 2066 706 2137 ii),
740 2065 998 2138 intelligis
1024 2064 1213 2135 utique
1237 2065 1360 2134 quia
1385 2063 1703 2133 iustiﬁcatio

94 2160 264 2232 Legis
291 2159 508 2230 species
537 2169 622 2216 est
667 2170 720 2215 et
749 2160 944 2229 imago,
989 2172 1098 2213 non
1139 2157 1362 2214 veritas.
1395 2157 1703 2214 Secundum

94 2254 390 2309 veritatem
419 2267 550 2323 ergo
576 2252 644 2307 ad
677 2251 1068 2323 perfectionem
1101 2266 1261 2306 nemo
1286 2251 1619 2320 iustiﬁcatur
1649 2251 1704 2306 in

94 2347 272 2417 Lege,
305 2346 601 2402 secundum
640 2346 878 2416 speciem
917 2344 1268 2415 iustiﬁcatur.
1303 2344 1447 2414 Ergo
1486 2353 1705 2399 sanctus

99 2438 522 2510 Propheta.qul
550 2437 726 2493 adhuc
752 2439 808 2494 in
849 2437 1009 2509 Legis
1034 2437 1518 2507 iusdlicationibus
1557 2426 1716 2493 vive?

101 2534 217 2600 bat,
253 2532 281 2572 ι)
313 2532 535 2588 videbat
561 2541 744 2588 autem
769 2531 1032 2602 fulgorem
1058 2531 1333 2602 Evangelii
1361 2549 1376 2592 ;
1407 2531 1560 2601 quasi
1591 2546 1706 2586 me-

100 2641 228 2680 mor
286 2625 492 2681 veteris
541 2624 865 2694 disciplinte,
909 2623 1039 2693 Legi
1086 2632 1359 2694 tamquam
1411 2622 1706 2692 padagogo

101 2719 223 2774 utili
265 2719 494 2786 gratiam
545 2718 879 2772 reservabat.
924 2716 1224 2772 Considera
1266 2716 1502 2786 aliquem
1540 2728 1706 2770 exce~

104 2811 332 2866 dentem
358 2825 423 2865 ex
451 2809 677 2878 ephebis
705 2810 756 2864 in
790 2809 994 2864 divitiis
1035 2817 1086 2862 et
1112 2807 1406 2864 honoribus
1437 2807 1706 2862 constitu-

109 2915 250 2968 tum,
305 2903 600 2973 paedagogo
653 2918 754 2958 suo
800 2899 1270 2956 honorificentiam
1311 2907 1706 2964 reservantem,

107 2997 264 3068 cujus
304 2995 502 3051 ofﬁciis
551 2995 896 3053 informatum
943 3010 1006 3050 se
1047 3007 1169 3048 esse
1208 3000 1602 3063 cognosceret:
1651 3001 1709 3047 ut

107 3089 462 3143 maturiorem
495 3102 685 3157 regere
715 3094 900 3156 posset
929 3093 1164 3141 mtatem.

176 3183 269 3239 '55.
300 3183 483 3237 Monet
514 3179 780 3252 siquidem
834 3179 998 3236 etiam
1047 3179 1163 3248 ipsa
1203 3179 1338 3243 Lex,
1371 3187 1432 3233 ut
1480 3176 1567 3234 bis
1611 3177 1705 3248 qui

1812 1959 1880 2013 tis
1908 1973 2014 2014 non
2047 1966 2134 2016 est
2173 1959 2305 2014 satis
2359 1959 2528 2014 Deum
2571 1959 2736 2024 scire,
2767 1967 2822 2014 et
2877 1959 3095 2028 quidem
3137 1959 3408 2029 pluribus.

1809 2053 1969 2110 Tanti
2001 2052 2212 2124 populi,
2268 2053 2482 2126 1126
2509 2061 2670 2108 tanta:
2717 2053 2990 2119 nationes,
3044 2053 3174 2106 tanti
3220 2052 3420 2112 divites

1808 2155 2179 2218 paupertatem
2211 2155 2401 2216 putant
2459 2145 2687 2201 Domino
2729 2145 2935 2200 servire
2969 2154 3059 2199 :et
3113 2144 3203 2214 qui
3253 2159 3418 2213 supra

1807 2254 1998 2296 onmes
2047 2249 2132 2294 est
2162 2281 2180 2306 ,
2210 2238 2318 2292 illis
2343 2238 2570 2308 exiguus
2620 2246 2676 2294 et
2702 2247 2963 2308 angustus
2995 2248 3079 2292 est
3105 2255 3118 2291 :
3149 2237 3251 2291 illis
3306 2251 3414 2291 non

1807 2331 2044 2389 estsatis
2073 2332 2167 2388 Dei
2205 2332 2367 2394 ﬁlius,
2394 2332 2448 2390 in
2494 2347 2599 2402 quo
2643 2340 2770 2386 sunt
2811 2332 3013 2386 omnia.
3047 2331 3292 2400 Denique
3323 2331 3419 2386 ille

1807 2426 1960 2482 dives
1989 2426 2044 2481 in
2075 2425 2390 2496 Evangelio,
2421 2425 2505 2480 cui
2558 2425 2762 2480 dictum
2811 2433 2932 2478 est:
2966 2424 3024 2477 Si
3055 2425 3129 2477 vis
3159 2426 3418 2493 perfectus

1808 2535 1932 2582 esse,
1967 2519 2124 2574 vende
2150 2519 2324 2572 omnia
2347 2534 2460 2587 qua:
2479 2517 2653 2582 habes,
2685 2527 2730 2571 et
2755 2517 2824 2572 da
2853 2517 3164 2586 pauperibus
3194 2515 3415 2588 (Matth.

1808 2626 1919 2678 χιι,
1944 2609 2059 2682 21),
2095 2611 2262 2666 Deum
2308 2610 2411 2665 sibi
2442 2626 2546 2664 non
2576 2611 2830 2665 suflicere
2852 2610 3136 2678 judicavit.
3170 2608 3418 2678 Denique

1807 2713 1864 2761 et
1886 2704 2238 2759 contristatus
2290 2715 2373 2759 est
2403 2702 2597 2775 (lbid.,
2629 2703 2748 2775 9.2),
2781 2704 2930 2773 quasi
2955 2703 3098 2773 quod
3130 2703 3248 2772 plus
3270 2712 3418 2758 esset

1809 2798 2119 2867 relinquere
2143 2797 2424 2867 juberetur
2459 2816 2471 2850 :
2500 2797 2642 2866 quod
2674 2798 2854 2852 minus
2898 2805 3044 2852 esset
3073 2797 3291 2864 eligere.
3321 2795 3421 2852 llle

1808 2905 1940 2961 ergo
1967 2890 2099 2946 dicit
2125 2907 2138 2943 :
2173 2890 2312 2944 Tuus
2341 2907 2480 2955 sum,
2508 2891 2596 2959 qui
2622 2899 2800 2958 potest
2822 2890 3003 2946 dicere
3027 2907 3041 2944 :
3075 2889 3213 2944 Ecce
3240 2891 3415 2945 omnia

1811 2984 2130 3054 reliquimus,
2164 2993 2209 3038 et
2241 2984 2401 3038 secuti
2431 3000 2608 3038 sumus
2640 2994 2687 3038 te
2725 2982 2912 3056 (Ibid.,
2955 2983 3073 3055 27).

1882 3078 1970 3132 58.
1998 3077 2379 3146 Apostolorum
2427 3076 2606 3146 itaque
2637 3093 2740 3132 vox
2783 3078 2883 3131 ista
2912 3087 3014 3143 est,
3048 3091 3150 3133 nec
3171 3076 3411 3132 omnium

1813 3178 1993 3225 tamen
2024 3169 2418 3238 apostolorum.
2448 3169 2580 3224 Nam
2608 3179 2662 3224 et
2705 3168 2872 3225 Jndas
2901 3169 3178 3240 apestolus
3209 3170 3327 3230 fuit.
3360 3179 3417 3224 ct

104 3275 264 3331 nobis
301 3273 593 3344 aliquando
619 3271 943 3342 promerint,
995 3287 1336 3342 nequaquam
1363 3285 1486 3327 esse
1511 3269 1708 3327 debea.
1735 3261 1782 3324 C
1814 3261 1864 3316 in
1887 3259 2134 3316 convivio
2173 3261 2373 3316 Christi
2413 3261 2550 3316 inter
2589 3263 2870 3331 apostolos
2923 3261 3293 3318 recumbebat.
3324 3263 3411 3316 Di-

109 3367 227 3423 mu's
262 3365 458 3435 ingrati
492 3364 692 3436 (Exod.
725 3380 821 3430 xu,
848 3362 968 3434 98).
1008 3362 1140 3420 Nam
1181 3363 1322 3418 sicut
1370 3363 1632 3419 habemus
1654 3364 1707 3420 in

107 3461 278 3514 vcterl
301 3459 673 3523 Testamento,
700 3458 902 3528 pascha
931 3456 1263 3518 celebratum
1288 3466 1374 3514 est
1405 3459 1456 3516 in
1487 3457 1706 3529 [Egypti

111 3551 330 3618 linibus,
361 3566 483 3607 cum
515 3549 694 3606 adhuc
742 3550 844 3605 sub
898 3565 1028 3620 rege
1073 3549 1283 3605 Pharao
1334 3549 1492 3618 positi
1525 3559 1709 3618 patres

112 3644 283 3698 nostri
333 3643 682 3712 deplorarent
726 3643 944 3698 miserte
984 3642 1268 3698 servitutis
1308 3641 1600 3712 iniuriam:
1653 3651 1709 3698 et

113 3746 297 3804 postea
365 3734 577 3789 liberati
639 3746 877 3792 rursusc
936 3734 992 3790 in
1057 3741 1200 3790 terra
1267 3734 1709 3805 repromissionis

115 3827 309 3897 pascha
334 3826 677 3881 celebrarunt
705 3825 908 3898 (Iosue.
938 3842 994 3894 v,
1018 3824 1108 3896 10)
1139 3844 1151 3881 :
1185 3827 1436 3896 superius
1471 3826 1538 3881 ad
1567 3841 1710 3882 com~

115 3919 492 3986 monitionem,
542 3919 812 3988 posterius
860 3917 927 3973 ad
979 3919 1438 3974 recordationem.
1477 3918 1532 3974 Si
1588 3920 1710 3988 quis

115 4026 244 4080 ergo
298 4009 928 4080 interrogetiilebraaum
959 4025 1062 4080 qna
1105 4010 1316 4064 ratione
1361 4010 1414 4065 in
1443 4007 1705 4080 IEgypto,

119 4100 310 4172 pascha
337 4101 668 4156 celebratum
695 4113 799 4166 est,
831 4100 1185 4170 respondebit
1216 4117 1232 4156 :
1262 4101 1398 4168 Quia
1425 4101 1539 4170 regi
1570 4101 1709 4156 Pba.

117 4209 213 4248 rao
242 4192 414 4246 adhuc
443 4192 724 4247 servitutis
749 4192 967 4247 vinculo
1005 4191 1226 4248 obnoxii
1254 4191 1598 4258 tenebamur,
1619 4191 1710 4248 ille

118 4299 284 4356 agnus
306 4291 517 4352 patrum
548 4286 810 4353 populum
863 4283 1139 4350 liberavit,
1174 4283 1270 4339 ille
1301 4298 1469 4354 agnus
1498 4283 1712 4342 vocavit

121 4379 187 4434 ad
215 4379 550 4441 libertatem,
579 4378 670 4433 ille
722 4394 892 4449 agnus
915 4378 1082 4434 maris
1112 4377 1378 4448 profunda
1409 4377 1662 4434 solidavit
1691 4394 1706 4444 ;

122 4481 180 4529 ut
200 4472 488 4544 iEgyptutn
512 4473 745 4532 transire
775 4487 1076 4543 possemus.
1108 4471 1331 4540 Quoties
1359 4487 1490 4542 ergo
1512 4470 1709 4541 pascha

122 4566 476 4630 celebramus,
509 4565 822 4623 meminisse
869 4565 1129 4621 debemus
1168 4564 1372 4620 veteris
1403 4563 1707 4630 servitutis,

1811 3355 1968 3410 cebat
1997 3364 2051 3409 et
2077 3354 2226 3424 ipse:
2254 3355 2401 3410 Tuus
2421 3374 2558 3424 sum,
2591 3356 2684 3410 scd
2717 3372 2871 3421 voce,
2906 3374 3010 3411 non
3032 3357 3410 3424 corde.Vcnit,

1811 3458 1865 3504 et
1892 3450 2123 3504 introivit
2149 3451 2202 3503 in
2251 3467 2368 3504 eum
2397 3451 2625 3506 Satanas
2658 3450 2838 3523 (Joau.
2872 3468 2986 3518 xm,
3019 3454 3136 3522 ‘27),
3169 3461 3222 3507 ct
3250 3455 3419 3523 erepit

1811 3541 1993 3598 dicere
2027 3559 2040 3594 :
2070 3541 2186 3596 Non
2230 3553 2312 3598 est
2341 3553 2482 3609 tuus,
2513 3544 2663 3610 Jesn,
2695 3544 2788 3599 sed
2842 3560 2994 3600 meus
3034 3556 3138 3600 est.
3175 3545 3416 3614 Denique

1810 3651 1870 3690 ea
1915 3651 2035 3705 qua:
2091 3651 2206 3690 mea
2254 3646 2399 3702 sunt,
2434 3638 2678 3707 cogitat;
2710 3653 2829 3708 qua:
2861 3654 2978 3692 mea
3034 3647 3183 3703 sunt,
3210 3639 3260 3692 in
3290 3653 3416 3706 pec-

1811 3738 1928 3786 tore
1955 3743 2056 3786 suo
2088 3729 2290 3786 volvit:
2312 3739 2486 3786 tecum
2519 3731 2786 3800 epulatur,
2813 3740 2868 3785 ct
2895 3744 3106 3785 mecum
3140 3731 3413 3799 pascitur:

1809 3839 1838 3878 a
1869 3833 1920 3880 te
1949 3840 2140 3895 panem
2173 3825 2390 3895 accipit,
2421 3842 2446 3877 a
2481 3840 2566 3880 tne
2599 3825 2880 3896 pecuniam
2916 3844 2927 3880 :
2965 3835 3139 3880 tecum
3171 3825 3327 3888 bibit,
3356 3834 3414 3879 ct

1811 3918 1941 3973 mihi
1965 3927 2113 3973 tuum
2156 3918 2473 3988 sanguinem
2503 3917 2724 3974 vendit:
2751 3925 2874 3973 tuus
2901 3928 2987 3973 est
3036 3919 3331 3988 apostolus,
3357 3925 3412 3971 ct

1812 4025 1967 4066 mens
1995 4020 2078 4066 est
2112 4011 2508 4068 mercenarius.
2643 4071 2646 4074 ,

1883 4103 1971 4158 59.
1997 4102 2113 4157 Non
2139 4113 2317 4172 potest
2360 4103 2543 4158 dicere
2571 4102 2847 4157 smcularis
2881 4117 2894 4155 :
2933 4101 3074 4156 Tuus
3097 4117 3210 4153 sum
3240 4116 3258 4163 ;
3287 4099 3409 4168 plu-

1813 4208 1900 4250 res
1921 4195 2065 4250 enint
2096 4193 2349 4250 dominos
2377 4194 2563 4249 habet.
2588 4193 2750 4249 Venit
2779 4193 2970 4257 libido,
2988 4202 3044 4248 et
3072 4192 3200 4246 dicit
3229 4209 3241 4242 :
3267 4191 3415 4246 Meus

1813 4301 1911 4353 es;
1945 4285 2068 4356 quia
2115 4301 2180 4341 ea
2228 4302 2349 4356 qute
2378 4295 2505 4342 sunt
2559 4286 2828 4355 corporis,
2861 4283 3203 4353 concupiscis
3233 4299 3246 4334 :
3275 4281 3326 4336 in
3352 4282 3417 4336 il-

1812 4379 1914 4434 lius
1939 4378 2363 4436 adolescentulae
2385 4395 2574 4436 amore
2593 4390 2642 4435 te
2670 4379 2801 4434 mihi
2827 4377 3112 4434 vendidisti
3145 4392 3158 4439 ;
3193 4375 3244 4430 in
3277 4376 3418 4430 illius

1811 4472 2100 4530 concubitu
2156 4474 2457 4532 meretricis
2492 4474 2722 4544 pretium
2784 4489 2880 4541 pro
2931 4484 2984 4528 te
3039 4471 3413 4526 annttreravi.

1813 4565 2240 4638 Venitavaritia,
2289 4579 2344 4624 et
2395 4568 2564 4626 dicit:
2599 4569 2893 4637 Argentum
2946 4578 2998 4622 et
3023 4582 3211 4620 aurum
3269 4566 3414 4636 quod

124 4668 178 4715 el
203 4673 350 4714 nova:
379 4657 647 4714 libel'lalis
675 4675 688 4711 ε
717 4656 847 4729 quid
891 4655 1176 4724 fuerimus,
1211 4665 1266 4714 οι
1307 4656 1437 4727 Quid
1481 4671 1707 4726 accepe~
1736 4656 1790 4718 D
1817 4661 2002 4730 habes,
2047 4664 2325 4720 servitutis
2355 4674 2460 4719 tuae
2487 4665 2718 4734 pretium
2768 4675 2850 4719 est
2883 4683 2896 4720 :
2933 4665 3206 4734 possessio
3249 4680 3413 4735 qnam

125 4753 305 4808 rimus.
331 4751 450 4807 Non
479 4752 624 4807 enim
674 4761 852 4822 potest
908 4751 1067 4822 plene
1103 4751 1230 4822 quis
1261 4752 1566 4823 intelligere
1585 4751 1712 4822 quid

126 4847 407 4916 acceperit,
440 4847 541 4902 nisi
568 4847 876 4904 meminerit
905 4856 1032 4904 ante
1071 4847 1201 4917 quid
1229 4847 1413 4903 fuerit.

195 4939 276 4996 36.
309 4939 424 4994 Non
467 4954 596 5010 ergo
647 4939 1032 4995 obliviscamur
1059 4941 1185 5010 quia
1235 4939 1493 4995 Dominus
1524 4939 1710 5009 Jesus,

129 5049 284 5106 agnus
312 5034 424 5098 Dei,
456 5034 638 5090 mundi
665 5033 862 5099 hostia,
893 5035 1054 5092 solvit
1081 5049 1181 5092 nos
1207 5035 1451 5105 gravium
1481 5035 1711 5094 nexibus

130 5127 460 5192 delictorum,
489 5127 685 5198 quibus
727 5125 940 5183 Pharao
969 5126 1059 5182 ille
1082 5127 1399 5183 teterrimus
1419 5141 1526 5181 non
1550 5127 1713 5183 unius

131 5219 480 5292 Egypti,sed
521 5217 707 5274 steculi
737 5217 890 5272 istius
938 5219 1191 5289 princeps
1233 5217 1458 5273 vinculo
1506 5219 1715 5274 servitii

132 5313 295 5385 gravis
320 5327 420 5369 nos
474 5311 691 5366 tenebat
733 5311 1008 5367 astrictos.
1055 5310 1174 5366 Non
1219 5310 1607 5368 obliviscamur
1655 5311 1709 5371 in

201 5459 223 5485 ει
242 5449 314 5503 De
334 5448 479 5502 victu
505 5445 764 5502 athletico
780 5445 1016 5505 diximus
1035 5447 1102 5502 ad
1124 5447 1269 5503 Psal.
1292 5461 1446 5510 mu,
1478 5461 1626 5500 num.
1651 5450 1704 5515 1,

133 5521 227 5576 col.
258 5520 384 5576 885.

197 5589 221 5628 δ
244 5591 410 5645 Paris.
439 5589 685 5660 quaedam
704 5588 861 5657 edit.,
885 5589 1074 5644 vivebat
1096 5599 1267 5644 autem
1297 5590 1502 5661 fulgore
1532 5587 1708 5645 Evan-

134 5665 255 5734 gelii.
281 5662 414 5718 Alite
435 5678 498 5717 ac
525 5676 654 5716 mss.
679 5661 1250 5727 omnes,videbat,etc.
1271 5661 1468 5717 lterum
1491 5671 1709 5734 cunctae

134 5737 273 5798 edit.,
302 5735 479 5788 veteris
507 5734 798 5802 disciplima
841 5734 990 5806 legis,
1021 5741 1303 5806 tamquam.
1330 5734 1397 5793 Et
1423 5733 1582 5798 infra,
1616 5733 1710 5788 Ito-

136 5807 488 5874 noriﬁcentiam
523 5815 826 5864 reservatam
859 5804 1063 5867 habere.
1100 5804 1303 5870 Contra
1329 5821 1521 5874 omnes
1573 5819 1706 5867 mss.

137 5879 424 5967 utrobique,
455 5886 514 5943 ut
539 5878 710 5951 nostri
742 5887 915 5948 textu.

1817 4764 1990 4822 tenes,
2039 4755 2176 4823 iuris
2229 4757 2301 4810 tui
2333 4757 2556 4824 emptio,
2607 4757 2848 4812 venditio
2878 4757 3143 4811 libertatis
3173 4766 3275 4810 tua!
3306 4767 3410 4812 est.

1817 4845 1974 4903 Yenit
2001 4846 2234 4911 luxuria,
2263 4858 2316 4904 et
2342 4848 2474 4904 dicit
2503 4866 2514 4904 :
2552 4850 2700 4904 Meus
2729 4864 2787 4904 es
2822 4866 2836 4915 ;
2868 4851 3028 4904 unius
3077 4849 3182 4904 diei
3228 4851 3408 4903 convi-

1813 4937 1983 5003 vium,
2030 4939 2260 5009 pretium
2292 4949 2399 4996 tua:
2445 4941 2570 4996 vita:
2619 4950 2746 4997 est:
2790 4941 2883 4996 ille
2913 4952 3163 5011 sumptus
3219 4941 3411 5010 epula-

1813 5046 1957 5098 rum,
1979 5029 2006 5068 ἀ
2039 5035 2111 5089 tui
2134 5033 2325 5104 capitis
2349 5034 2591 5100 licitatio.
2617 5034 2695 5090 tui
2722 5045 2800 5092 est
2825 5050 3034 5090 summa
3063 5043 3369 5088 contractus
3398 5075 3414 5098 ,

1814 5133 1868 5180 ct
1894 5125 2034 5195 quod
2063 5126 2214 5197 peius
2237 5135 2340 5192 est,
2371 5143 2501 5184 caro
2524 5135 2740 5197 emptus
2763 5143 2843 5191 es,
2869 5127 3030 5182 vilior
3056 5127 3176 5181 cibo
3202 5141 3262 5182 es
3286 5137 3376 5180 tuo
3398 5143 3412 5192 ;

1817 5216 2106 5289 pretiosior
2152 5227 2236 5272 est
2290 5219 2449 5276 unius
2497 5219 2604 5274 diei
2663 5234 2844 5274 mensa
2899 5229 3009 5284 tua,
3043 5233 3205 5286 quam
3253 5219 3418 5274 totius

1816 5311 2079 5382 temporis
2111 5313 2240 5366 vita.
2269 5313 2414 5368 Inter
2463 5313 2660 5370 calices
2687 5323 2736 5367 te
2791 5310 3020 5378 redemi,
3049 5312 3188 5365 inter
3228 5312 3416 5380 epulas

1890 5457 1911 5485 ο
1943 5447 2075 5503 Cod.
2106 5448 2466 5518 Aud.,\'ind.,
2495 5450 2652 5506 Coll).
2679 5464 2840 5514 unus,
2866 5460 2919 5502 et
2948 5449 3224 5503 Nav.item
3248 5467 3412 5517 unus,

1812 5518 1868 5583 in
1897 5527 2033 5576 terra
2061 5523 2470 5578 resurrectionis.
2526 5523 2695 5591 Quam
2748 5521 3077 5578 locutionem
3127 5520 3420 5576 Ambrosio

1814 5605 2016 5663 novant
2043 5607 2148 5646 non
2177 5609 2297 5648 esse
2323 5596 2432 5663 iam
2456 5594 2810 5650 advertimus.

1885 5659 1912 5699 ἀ
1945 5661 2089 5726 Edit.
2122 5666 2244 5719 Am.
2273 5659 2338 5722 etv
2359 5666 2484 5724 Era.
2513 5682 2632 5720 cum
2662 5681 2793 5719 mss.
2818 5664 3049 5732 aliquam
3098 5661 3301 5721 multis,
3337 5663 3414 5719 tui

1813 5733 1998 5802 Capitis
2029 5735 2216 5800 litatio,
2246 5738 2487 5805 quidam,
2539 5738 2751 5794 Ιὸι-ιίιιὶυ.
2780 5736 2845 5789 Ει
2898 5742 3227 5805 ροδιᾼιιίιιιοξι
3275 5748 3408 5805 mss.

1814 5817 2043 5881 septem,
2080 5823 2234 5865 carne
2251 5803 2448 5881 erupta:
2471 5827 2546 5877 es,
2579 5810 2730 5881 vilior
2750 5808 2881 5881 cibo,
2906 5803 3215 5881 etc._bleltus
3243 5803 3328 5857 alii
3356 5813 3409 5864 et

1814 5878 1946 5944 ﬁdit.
1972 5887 2030 5944 ut
2050 5893 2149 5943 nos
2164 5877 2365 5964 supra;
2397 5882 2488 5942 ubi
2515 5880 2878 5958 subintellige,
2903 5877 3084 5955 pretio.
