4104 6350
537 289 683 346 1375

1904 291 2151 350 SANCTI
2189 291 2514 354 AMBROSII

3697 291 3844 350 1576

537 404 990 478 acquisivi.Venit
1009 407 1255 472 ambitio,
1281 414 1336 463 et
1361 406 1490 464 dicit
1514 407 1640 462 tibi:
1684 407 1849 463 Plane
1871 423 2024 464 meus
2049 423 2127 464 es.
2163 411 2212 473 Α
2238 408 2331 464 illo
2352 426 2370 465 :
2395 419 2442 464 et
2481 426 2614 464 unus
2641 408 2897 464 Dominus
2922 407 3100 475 Jesus,
3148 426 3240 478 per
3269 425 3421 480 quem
3447 408 3640 476 omnia,
3667 418 3716 465 et
3744 425 3846 465 nos

542 499 733 557 Nescis
758 501 901 573 quod
934 501 1056 557 ideo
1085 501 1352 572 imperare
1382 500 1502 555 aliis
1535 512 1586 556 te
1615 500 1740 568 feci,
1770 512 1829 556 ut
1857 502 1986 556 mihi
2023 502 2138 572 ipse

541 593 779 649 scrvires
801 593 825 648 ?
849 592 1041 649 Nescis
1061 593 1204 664 quod
1229 592 1350 648 ideo
1380 603 1700 662 potestatem
1726 595 1781 650 in
1812 604 1862 652 te
1889 596 2092 652 contuli
2119 638 2135 662 ,

543 695 603 742 ut
632 701 766 742 meae
795 695 848 742 te
873 687 1194 756 subjicerem
1231 686 1482 756 potestati
1505 687 1625 743 ?An
1658 688 1876 759 ignoras
1903 688 2000 758 ipsi
2035 688 2141 744 Do-

545 779 694 835 mino
721 779 988 837 Salvatori
1017 779 1215 835 dictum
1247 795 1368 835 esse
1389 781 1458 834 ab
1481 779 1638 850 hujus
1660 781 1844 836 mundi
1873 781 2137 851 principe,

539 888 663 929 cum
691 873 740 929 ei
783 873 1110 930 ostendisset
1139 874 1318 928 omnia
1347 889 1511 943 regna
1543 875 1726 929 mundi
1754 893 1768 929 :
1816 874 1945 929 Hac
1966 875 2140 929 omnia

541 967 676 1020 dabo
717 967 830 1032 tibi,
862 967 904 1020 si
937 966 1210 1036 procidens
1239 966 1532 1021 adoraveris
1583 983 1662 1021 me
1692 965 1910 1034 (Matth.
1943 983 2016 1032 IV,
2055 965 2135 1038 9).

539 1058 680 1115 Ante
707 1072 838 1129 ergo
888 1058 1005 1126 ipse
1049 1058 1334 1128 subjicitur
1364 1100 1380 1126 ,
1431 1058 1524 1130 qui
1574 1059 1714 1114 alios
1772 1060 1887 1114 vult
1940 1059 2141 1115 habere

537 1152 833 1221 subjectos.
871 1150 1104 1206 Veniunt
1130 1152 1310 1208 omnia
1346 1151 1472 1205 vitia
1505 1193 1521 1217 ,
1572 1162 1627 1207 et
1672 1152 1881 1222 singula
1909 1152 2136 1208 dicunt:

538 1243 688 1300 Meus
723 1259 806 1299 es.
840 1244 1010 1314 Quem
1061 1244 1192 1300 tanti
1238 1253 1598 1316 competunt,
1656 1261 1814 1317 quam
1852 1245 1959 1302 vile
1991 1261 2142 1301 man-

537 1336 736 1407 cipium
767 1347 850 1391 est
873 1339 885 1392 l

608 1431 700 1485 40.
752 1429 1036 1498 Quomodo
1084 1445 1216 1502 ergo
1265 1441 1320 1488 tu
1376 1432 1469 1504 qui
1521 1433 1828 1502 hujusmodi
1879 1449 1958 1502 es,
1988 1445 2142 1506 potes

539 1519 764 1577 Christo
792 1522 972 1578 dicere
1007 1541 1021 1578 :
1051 1522 1195 1578 Tuus
1222 1541 1334 1579 sum
1360 1525 1385 1578 ?
1413 1525 1786 1596 Respondebit
1845 1527 1942 1583 tibi
2000 1527 2096 1584 ille
2125 1547 2138 1582 :

540 1613 666 1670 Non
688 1616 995 1687 quicumque
1021 1617 1147 1672 dicit
1193 1619 1321 1672 mihi
1347 1635 1366 1674 :
1389 1617 1628 1685 Domine,
1658 1619 1901 1687 Domine,
1932 1622 2146 1676 intrabit

538 1709 593 1763 in
612 1725 826 1779 regnum
865 1709 1114 1765 ctelorum
1143 1711 1359 1782 (Matth.
1395 1729 1488 1779 vn,
1519 1713 1652 1784 ‘21):
1683 1731 1789 1770 non
1821 1717 2144 1786 quicumque

2239 519 2329 572 per
2358 503 2527 572 ipsum
2554 501 2598 576 (l
2619 501 2737 558 Cor.
2762 517 2878 566 vm.
2906 503 2941 558 5
2972 512 3020 556 et
3049 501 3128 572 6).
3161 501 3323 558 Verbi
3349 502 3512 568 igitur
3541 510 3690 559 totus
3719 510 3844 558 erat

2239 595 2512 663 apostolus
2536 594 2767 660 Paulus;
2806 593 2928 649 ideo
2956 594 3206 650 diccbat:
3240 594 3495 662 Quoniam
3519 595 3848 661 experimen-

2241 699 2350 743 tum
2381 691 2608 760 qnteritis
2636 691 2747 760 eius
2768 691 2854 758 qui
2885 691 2936 744 in
2967 707 3045 745 me
3077 689 3303 760 loquitur
3349 689 3581 745 Christus
3611 688 3678 760 (ll
3715 687 3845 743 Cor.

2242 799 2358 850 xm,
2394 783 2470 854 5).
2504 784 2595 840 Ille
2625 799 2758 855 ergo
2787 783 3002 839 dicebat
3039 783 3282 839 :Christi
3328 799 3484 848 sum;
3531 793 3586 839 ct
3616 798 3852 854 respon-

2241 876 2406 932 debat
2448 879 2495 934 ei
2537 880 2793 934 Dominus
2826 897 2840 933 :
2877 881 3027 935 Meus
3069 896 3149 934 es.
3183 879 3284 948 Qui
3333 893 3461 935 vere
3489 879 3622 934 dicit
3651 897 3666 933 :
3701 877 3850 933 Tuus

2242 989 2384 1036 sum,
2413 973 2560 1027 audit
2594 988 2624 1028 a
2666 973 2938 1028 Domino:
2972 972 3126 1028 Meus
3170 986 3250 1027 es.
3310 972 3551 1043 Denique
3605 971 3674 1028 de
3724 973 3854 1043 ipso

2243 1069 2507 1124 Dominus
2558 1069 2624 1124 ad
2653 1071 2942 1134 Ananiam,
2972 1085 3093 1123 cum
3124 1069 3362 1125 mitteret
3389 1085 3512 1126 eum
3553 1069 3620 1124 ad
3644 1085 3852 1126 sanan-

2242 1160 2368 1216 dum
2398 1162 2647 1226 Paulum,
2679 1165 2755 1218 ait
2785 1182 2800 1218 :
2862 1162 3026 1227 Vade,
3058 1165 3300 1233 quoniam
3345 1181 3433 1218 vas
3485 1164 3748 1219 electionis
3768 1173 3853 1220 est

2245 1253 2372 1307 mihi
2401 1253 2540 1326 (Act.
2577 1270 2652 1316 ιιι.
2681 1256 2792 1326 15).
2823 1255 2891 1310 Ει
2920 1255 3044 1325 quia
3073 1257 3438 1326 perseveravit
3460 1255 3662 1312 Christi
3693 1271 3848 1320 esse,

2244 1349 2396 1416 quasi
2430 1348 2652 1418 impleto
2696 1348 3012 1414 certamine,
3045 1362 3301 1404 coronam
3361 1349 3558 1406 meruit
3600 1349 3852 1405 invenire

2241 1438 2481 1509 justitim.

2316 1531 2403 1586 42.
2428 1531 2595 1588 Recte
2619 1547 2751 1603 ergo
2798 1535 3057 1606 propheta
3111 1534 3279 1590 David
3325 1533 3496 1590 dixit:
3527 1532 3672 1589 Tuus
3701 1550 3847 1601 sum,

2245 1628 2333 1696 qtti
2379 1641 2597 1700 semper
2642 1628 2692 1682 in
2729 1627 2955 1683 Domino
2987 1629 3204 1684 mansit.
3235 1628 3300 1682 Et
3321 1643 3425 1698 qua
3457 1626 3668 1682 ratione
3689 1627 3855 1683 dixe-

2247 1720 2318 1774 rit
2344 1739 2355 1772 :
2388 1719 2528 1776 Tuus
2544 1738 2678 1787 sum,
2713 1721 2920 1777 addidit
2948 1742 2958 1776 :
2983 1721 3395 1792 Iusti/icationes
3423 1731 3541 1775 tuas
3569 1720 3847 1790 exquisivi,

542 1799 672 1856 dicit
713 1801 844 1856 mihi
873 1820 888 1860 :
922 1801 1063 1859 Tuus
1089 1821 1222 1871 sum,
1279 1821 1430 1862 meus
1457 1818 1560 1862 est.
1593 1807 1742 1862 Meus
1782 1808 1942 1878 plane
1988 1825 2066 1875 es,
2098 1810 2144 1865 si
2175 1811 2219 1872 Β
2250 1812 2350 1868 hoc
2373 1825 2474 1880 est,
2508 1815 2643 1870 nihil
2667 1815 2896 1871 aliorum
2926 1816 3173 1886 quaesivi,
3206 1814 3301 1869 sed
3357 1813 3410 1868 id
3464 1813 3640 1868 solum
3694 1811 3851 1883 quod

555 1911 744 1954 vocem
777 1914 883 1955 non
906 1901 1196 1973 redargnat
1221 1903 1634 1968 conscientia,si
1663 1920 1972 1962 sermonem
1996 1915 2142 1961 tuum

539 1991 752 2046 animus
779 2004 867 2048 aut
899 2008 1063 2064 opera
1091 2011 1199 2050 non
1232 1995 1486 2053 refutent.
1518 1997 1630 2068 Ego
1660 2014 1767 2053 non
1795 2014 1932 2070 nego
1963 2014 2142 2055 meum

540 2098 664 2140 esse
693 2101 839 2154 eum,
859 2089 949 2158 qui
981 2088 1096 2158 ipse
1121 2103 1181 2145 se
1205 2105 1314 2146 non
1343 2101 1525 2161 neget,
1555 2100 1645 2146 aut
1669 2103 1818 2148 certe
1848 2095 1893 2147 si
1929 2108 2027 2162 pro
2059 2107 2144 2148 me

541 2192 602 2232 se
633 2180 805 2248 ipsum
835 2179 937 2235 sibi
959 2181 1214 2249 abneget.
1237 2182 1377 2238 Nolo
1413 2184 1616 2241 habere
1669 2187 1948 2242 servulum
1980 2188 2144 2256 pluri-

540 2268 643 2325 bus
670 2271 906 2327 dominis
935 2277 1287 2332 servientem.
1313 2275 1445 2332 Nam
1473 2279 1742 2348 quomodo
1784 2294 1937 2334 meus
1958 2289 2064 2349 est,
2097 2280 2143 2335 si

543 2363 675 2418 mihi
699 2364 842 2420 dicat
872 2368 1036 2424 verba
1069 2385 1083 2422 :
1121 2368 1262 2425 Tuus
1319 2387 1452 2437 sum,
1483 2379 1537 2426 et
1580 2372 1837 2442 operibus
1885 2383 2066 2445 neget,
2091 2383 2147 2429 et

543 2453 699 2511 factis
729 2473 788 2512 se
836 2459 1056 2515 diabolo
1111 2460 1386 2530 adjudicot
1426 2473 1482 2519 et
1532 2463 1878 2536 obstringat?
1917 2465 2034 2520 Non
2061 2476 2145 2522 est

544 2563 700 2604 meus
728 2565 889 2620 quem
914 2552 1081 2609 libido
1108 2555 1390 2610 succendit
1416 2572 1430 2621 ;
1465 2558 1588 2627 quia
1633 2573 1751 2612 mea
1773 2567 1857 2613 est
1901 2560 2142 2615 castitas.

541 2638 656 2695 Non
681 2656 757 2697 εει
791 2659 943 2698 meus
970 2660 1130 2716 quem
1157 2662 1285 2701 cura
1341 2647 1610 2717 Spoliandi
1644 2650 1884 2704 minores
1933 2652 2142 2723 1127

542 2735 811 2805 exagitat;
860 2746 885 2773 ⁸
918 2739 1042 2808 quia
1095 2755 1211 2794 mea
1261 2741 1541 2811 integritas
1589 2753 1694 2798 est.
1739 2743 1856 2798 Non
1884 2757 2146 2801 esunens

543 2842 702 2897 quem
734 2827 812 2882 ira
841 2828 1060 2884 mobilis
1109 2831 1365 2902 inquietat
1402 2849 1416 2897 ;
1447 2833 1569 2903 quia
1621 2849 1739 2889 mea
1783 2837 2144 2906 tranquillitas

545 2930 650 2973 est.
682 2919 798 2975 Non
827 2932 913 2978 est
936 2939 1089 2979 meus
1120 2925 1228 2980 vini
1254 2928 1474 2997 crapula
1505 2929 1831 2984 temulentus
1859 2929 1909 2983 in
1944 2929 2141 2996 lucem,

545 3011 838 3068 ambitione
858 3014 1049 3084 gloria:
1068 3019 1345 3072 szccularis
1375 3018 1578 3082 ebrius.
1620 3020 1711 3090 qui
1766 3021 1816 3074 in
1849 3021 2142 3090 periculum

547 3117 654 3156 non
683 3103 853 3173 possit
908 3107 1104 3161 sobrim
1163 3108 1553 3166 moderationis
1583 3125 1802 3166 servare
1833 3115 2138 3184 vestigium.

2249 1913 2394 1960 tuum
2413 1915 2498 1960 est
2513 1906 2838 1962 desideravi.
2861 1907 2964 1964 Alii
2987 1918 3233 1980 quarunt
3249 1905 3465 1961 monilia
3483 1905 3852 1977 pretiosa,ego

2247 1997 2392 2054 solas
2408 1999 2827 2068 justilicationes
2847 2010 2964 2056 tuas
2986 2001 3136 2072 quasi
3158 1999 3404 2069 quaedam
3427 2011 3567 2054 serta
3583 1997 3848 2068 justitias:

2247 2091 2336 2144 alii
2368 2092 2587 2146 domum
2621 2093 2686 2147 ad
2737 2093 2990 2158 domum,
3023 2094 3203 2149 villam
3250 2093 3316 2148 ad
3352 2093 3534 2148 villam
3571 2092 3803 2164 jungunt
3827 2135 3846 2157 ,

2246 2183 2398 2255 quasi
2439 2186 2540 2240 soli
2594 2185 2842 2242 habitare
2889 2188 3096 2258 possint
3144 2189 3194 2242 in
3251 2196 3396 2242 terra
3438 2186 3569 2252 hac,
3633 2195 3692 2241 et
3731 2186 3854 2245 ele—

2249 2287 2488 2332 mentum
2530 2278 2718 2333 volunt
2758 2294 3028 2348 occupare
3056 2294 3367 2346 commune,
3396 2279 3488 2334 alii
3538 2278 3851 2349 possessio-

2249 2383 2371 2423 nem
2404 2369 2546 2422 aeris
2569 2369 2737 2437 ipsius
2769 2370 3046 2426 vindicare
3077 2388 3088 2423 :
3114 2371 3245 2425 mihi
3276 2372 3328 2424 in
3371 2370 3474 2425 tuis
3497 2369 3854 2439 justilicatio-

2247 2459 2406 2514 nibus
2435 2475 2596 2516 omne
2628 2463 3014 2532 patrimonium
3043 2471 3146 2516 est.
3203 2461 3399 2518 Nescio
3425 2461 3702 2532 possidere
3744 2460 3848 2515 nisi

2247 2551 2389 2622 quod
2420 2553 2649 2622 tuijuris
2679 2564 2782 2609 est.
2801 2553 2856 2608 In
2892 2554 2998 2608 tuis
3025 2555 3252 2625 eloquiis
3276 2553 3540 2625 spiritalis
3559 2553 3689 2609 mihi
3713 2567 3850 2609 cura

2249 2645 2457 2701 refulsit
2486 2647 2718 2717 argenti.
2745 2647 2875 2702 Mihi
2907 2649 3084 2719 portio
3115 2649 3258 2704 Deus
3282 2659 3385 2704 est.
3419 2646 3564 2702 Tuus
3591 2664 3707 2702 sum
3725 2665 3850 2720 ego;

2247 2737 2368 2807 quia
2393 2753 2523 2807 pars
2555 2739 2688 2794 mihi
2718 2740 3050 2796 luereditatis
3081 2756 3187 2796 non
3220 2741 3273 2796 in
3321 2755 3480 2808 auro,
3528 2755 3634 2796 non
3665 2743 3718 2796 in
3757 2757 3849 2796 ar-

2246 2841 2408 2901 gemo
2431 2841 2536 2900 est,
2565 2831 2658 2888 sed
2693 2834 2745 2888 in
2772 2831 2992 2890 Christo
3021 2833 3174 2890 Jesu.

2319 2924 2408 2980 45.
2445 2926 2626 2999 (νιτε.
2652 2929 2766 3000 95.)
2797 2928 3053 3000 Sequitur
3076 2944 3265 2986 versus
3310 2930 3612 3000 septimus:
3642 2929 3730 2984 Me
3752 2946 3848 2986 ex-

2247 3029 2603 3090 spectaverunt
2651 3035 2963 3092 peccatores,
2995 3033 3050 3078 ut
3095 3023 3366 3094 perderent
3394 3039 3474 3077 me
3501 3038 3521 3077 .'
3549 3023 3849 3079 testimonia

2248 3123 2336 3166 tua
2362 3113 2611 3169 intellexi.
2643 3115 2828 3170 Potest
2873 3132 2976 3170 vox
3009 3117 3106 3171 ista
3140 3117 3437 3172 convenire
3484 3117 3760 3189 martyrio,
3790 3117 3846 3173 in

513 3254 524 3262 _
545 3194 652 3249 Pax
676 3211 794 3251 sum
823 3213 944 3269 ego,
970 3199 1184 3271 litigare
1210 3219 1316 3258 non
1346 3204 1490 3258 novi.
1520 3203 1657 3270 Quid
1685 3205 1814 3260 mihi
1837 3206 1902 3260 ad
1926 3223 2050 3261 eum
2071 3207 2138 3263 de
2163 3205 2208 3270 C
2240 3221 2348 3276 quo
2373 3209 2576 3277 positus
2598 3221 2817 3264 sanctus
2834 3209 2944 3281 jam
2961 3209 3028 3266 de
3048 3210 3252 3277 judicio
3271 3210 3635 3281 persecutoris
3657 3227 3850 3280 egres-

544 3303 652 3358 quo
677 3291 855 3345 veniat
903 3292 1173 3358 diabolus,
1206 3308 1259 3351 et
1289 3296 1467 3353 dicat;
1501 3299 1650 3353 Meus
1691 3311 1811 3364 est;
1857 3316 1979 3355 nam
2013 3302 2145 3358 mihi

541 3395 639 3436 sua
664 3382 802 3437 colla
825 3386 1094 3451 curvavit,
1124 3403 1239 3443 mea
1273 3389 1324 3442 in
1359 3389 1451 3445 illo
1484 3391 1638 3460 plura
1665 3393 1914 3462 reperio:
1947 3409 2142 3449 nomen

541 3475 642 3530 sibi
667 3488 815 3532 tuum
843 3479 1102 3545 vindicat,
1134 3492 1190 3537 et
1225 3499 1402 3538 meum
1436 3485 1675 3540 munus?

617 3570 709 3624 41.
762 3571 880 3626 Non
929 3581 1014 3628 est
1059 3590 1188 3645 ergo
1235 3573 1462 3643 Christi,
1504 3577 1608 3634 nisi
1636 3580 1728 3651 qui
1771 3591 1854 3636 est
1881 3582 2085 3637 alienus
2113 3599 2142 3639 a

544 3662 772 3718 crimine
803 3682 816 3716 :
849 3681 954 3720 non
984 3665 1314 3731 esthristi,
1349 3671 1452 3725 nisi
1499 3673 1589 3742 qui
1628 3683 1806 3744 potest
1847 3691 2064 3745 semper
2085 3693 2144 3733 se

545 3751 746 3808 Christi
781 3759 1054 3812 servulum
1083 3759 1481 3819 demonstrare.
1533 3764 1667 3820 Nam
1700 3768 1745 3822 si
1799 3769 1919 3836 quis
1970 3780 2142 3824 muta-

547 3842 670 3899 bilis
686 3857 790 3912 est,
812 3845 841 3888 δ
862 3858 918 3903 ιιι
939 3867 1039 3921 ego
1055 3864 1146 3907 attt
1165 3870 1401 3912 maerore
1416 3866 1616 3925 mutor,
1642 3869 1732 3914 aut
1747 3862 2140 3931 indignatione,

547 3940 696 3994 venit
725 3941 824 4004 ira.
855 3954 910 3998 et
937 3945 1069 4002 dicit
1094 3949 1272 4005 :Meus
1301 3962 1384 4006 est
1415 3971 1428 4007 :
1453 3962 1577 4009 ante
1601 3954 1790 4013 horam
1823 3974 1974 4013 meus
2000 3971 2138 4027 erat,

545 4047 710 4099 spero
739 4035 884 4104 quod
919 4037 1115 4095 iterum
1145 4058 1298 4097 meus
1330 4045 1608 4102 liat.Venit
1631 4050 1868 4118 tristitia,
1891 4061 1945 4107 et
1969 4053 2096 4108 dicit
2127 4073 2138 4107 :

543 4121 696 4178 Meus
717 4138 801 4181 est
837 4145 850 4181 :
883 4141 1009 4186 ante
1058 4132 1243 4189 horam
1297 4136 1351 4191 in
1380 4153 1497 4194 mea
1548 4144 1892 4209 possessione
1937 4146 2053 4212 luit,
2084 4146 2139 4202 in

539 4232 662 4274 meo
680 4219 836 4291 jure:
862 4226 1074 4295 erigere
1097 4229 1336 4285 animum
1368 4248 1477 4302 prro
1505 4249 1738 4291 maerore
1759 4254 1863 4293 non
1900 4249 2135 4307 poterat,

540 4326 642 4368 nec
669 4316 856 4372 oculos
889 4317 1108 4376 levare:
1142 4332 1196 4376 et
1225 4324 1269 4377 si
1325 4325 1484 4380 triste
1530 4327 1732 4395 aliquid
1757 4331 2041 4398 acciderit,
2071 4334 2139 4389 ad

539 4423 627 4462 me
659 4410 804 4467 illico
832 4425 1156 4472 revertetur.
1191 4417 1322 4486 Quis
1343 4433 1474 4488 ergo
1502 4431 1587 4476 est
1644 4423 1757 4490 Dei,
1790 4425 1891 4479 nisi
1925 4427 2014 4495 qui
2046 4443 2141 4496 po-

540 4506 645 4555 test
673 4501 855 4560 dicere
882 4522 894 4558 :
921 4506 1073 4562 Nihil
1125 4511 1252 4564 mihi
1305 4514 1540 4568 conscius
1577 4531 1690 4569 sum
1714 4514 1758 4586 (I
1782 4515 1902 4572 Cor.
1928 4534 2003 4586 tv,
2032 4517 2088 4590 4)
2116 4519 2140 4573 7

2246 3313 2339 3354 sus
2361 3301 2507 3356 dicat
2538 3320 2550 3356 :
2586 3300 2673 3356 Me
2703 3313 3123 3372 exspectaverunt
3150 3313 3462 3376 peccatores,
3497 3314 3552 3358 ut
3575 3305 3849 3372 perderent

2245 3406 2347 3454 me,
2384 3393 2597 3465 1128
2623 3391 2724 3447 hoc
2749 3403 2854 3459 est,
2889 3391 3256 3450 adhibuerunt
3293 3395 3475 3448 omnia
3501 3409 3701 3466 genera
3729 3409 3848 3466 pae—

2247 3499 2462 3549 narum,
2491 3501 2683 3541 omnes
2707 3496 2852 3542 artes
2877 3487 3286 3556 persuasionum
3311 3505 3323 3540 :
3352 3487 3444 3541 sed
3463 3487 3532 3542 de
3563 3486 3850 3557 propo-ito

2244 3575 2512 3632 abducere
2542 3581 2919 3646 nequiverunt.
2954 3579 3094 3633 Vicit
3148 3579 3282 3635 fides
3320 3581 3445 3635 vitre
3472 3580 3630 3650 hujus
3661 3579 3850 3636 illece-

2245 3665 2417 3732 bram,
2449 3671 2802 3741 corporisque
2837 3673 3160 3727 crueiatum.
3193 3672 3667 3743 Exspectaverunt
3718 3687 3849 3743 pec-

2243 3773 2474 3829 calores,
2510 3773 2566 3819 ut
2585 3764 2653 3819 de
2685 3781 2770 3822 me
2801 3766 3132 3838 triumphum
3175 3766 3442 3823 referrent
3473 3785 3487 3821 :
3515 3766 3609 3823 sed
3641 3767 3850 3836 gratias

2242 3853 2479 3920 Christo,
2500 3858 2586 3925 qui
2609 3857 2738 3911 mihi
2763 3858 2912 3912 dedit
2932 3859 3000 3913 de
3023 3861 3463 3930 persecutoribus
3486 3858 3843 3929 triumphare.

2246 3949 2438 4004 Redite
2469 3949 2616 4015 victi,
2649 3951 2739 4020 qui
2763 3952 3070 4020 sperabatis
3098 3968 3197 4008 vos
3214 3968 3335 4009 esse
3358 3955 3592 4008 victores
3627 3970 3638 4005 :
3666 3952 3848 4009 redite

2243 4039 2460 4111 dejeCIi,
2486 4042 2574 4112 qui
2608 4043 2880 4098 veneratis
2906 4043 3144 4112 superbi.
3179 4042 3392 4108 Ubiest,
3425 4061 3583 4107 mors,
3629 4044 3847 4099 victoria

2243 4145 2330 4188 tua
2354 4134 2380 4190 ?
2411 4133 2510 4190 Ubi
2530 4144 2628 4202 est,
2655 4153 2813 4204 mors,
2843 4137 3056 4192 aculeus
3097 4147 3210 4191 tuus
3235 4136 3277 4210 (l
3309 4136 3431 4192 Cor.
3456 4154 3546 4203 xv,
3573 4137 3662 4210 55)
3683 4138 3705 4193 Υ
3725 4137 3848 4194 Non

2243 4237 2332 4283 tua
2357 4229 2490 4298 jam,
2521 4229 2616 4284 sed
2646 4239 2828 4284 nostra
2860 4239 2881 4266 ε
2913 4229 3076 4300 coepit
3101 4245 3222 4285 esse
3251 4231 3517 4295 victoria;
3559 4232 3682 4302 quia
3713 4231 3766 4286 in
3791 4241 3847 4287 te

2243 4319 2531 4383 vincimus,
2567 4321 2618 4374 in
2643 4335 2749 4391 qna
2773 4329 2933 4376 antea
2967 4321 3343 4377 vincebantur.
3370 4320 3520 4378 Bene
3549 4337 3681 4394 ergo
3709 4321 3846 4378 dicit

2243 4425 2449 4487 martyr
2478 4434 2490 4469 :
2517 4415 2604 4470 Me
2632 4423 3052 4487 exspectaverunt
3087 4425 3379 4485 peccatores
3404 4457 3419 4483 ,
3469 4426 3527 4471 ut
3579 4415 3849 4488 perderent

2242 4526 2342 4564 me.
2387 4509 2516 4564 Post
2544 4520 2899 4574 momentum,
2926 4511 3092 4565 immo
3123 4511 3175 4566 in
3204 4524 3434 4580 corpore
3461 4509 3637 4565 adhuc
3665 4511 3802 4565 situs
3822 4553 3838 4577 ,

537 4591 668 4649 Ideo
694 4595 908 4654 dicebat
933 4600 1131 4657 Paulus
1154 4605 1431 4674 apostolus
1452 4605 1578 4662 lesu
1600 4583 1827 4676 Christi,
1851 4611 1971 4680 quia
1990 4583 2132 4667 nulli
2162 4605 2213 4664 D
2243 4583 2385 4661 Vidi?!
2444 4603 2855 4660 άθάιιοθηιῖυῐη·
2889 4604 3086 4661 ChOI‘OS
3145 4646 3162 4673 ο
3233 4606 3546 4676 angelorum
3626 4603 3840 4676 εηυιίίτιο

539 4687 628 4740 alii
660 4687 928 4746 obnoxius
987 4695 1291 4752 tenebatur.
1324 4698 1436 4769 Ego
1485 4713 1669 4757 autem
1702 4718 1843 4758 nunc
1887 4703 1977 4759 Dei
2028 4705 2134 4758 mei

539 4797 682 4846 sum,
735 4801 878 4840 nunc
922 4789 1155 4844 tristitia:
1187 4831 1200 4855 ,
1233 4807 1374 4846 nunc
1431 4793 1745 4860 iracundiaz,
1796 4811 1940 4851 nunc
1984 4796 2135 4852 verbi

537 4877 699 4934 otiosi
725 4896 738 4942 ;
770 4889 825 4935 et
855 4880 978 4937 ideo
1009 4883 1097 4954 qui
1129 4884 1307 4952 plures
1335 4885 1584 4940 dominos
1607 4886 1792 4953 habet,
1824 4904 1929 4943 non
1958 4899 2139 4960 potest

539 4971 630 5026 uni
659 4971 879 5028 dicere:
921 4975 1144 5031 Domine
1194 4976 1352 5042 Jesu,
1385 4987 1504 5034 tuus
1546 4996 1680 5034 sum.
1719 4980 1874 5036 Unde
1903 4982 2137 5037 arbitror

539 5065 700 5119 etiam
728 5065 796 5119 de
838 5065 1145 5136 Itnjusmodi
1173 5071 1409 5126 dominis
1458 5072 1664 5129 dixisse
1693 5073 1918 5128 Paulum
1952 5091 1965 5128 :
1996 5073 2135 5129 Nam

540 5159 635 5211 etsi
661 5168 777 5211 sunt
808 5161 894 5228 qui
926 5159 1166 5216 dicantur
1188 5165 1262 5218 dii
1293 5168 1396 5221 sive
1424 5167 1478 5220 in
1501 5167 1647 5234 caelo,
1670 5169 1773 5221 sine
1798 5169 1852 5221 in
1875 5177 2130 5224 terra.....

539 5249 690 5302 nobis
707 5257 876 5306 tamen
898 5269 1030 5309 unus
1053 5254 1192 5310 Deus
1219 5255 1402 5328 Pater,
1431 5274 1497 5313 ea:
1519 5275 1618 5330 quo
1646 5261 1842 5328 omnia,
1875 5269 1924 5316 et
1954 5277 2048 5315 nos
2078 5262 2133 5315 in

617 5468 643 5497 α
671 5457 745 5514 Ita
777 5465 955 5517 cuncti
983 5477 1116 5520 mss.
1151 5463 1296 5521 Edit.
1329 5480 1480 5540 vero,
1508 5469 1630 5540 quia
1657 5484 1768 5523 mea
1810 5467 2017 5540 largitio
2037 5477 2133 5540 est.

547 5533 668 5588 Non
699 5542 771 5607 est
801 5550 942 5607 meus
961 5552 1108 5605 quem
1127 5553 1258 5592 aura
1286 5533 1587 5592 mobilitatis
1613 5533 1928 5607 inquietat“:
1962 5539 2140 5594 illuvie

544 5605 837 5680 ambitionis
851 5607 1107 5676 impurus,
1131 5609 1310 5680 gloria:
1340 5610 1602 5664 stecularis
1621 5605 1864 5675 cupidus,
1888 5610 2057 5665 ebrius
2087 5612 2139 5663 in

544 5677 860 5754 periculum,
883 5680 968 5747 qui
996 5696 1099 5733 non
1133 5677 1329 5749 'potest.
1359 5691 1473 5754 etc.
1488 5683 1658 5754 rSolns
1680 5680 1816 5754 Reg.
1844 5682 1993 5750 cod.,
2016 5683 2139 5753 quia

544 5761 656 5822 mea
678 5749 893 5822 largitio
927 5761 1023 5820 est,
1053 5761 1252 5807 caetera
1275 5767 1397 5820 eum,
1431 5753 1551 5808 aliis
1579 5749 1853 5810 convenit.

616 5820 640 5856 δ
673 5819 815 5876 Etlit.
851 5819 1064 5888 omnes,
1116 5835 1170 5876 ut
1199 5838 1292 5894 eqo
1323 5824 1408 5893 qui
1455 5836 1542 5878 aut
1587 5839 1865 5880 num-ore...
1924 5841 2025 5881 non
2068 5835 2137 5878 est

2238 4699 2338 4768 Qui
2371 4700 2514 4756 enim
2553 4714 2716 4770 super
2744 4699 2906 4754 unius
2931 4701 3231 4771 peccatoris
3259 4701 3618 4756 conversione
3649 4699 3844 4754 laetan-

2238 4803 2344 4858 tnr,
2378 4802 2579 4863 quanto
2623 4792 2792 4862 magis
2826 4792 2876 4847 in
2908 4794 3163 4862 passione
3203 4793 3510 4864 justoruml
3547 4790 3704 4847 Videt
3731 4789 3847 4859 glo-

2238 4889 2372 4944 riam
2403 4899 2456 4942 ει
2480 4887 2555 4942 ait
2587 4906 2600 4941 :
2635 4887 2718 4942 Me
2763 4896 3217 4958 exspectaverunt
3239 4885 3395 4956 justi,
3426 4893 3485 4940 ut
3511 4883 3848 4940 deducerent

2243 4996 2351 5035 me.
2377 4978 2542 5034 Videt
2569 4979 2854 5034 Dominum
2900 4977 3108 5044 .lesum,
3137 4987 3193 5033 et
3227 4979 3303 5034 ait
3333 4995 3345 5030 :
3384 4978 3473 5035 Me
3501 4975 3848 5048 exspectavit

2241 5061 2522 5139 Christus,
2548 5083 2603 5128 ut
2628 5081 2921 5129 coronaret
2949 5087 3059 5126 me.

2312 5167 2404 5224 44.
2432 5169 2603 5224 Aliter
2639 5171 2729 5239 qui
2758 5168 2872 5222 vult
2905 5168 3250 5238 intelligere:
3277 5166 3452 5234 Multi,
3487 5167 3686 5238 inquit,
3717 5179 3845 5236 pec-

2239 5271 2358 5317 cata
2414 5260 2773 5333 persuadere,
2824 5259 2849 5296 ιι
2879 5272 3041 5330 atque
3104 5270 3430 5330 extorquere
3477 5259 3660 5314 conati
3713 5266 3845 5314 sunt

2244 5464 2458 5521 Christi.
2493 5465 2667 5530 Venit,
2697 5474 2803 5520 etc.
2832 5462 2967 5520 Cod.
3020 5479 3182 5519 manu
3231 5464 3458 5529 exarati,
3513 5470 3574 5519 ut
3630 5462 3684 5517 in
3710 5476 3837 5517 cor-

2247 5553 2495 5664 poi‘lilss.
2527 5617 2671 5674 octo,
2695 5608 2830 5678 quod
2855 5608 3054 5676 coepisti
3098 5623 3205 5661 esse
3232 5607 3463 5662 victoria.
3521 5605 3690 5671 Unus,
3715 5605 3842 5675 quia

2247 5681 2441 5752 coepisti
2482 5697 2610 5744 esse,
2641 5689 2713 5733 est
2742 5681 2978 5752 uictoria.
3007 5679 3071 5734 Et
3124 5687 3248 5752 post
3290 5686 3400 5733 tres
3447 5692 3610 5733 voces
3641 5691 3760 5749 pro,
3788 5678 3844 5731 in

2247 5750 2347 5828 qua
2370 5761 2547 5828 antea,
2583 5766 2717 5806 mss.
2745 5750 2853 5807 duo
2885 5754 3098 5822 legunt,
3125 5750 3214 5819 qui
3242 5759 3413 5828 antea.
3437 5760 3546 5828 etc.
3589 5827 3595 5828 γ
3702 5814 3707 5819 ,
3812 5784 3816 5790 .

2320 5822 2342 5856 δ
2374 5824 2511 5878 Ιῆιιίι.
2543 5838 2764 5890 omnes,
2795 5821 2955 5892 atque
2993 5837 3054 5876 ea:
3097 5830 3295 5892 pectore
3325 5821 3492 5894 fidem.
3518 5825 3835 5891 extorquere:
