3982 6486
9 383 185 439 1577

1161 376 1225 433 IN
1269 370 1598 434 PS.\L:\IUH
1639 374 1845 432 CXVlll
1889 371 2276 433 EXPOSITIO.

3233 378 3373 440 1578

13 491 182 546 mihi
217 509 234 554 ;
282 489 428 544 alios
470 486 817 549 adulterium,
863 485 1003 541 alius
1034 485 1272 542 hominis
1296 501 1509 552 necem,
1534 488 1673 542 alios
1700 489 1748 548 Α
1778 496 2207 542 consummatum
2255 488 2436 543 saeculi
2469 487 2714 544 aboleret
2754 503 2991 546 errorem
3025 507 3037 543 :
3074 491 3206 547 vidit
3251 510 3379 548 san-

13 599 168 652 om'n
189 585 484 638 cssioncm
512 579 687 635 vidua:
715 579 801 634 vel
832 579 1042 648 pupilli,
1073 580 1209 634 alius
1236 579 1440 639 'aliud;
1473 587 1528 635 et
1576 595 1672 648 pu-

17 675 247 730 labant
284 689 377 730 me
404 663 516 728 suis
553 671 761 728 retibus
791 685 916 727 esse
949 670 1292 742 capiendum.
1323 671 1672 737 Exspectaveo

17 777 165 822 runt
201 784 320 834 me,
345 777 401 822 ut
417 765 681 836 perderent
699 765 1289 836 contagione'peccati;
1315 765 1409 822 sed
1432 780 1535 837 ego
1563 781 1671 821 non

16 860 347 917 illecebris
387 868 730 930 peccatormn
776 866 1014 914 mentem
1068 873 1096 912 a
1129 857 1306 913 studio
1344 857 1542 913 divinae
1574 872 1670 914 co-

16 954 324 1025 gnitionis
379 955 571 1019 averti,
602 967 704 1008 nec
745 952 1102 1009 intentionem
1137 967 1330 1018 meam,
1361 951 1611 1016 Domine,
1638 966 1669 1007 a

20 1047 448 1104 mandatorum
505 1056 714 1102 tuorum
759 1046 902 1101 serie
942 1045 1212 1102 declinavi
1247 1061 1259 1098 :
1315 1044 1409 1099 sed
1440 1043 1674 1098 intellexi

23 1140 362 1195 testimonia
393 1149 504 1193 tua.
545 1138 603 1194 Si
657 1139 805 1194 enim
832 1153 938 1192 non
986 1137 1394 1204 intellexissem,
1423 1143 1673 1206 peccato-

25 1251 124 1289 res
155 1249 259 1290 me
295 1233 489 1304 utique
520 1233 594 1287 illi
628 1231 1013 1302 perdidissent.
1041 1230 1173 1299 Qua:
1217 1229 1458 1285 intellexi
1486 1229 1674 1300 utique

28 1328 436 1394 s:.-usu,etiam
449 1327 705 1395 operibus
733 1334 948 1383 secutus
975 1341 1092 1381 sum
1111 1324 1470 1397 :nequeenim
1498 1323 1675 1381 nudus

31 1420 376 1476 intellectus
425 1430 532 1486 est,
562 1419 656 1476 sed
686 1434 841 1490 quem
867 1420 1028 1475 etiam
1067 1419 1207 1474 facta
1249 1426 1536 1473 testantur.
1562 1418 1670 1474 De-

34 1514 224 1582 nique
256 1512 460 1568 Beatus
499 1512 586 1585 qui
614 1512 854 1586 intelligit
884 1528 1037 1582 super
1059 1528 1273 1583 egenum
1299 1521 1346 1566 et
1367 1526 1666 1583 pauperem.

40 1605 173 1667 (Pe.
204 1621 304 1672 XL,
341 1605 415 1677 1).
445 1605 536 1660 llle
566 1605 748 1674 utique
773 1603 1023 1674 intelligit
1049 1619 1213 1674 super
1241 1601 1670 1674 pauperem,qui

42 1697 296 1768 largitur
332 1698 571 1768 pauperi.
601 1696 731 1752 Nam
758 1697 884 1767 quid
914 1697 1143 1768 prodest
1186 1696 1430 1752 misereri
1461 1694 1661 1768 inopis,

43 1792 156 1846 nisi
181 1790 510 1845 alimoniam
533 1789 708 1844 eidem
739 1789 1027 1859 largiaris?

1777 580 1937 646 guiue
1967 582 2085 648 ejus
2128 581 2338 636 diversa
2389 582 2627 636 omnium
2664 591 2878 652 peccata
2931 585 3198 639 mundari.
3235 584 3381 640 Bene

1776 687 1906 741 ergo
1949 671 2082 725 dixit
2118 689 2129 724 :
2183 671 2360 726 Omnis
2405 675 2858 730 consummationis
2904 677 3010 730 vidi
3057 677 3246 746 ﬁnem;
3279 677 3382 732 hoc

1778 775 1880 831 est,
1911 764 2018 819 vidi
2048 768 2407 822 consummati
2429 768 2677 825 adulterii
2706 770 3076 838 remissorem,
3110 771 3219 827 vidi
3246 787 3381 826 con-

1775 867 2058 912 summatae
2091 858 2317 914 luxuria:
2347 868 2509 930 atque
2548 861 2802 927 lasciviae,
2835 872 3224 919 consummatae
3253 878 3380 918 cru-

1775 951 2011 1007 delitatis
2051 960 2212 1020 atque
2243 951 2495 1020 saevitiae,
2526 955 2702 1010 omnis
2744 964 3018 1026 postremo
3044 955 3232 1028 ﬂagitii
3279 971 3376 1028 per

1775 1061 1991 1102 crucem
2020 1060 2171 1100 suam
2201 1045 2396 1102 delicta
2427 1047 2740 1104 donantem.

1845 1136 1936 1193 48.
1979 1137 2076 1192 Est
2113 1139 2277 1194 etiam
2325 1151 2696 1194 consummata
2746 1141 2951 1210 virtus,
3002 1152 3378 1200 consummata

1775 1231 2061 1301 sapientia,
2091 1241 2461 1286 consummata
2489 1233 2720 1302 justitia,
2754 1234 2847 1289 sed
2879 1235 3040 1292 habet
3074 1235 3254 1292 linem.
3287 1236 3380 1292 Fi-

1777 1322 1861 1377 nis
1889 1322 2129 1377 omniutu
2161 1323 2414 1378 virtutum
2456 1322 2726 1391 Christus,
2761 1329 2850 1396 qui
2879 1327 2997 1396 ﬁnis
3026 1338 3102 1382 est
3126 1328 3280 1400 Legis
3305 1327 3376 1383 ad

1775 1414 2029 1482 iustitiam
2073 1417 2212 1470 omni
2242 1416 2467 1471 credenti
2498 1416 2766 1488 (Rm,
2794 1417 2875 1489 4).
2912 1418 3070 1475 Vides
3101 1423 3225 1490 quia
3253 1421 3378 1476 ﬁnis

1775 1517 1858 1563 est
1887 1507 2011 1564 ﬁdei
2035 1508 2058 1562 ?
2083 1509 2230 1564 Bene
2265 1524 2395 1581 ergo
2421 1510 2534 1567 ait:
2569 1510 2749 1566 Omnis
2789 1515 3243 1568 consummationis
3269 1514 3376 1569 vidi

1775 1602 1813 1670 li
1819 1618 1950 1656 nem.

1846 1696 1934 1751 49.
1978 1696 2130 1754 Nunc
2169 1699 2292 1772 quia
2321 1700 2804 1756 consummationis
2832 1700 2994 1756 linem
3023 1701 3339 1772 agnovimus
3358 1742 3372 1766 .

1778 1806 2133 1860 agnoscamus
2161 1793 2287 1864 quid
2318 1795 2390 1848 sit
2427 1812 2441 1849 :
2486 1793 2675 1848 Latum
2714 1793 3010 1848 mandatum
3042 1803 3185 1848 tuum
3227 1793 3379 1849 valde

124 1885 218 1941 45.
253 1884 442 1952 (Vers.
473 1883 588 1953 96.)
618 1882 874 1953 Sequitur
924 1898 1112 1937 versus
1157 1890 1379 1937 octavus
1417 1896 1432 1933 :
1487 1881 1667 1936 Omnis
1698 1887 1746 1948 B
1773 1881 1987 1956 (Matth.
2018 1903 2110 1950 vn,
2142 1888 2250 1958 Η).
2286 1889 2536 1959 Legimus
2563 1889 2702 1959 quod
2741 1902 2968 1959 angusta
2998 1890 3068 1944 sit
3095 1899 3244 1958 porta
3278 1903 3377 1959 per

45 1979 522 2032 consummationis
575 1977 680 2031 ridi
731 1977 887 2047 ﬁnem
927 1995 946 2044 ,'
988 1977 1304 2048 ampliﬁcata
1366 1977 1670 2031 mandatum

49 2084 202 2127 tuum
227 2073 404 2128 valde.
436 2072 552 2128 Non
575 2087 862 2142 possumus
883 2071 935 2126 in
955 2071 1206 2127 omnibus
1227 2072 1333 2127 vim
1357 2071 1533 2128 Graeci
1551 2087 1669 2128 ser-

51 2169 238 2224 tuonis
273 2167 617 2237 exprimere;
651 2165 825 2236 major
853 2165 906 2220 in
935 2165 1127 2221 Grazco
1157 2165 1475 2234 plerumque
1504 2165 1586 2220 vis
1617 2175 1673 2220 et

51 2275 258 2332 pompa
288 2258 562 2315 sermonis
584 2269 687 2313 ρει.
719 2258 870 2319 Τέλος
911 2255 1109 2311 dicitur
1150 2255 1370 2321 Graece,
1399 2255 1545 2327 quod
1573 2270 1673 2312 nos

54 2353 254 2409 Latine
286 2361 346 2408 et
392 2353 552 2407 linem
583 2351 813 2405 dicimus
861 2359 916 2405 et
941 2350 1502 2416 consummationem;
1533 2351 1673 2412 τέλος

57 2457 243 2501 autem
277 2455 334 2500 et
361 2443 850 2500 consummationis
875 2443 1043 2513 ipsius
1080 2441 1201 2496 linis
1241 2454 1345 2510 est,
1377 2443 1519 2498 sicut
1549 2441 1673 2498 linis

59 2539 222 2610 chis
247 2548 334 2594 est
359 2537 606 2594 Christus
653 2538 720 2592 ad
745 2537 1011 2607 justitiam
1041 2537 1185 2592 omni
1214 2537 1457 2593 credenti
1489 2537 1669 2609 (Rom.

63 2651 119 2700 χ,
157 2633 254 2705 tv).
301 2631 480 2688 Habes
500 2631 799 2700 scriptum:
839 2629 972 2684 Ecce
995 2647 1086 2700 ego
1108 2630 1368 2684 vobiscum
1397 2646 1510 2682 sum

66 2742 231 2794 usque
273 2726 344 2779 ad
387 2724 870 2779 consummationem
891 2722 1066 2776 seaculi
1093 2721 1308 2791 (Matth.
1342 2736 1530 2783 xxvut,
1554 2720 1673 2790 20).

69 2817 482 2872 COnsummatio
509 2830 643 2886 ergo
671 2815 853 2870 szeculi
912 2815 1035 2868 linis
1085 2813 1270 2868 szeculi
1297 2822 1410 2878 est;
1435 2815 1557 2866 linis
1583 2827 1677 2867 au-

83 2920 190 2964 tem
259 2910 502 2963 omnium
551 2904 821 2960 Christus.
912 2904 1422 2960 Consummationes
1493 2913 1676 2958 autem

89 3002 291 3056 mulae.
327 3001 422 3055 Est
440 2999 860 3066 consummatio,
889 2997 1109 3068 quando
1153 2995 1482 3051 resurrectio
1509 2993 1678 3050 estad

74 3094 324 3148 salutem.
359 3091 808 3148 Consummatum
857 3105 1076 3162 quoque
1125 3104 1266 3159 opus
1317 3087 1517 3143 dicitur
1556 3103 1679 3158 per-

79 3185 274 3242 lectum
319 3200 478 3256 opus.
530 3184 913 3239 Consummata
967 3181 1170 3238 malitia
1218 3181 1438 3245 dicitur,
1467 3179 1523 3234 id
1567 3188 1673 3245 est,

1773 1995 1935 2050 quam
1966 1980 2356 2050 ingrediantur,
2384 1984 2476 2054 qui
2504 1992 2724 2038 aeternae
2757 1984 2879 2038 vita:
2908 1982 3139 2038 fructum
3171 1982 3376 2052 adipis-

1774 2070 1990 2129 cunt'ur.
2021 2073 2159 2129 Rara
2183 2079 2328 2131 enim
2353 2078 2520 2132 virtus
2541 2087 2596 2132 et
2624 2075 2860 2132 difﬁcilis
2889 2077 3198 2147 passionum
3233 2075 3372 2132 tole-

1774 2168 1967 2222 rantia.
1999 2168 2190 2224 Plures
2219 2180 2342 2224 sunt
2368 2170 2457 2240 qui
2486 2170 2668 2224 steculi
2700 2169 2858 2239 hujus
2886 2170 3121 2237 spatiosa
3157 2179 3374 2226 secten-

1777 2269 1883 2323 tur,
1912 2261 2002 2329 qui
2034 2260 2216 2316 dicant
2245 2279 2258 2314 :
2292 2263 2532 2333 Angusta
2563 2272 2616 2317 et
2646 2271 2791 2317 arcta
2825 2262 2981 2316 nobis
3008 2271 3092 2316 est
3118 2262 3226 2328 via,
3255 2277 3379 2333 qua:

1776 2352 1841 2407 ad
1872 2353 2154 2408 Dominum
2184 2354 2367 2423 ducit,
2399 2356 2733 2410 conterimur
2758 2354 2810 2408 iu
2845 2355 2935 2408 illa
2958 2395 2973 2420 ,
3007 2355 3379 2426 relinquamus

1773 2460 1914 2500 eam.
1944 2446 2226 2514 Quomodo
2255 2463 2384 2519 ergo
2415 2449 2546 2503 dicit
2573 2447 2842 2519 Propheta
2872 2448 3037 2502 latum
3063 2447 3376 2503 mandatum

1777 2538 1905 2606 Dei,
1939 2549 1993 2594 et
2020 2540 2175 2596 valde
2220 2540 2422 2596 latum?
2453 2538 2580 2597 Ideo
2624 2542 2749 2612 quia
2792 2550 3032 2611 anguste
3076 2539 3176 2595 vite
3208 2539 3378 2595 latum

1776 2633 2088 2688 mandatum
2121 2635 2484 2690 necessarium
2518 2645 2622 2690 est.
2677 2635 2917 2704 Denique
2966 2634 3051 2689 hic
3084 2635 3198 2703 ipse
3246 2633 3379 2688 Pro-

1777 2727 1938 2796 pheta
1967 2728 2041 2780 ait
2071 2743 2084 2779 :
2113 2726 2180 2781 In
2213 2727 2538 2781 tribulatione
2563 2727 2794 2780 dilatasti
2824 2725 2950 2778 mihi
2987 2724 3162 2797 (Psal.
3197 2740 3267 2791 tv,
3296 2724 3378 2794 2).

1778 2817 1846 2872 Et
1893 2819 2085 2872 iterum
2133 2835 2146 2872 :
2196 2817 2263 2872 In
2310 2819 2638 2872 tribulatione
2681 2817 2910 2871 invocavi
2960 2815 3233 2870 Dominum
3261 2857 3276 2883 ,
3330 2825 3380 2870 et

1778 2910 2036 2964 exaudivit
2064 2927 2142 2963 me
2168 2911 2222 2963 in
2252 2910 2527 2964 latitudine
2557 2908 2734 2979 (Psal.
2767 2923 2934 2972 cxvtt.
2972 2907 3049 2980 5).

1850 3004 1941 3060 50.
1977 3003 2102 3059 "me
2140 3004 2362 3082 latitudo
2392 3003 2767 3059 mandatorum
2793 3003 3098 3058 cmlestium
3129 3017 3222 3057 cor
3245 3001 3378 3057 Pro-
3441 2993 3446 3000 ’

1779 3096 1956 3166 pheta.-
1981 3096 2240 3152 dilatabat
2265 3106 2317 3153 et
2343 3099 2601 3168 Apostoli.
2634 3099 2874 3168 Denique
2897 3106 2950 3152 et
2977 3097 3093 3167 ipse
3122 3095 3336 3152 (licebat
3364 3114 3378 3151 :

1781 3188 1852 3242 0s
1881 3201 2110 3242 nostrum
2145 3199 2282 3260 patet
2311 3190 2379 3244 ad
2405 3204 2514 3254 vos,
2550 3207 2579 3244 ο
2606 3187 2894 3255 Corinthii,
2925 3205 3013 3243 cor
3041 3198 3266 3244 nostrum
3299 3189 3382 3244 di-

79 3279 255 3348 plena,
282 3279 365 3334 cui
396 3277 530 3332 nihil
555 3276 700 3332 desit
740 3275 807 3331 ad
865 3275 1102 3330 studium
1132 3282 1187 3330 et
1213 3284 1388 3328 artem
1416 3272 1667 3328 nocendi.

1787 3279 1992 3334 latatum
2037 3288 2108 3334 est
2149 3279 2221 3349 (ll
2265 3280 2386 3335 Cor.
2414 3296 2502 3347 vt,
2537 3281 2647 3354 ll).
2681 3281 3056 3350 Dispensando
3096 3281 3240 3337 enim
3268 3296 3381 3338 caa-

82 3372 175 3426 E~t
201 3370 598 3426 consummatio
625 3368 880 3432 hominis,
931 3377 986 3423 et
1023 3368 1207 3422 multa:
1245 3365 1674 3421 consummatio-

84 3482 197 3526 nes,
228 3465 401 3521 donec
421 3462 489 3518 ad
519 3462 813 3534 perfectura
842 3461 1044 3516 veniat.

154 3557 240 3612 46.
271 3557 524 3629 Legimus
569 3571 698 3626 ergo
725 3564 782 3611 et
808 3553 1333 3610 consummationem
1366 3550 1575 3617 saeculi,
1601 3549 1677 3606 le-

89 3652 255 3722 ginnts
282 3659 336 3708 et
365 3650 547 3706 linem.
579 3649 658 3704 De
683 3647 1151 3703 consummatione
1177 3645 1364 3701 smculi
1397 3660 1558 3716 supra
1581 3658 1678 3714 po-

93 3744 285 3798 suimus
308 3741 642 3810 exemplum,
670 3756 830 3810 quam
865 3739 1113 3809 sequitur
1136 3738 1465 3794 resurrectio
1489 3754 1502 3791 :
1529 3736 1678 3792 Sicut

95 3837 228 3892 enim
249 3838 300 3890 in
320 3835 487 3890 Adam
509 3851 686 3890 omnes
705 3836 1026 3889 moriuntur:
1050 3834 1122 3886 ita
1145 3843 1189 3886 et
1212 3833 1265 3886 in
1288 3831 1490 3886 Christo
1506 3846 1679 3885 omnes

102 3930 476 3996 viviﬁcabuntur
531 3928 574 4000 (ι
605 3927 726 3984 Cor.
766 3926 998 3998 xv,22).
1046 3927 1176 3981 Post
1223 3933 1680 3980 resurrectionem

106 4025 301 4097 1129
325 4023 756 4080 consummatio:
794 4020 1152 4090 Unusquisque
1193 4029 1369 4074 autem
1400 4020 1453 4072 in
1476 4035 1571 4073 suo
1591 4033 1680 4072 or-

102 4117 211 4170 dine
224 4133 242 4182 ,°
259 4116 762 4189 primitiwChristus,
781 4117 967 4170 deinde
979 4117 1016 4170 ii
1042 4115 1132 4186 qui
1149 4123 1267 4168 sunt
1290 4113 1502 4180 Christi,
1519 4113 1606 4186 qui
1628 4113 1681 4165 in

103 4207 364 4264 adventum
404 4214 516 4283 ejus
546 4211 881 4264 crediderunt
909 4225 926 4274 ;
975 4207 1160 4262 deinde
1189 4206 1330 4276 ﬁnis,
1361 4223 1476 4258 cum
1522 4205 1688 4258 tradi-

104 4301 224 4355 derit
249 4319 457 4374 regnum
497 4301 602 4356 Deo
647 4311 695 4357 et
725 4301 899 4368 Patri,
953 4301 1078 4354 dum
1119 4300 1440 4354 evacuaverit
1483 4315 1685 4354 omnem

109 4396 434 4468 principatum
463 4405 512 4451 et
528 4404 837 4465 potestatem
860 4393 909 4463 (I
919 4393 1050 4461 bid.,
1083 4393 1154 4450 25
1185 4403 1232 4447 et
1255 4392 1370 4463 24).
1397 4391 1541 4463 Ergo
1557 4407 1686 4447 con-

109 4491 504 4546 summationem
531 4488 719 4545 saeculi
747 4487 994 4559 sequitur
1019 4485 1142 4542 linis
1164 4485 1318 4558 juxta
1341 4484 1681 4556 Apostolum.

114 4578 247 4638 Unde
264 4583 534 4656 colligitur
553 4581 697 4654 quod
743 4589 1000 4652 sequatur
1029 4579 1153 4635 linis
1183 4595 1398 4637 omnem
1425 4593 1684 4635 consum-

113 4676 402 4732 mationem.

175 4766 252 4822 47.
291 4767 516 4825 Mundus
544 4769 596 4824 iu
626 4769 864 4841 maligno
892 4769 1097 4840 positus
1126 4774 1232 4832 est,
1267 4775 1326 4822 ut
1351 4765 1492 4821 dixit
1518 4764 1686 4821 Joan-

117 4874 200 4914 nes
227 4861 265 4930 (l
288 4861 444 4917 Joan.
471 4878 525 4930 v,
559 4860 649 4934 19)
676 4879 687 4915 ;
719 4877 849 4932 ergo
872 4869 926 4917 et
951 4859 1210 4916 saeculum
1241 4863 1292 4915 in
1318 4859 1554 4930 maligno
1575 4866 1678 4925 est,

118 4954 316 5011 mundus
360 4955 550 5025 plenus
600 4955 827 5026 peccati.
881 4953 1372 5010 Consummaverat
1419 4952 1679 5007 malitiam

121 5061 248 5101 suam
276 5048 524 5116 mundus,
553 5049 692 5104 sicut
719 5058 1192 5105 consummaverat
1219 5046 1348 5102 Saul
1371 5087 1386 5112 ,
1417 5045 1570 5116 cujus
1600 5045 1682 5100 vi-

1777 3371 1933 3428 lestia
1965 3372 2248 3442 mandata,
2277 3389 2372 3429 cor
2398 3390 2552 3428 suum
2585 3374 2906 3430 dilataverat
2935 3391 2947 3428 :
2982 3384 3038 3430 et
3082 3374 3226 3446 quod
3253 3382 3382 3430 ante

1777 3466 2172 3535 persecutionis
2203 3465 2426 3535 perﬁdia
2451 3467 2796 3534 coarctabat,
2825 3468 2926 3522 hoc
2956 3466 3157 3522 Christi
3188 3468 3382 3537 ampli-

1778 3557 1962 3612 ticavit
1997 3557 2188 3628 gratia.
2232 3557 2300 3612 Et
2335 3575 2437 3627 qua
2479 3559 2687 3614 ratione
2727 3558 2896 3613 latum
2929 3559 3276 3613 mandatum?
3302 3557 3382 3615 Ne

1780 3665 1879 3705 nos
1923 3660 2265 3705 coarctemur
2312 3651 2577 3722 angustiis
2619 3651 3019 3706 mandatorum.
3054 3650 3210 3706 Unde
3257 3651 3330 3705 ait
3366 3668 3378 3705 :

1783 3742 1904 3798 Non
1930 3745 2298 3816 angustiamini
2327 3745 2379 3798 in
2408 3745 2552 3799 nobis
2578 3743 2766 3814 (Ihid.,
2794 3742 2905 3815 12).
2939 3743 2994 3800 Si
3025 3742 3127 3800 hoc
3154 3744 3378 3810 Paulus,

1780 3845 1982 3907 quanto
2013 3837 2182 3907 magis
2212 3836 2490 3901 Christus,
2532 3835 2621 3906 qui
2668 3836 2853 3890 clausa
2899 3836 3196 3891 reseravit?
3239 3834 3384 3906 Ergo

1781 3928 1952 3984 dicit:
1984 3928 2119 3983 Nolo
2162 3937 2472 3985 coarctctur
2499 3928 2550 3982 in
2583 3943 2671 3984 me
2704 3929 2934 4000 populus
2974 3943 3145 3982 meus.
3181 3927 3237 3981 In
3283 3943 3380 3981 an-

1783 4033 1942 4092 gusto
1971 4023 2232 4077 virtutum
2263 4022 2480 4077 tramite
2524 4021 2684 4077 debet
2711 4020 2941 4076 latitudo
2980 4019 3231 4089 praecepti
3275 4020 3382 4074 mei

1787 4115 2060 4171 viantibus
2099 4129 2222 4170 esse
2251 4115 2477 4178 solatio;
2519 4128 2588 4169 ne
2628 4113 2750 4184 quis
2791 4112 3024 4168 deﬁcere
3056 4110 3262 4182 possit,
3291 4119 3387 4169 aut

1787 4208 2019 4264 conteri.

1865 4300 2077 4372 1130
2104 4299 2193 4355 51.
2220 4298 2571 4355 Ambulemus
2593 4313 2720 4370 ergo
2745 4299 2795 4353 in
2823 4298 2916 4353 Dei
2943 4297 3227 4365 mandato;
3259 4298 3384 4370 quia

1787 4396 1918 4448 satis
1947 4395 2115 4448 latum
2147 4401 2251 4449 est.
2297 4391 2394 4448 Est
2433 4381 2580 4449 enim.
2621 4393 2785 4448 latum
2817 4392 3126 4448 mandatum
3168 4396 3386 4463 sapien-

1789 4483 1907 4551 the,
1951 4500 2072 4555 qua:
2098 4485 2155 4540 in
2179 4487 2325 4542 exitu
2353 4485 2586 4551 canitur,
2617 4487 2669 4541 in
2700 4486 2890 4558 plateis
2913 4495 3094 4541 autem
3124 4485 3388 4542 ﬁduciali-

1788 4586 1870 4635 ter
1899 4581 2036 4650 agit;
2068 4581 2284 4636 πλατεῖα
2309 4579 2454 4635 enim
2482 4579 2661 4635 Graeci
2691 4580 2956 4634 sermonis
2985 4589 3102 4645 est,-
3135 4594 3256 4650 qnze
3285 4575 3390 4635 La-

1707 4653 1758 4714 Ῐ)
1786 4671 1896 4726 tine
1925 4672 2127 4727 dicitur
2170 4671 2421 4728 latitudo.
2457 4672 2752 4730 Dilatemus
2799 4671 2958 4744 igitur
2987 4687 3082 4728 cor
3109 4684 3385 4740 nostrum;

1785 4773 1841 4818 ut
1885 4764 2215 4836 recipiamus
2245 4765 2570 4836 Apostolicae
2616 4767 2726 4822 vim
2770 4769 3084 4834 sententiae,
3118 4783 3238 4840 quae
3266 4769 3342 4824 ait
3371 4785 3385 4825 :

1786 4855 1968 4927 Capite
1998 4873 2089 4912 nos
2122 4857 2190 4918 (ll
2217 4857 2338 4913 Cor.
2364 4874 2461 4928 vn,
2486 4860 2567 4928 2).
2600 4859 2944 4929 Recipiamus
2971 4875 3104 4932 ergo
3130 4862 3248 4931 ejus
3273 4876 3392 4917 ser-

1784 4964 1972 5005 mones
2001 4951 2052 5004 iu
2081 4964 2177 5008 cor
2203 4959 2448 5007 nostrum
2481 4970 2494 5006 :
2523 4951 2810 5008 induamns
2836 4953 3050 5010 viscera
3080 4953 3394 5009 misericor-

1787 5042 1910 5109 diae,
1937 5044 2344 5115 benignitatem,
2371 5045 2750 5112 humilitatem,
2778 5047 3112 5114 patientiam.
3135 5047 3179 5101 0
3202 5045 3389 5115 homo,

124 5137 234 5194 dens
256 5152 671 5196 consummatam
694 5142 957 5197 malitiam
985 5141 1247 5198 Jonatbas
1271 5139 1414 5193 ﬁlius
1439 5139 1490 5192 in
1516 5136 1705 5194 David’
1792 5151 1952 5207 quam
1982 5137 2124 5192 latus
2151 5152 2232 5205 es,
2263 5138 2306 5192 si
2335 5136 2399 5192 ad
2430 5138 2840 5209 amplitudinem
2865 5146 3258 5209 praeceptorum
3281 5152 3397 5194 caa-

125 5234 435 5298 prophetam,
467 5232 644 5288 eidem
673 5235 939 5289 nuntiavit
965 5244 1024 5289 ut
1052 5233 1355 5290 declinaret
1379 5240 1434 5287 et
1474 5232 1686 5303 fugeret

133 5317 168 5388 (l
188 5321 294 5394 Reg.
323 5341 415 5390 xx,
444 5320 562 5396 38).
594 5323 691 5380 Est
711 5339 842 5395 ergo
871 5326 1265 5381 consummatio
1289 5324 1530 5392 malitiae,
1555 5340 1688 5378 con-

131 5420 375 5474 summatio
425 5428 788 5491 peccatorum.
834 5419 992 5474 Venit
1035 5423 1218 5491 Agnus
1263 5417 1400 5485 Dei,
1433 5417 1524 5488 qui
1573 5417 1694 5472 tulit

137 5520 368 5572 lteccatum
399 5513 607 5577 mundi,
639 5511 731 5583 qui
759 5522 842 5569 est
868 5513 1112 5568 Christus
1138 5512 1328 5578 Jesus,
1363 5511 1484 5566 finis
1511 5509 1690 5582 Legis,

136 5601 412 5673 principium
455 5617 513 5663 et
553 5606 714 5675 linis,
758 5616 814 5662 et
857 5607 1106 5662 remissio
1138 5616 1505 5677 peccatorum.
1537 5604 1691 5660 Hunc

140 5689 270 5749 tinem
296 5699 766 5756 consummationis
791 5698 927 5754 vidit
955 5697 1224 5769 Propheta
1253 5699 1306 5754 in
1337 5698 1564 5770 spiritu,
1600 5695 1692 5767 qui

1798 5229 2012 5285 lestium
2044 5229 2222 5285 sinum
2269 5231 2467 5286 mentis
2511 5238 2618 5286 tua:
2661 5229 2972 5302 expandas!
3010 5230 3182 5300 Quam
3222 5229 3392 5286 latum

1797 5323 2108 5377 mandatum
2139 5332 2222 5378 est
2266 5323 2573 5379 charitatis!
2626 5322 2874 5395 Diligite,
2920 5323 3126 5393 inquit,
3160 5322 3394 5377 inimicos

1795 5423 1986 5469 vestros
2016 5413 2233 5486 (Matth.
2263 5430 2317 5481 v,
2350 5413 2467 5485 44).
2496 5414 2698 5470 Omnes
2729 5413 2912 5484 utique
2946 5414 2998 5468 in
3041 5411 3236 5467 all‘ectu
3265 5411 3398 5468 cha-

1797 5507 1974 5563 ritatis
2005 5507 2257 5574 inclusit,
2291 5508 2381 5578 qui
2409 5522 2517 5562 non
2545 5506 2775 5562 exclusit
2797 5505 3064 5560 inimicos.
3094 5504 3224 5570 Quis
3249 5505 3395 5557 enim

1797 5600 2011 5656 videtur
2053 5608 2345 5669 exceptus,
2396 5614 2518 5655 cum
2568 5598 2860 5669 recipiatur
2908 5596 3193 5652 inimicus?
3240 5593 3400 5650 Unde

1797 5694 2113 5766 Apostolus,
2145 5692 2208 5749 Si
2232 5693 2366 5764 ﬁeri,
2395 5691 2598 5762 inquit,
2631 5700 2867 5763 potest...
2899 5705 3015 5744 cum
3045 5687 3278 5743 omnibus
3305 5686 3400 5743 ho-

142 5849 228 5908 Sed
248 5859 407 5930 verba,
439 5877 503 5917 ea:
527 5869 730 5932 pectore
759 5861 934 5931 ﬁdem,
970 5859 1024 5915 in
1057 5858 1277 5930 scriptis
1305 5859 1429 5915 cod.
1456 5855 1948 5930 praetermittuntnr
1967 5899 1980 5922 ,
2018 5870 2118 5911 nec
2138 5854 2393 5911 videntur
2414 5851 2694 5910 contextui
2723 5850 3048 5909 necessaria.
