3982 6490
34 397 184 460 1581

1172 393 1237 449 IN
1278 385 1605 462 pSALuutt
1643 384 1860 460 eum
1901 383 2288 443 EXPDSITIO.

3230 387 3367 445 15δῖ

33 525 60 552 η
95 514 414 587 intelligere
452 528 530 568 me
568 510 728 581 fecisti
756 509 1001 568 mandata
1030 517 1154 578 tua;
1181 513 1306 581 quia
1333 519 1390 568 tu
1426 526 1502 564 es.
1541 505 1664 564 Cito

1787 520 1874 557 ,ιιςυ
1911 503 2134 572 prmmio
2165 498 2431 560 libertatis
2459 499 2661 558 attollit
2691 518 2702 555 :
2739 500 2820 557 vel
2857 500 3234 564 examinandis
3257 522 3367 558 scr-

33 610 328 680 prohavit
349 609 622 666 diuturna:
652 604 1020 662 meditationis
1041 604 1316 669 allectum,
1347 603 1564 674 quando
1587 605 1670 657 in-

35 700 278 756 tellexit
320 715 483 770 super
507 699 758 763 inimicos
782 711 912 753 suos
938 696 1156 753 Domini
1195 695 1530 756 mandatum.
1562 695 1666 752 Sed

36 810 197 866 quos
247 793 418 850 habet
463 792 714 850 inimicos
743 791 1048 863 Propheta,
1079 790 1173 857 qui
1201 799 1293 845 aut
1333 791 1412 846 sui
1457 788 1668 861 1133

40 887 250 958 populi
299 888 446 942 viros
472 883 710 957 lcgitima
737 883 899 940 debet
925 883 1193 939 ebaritate
1227 880 1546 951 complecti,
1575 891 1670 934 aut

43 981 412 1053 alienigenas
451 977 761 1048 evangelica
791 975 1178 1048 praedicatione
1223 975 1451 1029 invitare
1476 973 1542 1031 ad
1573 972 1668 1033 Dei

43 1072 341 1142 gratiam?
371 1071 526 1127 Ferre
547 1077 857 1125 consortem
883 1077 1092 1124 natura:
1113 1082 1220 1122 ειη
1240 1066 1471 1136 diligunt
1495 1084 1508 1119 :
1536 1079 1671 1138 quo-

48 1165 230 1219 modo
257 1163 613 1220 dilectionem
635 1161 930 1220 conformis
953 1163 1034 1218 sui
1057 1162 1328 1231 Propheta
1353 1159 1670 1232 respueret?

50 1259 200 1314 Esse
232 1257 404 1330 igitur
430 1257 631 1327 justam
663 1256 896 1327 aliquam
930 1270 1146 1311 causam
1187 1263 1436 1328 oportet.
1482 1269 1587 1328 qua
1635 1254 1672 1316 ii

52 1364 202 1422 quos
249 1349 561 1420 signiﬁcat,
603 1347 729 1418 iure
759 1347 1041 1404 videantur
1069 1345 1294 1404 inimici.
1341 1347 1416 1404 Ea
1455 1362 1576 1417 quae
1601 1346 1674 1402 sit

58 1456 370 1514 possumus
416 1441 776 1512 investigare,
827 1440 872 1495 si
922 1439 1331 1496 meminerimus
1373 1441 1498 1510 quia
1543 1438 1673 1498 alibi

66 1536 221 1592 idem
249 1536 356 1592 iste
385 1535 523 1591 dixit
552 1552 565 1589 :
601 1533 666 1589 Et
695 1549 848 1606 super
868 1533 1102 1588 inimicos
1127 1543 1241 1587 tuos
1259 1532 1598 1598 tabescebam,
1628 1542 1675 1586 et

62 1632 218 1701 justo
249 1627 374 1682 odio
422 1626 629 1682 oderam
676 1626 794 1689 illos
831 1623 1024 1698 (Prol.
1065 1639 1301 1682 cxxxvtu
1322 1665 1338 1690 ,
1367 1624 1434 1690 21
1469 1633 1516 1680 et
1553 1621 1671 1694 22).

69 1721 213 1776 Istos
246 1735 378 1792 ergo
409 1715 725 1790 Evangelica
755 1717 1077 1774 auctoritate
1117 1731 1250 1773 suos
1273 1715 1522 1776 inimicos
1543 1715 1679 1775 dicit

68 1828 196 1869 esse
217 1855 232 1878 ,
261 1813 354 1888 qui
399 1812 601 1870 inimici
629 1821 756 1868 sunt
785 1813 903 1870 Dei.
933 1810 1070 1868 Nam
1097 1811 1143 1868 si
1169 1810 1216 1869 is
1242 1811 1330 1882 qui
1361 1826 1467 1867 non
1511 1810 1676 1870 relin-

1772 595 2025 652 monibus
2061 596 2294 654 sollicite
2322 595 2589 662 serviens,
2616 610 2984 667 quoscumque
3015 597 3227 650 rit-tntis
3257 613 3370 650 sua:

1772 704 1904 746 aure
1923 691 2248 762 susceperit,
2279 689 2539 759 mysterio
2562 688 2861 744 sanctiﬁcat
2888 689 3136 760 spiritali.
3166 691 3371 762 Azyma

1772 783 1872 844 sibi
1900 782 2119 840 Judarus
2149 782 2440 856 quotannis
2485 782 2666 842 facere
2693 783 2996 850 consuevit,
3027 793 3081 838 et
3108 786 3287 840 nescit
3313 799 3373 841 se

1773 879 1993 936 malitia
2019 894 2146 938 esse
2192 878 2544 936 fermentum.
2581 879 2687 935 Sed
2719 880 2807 950 qui
2852 878 3100 950 intelligit
3138 879 3264 949 quid
3304 879 3377 935 sit

1778 982 1934 1028 vetus
1956 988 2260 1044 expurgare
2295 971 2617 1030 fermentum
2637 1016 2652 1041 ,
2683 990 2751 1032 ne
2799 982 2963 1032 totam
2998 989 3229 1032 massam
3262 989 3377 1028 cor-

1773 1075 2026 1136 rumpat;
2056 1075 2296 1122 veterem
2325 1063 2599 1120 hominem
2628 1081 2749 1120 cum
2789 1068 3000 1124 actibus
3027 1067 3139 1122 suis
3176 1082 3377 1136 expur-

1773 1166 1895 1230 gat,
1943 1168 2001 1212 ut
2049 1157 2144 1212 ﬁat
2189 1170 2326 1214 nova
2375 1157 2690 1226 conspersio
2735 1159 2996 1214 veritatis.
3045 1157 3234 1213 Jndzeo
3273 1158 3374 1212 ista

1773 1248 1920 1307 dicta
1942 1257 2104 1316 sunt,
2132 1256 2188 1304 et
2229 1248 2570 1310 Christianus
2596 1249 2828 1315 audivit;
2859 1251 2981 1322 quia
3027 1252 3153 1308 dum
3187 1267 3375 1308 aurem

1774 1359 1926 1399 suam
1955 1343 2045 1400 ille
2085 1343 2272 1399 subula
2320 1343 2621 1412 pertundit,
2656 1343 2845 1398 audire
2877 1360 2981 1398 non
3014 1346 3183 1413 potuit
3211 1363 3224 1399 :
3259 1347 3378 1400 vul—

1777 1443 2019 1493 neratam
2049 1450 2234 1494 aurem
2261 1449 2488 1508 gerens,
2515 1450 2625 1492 non
2650 1434 2810 1506 Legis
2831 1476 2844 1501 ,
2875 1435 2970 1494 sed
2999 1435 3242 1491 stultitiae
3267 1453 3381 1494 suae

1777 1529 1966 1586 subula
2000 1528 2211 1604 1133
2243 1529 2550 1586 cruentavit
2571 1543 2758 1590 aurem
2785 1541 2958 1586 snam.
2986 1527 3084 1582 lllc
3109 1529 3382 1586 audiendo

1778 1638 1898 1692 quae
1921 1622 2244 1695 spiritaliter
2285 1622 2625 1692 revelantur,
2667 1621 2969 1692 perforavit
2997 1638 3182 1678 aurem
3228 1640 3380 1680 suam

1779 1713 1962 1785 ferro;
1997 1715 2186 1773 maluit
2209 1715 2352 1771 enim
2381 1714 2436 1770 in
2465 1717 2669 1780 ferrum
2715 1729 2876 1789 quam
2909 1715 2963 1770 in
2999 1715 3232 1770 Verbum
3262 1732 3383 1772 crc-

1780 1809 1928 1872 dere.
1961 1809 2088 1872 ldoo
2125 1811 2329 1879 servit,
2357 1809 2482 1872 ideo
2521 1810 2660 1870 liber
2685 1825 2810 1866 esse
2842 1823 2949 1866 non
2997 1810 3224 1877 meruit,
3262 1810 3387 1865 ideo

66 1909 186 1982 quit
231 1921 487 1980 parentes
533 1916 752 1980 pr0pter
783 1907 879 1966 Dei
921 1922 1152 1972 nomen,
1197 1921 1303 1962 non
1331 1918 1415 1964 est
1454 1906 1568 1962 Deo
1594 1904 1677 1961 di-
1708 1927 1756 1987 ι
1782 1919 1882 1962 nec
1907 1905 2169 1976 completi
2213 1905 2473 1976 temperis
2523 1905 2574 1960 ei
2621 1905 2797 1975 gratia
2844 1902 3202 1974 suﬁ‘ragatur;
3258 1905 3386 1976 quia

69 2019 210 2074 gnus
237 2021 251 2057 :
278 2014 482 2074 quanto
517 2005 694 2078 magis
735 2003 827 2074 qui
849 2002 1026 2074 diligit
1065 2001 1183 2074 ejus
1203 2002 1459 2066 inimicos
1480 2043 1494 2071 ,
1528 2017 1680 2064 acce-

73 2105 198 2166 ptus
230 2097 346 2153 Deo
375 2112 496 2154 esse
525 2111 634 2154 non
661 2095 900 2170 poterit?
929 2095 1078 2165 Quos
1120 2111 1251 2168 ergo
1290 2095 1540 2160 inimicos
1581 2096 1681 2154 tta-

75 2188 203 2244 bet?
235 2188 295 2246 Si
321 2189 594 2261 gentiles:
627 2187 654 2230 ι’
686 2187 993 2260 quomodo,
1041 2202 1177 2261 quos
1210 2187 1527 2260 prophetico
1570 2202 1682 2246 cre-

75 2281 289 2337 dituros
334 2281 527 2354 spiritu
555 2281 929 2352 przevidebat?
970 2280 1219 2354 Denique
1262 2290 1321 2340 ut
1359 2279 1682 2356 beuetl‘ieam

76 2383 132 2428 et
184 2375 287 2443 ipsi
341 2375 668 2440 Dominum,
717 2375 774 2432 in
819 2373 1197 2445 superioribus
1244 2374 1562 2436 adhortatus
1597 2384 1683 2438 est

80 2465 256 2538 (Ptol.
282 2483 426 2532 vat,
451 2467 532 2536 4).
561 2469 633 2528 Et
658 2484 778 2540 quin
803 2484 996 2542 magna
1021 2469 1139 2525 laus
1169 2484 1333 2539 super
1357 2483 1452 2527 eos
1476 2471 1683 2528 intelli-

78 2561 344 2632 gere.,qui
365 2561 583 2619 metalla
607 2571 660 2622 et
682 2577 815 2619 saxa
836 2563 1172 2631 venerando,
1195 2563 1426 2624 similem
1439 2562 1681 2635 rigorem

79 2655 323 2724 stuporis
351 2655 715 2712 attraxerint?

153 2744 206 2799 6.
248 2745 399 2814 Quos
424 2746 583 2817 igitur
604 2746 767 2802 habet
790 2747 1071 2816 inimicos,
1095 2748 1207 2806 nisi
1229 2747 1553 2806 hereticos?
1577 2746 1684 2818 ipsi

81 2837 223 2891 enim
276 2845 412 2893 sunt
467 2838 866 2908 impugnatores
921 2838 1085 2904 ﬁdei,
1138 2839 1386 2900 veritatis
1457 2839 1681 2896 inimici.

81 2930 247 2998 Quos,
275 2930 386 2985 nisi
416 2928 670 2985 Judzeos?
697 2928 804 3002 ipsi
843 2931 988 2988 enim
1015 2931 1296 3002 graviores
1325 2927 1564 3000 inimici,
1596 2933 1687 3003 qui

84 3038 156 3078 ex
185 3023 380 3078 amicis
411 3021 536 3077 facti
565 3031 692 3078 sunt
717 3022 945 3079 inimici.
976 3023 1152 3093 Super
1173 3038 1273 3079 eos
1297 3023 1568 3094 intelligit,
1596 3025 1688 3095 qui

89 3113 286 3184 Legem
313 3114 618 3185 Spiritalem
658 3129 782 3170 esse
824 3115 1092 3188 intelligit.
1127 3115 1265 3183 Quid
1302 3132 1433 3187 ergo
1457 3116 1688 3188 .prodest

93 3205 221 3271 Lex,
250 3206 294 3261 si
326 3205 486 3262 ﬁnem
515 3206 674 3277 Legis
701 3207 938 3278 ignores,
965 3209 1009 3264 si
1041 3208 1359 3282 mysterium
1384 3207 1616 3275 nescias,
1638 3208 1683 3266 si

1785 1996 2174 2067 plenitudinem
2207 1996 2466 2066 temporis
2497 2013 2606 2056 non
2649 1998 2892 2066 recepit,
2921 2012 3034 2066 quo
3081 1995 3249 2052 Filius
3289 1997 3388 2053 Dei

1784 2094 1985 2148 missus
2014 2092 2195 2148 estad
2227 2093 2491 2159 salutem,
2535 2100 2590 2147 et
2632 2093 2784 2146 venit
2811 2091 2878 2146 ad
2928 2091 3386 2160 redemptionem,

1782 2187 1961 2249 tactus
2005 2189 2112 2252 sub
2140 2188 2284 2261 Lege
2305 2230 2318 2256 ,
2367 2198 2622 2248 natusex
2647 2188 2870 2261 Virgine
2892 2229 2906 2253 ,
2954 2189 3128 2244 victor
3168 2187 3386 2253 mortis,

1782 2283 2010 2355 largitor
2059 2283 2500 2344 resurrectionis.
2539 2283 2721 2342 Manet
2759 2299 2891 2354 ergo
2923 2282 3122 2340 vulnus
3147 2282 3254 2350 illi,
3300 2281 3390 2338 cui

1781 2378 2030 2440 Christus
2077 2395 2185 2438 non
2237 2379 2494 2438 surrexit.
2541 2377 2585 2434 0
2619 2379 2810 2434 vulnus
2849 2377 2997 2448 quod
3045 2377 3234 2436 sarciri
3279 2392 3390 2434 non

1783 2471 1982 2542 possit,
2023 2471 2128 2530 nisi
2157 2471 2296 2528 forte
2327 2472 2602 2540 relinquat
2637 2470 2887 2526 snbutam
2910 2511 2925 2537 ,
2969 2480 3026 2526 et
3065 2480 3244 2526 sumat
3282 2469 3391 2524 sibi

1785 2565 1809 2602 ι¹
1834 2566 2072 2636 gladium
2099 2581 2264 2634 quem
2298 2580 2397 2636 pro
2419 2563 2625 2622 Christi
2645 2565 2872 2620 nomine
2899 2579 3008 2619 non
3037 2563 3269 2628 refutet,
3303 2563 3389 2618 vel

1784 2675 1892 2730 quo
1912 2658 2224 2728 corporalia
2244 2673 2271 2714 a
2293 2658 2660 2728 spiritalibus,
2693 2658 2940 2714 umbram
2968 2672 2998 2711 a
3030 2659 3258 2712 veritate
3281 2655 3394 2714 dis-

1788 2753 2001 2823 tinguat
2033 2771 2046 2806 :
2077 2761 2261 2811 sumat
2296 2751 2394 2811 Dei
2437 2751 2696 2816 verbum,
2726 2751 2964 2821 gladium
2997 2751 3082 2805 bis
3133 2761 3348 2811 acutum
3373 2791 3390 2816 ,

1787 2853 1845 2898 et
1883 2859 1953 2900 ex
1989 2844 2081 2898 illo
2121 2845 2306 2900 divino
2350 2859 2444 2904 ore
2489 2842 2754 2902 doceatur
2800 2843 3116 2900 mandatum
3149 2843 3390 2913 Domini,

1786 2938 2166 3007 praescriptum
2199 2937 2360 3008 Legis
2388 2951 2718 3008 agnoscere,
2762 2937 2906 3008 quod
2933 2952 3042 2996 non
3078 2939 3393 3008 temporalis

1789 3027 1988 3088 habeat
2028 3029 2424 3090 observantia-nt
2472 3029 2803 3088 celebritatis
2827 3070 2842 3096 ,
2893 3029 2990 3086 sed
3032 3029 3293 3086 salutaria
3335 3040 3393 3088 et

1787 3123 2120 3191 sempiterna
2146 3121 2387 3180 remedia
2415 3137 2581 3179 succo
2605 3123 2794 3194 gratiae
2823 3121 3082 3192 spiritalis
3120 3124 3388 3184 infundat.

1859 3215 1913 3268 7.
1954 3213 2088 3270 Tota
2125 3228 2258 3284 ergo
2285 3213 2372 3273 die
2403 3214 2455 3268 itt
2481 3213 2626 3284 Lege
2653 3214 2952 3272 meditare:
2997 3229 3104 3276 non
3134 3215 3391 3284 perfunc-

91 3309 421 3356 sacramenta
471 3316 577 3358 non
625 3302 876 3358 noveris?
906 3301 1110 3358 Judzeis
1155 3317 1220 3364 ex
1271 3302 1466 3360 ovibus
1507 3317 1680 3374 agnus
1706 3307 1751 3374 Ε
1787 3304 1922 3362 toria
1962 3307 2056 3364 tibi
2098 3305 2263 3366 debet
2299 3321 2420 3364 esse
2459 3305 2814 3366 transeursio.
2861 3306 2918 3364 Si
2967 3323 3152 3378 agrum
3206 3324 3392 3367 eruere

94 3391 352 3448 occiditur
401 3409 500 3464 pro
539 3395 860 3450 celebritate
907 3395 1148 3469 paschali
1194 3414 1206 3451 :
1255 3396 1413 3456 nobis
1451 3411 1555 3468 .pro
1601 3411 1682 3456 re.

95 3485 399 3555 demptione
444 3487 629 3544 mundi
678 3489 987 3560 unigenitus
1033 3489 1170 3559 Dei,
1214 3501 1402 3560 partus
1449 3489 1680 3562 Virginis

98 3579 418 3636 immolatur.
450 3581 588 3651 Quid
633 3581 921 3655 proﬁciunt
965 3582 1136 3640 Judazi
1164 3623 1178 3648 ,
1225 3583 1368 3654 quod
1415 3582 1680 3653 sanguine

99 3675 216 3743 agni
253 3674 440 3732 domos
478 3687 533 3731 et
580 3686 766 3748 postes
800 3692 938 3734 .suos
974 3677 1248 3733 illininnt?
1277 3677 1416 3732 Nihil
1459 3676 1676 3748 utique;

100 3767 341 3837 quoniam
385 3769 528 3842 tigna
559 3769 643 3824 his
680 3779 773 3826 aut
812 3785 942 3828 saxa
987 3771 1246 3845 prodesse
1277 3786 1386 3826 non
1429 3779 1674 3841 possunt.

102 3858 258 3916 Nobis
277 3862 492 3934 proﬁcit
512 3878 674 3920 omne
695 3865 1038 3935 mysterium,
1067 3865 1157 3934 qui
1179 3863 1475 3925 abhorrere
1495 3863 1677 3921 credi-

104 3969 219 4008 mus
250 3970 278 4017 a
314 3957 481 4027 gratia
510 3957 776 4028 spiritali;
806 3965 866 4014 ut
893 3957 1259 4016 habitationes
1303 3965 1515 4014 nostras
1551 3969 1677 4011 san.-

103 4048 503 4120 guinepecudis
533 4059 914 4118 cruentemus,
955 4063 1046 4106 ora
1077 4058 1264 4106 nostra
1291 4062 1484 4111 cruore
1508 4048 1682 4119 tinga-

107 4155 255 4195 mus:
284 4142 373 4197 sed
394 4157 622 4214 corpora
653 4151 837 4197 nostra
872 4143 1257 4208 cfsacramento
1288 4139 1465 4196 crucis
1492 4140 1681 4194 Domi-

107 4233 236 4287 nica:
281 4249 695 4300 consecramus,
745 4242 799 4288 et
843 4232 1185 4292 confessione
1229 4231 1420 4288 mortis
1466 4230 1683 4288 Domini

109 4326 270 4379 nostri
289 4326 412 4384 Jesu
434 4327 632 4384 Christi
663 4325 1062 4382 sanctiﬁcatth
1090 4325 1202 4388 oris
1229 4323 1486 4396 alloquio.
1517 4323 1685 4384 Corde

113 4423 249 4478 enim
275 4424 488 4478 creditur
509 4422 576 4476 ad
589 4420 854 4494 justitiam
883 4435 902 4474 :
931 4435 1019 4474 ore
1051 4428 1223 4476 autem
1249 4419 1499 4491 confessio
1529 4420 1587 4490 [it
1616 4420 1685 4478 ad

115 4516 315 4571 salutent
337 4515 506 4587 (Rom.
541 4531 600 4582 x,
631 4513 745 4585 10).
767 4513 906 4584 Quid
933 4513 1153 4584 prodest
1177 4513 1559 4586 quodllebrrei
1589 4529 1686 4576 au-

119 4622 224 4662 rem
248 4609 436 4666 servuli
453 4605 792 4680 portendunt
824 4606 1014 4666 subula
1033 4647 1048 4673 ,
1079 4616 1134 4664 et
1163 4609 1425 4677 praeputia
1457 4608 1537 4668 sui
1577 4608 1683 4666 cir-

1786 3400 1942 3468 vetis,
1972 3400 2020 3456 si
2049 3401 2276 3460 mercari
2325 3399 2577 3466 domum,
2607 3401 3014 3471 prudentiorem
3054 3403 3299 3471 adhibes,
3333 3414 3392 3460 et

1784 3491 1913 3561 quid
1959 3490 2101 3562 juris
2126 3491 2218 3559 sit,
2247 3491 2534 3564 diligenter
2568 3494 2883 3552 consideras
2910 3512 2922 3547 :
2947 3506 2998 3550 et
3028 3512 3096 3550 ne
3123 3495 3176 3554 in
3205 3499 3392 3568 aliquo

1784 3580 1923 3640 torte
1963 3581 2202 3648 fallaris,
2252 3583 2348 3642 tibi
2391 3585 2505 3654 ipse
2538 3599 2642 3642 non
2680 3584 2878 3642 credis.
2910 3585 2978 3642 At
3013 3602 3154 3642 nunc
3183 3597 3239 3641 tu
3277 3589 3392 3657 ipse

1783 3674 2046 3730 emendus
2095 3691 2154 3732 cs
2197 3676 2291 3732 tibi
2324 3694 2336 3729 :
2369 3676 2437 3739 de
2467 3687 2558 3732 tuo
2581 3681 2752 3747 pretio
2779 3686 3064 3747 tractatur,
3097 3680 3390 3737 considera

1783 3765 1911 3836 quid
1963 3767 2039 3822 sis
2065 3808 2078 3834 ,
2125 3767 2274 3838 quod
2316 3784 2514 3828 nomen
2560 3769 2786 3838 trabeas,
2818 3770 2946 3840 quid
2975 3772 3226 3841 acquiras
3257 3772 3350 3832 tibi
3373 3813 3389 3838 ,

1783 3875 1892 3915 non
1923 3875 2134 3931 agrum,
2163 3877 2268 3915 non
2293 3863 2598 3932 pecuniam,
2630 3878 2735 3918 non
2760 3878 3096 3933 gemmarum
3123 3865 3344 3922 monilia
3375 3884 3389 3921 :

1784 3954 1881 4012 sed
1909 3954 2185 4014 Christum
2213 3955 2434 4024 Jesum,
2461 3957 2548 4016 cui
2573 3957 2720 4012 nulla
2761 3967 2986 4028 possunt
3020 3959 3212 4029 pretia,
3247 3960 3392 4016 nulla

1784 4056 2101 4106 ornamenta
2131 4049 2389 4105 conferri.
2413 4049 2629 4108 Adhibe
2649 4051 2750 4106 tibi
2777 4051 3118 4110 consiliarios
3143 4053 3390 4122 Moysen,

1787 4140 2036 4208 Esaiam,
2075 4140 2405 4199 niwemiam
2427 4183 2441 4208 ,
2474 4141 2696 4197 Petrum
2724 4182 2738 4206 ,
2781 4143 3008 4200 Paulum
3032 4185 3045 4210 ,
3088 4144 3351 4200 Joannem
3377 4189 3391 4212 ,

1785 4233 1965 4304 ipsum
2001 4248 2254 4305 magnum
2297 4233 2668 4293 censitiarium
2700 4235 2885 4294 Jesum
2925 4237 3018 4294 Dei
3055 4237 3292 4303 Filium;
3338 4249 3395 4296 ut

1784 4327 2039 4399 acquiras
2061 4328 2303 4387 Patrem.
2333 4331 2467 4390 Cum
2494 4329 2583 4392 bis
2610 4331 2952 4390 tractandum
2974 4374 2989 4400 ,
3017 4348 3140 4392 cum
3170 4331 3252 4392 his
3277 4343 3390 4389 tota

1785 4423 2178 4480 conferendum
2201 4433 2280 4481 est
2307 4424 2423 4492 tibi,
2447 4433 2560 4482 tota
2578 4425 2952 4484 meditandum
2973 4426 3064 4483 die
3081 4443 3094 4490 ;
3114 4427 3253 4480 sicut
3269 4442 3390 4485 -mo-

1786 4517 2060 4578 dilabatur
2101 4518 2290 4586 David,
2315 4529 2368 4575 et
2387 4519 2508 4576 hinc
2537 4529 2656 4576 erat
2679 4519 2759 4576 illi
2793 4519 2913 4574 sola
2945 4519 3242 4577 meditatio.
3274 4519 3392 4576 Non

1786 4611 2136 4668 saecularibus
2153 4613 2365 4684 animus
2383 4613 2771 4670 traducebatur
2790 4613 3084 4679 illecebris,
3103 4630 3211 4669 non
3233 4629 3398 4683 pecu-

119 4700 406 4756 cumeidunt
448 4700 722 4770 corporis?
767 4698 888 4755 Non
948 4700 1254 4771 intelligunt
1287 4701 1512 4771 penitus
1555 4700 1684 4772 quid
1707 4709 1762 4769 ξι)
1789 4703 1958 4760 niaria
2005 4705 2365 4760 coacervandi
2408 4707 2717 4775 patrimonii
2754 4707 3344 4779 cupiditatevitagrabat
3379 4727 3394 4764 :

123 4791 226 4847 Lex
251 4793 414 4852 divina
443 4794 738 4849 discernat.
767 4792 934 4864 Signa
976 4802 1102 4852 sunt
1146 4793 1243 4850 ista
1264 4836 1279 4861 ,
1324 4809 1432 4856 non
1454 4795 1682 4852 veritas.

121 4881 219 4937 Sed
261 4884 340 4939 ille
365 4884 639 4956 intelligit,
670 4884 760 4956 qui
791 4899 894 4942 .cor
922 4900 1082 4944 suum
1125 4884 1355 4958 spiritali
1402 4886 1686 4942 circumci-

126 4976 264 5033 sione
280 4978 557 5045 castiﬁcat;
592 4986 649 5033 ut
677 4976 966 5036 colluviem
996 4978 1685 5048 omnemcorporetelabis

128 5076 377 5132 emundet.
405 5079 496 5137 Ille
522 5079 792 5152 intelligit,
821 5081 1184 5150 quissubulam
1216 5087 1272 5137 et
1293 5094 1502 5145 aurem,
1530 5093 1686 5134 mon-

133 5165 194 5221 tis
228 5168 393 5240 vigore
427 5172 788 5238 transcendit,
831 5174 1062 5229 etillam
1091 5173 1326 5229 animam
1355 5187 1516 5242 quam
1563 5185 1686 5241 per-

136 5261 355 5318 transivit
383 5263 583 5334 gladius
611 5265 679 5320 ad
710 5263 1000 5322 revelanda
1025 5267 1207 5322 cordis
1236 5265 1686 5336 occulta,~porpe-

203 5399 226 5427 ει
259 5389 371 5468 Yet.
411 5393 531 5458 edit.
577 5394 642 5468 ad
672 5393 1007 5468 marginem,
1054 5394 1358 5468 prudentem
1398 5410 1478 5448 me
1526 5393 1694 5468 fecisti

143 5463 362 5540 mandato
382 5467 485 5532 tuo‘;
509 5467 718 5540 quiuit:
744 5463 987 5522 a’t'ernum
1017 5463 1256 5540 pii/tiest.
1285 5465 1402 5522 lluc
1421 5465 1690 5540 accedunt

147 5545 261 5588 mss.
303 5535 657 5605 aliquot/Alii
702 5545 916 5603 autem,
969 5537 1214 5592 edocuistt’
1261 5553 1341 5591 me
1389 5536 1688 5605 mandatum

149 5599 422 5731 ﬁuntquin
438 5609 486 5663 in
505 5619 771 5666 azternum.
803 5599 912 5664 Alii
934 5607 1170 5680 denique
1187 5621 1317 5666 eum
1347 5599 1480 5670 edit.
1509 5616 1568 5664 ut
1592 5621 1690 5666 nos

241 5691 296 5730 ex
323 5693 371 5731 u.

241 5691 371 5733 extu.

215 5807 239 5848 δ
269 5810 696 5887 Εᾱ11.,·ριιοηιοάο
709 5829 862 5886 super
877 5814 1108 5874 inimicos
1123 5815 1398 5885 intellexit,
1418 5832 1565 5887 quos,
1585 5822 1690 5876 etc.

160 5877 262 5937 Non
277 5877 420 5941 male.
433 5877 604 5946 Helius
620 5877 800 5944 tamen
817 5901 949 5944 mss.
971 5887 1116 5959 cod.,
1138 5877 1412 5964 quomodo,
1427 5877 1575 5960 quos,
1590 5896 1696 5946 etc.

1789 4813 1898 4854 non
1930 4798 2249 4868 proferendi
2281 4799 2492 4867 limitis,
2515 4800 2948 4872 exeludendique
2970 4801 3182 4858 ﬁnitimi
3199 4801 3396 4860 attritis

1788 4904 2042 4946 curarum
2071 4899 2235 4947 (estus
2265 4892 2445 4948 studio
2469 4893 2835 4950 meditationis
2857 4895 3124 4956 intentum
3151 4895 3399 4954 reﬂecte-

1787 4982 1880 5037 bat
1901 4980 2187 5047 aﬁ‘ectum;
2216 4983 2474 5054 quidquid
2491 4993 2714 5057 poterat
2737 4987 2999 5056 temporis
3025 4987 3146 5044 dies
3171 4986 3396 5056 trahere,

1787 5075 1893 5134 hoe
1921 5085 2103 5135 totum
2133 5078 2252 5136 sola
2278 5079 2382 5136 sibi
2410 5079 2465 5136 in
2493 5077 2639 5149 Lege
2665 5079 2956 5137 ‘meditatio
2990 5079 3321 5140 vindicabat.

1859 5171 1913 5225 8.
1942 5171 2053 5228 Sed
2077 5171 2240 5230 etiam
2267 5172 2371 5228 hoc
2401 5187 2589 5244 parum
2622 5181 2705 5227 est
2734 5171 3002 5243 diligenti,
3032 5174 3122 5244 qui
3161 5172 3287 5227 velit
3330 5174 3398 5227 ad

1789 5262 2141 5324 beatitudinis
2181 5264 2412 5335 gratiam
2461 5263 2767 5334 pervenire.
2799 5263 2996 5323 Beatus
3040 5265 3184 5324 enim
3222 5262 3309 5320 die
3335 5278 3401 5319 ac

1800 5391 1904 5447 llic
1929 5392 2074 5517 egit:
2092 5392 2533 5517 subintetligitur,
2554 5393 2787 5449 inimicos
2809 5395 2980 5464 habet,
3005 5404 3128 5466 post
3149 5393 3398 5461 verbum,

1800 5479 1956 5517 ortam
2001 5481 2025 5517 ε
2061 5482 2090 5517 α
2119 5503 2133 5517 .

1837 5473 2133 5519 rtevtdebat.

1837 5481 1860 5516 r
1911 5481 1995 5518 vra
2029 5481 2133 5518 oar.

1798 5481 1832 5534 Ρ
1863 5481 1910 5572 (ξ
1939 5481 2273 5590 Soecramento
2294 5576 2308 5600 ,
2336 5534 2408 5606 id
2442 5543 2561 5599 est,
2597 5534 2889 5606 baptismo,
2939 5538 3024 5596 vel
3067 5536 3206 5595 forte
3235 5537 3397 5605 signo

1797 5605 1997 5685 crucis.
2017 5605 2270 5685 piamque
2297 5605 2416 5685 ejus
2445 5621 2602 5685 usum
2633 5605 2935 5685 priscorum
2949 5609 3399 5685 _Christianornm

1797 5677 1990 5749 pietati
2014 5675 2496 5754 familiarissimum
2521 5675 2688 5754 l'uisSe
2713 5680 2919 5754 passim
2946 5679 3250 5750 leginiusvin
3267 5694 3402 5738 san-

1798 5747 2011 5806 ctorum
2032 5747 2259 5804 Patrum
2294 5748 2677 5804 monumentis.

1875 5815 1899 5852 ί¹
1931 5817 2019 5958 Si}:
2204 5819 2269 5874 At
2291 5817 2845 5892 editiones,-gladium
2865 5836 2970 5890 quo
2999 5816 3191 5881 Christi
3213 5833 3408 5882 nomen

1875 5907 1907 5946 η
1929 5904 1983 5948 re
2010 5905 2043 5947 tt
2069 5905 2093 5942 e
2120 5927 2134 5942 .

1801 5905 1907 5951 non
1929 5897 2134 5951 refutet.
