4104 6350
519 370 660 430 1585

1846 361 2090 420 SANL‘TI
2129 357 2454 419 AMBROSII

3679 363 3744 420 15
3763 362 3817 417 τι

519 497 679 544 nocte
724 482 1016 541 meditatur
1044 483 1096 538 in
1125 482 1286 552 Lege.
1316 478 1606 550 Angustior
1631 477 1750 534 dies
1775 485 1861 534 est
1887 477 2114 533 medita-
2140 477 2192 538 Α
2220 476 2411 534 Debuit
2441 477 2580 532 hanc
2615 491 2898 534 assumere
2939 477 3352 545 conﬁdentiam,
3381 477 3472 549 qui
3496 477 3816 542 docebatur,

521 581 667 636 tione
697 578 979 634 doctrinm.
1006 576 1121 632 Non
1155 585 1342 631 tantus
1366 573 1484 630 dies
1514 573 1566 628 in
1594 584 1859 644 tempore,
1901 583 1926 610 ο
1949 590 2121 643 quan-

523 681 613 728 tus
645 671 934 728 meditator
969 671 1023 726 in
1054 669 1216 740 Lege.
1249 667 1400 724 Unde
1434 667 1552 723 vide
1581 683 1648 723 ne
1679 667 1810 722 illud
1847 667 2017 736 magis
2044 667 2123 722 vi-

521 764 714 821 deatur
757 762 1102 834 signiﬁcare,
1153 759 1297 830 quod
1327 759 1375 814 ei
1405 759 1495 830 qui
1541 759 1594 814 in
1626 758 1769 830 Lege
1799 759 2121 825 meditatur,

522 874 738 930 semper
777 858 895 914 dies
921 868 1039 924 est,
1071 865 1126 912 et
1157 855 1336 910 lumen
1367 855 1483 910 sine
1513 853 1760 920 defectu,
1790 852 1933 924 quod
1964 853 2124 908 nulla:

525 953 764 1009 tenebrae
788 951 963 1006 noctis
993 948 1342 1019 interpolent.
1375 947 1628 1018 Alioquin
1659 946 1930 1017 quomodo
1953 945 2122 1014 negli-

521 1049 822 1120 gcntiorem
872 1047 923 1101 in
959 1059 1216 1116 processu
1249 1044 1432 1114 aperis
1453 1042 1785 1108 declararet,
1817 1057 1977 1112 quem
2005 1039 2125 1094 dili-

521 1137 820 1210 gentiorem
846 1139 900 1192 in
927 1137 1060 1208 ipsis
1086 1135 1271 1208 operis
1295 1135 1379 1190 sui
1404 1133 1677 1204 PrOpheta
1702 1131 1982 1203 principiis
2004 1145 2126 1187 esse

522 1231 826 1288 voluisset?
855 1229 914 1286 ln
946 1229 1034 1284 die
1060 1245 1192 1300 ergo
1218 1225 1507 1284 meditator
1549 1225 1728 1296 Legis,
1763 1235 1817 1280 et
1845 1221 2126 1294 Evangelii

523 1325 870 1397 praedicator.

595 1418 652 1474 9.
682 1417 750 1472 Et
778 1416 1010 1472 fortasse
1037 1415 1118 1470 illi
1143 1413 1172 1454 ι)
1203 1414 1296 1485 qui
1324 1428 1521 1470 novum
1555 1427 1664 1468 non
1690 1411 1964 1481 recipiunt
1989 1409 2123 1466 Tes-

523 1519 850 1576 tamentum,
883 1510 940 1564 in
978 1518 1138 1565 nocte
1167 1507 1431 1578 legerunt,
1463 1515 1518 1561 et
1550 1503 1670 1560 ideo
1699 1503 2009 1560 nescierunt
2033 1519 2128 1559 ne-

523 1621 630 1676 que
653 1604 1060 1660 intellexerunt.
1094 1601 1245 1659 Unde
1275 1601 1545 1663 Salvator,
1575 1615 1640 1654 ne
1661 1597 1824 1654 etiam
1854 1613 1954 1652 nos
1980 1597 2124 1668 lege-

524 1714 711 1755 remus
757 1698 810 1752 in
841 1695 1115 1760 tenebris,
1145 1694 1402 1750 admonet
1434 1693 1624 1748 dicens
1653 1689 2039 1747 ambulandum
2068 1688 2124 1744 in

526 1791 636 1858 die,
678 1791 802 1860 quia
845 1803 950 1844 non
980 1787 1206 1844 offendit
1237 1785 1327 1857 qui
1352 1786 1404 1841 in
1432 1786 1520 1841 die
1549 1784 1793 1839 ambulat
1822 1783 2001 1853 (Jouu.
2033 1798 2085 1837 ιι
2107 1823 2122 1846 ,

2224 587 2256 626 a
2305 570 2574 626 Domino:
2623 581 2678 626 et
2729 571 3037 627 mandatum
3069 571 3212 644 quod
3259 572 3577 640 docebatur,
3607 571 3821 626 Domini

2226 675 2376 732 erat,
2408 675 2461 722 et
2490 665 2606 737 ipse
2639 666 2897 722 Dominus
2927 667 3017 737 qui
3047 666 3284 724 docebat
3317 666 3476 738 (Sup.
3518 684 3569 725 υ.
3597 666 3678 738 2).
3710 667 3823 723 Me-

2227 757 2334 811 rito
2374 772 2539 828 super
2580 774 2769 814 omnes
2816 758 3102 824 intellexit,
3137 775 3298 829 quem
3327 760 3556 816 docebat
3583 761 3697 830 ipsa
3723 760 3822 815 Sa-

2228 849 2447 920 pientia.
2483 849 2637 905 Unde
2665 861 2720 906 et
2763 852 2888 907 alibi
2918 853 2993 906 ait
3025 870 3038 904 :
3067 851 3255 906 Beatus
3284 869 3434 924 quem
3458 862 3512 906 tu
3545 852 3819 918 erndieris,

2227 942 2469 1008 Domine,
2496 955 2542 998 et
2569 946 2632 999 de
2661 946 2768 1017 lege
2795 957 2883 1001 tua
2909 948 3145 1002 docueris
3171 964 3286 1002 eum
3319 946 3492 1019 (Psal.
3523 964 3672 1014 xcut,
3705 948 3819 1018 12).

2303 1038 2390 1092 12.
2421 1039 2674 1094 Ostendit
2701 1039 2861 1110 igitur
2889 1040 3034 1110 quod
3065 1042 3306 1096 divinum
3337 1051 3418 1098 est
3449 1041 3697 1098 homines
3725 1042 3824 1099 do-

2227 1145 2354 1188 cere
2381 1146 2485 1188 non
2518 1148 2676 1203 posse
2706 1151 2725 1188 :
2753 1144 2806 1190 et
2834 1135 2956 1190 ideo
2987 1136 3076 1205 qui
3101 1135 3298 1191 docere
3322 1147 3689 1206 praesumunt,
3726 1153 3826 1192 ne-

2228 1227 2442 1292 sciunt;
2473 1225 2566 1282 sed
2599 1229 2844 1298 agnoscit
2869 1227 3172 1298 discipulus
3198 1229 3289 1298 qui
3314 1228 3559 1284 docetur.
3582 1226 3609 1266 ἀ
3631 1229 3687 1285 ln
3716 1244 3824 1299 quo

2230 1326 2428 1389 prsrter
2447 1318 2646 1373 donum
2669 1319 2911 1374 scientiae
2931 1319 3074 1391 quod
3103 1319 3172 1375 de
3198 1319 3402 1389 Spiritu
3429 1331 3619 1376 sancto
3651 1320 3825 1376 fuerat

2229 1421 2555 1468 consecutns
2589 1431 2601 1465 :
2635 1414 2860 1469 moralis
2895 1429 3110 1485 quoque
3140 1413 3322 1468 suavis
3356 1413 3506 1471 locus
3542 1423 3645 1476 est.
3678 1413 3825 1486 quod

2229 1507 2381 1561 multi
2406 1506 2666 1562 docentes
2691 1517 2818 1562 sunt
2844 1510 2933 1578 qui
2962 1509 3104 1580 quod
3136 1524 3243 1564 non
3273 1509 3593 1579 intelligunt,
3624 1507 3827 1566 docere

2228 1612 2286 1652 se
2334 1597 2518 1652 dicunt
2564 1617 2576 1653 :
2620 1609 2672 1652 et
2712 1599 2927 1668 plurimi
2965 1610 3088 1655 sunt
3115 1599 3367 1670 discipuli
3397 1601 3487 1669 qni
3518 1599 3697 1656 studio
3727 1615 3827 1656 suo

2228 1703 2588 1763 aSsequnntur
2627 1702 2680 1748 et
2708 1693 2974 1749 industria
3010 1694 3155 1766 quod
3185 1709 3290 1750 non
3320 1693 3628 1750 didicerunt
3653 1711 3683 1750 a
3714 1710 3828 1751 ma-

2228 1785 2433 1856 gistris.
2466 1786 2705 1856 Denique
2745 1795 2874 1842 ante
2903 1803 3001 1843 nos
3031 1788 3250 1858 quidam
3279 1788 3546 1845 interesse
3575 1789 3706 1844 dixit
3739 1790 3826 1844 iu-

526 1885 561 1942 9
592 1896 640 1941 et
676 1884 798 1951 10);
837 1881 1051 1956 1138,
1092 1882 1240 1938 videt
1277 1881 1421 1937 enim
1452 1879 1679 1950 gratiam
1712 1877 1868 1932 lucis.
1903 1876 2006 1944 Qui
2035 1891 2130 1930 au-
2157 1875 2204 1935 B
2234 1888 2317 1934 ter
2341 1878 2601 1934 docentes
2637 1889 2796 1950 atque
2833 1878 3118 1946 doctores;
3143 1879 3374 1936 fortasse
3404 1880 3504 1936 hoc
3533 1881 3830 1937 arbitratus

528 1995 638 2040 tem
690 1980 934 2037 ambulat
981 1979 1036 2034 in
1074 1978 1309 2034 tenebris
1335 2019 1351 2044 ,
1392 1974 1674 2046 scopulum
1704 1971 2019 2030 olfensionis
2047 1970 2128 2026 in-

524 2075 714 2132 currit.

601 2168 687 2225 10.
715 2167 896 2237 (Vers.
921 2165 1038 2236 99.)
1065 2164 1324 2236 Sequitur
1353 2180 1367 2216 :
1394 2161 1568 2232 Super
1594 2176 1771 2216 omnes
1792 2159 2029 2213 docentes
2051 2173 2132 2210 me

524 2260 793 2326 intellexi;
818 2259 944 2328 quia
981 2255 1274 2312 testimonia
1304 2264 1394 2309 tua
1421 2252 1692 2307 meditatio
1723 2267 1836 2305 mea
1867 2259 1962 2304 est.
1995 2248 2132 2302 Doc-

527 2355 725 2409 trinam
754 2349 1078 2421 proﬁtentur
1101 2348 1296 2404 scribae
1324 2345 1674 2410 Iudaeorum;
1704 2343 1831 2413 quia
1855 2341 2051 2410 Legem
2078 2348 2132 2394 et

532 2446 830 2518 prophetas
873 2443 977 2513 ipsi
1021 2442 1230 2511 priores
1267 2439 1468 2495 habere
1511 2445 1843 2492 meruerunt.
1895 2432 2006 2490 Sed
2054 2432 2132 2487 illi

531 2541 863 2612 proﬁtentur
881 2536 1106 2600 docere,
1133 2533 1229 2590 sed
1260 2548 1366 2588 non
1396 2531 1615 2587 docent.
1644 2528 1706 2584 Ei
1731 2536 1910 2582 autem
1935 2526 2133 2596 populo

528 2633 622 2706 qui
659 2648 724 2690 ex
747 2631 1002 2702 gentibus
1027 2627 1283 2694 credidit,
1303 2626 1566 2695 competit
1583 2622 1767 2678 dicere
1790 2639 1804 2675 :
1831 2621 2004 2691 Super
2024 2635 2133 2674 om-

529 2744 618 2784 nes
649 2730 888 2782 docentes
913 2739 992 2778 me
1028 2721 1299 2787 intellexi;
1330 2721 1454 2792 quia
1479 2718 1556 2774 illi
1589 2733 1697 2773 non
1722 2716 2130 2771 intellexerunt.

530 2821 845 2892 Respondet
871 2817 1090 2875 Judaeus
1122 2834 1135 2870 :
1163 2815 1318 2871 Unde
1353 2812 1590 2868 habuisti
1621 2811 1952 2882 intelligere?
1983 2808 2132 2864 Scri-

529 2925 682 2987 ptum
709 2922 794 2968 est
817 2929 832 2967 :
858 2909 1132 2983 Interroga
1157 2918 1351 2973 patrem
1385 2915 1552 2974 tuum,
1581 2914 1629 2959 et
1653 2901 1978 2958 annuntiabit
2003 2900 2093 2954 tibi
2117 2915 2136 2954 :

533 3008 781 3072 seniores,
813 3014 860 3060 et
899 3003 1068 3057 dicent
1107 3000 1198 3054 tibi
1233 2998 1411 3071 (Deut.
1448 3013 1619 3063 χχχιι,
1641 2995 1718 3066 7).
1753 2995 1866 3064 Ego
1895 3009 2012 3049 sum
2035 2992 2136 3047 Pa-

532 3110 617 3156 ter
666 3109 790 3153 tuus
815 3138 831 3164 ,
863 3110 950 3152 me
992 3095 1285 3164 interroga.
1320 3090 1430 3146 Sed
1458 3090 1551 3144 etsi
1576 3090 1988 3158 interrogauero,
2033 3102 2136 3139 non

530 3187 902 3261 respondebitis
948 3185 1113 3250 mihi,
1145 3182 1282 3238 dixit
1305 3181 1465 3237 Jesus
1493 3178 1645 3252 (Luc.
1679 3193 1822 3244 xxu,
1849 3176 1942 3248 68)
1978 3194 1992 3230 :
2029 3187 2052 3215 ο
2083 3185 2137 3230 et

2230 1973 2355 2042 quia
2399 1971 2651 2027 doctores
2695 1984 2823 2028 sunt
2868 1972 3099 2028 aliorum
3139 1973 3339 2044 judicio
3381 1974 3448 2028 ad
3491 1973 3593 2030 hoc
3632 1989 3830 2030 munus

2230 2065 2390 2121 electi
2423 2083 2436 2118 :
2471 2064 2729 2120 docentes
2757 2074 2937 2121 autem
2967 2066 3058 2137 qui
3089 2067 3305 2136 propria
3337 2067 3685 2136 usurpatione
3726 2067 3833 2123 hoc

2229 2158 2334 2214 sibi
2376 2174 2572 2213 munus
2609 2160 3023 2229 assumpscrint.
3055 2159 3159 2214 Sed
3183 2159 3383 2214 cedant
3420 2174 3643 2215 necesse
3671 2171 3749 2216 est
3781 2160 3833 2214 ei

2230 2253 2486 2308 doctores
2532 2268 2747 2324 quoque
2769 2297 2783 2320 ,
2812 2269 2969 2324 quem
3004 2255 3436 2309 testimoniorum
3479 2254 3839 2311 meditatione

2232 2345 2532 2401 etnlestium
2564 2345 2814 2401 doctrina
2841 2345 2939 2400 Dei
2967 2346 3212 2400 docentis
3239 2345 3515 2401 imbuerit.

2307 2439 2394 2494 13.
2422 2438 2603 2510 (Vers.
2635 2439 2784 2510 100.)
2814 2440 3069 2510 Sequitur
3095 2459 3107 2496 :
3135 2439 3305 2512 Super
3327 2442 3555 2496 seniores
3576 2441 3833 2508 intellexi;

2233 2534 2357 2603 quia
2384 2544 2643 2604 pra’cepta
2668 2543 2756 2587 tua
2784 2535 3053 2606 exquisivi.
3087 2534 3196 2590 Nec
3219 2535 3322 2590 hoc
3352 2535 3569 2605 quidem
3593 2535 3836 2602 difﬁcile,

2235 2635 2293 2680 ut
2331 2626 2378 2681 is
2407 2641 2566 2696 quem
2607 2626 2866 2681 Dominus
2909 2627 3178 2694 docuerit,
3207 2642 3368 2697 super
3405 2629 3649 2684 seniores
3680 2628 3838 2685 intel-

2236 2717 2401 2788 ligat;
2439 2728 2462 2755 θ
2493 2718 2763 2785 siquidem
2805 2720 2901 2775 Dei
2935 2722 3107 2792 gratia
3139 2720 3205 2776 ad
3254 2720 3554 2775 doctrinam
3587 2731 3644 2777 et
3665 2733 3841 2777 matu-

2236 2811 2453 2867 ritatem
2514 2813 2725 2886 1135
2777 2813 2952 2868 aetatis
3019 2813 3394 2883 progrediatur
3439 2817 3648 2871 senilis.
3701 2816 3838 2872 Cum

2237 2903 2381 2959 enim
2411 2912 2544 2959 mtas
2569 2906 2866 2960 senectutis
2894 2904 3000 2960 vita
3029 2907 3376 2961 immaculata
3396 2907 3488 2973 sit,
3515 2911 3700 2979 utique
3720 2907 3843 2963 doc-

2237 2997 2375 3052 trina
2409 2998 2534 3051 vitze
2554 2997 2914 3052 immaculata:
2936 2999 3166 3055 senilem
3196 3009 3417 3069 prtestat
3439 3009 3652 3056 aetatem
3681 3002 3836 3074 (Sap.

2238 3106 2323 3156 tv,
2373 3088 2486 3161 19).
2521 3090 2763 3161 Denique
2798 3094 3079 3147 excusanti
3109 3091 3416 3153 ,l'lieremite
3457 3094 3600 3162 quod
3624 3095 3841 3165 juvenis

2238 3191 2418 3252 esset,
2453 3198 2771 3253 responsum
2803 3193 2924 3240 est:
2963 3185 3093 3240 Noli
3128 3186 3321 3241 dicere:
3339 3189 3546 3259 juvenis
3575 3205 3688 3242 sum
3720 3189 3840 3258 (Je-

532 3297 601 3340 ex
630 3281 727 3338 illo
760 3279 1093 3351 respondere
1118 3293 1225 3332 non
1256 3280 1513 3347 possunt,
1536 3280 1592 3328 et
1613 3287 1680 3328 ex
1708 3271 1800 3325 illo
1829 3283 1992 3339 supra
2015 3268 2130 3324 illus

2242 3291 2369 3331 rem.
2416 3290 2466 3341 ι,
2497 3277 2584 3346 7);
2611 3291 2676 3332 eo
2703 3277 2846 3347 quod
2885 3294 2992 3334 non
3020 3280 3382 3335 :esﬁmaretur
3404 3280 3622 3352 juvenis
3643 3281 3839 3336 deﬁni-

533 3376 778 3446 intelligo
818 3375 910 3446 qni
953 3389 1060 3428 non
1111 3368 1511 3439 intelligebam;
1541 3367 1665 3436 quia
1707 3365 2015 3421 testimonia
2056 3362 2137 3418 di-

533 3470 662 3537 dici,
692 3484 814 3541 qute
840 3468 932 3522 ille
951 3482 1060 3521 non
1086 3465 1256 3519 novit.
1292 3460 1465 3516 Didici
1493 3479 1507 3515 :
1541 3460 1642 3526 Qui
1662 3459 1890 3529 sequitur
1906 3473 2006 3511 me.
2041 3497 2053 3510 .
2082 3496 2094 3510 .
2121 3496 2133 3510 .

534 3566 686 3621 tollat
716 3577 923 3618 crucem
953 3575 1104 3614 suam
1133 3557 1351 3629 (Matth.
1381 3571 1495 3618 xvi,
1527 3554 1644 3626 24).
1681 3553 1856 3608 Didici
1885 3570 1898 3606 :
1931 3551 2137 3622 Diligite

534 3658 772 3714 inimicos
817 3664 1014 3710 vestros
1061 3650 1279 3724 (Matth.
1328 3664 1381 3715 v,
1431 3647 1546 3719 44).
1584 3649 1649 3702 Et
1687 3647 1808 3703 ideo
1833 3654 1986 3716 optat
2009 3660 2136 3699 ana-

537 3750 720 3804 thema
763 3761 886 3802 esse
933 3743 1134 3801 Paulus
1190 3757 1286 3814 pro
1334 3740 1596 3797 fratribus
1630 3755 1860 3812 genere,
1903 3738 2137 3794 inimicis

537 3843 640 3899 ﬁde
667 3840 847 3915 (Rom.
879 3854 963 3907 Ix,
995 3838 1030 3894 5
1055 3836 1098 3909 ).
1173 3827 1176 3830 ’

607 3937 697 3992 11.
736 3934 1026 3992 Videretur
1063 3930 1456 3987 inconveniens
1481 3942 1606 3984 esse
1644 3925 1986 3984 verecundia:
2014 3940 2136 3996 pro-

537 4029 742 4103 phetali
771 4023 1080 4098 huiusmodi
1110 4023 1422 4094 usurpatio;
1449 4036 1515 4078 eo
1545 4019 1689 4091 quod
1731 4019 2138 4090 praesumpserit

534 4123 720 4180 dicere
747 4119 889 4193 quod
916 4133 1084 4189 super
1107 4131 1298 4174 omnes
1328 4113 1591 4170 docentes
1618 4111 1982 4180 intellexerit,
2011 4125 2132 4166 cum

534 4217 625 4272 vel
670 4215 870 4286 Legem
911 4213 1127 4283 Moyses
1175 4207 1446 4280 acceperit
1482 4222 1512 4262 a
1559 4205 1819 4273 Domino,
1847 4213 1901 4259 et
1939 4205 2135 4274 populo

536 4310 655 4381 ejus
697 4307 942 4364 instituta
988 4301 1271 4359 tradiderit
1301 4297 1499 4372 (Exod.
1529 4312 1638 4365 xu,
1685 4296 1774 4369 7),
1804 4296 1983 4350 Aaron
2006 4337 2019 4359 ,
2050 4311 2136 4348 sa-

537 4400 868 4459 criﬁciorum
918 4396 1160 4453 omnium
1190 4393 1423 4448 decurso
1451 4390 1556 4445 ritu
1580 4431 1596 4457 ,
1629 4388 2020 4445 sacerdotalem
2048 4387 2136 4442 do-

538 4493 718 4551 cuerit
748 4490 1089 4559 disciplinam
1121 4484 1320 4558 (Exod.
1355 4496 1541 4548 xxvnt,
1571 4481 1625 4547 1,
1656 4481 1692 4534 2
1719 4490 1765 4534 et
1792 4482 1946 4551 seq.),
1979 4480 2136 4535 Jesns

535 4586 682 4643 Nave
707 4583 1094 4654 signiﬁcaverit
1116 4573 1573 4651 quemadmodum
1597 4571 1944 4628 circumcisio
1967 4573 2135 4642 possit

2243 3369 2388 3422 tione
2439 3366 2620 3424 divina
2647 3410 2660 3434 ,
2705 3369 2797 3440 qui
2837 3384 3026 3425 canam
3061 3369 3286 3426 haberet
3318 3372 3694 3444 prudentiam,
3719 3390 3842 3446 quas

2239 3459 2688 3516 sanctiﬁcationis
2716 3462 2957 3518 caelestis
2986 3464 3160 3534 gratia
3187 3465 3475 3520 reluceret.

2312 3552 2400 3608 14.
2430 3553 2820 3611 Verumtamen
2840 3571 2946 3612 non
2966 3558 3097 3612 milii
3119 3559 3333 3614 videtur
3348 3575 3406 3616 se
3424 3561 3595 3631 ipsum
3616 3561 3841 3620 laudare

2238 3649 2534 3718 Propheta,
2563 3661 2616 3705 et
2649 3651 2904 3722 praeferre
2935 3655 3266 3723 senioribus,
3291 3671 3413 3711 cum
3441 3657 3634 3728 legerit
3661 3675 3675 3711 :
3711 3657 3839 3713 Non

2240 3753 2287 3797 te
2330 3752 2600 3812 pratereat
2643 3746 2876 3800 narratio
2917 3748 3177 3801 seniorum
3210 3765 3228 3802 :
3263 3758 3310 3803 et
3355 3750 3457 3820 ipsi
3482 3751 3616 3804 enim
3643 3751 3841 3806 didice-

2237 3845 2360 3889 runt
2395 3853 2426 3889 a
2470 3834 2719 3891 Patribus
2763 3837 2956 3907 (Ercli.
2994 3855 3120 3908 vni,
3157 3841 3267 3910 ll).
3311 3841 3446 3898 Nam
3476 3852 3531 3898 et
3558 3843 3843 3902 alibidixit

2239 3928 2427 3984 Sirach
2469 3929 2748 3999 Sapientia
2803 3948 2816 3984 :
2853 3930 2953 3986 Ubi
3001 3943 3122 3987 sunt
3151 3951 3331 4001 senes,
3378 3953 3480 3991 non
3516 3937 3734 3991 multum
3759 3940 3840 3992 lo-

2237 4023 2414 4093 quaris
2443 4020 2634 4093 (Eccli.
2668 4039 2839 4087 xxx",
2874 4025 2988 4095 15).
3020 4025 3126 4082 Sed
3158 4029 3307 4082 novit
3335 4029 3530 4099 quibus
3555 4047 3615 4085 se
3641 4029 3840 4101 przel'e—

2241 4125 2324 4171 rat
2343 4116 2671 4184 senioribus,
2707 4119 3028 4174 inveteratis
3056 4120 3265 4176 scilicet
3291 4121 3344 4176 in
3386 4132 3638 4192 peccato,
3666 4132 3721 4178 et
3742 4138 3808 4178 ve
3827 4152 3840 4164 -

2239 4218 2394 4266 terno
2443 4211 2758 4282 impietatis,
2791 4221 2955 4282 atque
2990 4213 3144 4268 senio
3184 4212 3422 4282 perﬁdia:
3451 4213 3832 4270 delirantibus.

2237 4302 2330 4358 Isti
2383 4312 2512 4358 sunt
2553 4304 2798 4360 seniores
2841 4303 3016 4374 plebis
3057 4303 3125 4360 de
3149 4303 3345 4374 quibus
3374 4305 3576 4362 dictum
3619 4314 3705 4362 est
3741 4309 3837 4378 qui

2239 4394 2527 4450 Dominum
2557 4395 2743 4452 Jesum
2775 4396 2950 4451 Pilato
2979 4395 3200 4466 prtesidi
3229 4397 3568 4455 tradiderunt
3599 4419 3611 4455 :
3641 4398 3840 4455 Conve-

2235 4498 2421 4542 nerunt
2461 4477 2604 4543 enim
2647 4490 2965 4556 sacerdotes,
3001 4499 3048 4544 et
3075 4491 3282 4558 scribae,
3317 4502 3362 4547 et
3394 4494 3647 4559 seniores,
3681 4503 3739 4548 ut
3760 4494 3841 4549 ait

2238 4578 2448 4633 Marcus
2492 4577 2687 4652 (Marc.
2719 4597 2832 4649 xw,
2857 4581 2976 4653 53).
3015 4583 3083 4637 Et
3111 4582 3305 4638 iterum
3341 4602 3354 4639 :
3381 4582 3636 4640 Fecerunt
3667 4603 3840 4642 sacer—

537 4677 727 4736 iterari
758 4675 958 4746 (Iosue,
988 4691 1044 4740 ν,
1065 4674 1122 4739 2,
1155 4672 1189 4727 5
1219 4681 1266 4726 et
1289 4667 1448 4740 seq.),
1476 4665 1694 4723 Samuel
1717 4664 1990 4722 unctionis
2015 4679 2141 4734 pro—
2165 4656 2218 4719 D
2245 4671 2387 4726 dotes
2435 4673 2714 4728 concilium
2771 4691 2889 4729 cum
2936 4676 3256 4742 senioribus;
3311 4686 3366 4730 ut
3417 4693 3533 4732 eum
3580 4681 3841 4748 traderent

535 4771 771 4845 pheticaa
815 4766 1019 4838 pariter
1061 4779 1126 4820 ac
1175 4763 1337 4833 regiae
1377 4769 1717 4817 sacramenta
1752 4757 2132 4814 monstraverit

534 4865 579 4940 (Ι,
607 4865 738 4938 Reg.
772 4875 882 4926 xv1,
912 4859 1026 4929 15).
1056 4855 1366 4922 Videretur,
1401 4855 1651 4924 inquam,
1682 4854 1977 4924 incongrua
2005 4868 2136 4922 pra:-

530 4958 790 5029 sumptio,
822 4954 924 5010 nisi
957 4949 1312 5024 prtemlsisset
1339 4947 1644 5018 superiora,
1677 4947 1870 5016 quibus
1901 4963 2007 5002 non
2031 4947 2131 5001 im-

534 5054 732 5111 merito
769 5065 930 5122 super
974 5049 1236 5104 docentes
1280 5043 1616 5100 intellexisse
1645 5057 1705 5099 se
1727 5045 2128 5114 comprobaret.

606 5181 633 5209 ιι
663 5169 866 5226 Omnes
893 5165 1024 5222 edit.
1071 5177 1136 5219 ac
1166 5177 1296 5218 mss.
1349 5160 1575 5231 aliquot,
1609 5169 1829 5231 quantus
1852 5162 2129 5216 meditatus

606 5181 633 5209 ιι
663 5176 866 5226 Omnes
893 5176 1024 5222 edit.
1071 5177 1136 5219 ac
1166 5177 1296 5218 mss.
1349 5176 1418 5215 an
1463 5176 1575 5224 not,
1609 5176 1829 5231 quantus
1852 5176 2129 5216 meditatus

534 5245 588 5299 in
629 5241 792 5312 Lege.
830 5238 899 5294 Et
927 5236 1067 5293 infra
1088 5275 1114 5312 ,_
1131 5235 1404 5289 meditatur
1425 5176 1587 5312 (legis
1623 5241 1672 5288 et
1699 5229 2130 5312 Euangelii-pm.

536 5303 754 5370 dicato}.
775 5311 883 5368 Sed
909 5325 1038 5365 mss.
1066 5308 1248 5379 plures
1264 5320 1327 5361 ac
1342 5303 1580 5375 p0tiores
1595 5303 1883 5374 utrobique
1903 5303 2126 5374 habent,

535 5386 826 5441 meditator.

600 5451 1186 5526 1’Nempe.ludtei,quos
1200 5445 2123 5526 bicsnbinde[sanctusesagitau

611 5541 633 5569 ο
661 5517 807 5584 Εάὶἰ.
845 5538 1036 5580 omnes
1063 5517 1185 5574 cum
1217 5535 1348 5574 mss.
1391 5517 1696 5578 nonnullis.
1721 5529 1767 5572 et
1803 5534 1866 5573 ex
1893 5517 1986 5572 illo
2013 5521 2128 5574 novi

534 5599 865 5666 respondere,
912 5604 971 5666 et,
1002 5608 1070 5666 iege
1093 5592 1205 5666 illo_
1225 5607 1386 5666 supra
1414 5588 1533 5643 illos
1559 5590 1791 5666 intelligo
1812 5630 1826 5654 ,
1858 5590 1996 5660 quod
2026 5607 2126 5666 non

535 5662 1054 5744 intélligebantaiklii
1104 5662 1590 5744 majorinnumero,
1622 5669 1690 5744 ut
1721 5662 1772 5744 in
1820 5669 2005 5744 textu;
2038 5663 2128 5716 ubi

535 5757 658 5815 post
678 5730 884 5815 ilicem,
908 5736 1001 5815 illo
1022 5776 1036 5800 ,
1067 5730 1837 5815 subintelligendum.videt-nr,
1864 5741 2126 5815 tempore,

533 5801 642 5877 quo
685 5801 936 5867 Christus
967 5805 1082 5861 haec
1110 5803 1269 5859 verba
1302 5803 1504 5877 Judmis
1544 5801 1696 5857 dixit.
1742 5801 1948 5858 Rursus
1978 5801 2126 5877 edit.

533 5875 719 5952 Rom.,
742 5897 860 5954 quae
887 5879 964 5936 illi
991 5894 1095 5935 non
1125 5885 1388 5934 noverant.
1412 5875 1549 5934 Alite
1577 5889 1701 5931 cum
1728 5889 1888 5942 mss.,
1906 5891 2022 5947 qua:
2045 5876 2134 5932 ille

2236 4767 2431 4839 (Marc.
2460 4783 2552 4833 xv,
2584 4768 2659 4839 1).
2691 4768 2756 4823 Ει
2787 4768 3076 4826 adversum
3108 4771 3387 4840 apostolos
3411 4772 3464 4828 in
3496 4772 3720 4828 Actibus
3742 4789 3838 4829 eo-

2233 4876 2388 4929 rum,
2413 4859 2558 4931 quod
2592 4861 2840 4917 seniores
2861 4862 3025 4918 Israel
3051 4865 3436 4931 convenerint,
3460 4865 3653 4922 Petrus
3678 4882 3841 4922 sanc-

2237 4963 2343 5020 tus,
2375 4950 2623 5009 etLucas
2637 4953 2978 5025 Evangelista
3007 4964 3273 5012 testantur
3299 4956 3574 5030 (Act.rv,l
3605 4970 3654 5015 et
3673 4962 3834 5030 seq.).

2235 5049 2353 5104 Non
2383 5063 2514 5119 ergo
2539 5050 2698 5105 senili
2727 5049 3005 5122 derogavit
3034 5057 3178 5106 a-tati
3213 5069 3227 5105 :
3258 5051 3355 5107 sed
3381 5067 3515 5108 voce
3541 5053 3726 5124 p0puli
3750 5070 3840 5110 se-

2241 5181 2342 5243 non
2367 5165 2512 5243 nouit
2542 5179 2561 5219 :
2587 5165 2728 5235 quod
2776 5165 3123 5223 referendum
3149 5167 3215 5223 ad
3243 5170 3523 5239 superiora
3550 5189 3564 5226 :
3601 5159 3840 5243 Respon-

2241 5235 2324 5290 det
2351 5234 2594 5301 Judwus,
2609 5234 2612 5235 ⁷
2626 5245 2734 5292 etc.

2310 5304 2336 5342 ά
2363 5305 2686 5382 Superiores
2707 5306 2864 5372 edit.,
2886 5306 2953 5382 In
2983 5312 3122 5378 quo?
3140 5321 3350 5382 prapter
3373 5312 3566 5368 donum
3587 5315 3835 5382 scientitc,

2237 5379 2396 5446 quod.
2427 5418 2441 5432 .
2469 5417 2482 5430 .
2511 5420 2524 5434 .
2557 5390 2876 5455 consecutus.
2904 5379 3260 5450 Moralis,etc.
3287 5382 3414 5455 Mss.
3438 5397 3616 5440 autem
3641 5379 3838 5455 magno

2237 5464 2531 5524 consensu,
2565 5459 2622 5505 ut
2658 5451 2710 5504 in
2741 5465 3000 5524 corpore:
3039 5455 3140 5508 nisi
3171 5453 3315 5524 quod
3350 5454 3468 5510 loco
3494 5451 3838 5523 praepositio-

2241 5521 2324 5576 nis
2362 5532 2566 5598 praeter,
2611 5520 2766 5590 pauci
2799 5522 3004 5590 legunt,
3034 5520 3253 5595 prwcs't;
3276 5540 3381 5578 non
3408 5520 3568 5593 male,
3592 5520 3637 5583 si
3667 5543 3837 5598 punc-

2241 5591 2744 5665 tum_transl‘eratur
2767 5603 2892 5665 post
2910 5591 3098 5651 vocem
3127 5609 3446 5650 consecutus.

2311 5663 2440 5735 eglta
2473 5678 2603 5735 mss.
2656 5663 2825 5732 prope
2862 5666 2930 5721 ad
2958 5683 3145 5722 unum.
3181 5666 3304 5722 Vet.
3335 5677 3517 5724 autem
3547 5669 3703 5735 edit.,
3741 5670 3838 5725 Si-

2237 5733 2441 5808 quidem
2485 5733 2582 5808 Dei
2624 5736 2795 5808 gratia
2842 5751 3050 5804 erogata
3088 5737 3157 5791 ad
3199 5740 3520 5807 doctrinam,
3563 5733 3839 5796 maturita-

2241 5803 2340 5878 teni
2389 5806 2554 5878 celatis
2579 5847 2593 5871 ,
2625 5803 3029 5878 supergreditur
3087 5809 3280 5863 senilis.
3335 5803 3669 5868 lloiufedit.
3706 5849 3721 5865 .
3754 5852 3768 5866 .
3813 5851 3834 5869 .

2241 5875 2494 5933 Doctrina
2543 5875 2890 5936 maturitatem
2931 5879 3098 5936 aetatis
3149 5882 3575 5954 supergrediatur
3628 5884 3831 5942 senilis.
