3982 6522
121 398 270 455 1585

1237 391 1302 450 ΙΝ
1342 392 1673 453 I’SALMUM
1711 396 1925 453 CXVIII
1965 396 2350 458 EXPOSITIO.

3297 408 3319 463 1
3332 409 3437 465 586

117 506 302 568 nioris
341 508 686 567 iudocibilem
733 507 826 565 Dei
876 516 1156 564 vetustum
1200 509 1350 565 illum
1397 509 1609 567 dierum
1642 510 1736 568 Ju-

1869 520 1910 575 is
1941 519 2235 577 incessum.
2258 518 2517 587 Prohibe,
2542 518 2785 588 inquam,
2810 521 3005 578 resiste
3028 521 3441 594 cupiditatibus,

120 603 370 661 amorum
395 605 509 661 fore
552 604 808 675 populum
839 602 1222 674 prophetavit,
1258 605 1345 675 qui
1374 604 1519 675 quod
1551 606 1605 661 in
1640 604 1732 676 ju-

126 707 354 754 ventute
374 714 470 753 sua
497 713 602 754 non
629 696 982 769 acquisierat,
1013 706 1070 752 et
1100 697 1153 751 in
1174 707 1458 754 senectute
1485 699 1734 755 invenire

123 807 238 849 non
278 793 473 863 putuit.
498 792 759 864 Namque
787 808 815 845 a
847 791 1115 863 principio
1143 792 1516 866 frequentibus
1550 793 1737 850 Domi-

84 964 89 967 ι
123 900 258 940 ιιιιιιι
307 887 651 959 eXasperavit
680 885 922 942 offensis.
955 885 1125 957 Cujus
1159 886 1321 959 igitur
1354 888 1585 959 gratiam
1610 903 1733 944 cum

125 991 277 1037 esset
297 979 539 1052 juvenis,
563 995 676 1036 non
700 989 947 1051 potuerat
966 980 1220 1048 emereri,
1250 978 1413 1051 hujus
1442 980 1735 1037 adventum

126 1090 297 1132 senex
340 1091 450 1132 non
479 1075 673 1132 meruit
701 1089 1018 1148 agnoscere,
1055 1074 1257 1131 donum
1290 1086 1476 1132 tenere
1507 1093 1613 1131 non
1645 1091 1741 1147 po-

124 1171 252 1226 tuit.
288 1179 314 1208 ιι
353 1170 564 1230 Sensus
587 1180 770 1228 autem
808 1171 863 1225 in
893 1169 1126 1235 canitie,
1151 1169 1412 1226 indicium
1441 1168 1741 1227 senectutis

128 1263 185 1319 in
212 1279 380 1320 sensu
409 1271 517 1332 est,
546 1275 602 1320 et
635 1263 876 1320 veterani
912 1262 1126 1319 consilii
1166 1264 1396 1320 scientia
1432 1264 1743 1321 intellectus

129 1361 470 1429 maturitate,
495 1376 602 1416 non
629 1360 754 1415 vita:
780 1360 1126 1431 longaevitate
1157 1358 1466 1430 praefertur.

206 1456 295 1511 15.
332 1443 693 1526 Eiquiramus
728 1468 858 1524 ergo
904 1451 1154 1508 mandata
1198 1452 1331 1518 Dei;
1365 1461 1424 1507 ιιι
1447 1467 1611 1522 super
1656 1468 1742 1508 se-

134 1547 324 1603 niores
376 1546 763 1617 intelligamus.
809 1545 1101 1616 Fugiamus
1144 1545 1286 1600 viam
1320 1545 1581 1601 lubricatn
1614 1560 1742 1617 pecv

134 1652 422 1711 natorum;
455 1650 515 1699 ut
556 1643 827 1710 possimus
870 1648 1150 1712 pra-cepta
1177 1639 1455 1697 custodire
1478 1640 1744 1696 caelestia.

138 1736 255 1795 Hoc
282 1737 427 1794 enim
458 1736 735 1792 declarant
770 1734 1079 1807 sequentia.
1109 1734 1284 1806 Super
1309 1735 1559 1790 seniores
1583 1733 1749 1789 intel-

1837 612 2042 669 obsiste
2080 613 2317 670 motibus
2357 613 2450 688 qtti
2490 615 2741 672 videntur
2775 616 3016 683 irruere,
3064 619 3204 675 sicut
3250 619 3442 676 bestiae

1836 713 2001 777 atque
2028 707 2306 776 iumenta;
2337 718 2393 763 ut
2421 717 2638 767 teneros
2667 709 2897 778 fructus,
2921 721 2977 768 et
2996 727 3134 769 nova
3166 714 3311 769 ruris
3340 714 3440 770 hu-

1832 798 1924 870 jus
1948 802 2115 857 nostri
2138 803 2280 859 culta
2309 803 2628 875 depascant.

1913 894 2002 949 17.
2048 893 2330 963 Prolu’bui,
2363 897 2559 967 inquit,
2584 899 2738 969 pedes
2777 916 2935 956 meos.
2963 900 3080 957 Non
3108 901 3295 972 utique
3321 917 3448 958 cor-

1839 987 1989 1059 poris
2031 988 2199 1059 pedes
2245 989 2565 1060 prohibent,
2608 992 2700 1063 qui
2738 993 2938 1050 mentis
2985 996 3086 1066 piae
3124 994 3449 1066 plerumque

1840 1079 2219 1152 obsequuntur
2258 1082 2506 1138 arbitrio.
2534 1083 2719 1156 Neque
2746 1087 2892 1142 enim
2930 1087 3257 1158 prohibendi
3283 1098 3448 1154 sunt,

1841 1188 1963 1231 cum
2011 1174 2278 1245 prodeunt
2324 1175 2391 1231 ad
2440 1176 2535 1233 Dei
2578 1180 2858 1249 templum,
2891 1181 3067 1237 viduae
3099 1197 3259 1255 opem
3302 1182 3451 1239 ferre

1844 1268 2121 1336 festinant,
2173 1269 2397 1341 impium
2443 1270 2773 1341 praevenire,
2818 1275 3170 1345 supplantare
3210 1276 3446 1346 aliquem

1846 1358 2271 1417 fraudulentum.
2320 1362 2473 1419 Alius
2520 1362 2682 1434 igitur
2722 1372 2805 1419 est
2835 1380 2931 1435 pes
2971 1365 3062 1437 qui
3098 1367 3222 1437 jure
3267 1368 3453 1438 prohi-

1846 1454 2024 1511 betur.
2076 1455 2207 1523 Quis
2249 1455 2344 1512 ille
2369 1457 2463 1523 sit,
2490 1456 2605 1527 ipse
2633 1457 2903 1528 Propheta
2934 1474 3033 1514 nos
3057 1460 3252 1517 doceat
3279 1479 3291 1515 :
3327 1462 3450 1516 Non

1847 1550 2048 1618 ueniat,
2080 1549 2282 1621 inquit,
2329 1550 2457 1605 mihi
2504 1568 2591 1622 pes
2618 1551 3075 1624 superbitMPsal.
3118 1570 3288 1619 xxxv,
3334 1556 3451 1623 12).

1852 1641 1950 1697 Est
1993 1644 2157 1700 etiam
2209 1659 2303 1715 pes
2329 1644 2660 1715 iniquitatis,
2687 1647 2779 1717 qui
2817 1647 2927 1702 cito
2959 1647 3179 1711 labitur,
3221 1657 3277 1704 et
3306 1660 3456 1705 stare

1850 1752 1957 1791 non
1981 1748 2181 1808 potest,
2208 1739 2351 1793 sicut
2379 1754 2474 1809 pes
2499 1739 2833 1811 perfidorum
2858 1750 2964 1804 est.
2996 1741 3067 1797 de
3095 1741 3294 1811 quibus
3320 1742 3459 1799 scri-

136 1832 271 1890 Iexit
299 1830 469 1889 Jacob
503 1830 691 1902 junior
732 1828 945 1897 frater;
996 1830 1121 1901 quia
1174 1846 1297 1885 cum
1351 1830 1536 1887 senior
1580 1828 1749 1885 frater
1851 1838 2000 1900 ptum
2029 1843 2152 1887 est:
2195 1830 2284 1886 lbi
2309 1831 2603 1888 ceciderunt
2643 1850 2819 1890 omnes
2849 1834 2938 1904 qui
2965 1845 3246 1908 operantur
3265 1835 3460 1906 iniqui-

136 1926 281 1983 Esau
312 1924 731 1999 prtcrogativam
752 1921 854 1980 sibi
884 1923 1282 1980 benedictionis
1310 1924 1594 1996 privilegio
1614 1931 1745 1979 tem-
1772 1916 1822 1978 B
1850 1935 2003 1981 tatem
2023 1967 2038 1991 ,
2085 1926 2289 1995 expulsi
2324 1937 2466 1993 sunt,
2522 1945 2613 1984 nrc
2640 1939 2919 2002 potuerunt
2953 1941 3089 1986 stare
3117 1928 3308 2001 (Ibid.,
3346 1930 3456 2001 15).

136 2020 208 2076 tis
248 2017 527 2090 exposcit,
580 2017 803 2088 reliquit
832 2016 1024 2087 epulas
1066 2017 1338 2084 mitiores,
1377 2017 1505 2074 dum
1550 2018 1749 2087 qumrit

135 2120 384 2185 agrestes
407 2110 568 2184 (Gen.
595 2126 735 2173 xxv,
761 2109 877 2179 52).
903 2108 1159 2166 Profecto
1181 2109 1277 2166 illo
1301 2111 1352 2164 in
1374 2110 1744 2175 venationem,

129 2206 319 2278 junior
358 2203 530 2261 frater
559 2206 883 2262 vestimenta
904 2203 1021 2275 ejus
1047 2202 1291 2274 accepit,
1319 2212 1377 2259 et
1405 2203 1537 2258 mihi
1582 2203 1750 2259 tradi-

136 2302 217 2358 dit
259 2301 466 2374 populo
510 2301 826 2367 nationum,
868 2307 1117 2355 materno
1150 2313 1283 2355 usus
1316 2299 1547 2355 consilio
1587 2297 1745 2369 (Gen.

138 2412 314 2463 xxvtt,
340 2396 409 2452 15
434 2404 483 2450 et
509 2395 664 2467 seq.).
703 2393 856 2450 Illam
903 2407 1035 2466 ergo
1058 2393 1343 2464 sapientiae
1368 2394 1564 2448 stolam
1586 2407 1749 2463 quam

139 2489 331 2545 habuit
353 2497 517 2544 antea
542 2488 777 2559 populus
802 2484 1142 2553 Iudaeorum,
1168 2485 1343 2541 induit
1370 2500 1457 2542 me
1479 2485 1748 2541 Rebecca.

143 2581 300 2639 Stola
343 2580 465 2652 ejus
510 2580 653 2637 bona
680 2579 792 2635 Lex
822 2588 879 2635 et
907 2580 1207 2650 prophetae.
1237 2577 1348 2634 liae
1374 2578 1512 2634 stola
1536 2577 1630 2633 ille
1658 2591 1755 2648 po-

145 2676 308 2747 pulus
332 2685 414 2731 est
439 2673 699 2740 nudatus,
734 2688 834 2729 nos
861 2672 1034 2728 induti
1059 2686 1272 2728 sumus.
1302 2670 1482 2728 Induit
1512 2685 1613 2726 nos
1641 2685 1756 2725 ma-

146 2780 231 2825 ter
276 2768 365 2824 iila
418 2767 784 2834 Hierusalem,
830 2782 952 2839 quae
995 2766 1052 2821 in
1100 2766 1243 2822 ctelo
1280 2774 1385 2821 est.
1430 2763 1759 2820 Accedimus

149 2880 283 2937 ergo
321 2869 389 2921 ad
418 2866 659 2935 Patrem,
690 2866 974 2930 offerimus
1017 2865 1095 2921 illi
1126 2864 1317 2935 epulas
1355 2863 1631 2927 mitiores,
1665 2874 1758 2930 pa-

152 2950 358 3016 tientiae
402 2961 592 3030 cibos,
647 2960 1040 3018 misericordia:
1085 2959 1407 3025 lenitatem,
1449 2956 1762 3013 intellectus

154 3054 502 3111 suavitatem.
555 3054 780 3125 Accipio
829 3052 1298 3120 benedictionem,
1330 3050 1586 3124 praeripio
1606 3047 1761 3104 fratri

153 3148 359 3207 seniori
387 3148 620 3221 gratiam
641 3147 964 3220 spiritalem.
986 3147 1149 3205 Venit
1175 3147 1289 3215 ille,
1321 3145 1619 3202 irascitur:
1650 3157 1758 3198 non

153 3241 359 3299 invenit
403 3241 549 3313 quod
595 3242 849 3314 accipiat.
906 3240 1087 3299 Mater
1135 3240 1394 3307 occurrit,
1445 3246 1502 3295 ct
1543 3238 1632 3307 pio
1660 3251 1759 3293 nos

155 3337 371 3394 hortatu
411 3336 689 3393 informat.
723 3313 963 3393 Desidet
994 3350 1164 3407 penes
1187 3349 1277 3392 me
1302 3332 1444 3390 stola
1468 3332 1562 3389 illa
1595 3330 1757 3389 bonis
1780 3313 1828 3379 C

156 3433 361 3490 intexta
384 3432 673 3489 mandatis.
1221 3470 1225 3475 ο

229 3527 317 3583 16.
344 3525 526 3599 (Vere.
556 3523 709 3597 101.)
741 3524 819 3579 Ab
850 3525 1012 3590 otnni,
1042 3523 1236 3594 inquit,
1266 3523 1350 3578 uia
1376 3522 1615 3595 maligna
1633 3535 1754 3592 pro-

161 3618 301 3675 hibui
341 3602 499 3691 pedes
548 3633 729 3684 meos;
775 3616 988 3691 1136
1030 3625 1086 3671 ut
1115 3616 1409 3671 custodiam
1446 3614 1598 3671 verba
1649 3624 1756 3668 tua.

162 3713 301 3770 Vere
323 3712 517 3784 dignus
539 3713 630 3785 qui
655 3728 823 3784 super
850 3712 1105 3769 seniores
1127 3710 1485 3783 intelligeret;
1514 3709 1761 3781 quando-

160 3807 377 3879 quidem
407 3807 599 3864 divino
624 3816 709 3864 est
732 3807 1036 3863 honoratus
1060 3804 1274 3876 spiritu,
1307 3815 1365 3860 ut
1395 3805 1637 3862 seniores
1665 3804 1764 3860 do-

164 3911 316 3961 ceret
358 3919 466 3959 non
510 3903 689 3960 solum
732 3900 1043 3957 intellectus
1066 3900 1375 3965 veritatem,
1400 3896 1761 3954 verumctiam

163 3998 367 4067 peccati
391 3998 596 4070 fugam,
617 3996 900 4067 culpaeque
921 3993 1213 4051 cautelam.
1236 3992 1427 4064 Itaque
1446 4008 1570 4047 cum
1599 3990 1763 4062 fragi-

164 4090 288 4146 litas
329 4089 560 4146 humana
598 4103 770 4161 prona
798 4088 894 4154 sit,
930 4097 989 4143 ut
1013 4086 1081 4142 ad
1110 4087 1277 4142 imum
1318 4085 1637 4149 affectibus,
1661 4083 1690 4122 δ
1711 4092 1769 4139 et

166 4194 421 4243 currente
462 4184 694 4255 vestigio
734 4182 941 4238 feratur
977 4181 1031 4235 in
1061 4163 1278 4241 vitium,
1320 4177 1482 4233 docet
1507 4174 1769 4249 quemad-

165 4280 382 4336 modum
402 4280 503 4334 vite
524 4278 681 4332 istius
705 4276 974 4330 lubricum
994 4281 1049 4328 et
1070 4273 1285 4327 itineris
1302 4271 1463 4341 hujus
1485 4270 1766 4325 anfractus

170 4377 408 4432 viantem
447 4371 732 4442 implicare
762 4384 871 4424 non
897 4365 1089 4439 possit.
1126 4364 1380 4421 Prohibui
1400 4406 1416 4430 ,
1441 4363 1648 4436 inquit,
1681 4378 1771 4434 pc-

172 4469 262 4525 des
284 4482 421 4522 meos
448 4481 482 4520 a
501 4463 731 4537 maligna
755 4461 860 4529 eia,
884 4459 989 4515 hoc
1017 4467 1124 4525 est,
1147 4458 1217 4514 ab
1237 4457 1393 4514 istius
1411 4456 1600 4514 saeculi
1621 4456 1770 4511 vani-

174 4570 316 4625 tate;
342 4560 466 4630 quia
489 4556 750 4615 saeculum
783 4556 836 4610 in
870 4554 1108 4626 maligno
1131 4553 1365 4625 positum
1398 4558 1504 4609 est.
1537 4550 1768 4609 Dubium

150 4653 429 4727 °quidquid
478 4664 559 4710 est
585 4694 601 4720 ,
652 4660 703 4707 et
733 4648 986 4721 ancipitis
1011 4658 1034 4689 ο
1059 4645 1316 4714 effectus,
1344 4645 1446 4703 hoc
1471 4646 1766 4718 malignum

176 4758 292 4815 est;
324 4756 383 4802 ut
410 4745 499 4801 lux
525 4742 709 4810 dubia,
737 4742 967 4813 maligna
996 4739 1197 4796 dicitur
1224 4758 1238 4794 :
1269 4740 1339 4794 ita
1363 4739 1659 4811 malignum
1687 4745 1773 4795 est

1851 2018 2088 2076 Prohibe
2122 2035 2255 2093 ergo
2298 2021 2464 2091 pedes
2494 2031 2650 2092 tuos,
2692 2040 2763 2081 ne
2790 2025 2979 2093 cadas;
3017 2035 3143 2081 sunt
3171 2026 3317 2082 enim
3348 2041 3457 2080 non

1851 2115 2025 2170 solum
2052 2116 2361 2179 criminum.
2394 2117 2489 2174 sed
2522 2120 2685 2175 etiam
2717 2121 3046 2177 infirmitatis
3072 2120 3260 2192 pedes.
3285 2120 3356 2176 Et
3380 2119 3466 2174 vi-

1852 2211 2092 2269 dendum
2133 2228 2203 2268 ne
2257 2212 2439 2269 cadas.
2492 2213 2562 2269 Et
2609 2214 2845 2271 videaris
2888 2216 2983 2272 tibi
3033 2215 3257 2272 forsitan
3321 2214 3465 2272 bene

1853 2315 2000 2362 stare
2032 2323 2045 2360 :
2087 2306 2182 2362 sed
2214 2305 2349 2363 dicit
2386 2306 2485 2365 tibi
2514 2307 2714 2365 Paulus
2747 2310 2853 2367 :Et
2880 2317 2936 2365 tu
2959 2309 3052 2381 qui
3073 2318 3188 2365 stas
3208 2350 3223 2377 ,
3249 2308 3371 2365 vide
3392 2324 3464 2364 ne

1851 2399 2016 2456 cadas
2059 2398 2103 2474 (I
2129 2396 2251 2455 Cor.
2282 2416 2339 2468 ι,
2375 2399 2487 2474 12).
2524 2401 2819 2471 Diligenter
2843 2402 3065 2458 attende
3100 2404 3240 2458 viam
3282 2411 3455 2469 tuam,

1855 2503 1915 2549 ut
1942 2492 2133 2548 audias
2158 2510 2173 2549 :
2207 2492 2285 2548 Tu
2306 2503 2480 2549 autem
2507 2494 2590 2549 hic
2614 2505 2692 2550 sta
2718 2511 2935 2550 mecum.
2968 2495 3130 2552 Stans
3160 2495 3304 2550 enim
3337 2510 3461 2551 cum

1858 2585 2001 2651 Deo,
2029 2585 2241 2657 lapsura
2268 2588 2462 2643 timere
2484 2602 2591 2642 non
2625 2588 2848 2657 puteris.
2893 2588 3058 2644 Stans
3078 2603 3201 2643 cum
3233 2588 3344 2643 Deo
3372 2604 3471 2658 po-

1859 2681 1989 2735 teris
2017 2679 2201 2736 dicere
2234 2697 2247 2732 :
2274 2678 2446 2735 Eruit.
2478 2718 2491 2733 .
2520 2716 2536 2731 .
2565 2717 2578 2734 .
2610 2681 2766 2751 pedes
2806 2697 2942 2735 meos
2962 2699 2993 2735 a
3017 2682 3167 2754 lapsu
3190 2679 3374 2753 (Deut.
3410 2696 3467 2742 v,

1858 2770 1955 2843 ’51)
1983 2790 1996 2828 :
2033 2771 2130 2828 sed
2172 2772 2244 2827 ita
2276 2772 2420 2827 eruit
2454 2772 2716 2827 Dominus
2748 2773 2912 2842 pedes
2958 2782 3080 2829 tuos
3110 2774 3180 2827 ab
3209 2772 3357 2827 omni
3385 2772 3467 2825 la-

1860 2881 1984 2937 psu,
2034 2866 2077 2921 si
2121 2867 2441 2938 cognoverit
2486 2866 2631 2938 quod
2675 2876 2731 2923 tu
2771 2867 3062 2939 prohibeas
3103 2867 3268 2937 pedes
3297 2876 3467 2924 tuosa

1862 2959 2040 3031 lapsu.
2077 2957 2204 3015 Ideo
2227 2958 2330 3016 hoc
2357 2959 2555 3016 meruit
2596 2959 2785 3029 David,
2815 2970 2873 3016 ut
2904 2961 3046 3030 Deus
3072 2976 3100 3015 a
3124 2961 3280 3032 lapsu
3304 2960 3472 3031 pedes

1862 3053 1982 3125 ejus
2017 3062 2267 3121 erueret;
2309 3053 2566 3126 quoniam
2599 3053 2763 3125 pedes
2803 3069 2932 3110 suos
2972 3054 3089 3125 ipse
3121 3052 3466 3124 prohibebat,

1863 3165 1936 3207 ne
1981 3150 2243 3222 praecipiti
2292 3158 2455 3219 atque
2502 3149 2719 3205 incauto
2767 3156 3116 3220 peccatorum
3150 3140 3473 3205 laberentur

1860 3242 2094 3313 vestigio
2121 3259 2133 3296 :
2176 3241 2316 3298 unde
2339 3250 2392 3297 et
2417 3242 2595 3313 putuit
2617 3242 2783 3298 verba
2808 3241 3091 3299 custodire
3111 3241 3318 3297 divina;
3346 3239 3467 3297 Non

1860 3334 2004 3391 enim
2035 3335 2314 3393 custodire
2338 3336 2460 3407 quis
2487 3336 2706 3407 poterit,
2727 3334 2833 3391 nisi
2860 3336 3097 3407 potuerit
3125 3337 3273 3406 prius
3296 3345 3465 3392 stare.

1859 3427 1995 3484 Cum
2022 3439 2202 3485 autem
2227 3428 2568 3497 custodierit,
2596 3430 2699 3500 ipsi
2726 3428 2918 3499 incipit
2942 3428 3035 3485 Dei
3061 3427 3297 3485 Verbum
3315 3426 3471 3485 ferre

1860 3525 2184 3580 custodiam.
2221 3524 2533 3580 Prohibitos
2556 3523 2723 3597 pedes
2754 3540 2883 3579 suos
2906 3539 2934 3577 a
2961 3524 3042 3579 via
3068 3523 3307 3594 maligna
3329 3522 3472 3579 bene

1861 3617 2013 3687 dicit,
2038 3618 2130 3689 qui
2156 3617 2431 3674 Christum
2463 3617 2604 3672 viam
2625 3631 2749 3673 esse
2776 3619 2942 3672 novit.

1937 3711 2025 3767 18.
2060 3712 2239 3786 (Vers.
2275 3711 2428 3786 102.)
2466 3711 2509 3766 Α
2525 3712 2743 3786 judiciis
2771 3712 2872 3766 tuis
2895 3727 2998 3766 non
3023 3712 3316 3778 declinavi;
3345 3727 3474 3782 quo-

1863 3805 2006 3860 niam
2047 3814 2102 3859 tu
2153 3803 2314 3877 legem
2340 3805 2561 3877 posuisti
2595 3804 2744 3859 mihi.
2787 3804 3055 3874 Exposuit
3098 3804 3223 3876 quid
3267 3813 3413 3860 esset
3444 3821 3475 3860 a

1863 3902 1949 3957 via
1977 3900 2212 3973 maligna
2243 3900 2540 3972 prohibere
2577 3898 2806 3969 pedem;
2854 3913 2882 3952 a
2911 3897 3129 3967 judiciis
3152 3898 3335 3966 utique
3366 3911 3475 3951 non

1866 3996 2143 4052 declinare
2167 3993 2394 4059 divinis,
2427 4002 2483 4049 et
2513 3992 2729 4047 firmum
2760 4002 2923 4062 atque
2966 3989 3248 4046 immobile
3286 4005 3478 4061 perse—

1867 4089 2106 4144 verantis
2127 4086 2458 4143 innocentiae
2490 4096 2676 4141 tenere
2703 4084 3012 4153 vestigium,
3043 4100 3151 4138 nun
3181 4082 3476 4138 deflectere

1867 4183 2126 4257 gradum,
2163 4195 2265 4235 nec
2302 4178 2369 4234 de
2410 4176 2686 4233 curriculo
2715 4182 2966 4231 avertere
2999 4169 3336 4242 disciplinm,
3380 4173 3477 4228 sed

1870 4279 2082 4337 semitis
2108 4290 2217 4331 non
2244 4273 2422 4330 solum
2465 4269 2664 4325 veteris
2687 4268 2739 4324 in
2769 4268 2924 4333 Sina,
2955 4264 3050 4320 sed
3077 4264 3289 4339 1137
3310 4266 3474 4320 etiam

1872 4389 2025 4431 novae
2054 4371 2213 4443 Legis
2237 4369 2491 4426 insistere
2516 4363 2818 4421 secundum
2850 4361 3122 4431 Evangelii
3145 4361 3474 4415 claritatem.

1944 4467 2033 4524 I9.
2062 4465 2161 4521 ESl
2191 4463 2355 4519 etiam
2399 4456 2681 4529 Evangelii
2718 4456 2829 4522 lex,
2871 4454 2940 4509 de
2984 4468 3089 4525 qua
3132 4451 3265 4508 dicit
3305 4451 3357 4506 in
3390 4466 3483 4508 su-

1871 4561 2178 4637 perioribus
2206 4557 2294 4613 hic
2337 4553 2603 4627 prepheta
2636 4570 2649 4606 :
2682 4548 2969 4612 Constitue,
3000 4545 3241 4611 Domine,
3271 4545 3484 4617 legisla.

1877 4666 2035 4713 torem
2063 4670 2219 4727 super
2258 4667 2344 4708 eos
2371 4666 2390 4704 :
2434 4648 2599 4703 sciant
2625 4655 2799 4718 gentes
2823 4642 3067 4715 quoniam
3094 4640 3329 4695 homines
3359 4652 3484 4695 sunt

1879 4749 2052 4821 (Psal.
2084 4764 2161 4815 ix,
2189 4743 2307 4818 21).
2337 4741 2640 4799 Adventum
2670 4738 2857 4808 utique
2884 4735 3096 4790 Domini
3128 4733 3484 4804 intelligimus

179 4838 432 4911 quidquid
468 4837 736 4895 admiscet
766 4834 987 4890 malitia:
1016 4833 1267 4889 tenebras
1290 4832 1527 4889 veritati.
1557 4832 1760 4890 Revoca

1881 4841 1908 4881 (ι
1939 4839 2274 4914 prophetari,
2304 4846 2362 4892 et
2381 4832 2720 4889 vocationem
2748 4828 2989 4901 gentium
3020 4842 3139 4899 qua:
3167 4839 3292 4882 ante
3317 4826 3371 4881 in
3400 4827 3482 4882 lu-

180 4947 308 5004 crgo
328 4933 396 4989 ab
419 4933 574 4989 istius
601 4930 784 4987 mundi
808 4928 1020 4985 lubrico
1035 4926 1208 5000 pedes
1226 4925 1399 4983 animi
1420 4925 1516 4991 tui,
1542 4934 1597 4981 et
1622 4938 1778 4980 men-

254 5056 281 5087 λ
313 5047 433 5103 Vet.
451 5048 608 5113 edit.,
643 5046 948 5119 Speciosam
976 5054 1153 5119 autem,
1174 5047 1227 5099 in
1253 5057 1397 5119 canat
1414 5040 1671 5119 iudicium
1700 5056 1775 5095 se—

185 5122 399 5177 nectutis
438 5137 617 5176 sensus
661 5113 753 5173 est.
802 5118 961 5173 Itum.
998 5156 1012 5171 .
1042 5158 1058 5173 .
1084 5156 1098 5171 .
1137 5117 1339 5171 incanae
1352 5113 1611 5187 judicium
1637 5128 1780 5167 seue-

186 5193 355 5253 ctutis.
374 5203 420 5247 et
446 5191 814 5249 veterani.etc.
838 5189 968 5244 Mss.
994 5200 1138 5244 tres:
1163 5185 1424 5254 Sponsum
1451 5185 1525 5256 (id
1549 5194 1633 5240 est
1655 5200 1778 5253 pru-

187 5263 452 5335 missum).
490 5263 605 5317 Duo
631 5279 645 5315 :
677 5259 1170 5335 Promptum‘autem
1201 5256 1669 5335 incamejudicium
1695 5273 1775 5311 se-

190 5326 473 5388 nectutis'in
501 5350 651 5389 sensu
683 5342 779 5387 est.
802 5326 997 5387 Caneri
1037 5331 1291 5400 denique,
1322 5339 1382 5382 ut
1402 5326 1454 5381 iu
1479 5337 1736 5383 contextu
1761 5343 1776 5393 ;

190 5405 291 5461 nisi
313 5406 454 5472 quod
484 5404 727 5460 nonnulli
752 5404 974 5469 habent,
994 5401 1252 5472 judicium
1268 5400 1562 5472 senectutis.

262 5473 290 5513 ι)
332 5470 472 5530 Edit.
504 5487 642 5542 ant.,
673 5490 839 5547 prona
866 5474 929 5529 sit
968 5470 1019 5525 ut
1045 5473 1248 5528 labatur
1273 5489 1376 5547 non
1411 5470 1478 5523 ad
1517 5486 1677 5524 unum
1704 5473 1780 5547 af-

196 5545 402 5615 fectibus
434 5553 646 5613 malum,
672 5542 716 5601 et
758 5554 1042 5601 Cttt't'elllt’ttt
1077 5555 1259 5598 cuncta
1292 5545 1345 5596 in
1374 5542 1779 5615 pt‘wct‘pssusci-

196 5613 333 5685 piunt
379 5619 579 5686 probra,
609 5630 757 5684 atque
797 5628 901 5672 toto
941 5633 967 5669 ε
1004 5613 1441 5688 vestigioferatur
1474 5613 1777 5688 in‘vitium:

1886 4946 1998 4994 tum
2027 4932 2299 5008 quoddam
2329 4927 2579 4998 corporis
2609 4924 2769 4996 hujus
2798 4921 3120 4978 videbantur
3156 4917 3359 4984 infixae,
3393 4933 3489 4973 vo-

1882 5051 2273 5114 restituendum
2301 5050 2673 5114 concurrunt;
2711 5039 2816 5114 nisi
2846 5036 2988 5110 quod
3022 5036 3072 5091 in
3105 5033 3314 5089 duobus
3343 5034 3482 5114 legi-

1879 5109 1990 5188 id};
2016 5125 2193 5198 pronis
2219 5132 2273 5177 ut
2300 5119 2368 5174 ad
2405 5120 2566 5198 imum
2592 5109 2889 5198 nlfetit'ibus,
2923 5118 2972 5198 elt
3010 5109 3486 5198 currentet'estigio

1879 5180 2075 5270 igitur
2092 5199 2144 5252 in
2159 5196 2362 5270 vitium,
2382 5190 2565 5270 docet,
2579 5180 2690 5241 etc.
2711 5184 2826 5270 _N“ou
2852 5181 3016 5270 male,
3040 5180 3085 5234 si
3106 5180 3371 5270 insaniant
3391 5180 3487 5234 es-

1883 5254 2233 5342 plangeretur.
2261 5254 2659 5335 Inquihnsdam
2678 5257 2799 5342 aliis
2855 5254 3083 5338 habetur
3103 5254 3483 5342 etiam-ulnam,

1883 5328 3486 5415 ιιιοξιειιιηιευκιιιετῖειτοτειοιευξμροίεροντννιξ·ιδςξέειιετεςις

1958 5394 2134 5467 ἶεΜςε.
2164 5394 2496 5470 complures,
2524 5416 2569 5457 et
2591 5395 3105 5477 (tntiplliSAttlI'eCl‘u-d;
3135 5394 3184 5477 id
3214 5403 3320 5450 est.
3345 5395 3490 5455 quod

1887 5466 2111 5555 ancipiti
2158 5466 2320 5555 modo
2348 5491 2447 5534 nus
2483 5466 2661 5529 movet
2702 5466 2759 5525 et
2780 5466 3107 5555 ειΙῇι-ὶι.›ᾼιιὶ
3140 5472 3488 5555 tamen-ltuit

2354 5564 2570 5627 omnes,
2601 5536 3177 5627 etancipitis‘eﬁectus;
3210 5534 3363 5627 9|:th
3396 5551 3493 5627 au-

1889 5606 2109 5687 {Surda
2135 5606 2365 5693 maligna
2414 5606 2855 5693 Iuctadjicitnr,
2894 5607 3167 5693 idnprucul
3197 5606 3363 5660 dubio
3391 5606 3490 5660 de-

197 5680 338 5771 docet
379 5680 811 5771 quemadmodum
863 5690 981 5771 vitta
1026 5680 1191 5771 istius
1217 5680 1467 5740 lubricam
1522 5684 1788 5771 declinans
1889 5680 2165 5771 έῖιῖιῇρῖιῇιίι
2195 5680 2368 5751 estex
2392 5692 2484 5747 illo
2517 5680 2669 5759 Virg.
2695 5686 2788 5741 lib.
2825 5699 2877 5738 \‘I
2907 5680 3124 5736 Aineitl.
3158 5695 3173 5731 :

199 5752 442 5830 semitam,
479 5763 695 5830 itineris,
723 5771 857 5825 etc.,
888 5759 1052 5815 Rom.
1084 5758 1216 5830 edit.
1250 5768 1371 5825 post
1395 5771 1560 5812 voces
1582 5752 1787 5830 allecti-

199 5826 288 5903 ἔξω
313 5825 521 5901 malum,
570 5834 641 5889 ita
668 5825 911 5903 reposuit
947 5849 961 5886 :
1000 5830 1093 5885 sed
1120 5829 1414 5903 universum
1449 5839 1555 5883 toto
1578 5825 1788 5903 vestigio

203 5900 390 5969 feratur
427 5907 479 5959 in
500 5900 697 5971 uitium,
723 5900 768 5959 et
789 5912 1074 5958 currentem
1100 5910 1285 5957 cuncta
1300 5902 1354 5955 in
1379 5901 1791 5973 prwceps_susri-

209 5974 352 6047 piant
378 5977 583 6049 probra.
614 5970 794 6038 Docet,
824 5986 929 6028 etc.
974 5974 1102 6029 Mss.
1135 5988 1265 6032 vero
1292 5970 1486 6032 omnes
1512 5970 1583 6028 ad
1610 5970 1790 6029 locum

656 6070 932 6134 ΡΑτιιοι..
973 6064 1117 6128 XV.

2146 5812 2299 5871 Ouale
2325 5821 2414 5873 per
2436 5808 2671 5873 incertam
2695 5799 2858 5850 lunam
2877 5795 2970 5846 sub
2994 5794 3103 5843 luce
3130 5786 3339 5848 maligna

2144 5868 2231 5928 Est
2254 5868 2347 5924 iter
2372 5873 2424 5920 in
2448 5868 2601 5920 silvis.

1965 5964 1993 6005 τί
2023 5964 2151 6025 Mss.
2180 5960 2410 6032 aliquot,
2460 5949 2754 6025 prapltetari
2791 5942 3056 6000 vocatione
3081 5934 3329 6014 gentium.
3364 5932 3505 5992 Ilur-

3009 6032 3052 6095 7
