4104 6350
431 343 563 400 1591
1773 330 2018 390 SANCTI
2057 331 2092 387 Α

2196 330 2386 389 :ttOSll
3600 328 3741 387 159?.

423 461 802 532 degustamus,
835 456 918 511 vel
945 467 1162 510 summa
1193 467 1289 509 ore
1315 454 1478 510 libata
1511 449 1846 522 frequentius
1876 447 2042 505 runti-
2069 465 2119 526 Α
2147 460 2201 506 et
2221 447 2427 504 audivit
2450 447 2720 503 dicentem
2749 446 2851 503 sibi
2885 465 2897 500 :
2935 446 3115 512 Saule,
3151 445 3336 510 Saule,
3369 445 3494 516 quid
3519 460 3597 497 me
3624 460 3749 515 pero

436 573 650 612 namus.
679 553 774 609 llis
799 551 1014 622 pascuis
1044 566 1172 622 grex
1212 549 1425 604 Domini
1455 546 1756 616 saginatur.
2150 543 2374 613 sequeris
2401 541 2538 615 (Act.
2565 557 2641 607 1x,
2668 539 2754 611 4)?
2785 540 2851 596 Et
2879 555 3068 612 magna
3095 539 3312 611 quidem
3346 539 3459 594 lux.
3507 537 3749 607 Denique

507 653 559 707 5.
597 660 621 686 ει
655 649 802 702 Boiia
830 648 994 700 etiam
1030 641 1233 698 Christi
1284 655 1504 710 pascua,
1554 639 1643 708 qui
1683 638 1861 707 pascit
1892 638 1942 691 in
1981 637 2048 691 li-
2152 636 2386 691 lucerna:
2416 635 2560 689 Pauli
2594 635 2773 691 lumen
2815 635 3057 699 evanuit,
3105 633 3195 688 ubi
3249 632 3450 688 divina:
3493 630 3752 702 splendor

440 744 633 813 Iiis,in
669 740 964 810 Splendore
991 745 1303 793 sanctorum
1363 753 1376 788 :
1434 735 1572 788 bona
1635 747 1832 803 pascua
1883 732 2045 786 etiam
2151 728 2284 784 lucis
2310 728 2552 784 emicuit.

438 848 652 892 montes
681 833 1031 891 convallium.
1063 828 1196 886 Nam
1226 827 1353 884 etin
1386 827 1470 882 bis
1501 827 1741 897 pascitur
1775 824 2045 887 Christus,
2223 833 2274 886 7,
2311 832 2376 886 Et
2401 846 2531 888 vero
2561 831 2782 886 lucerna
2809 827 3047 886 θειιηῑιιί
3077 827 3346 894 ειη-ἰδίης,
3395 824 3613 897 quando
3648 823 3752 880 is“,

439 929 579 985 sicut
610 926 916 996 capreolus,
950 933 1042 978 aut
1061 921 1320 977 hinnulus
1345 934 1658 975 cervm'um.
1693 918 1902 973 Montes
1922 922 2051 970 sunt

2196 934 2341 980 ostro
2371 939 2465 980 ore
2493 932 2825 979 rccensetur.
2868 923 3033 979 Lucet
3065 921 3119 975 in
3149 920 3300 985 limo,
3332 916 3500 990 fulget
3542 918 3594 971 in
3626 931 3755 972 vase

436 1021 792 1082 εοηνειΙΙὶιιιιι,
825 1018 967 1072 sicut
998 1015 1282 1072 luminaria
1317 1013 1472 1069 istius
1510 1012 1694 1067 mundi
1727 1009 1914 1065 sedula
1942 1008 2046 1064 bu-
2339 1015 2623 1071 [hesaurus
2654 1015 2767 1082 ille,
2795 1030 2955 1085 quem
2989 1012 3251 1068 habemus
3277 1012 3329 1066 in
3358 1010 3506 1066 vasis
3537 1021 3558 1049 c
3610 1008 3755 1065 ﬁcti-

442 1115 668 1171 utilitate
715 1111 1008 1180 fulgentes.
1066 1109 1160 1177 qui
1210 1107 1474 1162 virtutum
1517 1103 1855 1159 diverSarmn
1909 1116 2048 1171 prte-

2196 1109 2315 1164 bus.
2349 1109 2495 1163 Mitte
2518 1108 2722 1174 oleum,
2757 1122 2825 1162 nc
2863 1103 3083 1162 deﬁciat
3115 1104 3245 1170 tibi;
3276 1103 3400 1175 quia
3447 1102 3629 1158 lumen
3669 1101 3756 1156 lu-

438 1215 584 1263 stant
608 1203 915 1268 cacumine,
945 1211 1000 1258 et
1027 1217 1191 1271 supra
1233 1198 1495 1255 mundum
1526 1197 1736 1253 meritis
1767 1195 1881 1251 suis
1911 1192 2049 1249 emi-

2196 1219 2336 1259 ernac
2367 1212 2452 1258 est
2495 1203 2695 1269 oleum,
2755 1216 2864 1256 non
2911 1199 3090 1256 oleum
3137 1207 3416 1264 terrestre,
3468 1196 3565 1253 sed
3624 1193 3757 1252 illud

441 1310 594 1357 nent.
629 1298 716 1354 Isti
741 1309 866 1352 sunt
891 1296 961 1352 de
983 1296 1183 1366 quibus
1207 1294 1408 1349 dicitur
1441 1309 1456 1345 :
1491 1290 1566 1347 De
1599 1293 1695 1346 Itoc
1727 1287 1923 1343 mundo
1948 1302 2050 1340 nou

2196 1294 2336 1350 leum
2375 1292 2768 1350 misericordia!
2819 1291 3062 1348 cmlestis
3089 1300 3146 1346 et
3181 1289 3393 1362 gratiae,
3440 1303 3548 1360 quo
3593 1301 3759 1358 unge-

438 1405 583 1462 sunt,
614 1395 748 1449 sicut
774 1405 819 1448 et
847 1408 940 1463 ego
971 1406 1072 1444 non
1104 1405 1220 1444 sum
1262 1393 1327 1442 de
1349 1385 1450 1441 hoc
1474 1385 1672 1440 mundo
1709 1381 1891 1453 (Joan.
1917 1396 2048 1442 μή,

2196 1396 2352 1444 antur
2396 1386 2697 1459 prophetat.
2736 1384 2928 1441 Oleum
2977 1395 3124 1440 tuum
3173 1383 3451 1439 humilitas
3495 1389 3600 1448 est,
3651 1395 3761 1452 quo

443 1490 572 1559 tt);
600 1488 724 1560 quia
754 1501 917 1555 supra
940 1482 1204 1539 mundum
1233 1490 1361 1536 sttnt
1389 1480 1480 1550 qui
1508 1477 1786 1534 Christum
1815 1490 2051 1544 sequun-

2196 1483 2388 1540 i-rvicis
2414 1492 2617 1539 nostra;
2649 1481 2786 1538 dura
2815 1480 3141 1537 mollescunt
3168 1497 3182 1534 :
3216 1477 3394 1534 oleum
3423 1485 3574 1532 tuum
3599 1476 3762 1532 mise-

445 1594 551 1640 llll‘.
586 1579 862 1637 COIIVﬂillS
892 1587 1070 1634 autem
1097 1573 1330 1631 lllllltdtls
1357 1582 1442 1628 est
1473 1589 1486 1627 ζ
1518 1571 1752 1640 ideoque
1782 1566 2053 1637 disposuit
2157 1575 2388 1633 ﬁcordia
2412 1584 2502 1632 tua
2530 1584 2634 1642 est,
2661 1589 2769 1646 quo
2808 1573 2970 1630 etiam
3011 1571 3198 1627 collisa
3243 1569 3485 1641 scopulis
3512 1574 3762 1640 peccato.

443 1681 496 1736 in
524 1677 773 1736 convalle
803 1676 995 1739 ﬂetus;
1023 1689 1090 1729 eo
1118 1673 1263 1744 quod
1293 1672 1346 1725 in
1379 1670 1482 1725 hoc
1509 1666 1712 1722 mundo
1757 1665 1916 1720 ﬂetus
1942 1662 2056 1718 sint
2157 1689 2276 1728 ι-ιιηι
2325 1671 2582 1728 fovenmr
2615 1683 2866 1740 ροτροιιθ,
2909 1667 3024 1724 Hoc
3065 1666 3246 1722 oleum
3294 1664 3581 1720 νυιηεηηο
3624 1663 3702 1719 in;
3729 1679 3760 1718 ε

440 1775 824 1846 lacrymteque.
859 1769 925 1825 Et
957 1765 1248 1838 providens
1281 1764 1541 1819 Dominus
1569 1758 1842 1828 disposuit
1864 1757 1920 1814 in
1951 1755 2055 1810 hoc

2197 1765 2486 1832 itronibus,
2527 1762 2878 1819 descendenti
2914 1776 2980 1817 ex
3019 1758 3358 1816 Hierusalem
3402 1757 3764 1828 Evangelicus

444 1865 648 1922 mundo
686 1862 1097 1919 Testamentum
1139 1873 1326 1923 suum;
1381 1863 1438 1909 ut
1490 1853 1659 1922 magis
1703 1851 1792 1907 hic
1830 1849 2092 1921 ﬂeamus;

2196 1859 2257 1914 le
2283 1858 2662 1914 Samaritanus
2689 1855 2904 1921 infudit,
2934 1854 3024 1926 qui
3051 1852 3241 1909 videns
3270 1867 3419 1918 eum,
3452 1851 3762 1906 misericor-

443 1967 665 2032 Ρθοοειῐτι
699 1963 905 2018 ιιοεῑτειι
933 1968 1092 2026 quam
1121 1949 1298 2007 "eltda
1325 1962 1628 2004 εθννθηιυε-
2152 1951 2239 2007 dia
2273 1961 2450 2005 motus
2497 1959 2604 2015 est,
2655 1959 2710 2004 et
2739 1947 2984 2018 alligavit
3021 1944 3245 2000 vulnera
3285 1944 3424 2014 ejus,
3474 1941 3763 1997 infundens

520 2052 729 2130 1151
769 2050 824 2106 4.
862 2049 1072 2104 Pascua
1097 2053 1282 2102 nostra
1305 2043 1468 2099 etiam
1492 2039 1584 2096 isti
1615 2036 1871 2095 versiculi
1897 2043 2049 2101 sunt,

2196 2043 2336 2098 leum
2377 2051 2431 2098 et
2465 2041 2674 2097 vinum.
2709 2038 2867 2110 (Luc.
2899 2054 2952 2100 κ.
2981 2038 3052 2092 53
3088 2045 3138 2092 et
3167 2034 3284 2106 54).
3315 2035 3432 2091 Hoc
3465 2035 3645 2089 oleum
3679 2050 3766 2089 sa-

443 2126 730 2218 clequiuus
762 2143 926 2199 hodie
957 2141 1242 2198 tractaturi
1269 2151 1481 2202 sumus,
1516 2136 1569 2191 in
1602 2133 1630 2173 δ
1658 2132 1857 2205 quibus
1886 2126 2053 2185 David

2198 2145 2252 2192 at
2298 2147 2560 2208 tegrotos;
2623 2133 2996 2190 misericordia
3037 2133 3180 2188 enim
3213 2147 3245 2186 a
3287 2139 3510 2202 peccato
3551 2127 3764 2185 liberat.

447 2241 581 2298 dicit
611 2257 623 2292 :
655 2235 950 2292 Pascebam
979 2247 1112 2290 oves
1143 2231 1315 2302 patris
1356 2227 1487 2292 mei,
1529 2225 1828 2283 ostendens
1868 2235 2056 2277 veram

2196 2233 2276 2288 loc
2318 2232 2500 2288 oleum
2556 2230 2702 2285 lucet
2751 2228 2804 2283 in
2855 2225 3120 2292 tenebris,
3169 2224 3214 2278 si
3255 2238 3423 2294 opera
3463 2229 3648 2277 nostra
3685 2220 3767 2276 lu-

445 2337 751 2394 lucernam,
807 2332 1017 2384 docens
1067 2324 1434 2380 humilitatem
1475 2319 1517 2391 (l
1562 2319 1694 2389 Reg.
1759 2331 1891 2383 xv11,
1938 2313 2056 2384 54).

2196 2331 2325 2380 eant
2352 2337 2538 2378 coram
2571 2320 2901 2377 hominibus.
2933 2317 3047 2373 Hoc
3068 2316 3247 2372 oleum
3271 2317 3416 2371 lucet
3439 2315 3490 2368 in
3505 2312 3768 2368 Ecclesia:

452 2429 510 2486 lu
552 2424 768 2499 pascuis
809 2423 1009 2478 talibus
1056 2433 1218 2475 verus
1265 2412 1455 2478 David.
1516 2426 1678 2468 verus
1718 2406 1964 2472 humilis,
2007 2413 2065 2462 et

454 2538 617 2579 manu
640 2519 814 2582 fortis,
848 2517 939 2588 qui
969 2530 1076 2570 non
1117 2511 1362 2580 rapinam
1393 2507 1696 2563 arbitratus
1725 2513 1809 2559 est
1847 2515 1970 2557 esse
2003 2513 2066 2554 se

452 2614 717 2686 :equalem
751 2610 884 2673 Deo,
917 2606 1012 2663 sed
1054 2603 1412 2674 semetipsum
1435 2599 1768 2663 exinanivit;
1817 2603 1872 2651 et
1897 2593 2067 2649 homo

459 2683 618 2766 natus
654 2721 750 2778 per
788 2699 1030 2773 Virginis
1073 2712 1286 2770 partum
1334 2692 1644 2751 humiliavit
1683 2706 1743 2747 sc
1788 2702 1958 2757 usque
1999 2683 2069 2739 ad

454 2813 710 2865 mortem,
741 2811 874 2853 oves
908 2793 1086 2850 Patris
1124 2789 1207 2846 sui
1234 2787 1420 2843 divina
1459 2782 1846 2855 prtcdicatione
1876 2793 2066 2850 pasce-

457 2896 552 2950 bat
575 2911 591 2959 ;
614 2907 738 2950 cum
760 2886 1058 2945 secundum
1083 2883 1395 2952 Scripturas
1418 2894 1572 2933 suum
1595 2874 1852 2944 probaret
1871 2871 2075 2927 adven-

458 3001 571 3047 tum
591 2986 832 3058 (an.1v,
845 2983 909 3038 2|
924 2984 965 3052 ),
980 2995 1102 3036 cum
1115 2979 1352 3049 quinque
1375 2975 1605 3044 panibus
1631 2968 1909 3026 etauobus
1922 2964 2080 3036 pisci-

465 3084 565 3138 bus
579 3055 857 3135 hominum
873 3072 1040 3129 millia
1058 3071 1222 3125 multa
1241 3073 1533 3124 saturaret.
1553 3061 1814 3134 (Joan.v1,
1830 3059 1864 3115 9
1881 3068 1930 3114 et
1947 3055 2079 3125 seq.)

531 3177 586 3232 5.
665 3173 686 3242 (
718 3170 874 3226 Vers.
927 3165 1103 3232 105.)
1173 3162 1301 3219 llaec
1355 3175 1487 3230 ergo
1547 3164 1734 3212 nostra
1793 3162 1922 3210 sunt
1987 3165 2083 3242 pa-

2165 2415 2622 2474 solemnitatibus.
2647 2413 2893 2484 Denique
2914 2410 3109 2483 quibus
3129 2409 3310 2466 oleum
3327 2423 3434 2464 non
3453 2406 3647 2474 defuit,
3671 2421 3772 2464 nec

2167 2511 2345 2566 lumen
2362 2507 2486 2564 ﬁdei
2509 2507 2735 2572 defecit;
2760 2505 2855 2562 sed
2871 2520 2994 2560 cum
3010 2504 3351 2574 lampadibus
3366 2501 3418 2557 in
3439 2502 3618 2558 locum
3637 2515 3774 2573 nup-

2171 2603 2365 2658 tiarum
2406 2600 2632 2656 introire
2663 2607 2976 2656 meruerunt
3000 2613 3148 2670 :qua:
3176 2606 3357 2652 autem
3395 2595 3448 2650 in
3488 2596 3630 2650 vasis
3659 2593 3774 2650 suis

2172 2697 2353 2752 oleum
2379 2711 2484 2749 non
2507 2692 2715 2766 1142
2731 2693 2988 2758 tulerunt,
3019 2693 3120 2746 hoc
3141 2699 3247 2756 est,
3268 2704 3375 2744 non
3392 2688 3700 2745 habuerunt
3715 2686 3776 2742 ﬂ-

2174 2775 2434 2858 detn‘,non
2451 2789 2929 2860 prudentiam,non
2945 2783 3593 2850 1nisericordiam,auim:n
3605 2781 3659 2837 in
3674 2781 3779 2837 hoc

2175 2884 2486 2944 constitutae
2511 2896 2762 2952 corpore,
2792 2878 2988 2934 merito
3020 2874 3355 2932 infidelitatis
3378 2868 3614 2930 exclusa:
3645 2879 3777 2928 sunt

2182 2975 2397 3049 (Matth.
2428 2991 2554 3040 xxv,
2583 2971 2793 3042 10-12).
2816 2969 2948 3026 Ideo
2973 2977 3028 3024 et
3051 2976 3106 3022 tu
3133 2966 3336 3022 habeto
3357 2980 3576 3037 semper
3605 2966 3784 3019 lucer-

2185 3085 2307 3125 nam
2353 3067 2656 3131 ardentem,
2687 3064 2773 3119 vel
2806 3063 3080 3118 lucentem
3111 3057 3305 3114 facem.
3340 3057 3398 3115 Si
3429 3058 3576 3112 enim
3605 3069 3784 3126 neque

2186 3164 2432 3227 lucerna,
2457 3174 2631 3230 neque
2657 3158 2864 3227 lampas
2896 3165 2984 3212 tua
3028 3155 3236 3213 luceat,
3268 3151 3431 3208 stulta
3454 3152 3610 3222 virgo
3633 3150 3785 3206 dieeo

468 3284 632 3332 seua,
671 3241 788 3319 hazc
826 3273 1018 3318 eorum
1068 3261 1158 3328 qut
1191 3261 1415 3326 possunt
1441 3249 1626 3306 dicere
1660 3265 1672 3302 :
1705 3247 1876 3312 Quam
1905 3241 2082 3296 dulcia

2196 3256 2285 3320 ris,
2313 3269 2415 3309 nec
2441 3251 2690 3308 introibis
2712 3251 2765 3304 in
2791 3249 3088 3304 thalamum
3117 3245 3409 3317 Sponsitni
3432 3241 3736 3314 superioris
3766 3258 3781 3295 :

469 3357 701 3432 faucibus
745 3354 871 3409 meis
911 3351 1060 3406 verba
1094 3357 1183 3402 tua
1235 3345 1400 3415 (Sup.
1434 3360 1485 3399 υ.
1533 3338 1691 3412 105)ῑ
1743 3337 1868 3393 11ωο
1894 3349 2088 3390 eorum

410 3503 420 3511 .
470 3429 705 3525 pascua,
757 3446 849 3518 qui
899 3444 1089 3498 dicunt
1148 3459 1163 3496 :
1225 3438 1464 3493 Lucerna
1522 3431 1740 3508 pedibus
1794 3429 1922 3484 meis
1975 3442 2092 3482 ver—

473 3550 593 3602 butn
625 3553 791 3608 tuum,
843 3535 1091 3593 Domine.
1138 3533 1388 3589 Pascitur
1416 3531 1561 3587 enim
1587 3543 1649 3584 os
1677 3534 1928 3582 nostrum
1961 3536 2085 3576 ver-

477 3642 720 3704 bo,cum
755 3632 1026 3702 loquimur
1070 3625 1322 3682 mandata
1375 3622 1470 3679 Dei
1507 3619 1688 3676 Verbi.
1742 3616 1993 3673 Pascitur
2035 3620 2093 3668 et

473 3733 667 3790 oculus
717 3736 901 3784 noster
957 3719 1186 3778 interior
1238 3720 1477 3774 lucerna:
1527 3710 1791 3785 Spiritalis
1836 3707 2042 3764 lumine
2073 3745 2089 3772 ,

480 3843 601 3897 qua:
631 3822 789 3879 nobis
819 3820 872 3874 in
903 3820 1004 3871 hac
1035 3811 1221 3870 mundi
1260 3819 1420 3867 nocte
1458 3807 1748 3880 prmlucct;
1780 3818 1846 3858 ne
1866 3801 2011 3858 sicut
2039 3798 2094 3852 in

479 3894 721 3978 tenebris
745 3910 1110 3974 ambulantes,
1159 3905 1384 3962 incertis
1410 3902 1705 3957 titubemus
1731 3894 1999 3967 vestigiis,
2039 3901 2098 3948 et

479 4015 620 4070 viain
652 4022 837 4066 veram
867 4005 1113 4058 invenire
1149 4010 1505 4067 nequeamus.
1538 3987 1902 4063 lntelligibilis
1930 3986 2096 4057 igitur

480 4106 679 4180 pedum
702 4112 944 4174 gressus,
968 4093 1322 4163 intelligihilis
1348 4102 1405 4148 et
1427 4090 1680 4154 lucerna;
1708 4084 1832 4157 quia
1855 4080 2097 4139 Verbum

485 4171 582 4256 Dei
625 4171 842 4252 lucerna
893 4201 997 4248 est.
1048 4187 1237 4243 Nonne
1268 4186 1370 4240 hoc
1402 4185 1456 4238 in
1505 4178 1774 4253 principio
1819 4186 1936 4232 erat
1965 4171 2102 4228 Ver-

487 4293 615 4349 bum
642 4290 782 4360 apud
813 4289 981 4344 Deum
1011 4303 1025 4339 :
1055 4279 1330 4356 quomodo
1358 4292 1489 4348 ergo
1518 4277 1741 4330 lucerna
1759 4271 1878 4328 est?
1907 4267 2101 4360 Nonne

484 4386 590 4441 hoc
615 4357 733 4440 erat
755 4396 941 4437 verum
980 4378 1186 4439 lumen,
1214 4369 1358 4444 quod
1390 4367 1660 4424 illutninat
1682 4377 1899 4420 omnem
1919 4357 2098 4414 homi-

489 4495 613 4536 nem
643 4476 947 4531 venientem
978 4472 1032 4528 in
1063 4471 1205 4524 hunc
1232 4462 1487 4520 mundum
1518 4476 1533 4513 :
1565 4455 1837 4528 quomodo
1865 4467 1994 4520 ergo
2015 4449 2101 4504 lu-

493 4587 656 4630 cerna
684 4568 921 4624 dicitur?
951 4565 1140 4622 Esaias
1165 4561 1364 4616 clamat
1395 4575 1406 4608 :
1437 4553 1676 4624 Populus
1700 4550 1789 4620 qui
1813 4544 2016 4603 sedebat
2048 4542 2104 4596 in

2187 3347 2284 3404 sed
2307 3344 2614 3401 remanebis
2647 3343 2700 3397 in
2735 3339 2977 3396 tenebris
3011 3338 3296 3402 caecitatis.
3339 3336 3495 3408 quasi
3525 3335 3616 3407 qui
3646 3334 3784 3391 ode-

2190 3443 2267 3500 ris
2294 3441 2500 3506 lucem;
2532 3454 2601 3494 ne
2624 3450 2789 3507 opera
2813 3444 2904 3492 tua
2930 3433 3191 3504 ﬂagitiosa
3220 3431 3518 3503 prodantur
3549 3447 3563 3485 :
3597 3427 3785 3484 Omnis

2191 3535 2325 3590 enim
2353 3533 2445 3605 qui
2470 3530 2605 3585 male
2619 3530 2745 3602 agit,
2766 3528 2874 3582 odit
2901 3526 3085 3581 lucem.
3114 3523 3298 3597 (Joan.
3329 3522 3542 3592 111,90).
3575 3520 3788 3577 Habeto

2196 3626 2380 3691 fidem,
2414 3623 2614 3680 habeto
2645 3618 3010 3694 prudentiam,
3041 3626 3101 3674 ut
3129 3631 3349 3684 semper
3375 3615 3576 3671 habeas
3608 3612 3661 3668 in
3687 3626 3789 3666 va-

2195 3721 2272 3776 sis
2313 3720 2417 3774 tuis
2469 3693 2655 3772 oleum
2707 3711 3122 3777 misericordiae,
3167 3706 3478 3766 devmionis
3521 3693 3788 3776 gratiam;

2195 3811 2323 3882 quia
2355 3808 2652 3881 prudentes
2679 3811 3008 3874 acceperunt
3036 3802 3224 3858 oleum
3256 3801 3308 3856 in
3350 3798 3494 3855 vasis
3519 3796 3633 3854 suis
3661 3810 3794 3852 cum

2198 3901 2544 3973 lampadibus
2600 3898 2733 3955 suis.
2785 3895 3019 3968 Ungite,
3087 3908 3121 3949 ο
3170 3891 3453 3959 homines,
3512 3886 3795 3958 lampades

2201 4005 2410 4054 vestras
2458 4011 2472 4050 :
2512 4009 2634 4050 cum
2673 3991 2933 4063 jejunatis
2973 3988 3158 4059 ungite
3192 3992 3357 4056 caput
3391 3991 3654 4039 vestrum.
3699 3979 3794 4036 In-

2203 4089 2495 4171 fundamus
2529 4085 2803 4142 mentibus
2852 4083 3054 4139 nostris
3101 4081 3316 4164 oleum;
3347 4087 3408 4134 ut
3445 4090 3648 4148 corpus
3689 4088 3795 4128 no-

2201 4192 2374 4241 strum
2399 4162 2644 4237 lucidum
2671 4178 2764 4235 sit.
2796 4176 3002 4233 Luceat
3029 4173 3126 4230 tibi
3157 4154 3376 4242 semper
3405 4172 3628 4227 lucerna
3659 4166 3798 4223 Ver-

2201 4275 2332 4332 bum
2366 4274 2464 4330 Dei
2489 4291 2503 4327 :
2533 4273 2711 4328 luceat
2737 4278 2795 4327 et
2814 4270 3035 4326 lucerna
3065 4264 3310 4337 corporis
3334 4263 3412 4320 tui
3429 4261 3621 4319 oculus
3647 4269 3799 4317 tuus.

2201 4366 2541 4424 Conscientia
2565 4375 2653 4420 tua
2685 4364 2894 4431 lucens,
2925 4361 3067 4418 bene
3091 4359 3145 4416 in
3174 4359 3278 4415 hoc
3303 4371 3536 4427 corpore
3558 4354 3801 4411 lucerna

2203 4463 2295 4518 lux
2327 4466 2442 4526 est;
2473 4459 2600 4530 quia
2631 4458 2745 4528 ipsa
2769 4465 2856 4513 est
2875 4454 3064 4511 oculus
3093 4461 3235 4508 tuus.
3275 4449 3356 4508 Sit
3396 4464 3560 4518 purus
3606 4446 3803 4502 oculus

2204 4562 2350 4610 tuus.
2376 4552 2437 4608 Si
2462 4548 2797 4607 conscientia
2825 4555 2912 4602 tua
2935 4545 3134 4601 munda
3161 4544 3252 4609 sit,
3297 4540 3495 4598 munda
3550 4549 3637 4596 est
3671 4551 3807 4595 caro

435 4732 440 4734 ν
495 4665 734 4728 gemmis,
765 4662 931 4715 ιαοεηι
958 4657 1082 4712 uidit
1121 4666 1365 4724 magnam
1388 4645 1570 4720 (Esai.
1605 4660 1682 4711 ιχ,
1709 4642 1780 4712 2)
1811 4656 1826 4696 :
1858 4654 2097 4712 quomo-
2124 4669 2180 4732 Β
2206 4655 2294 4702 tua
2328 4663 2343 4699 :
2386 4644 2432 4700 si
2463 4625 2644 4698 autem
2676 4639 2965 4698 tenebrosa
3008 4645 3096 4695 est
3137 4633 3464 4693 conscientia
3491 4643 3602 4700 tua,
3633 4631 3803 4688 etiam

495 4746 566 4818 do
597 4761 686 4814 hic
710 4757 742 4813 d
766 4761 909 4814 citur
935 4751 1194 4809 lucerna?

571 4854 626 4909 6.
659 4849 765 4909 Sed
792 4847 1072 4904 videamus
1096 4859 1162 4898 ne
1190 4842 1328 4897 forte
1371 4839 1515 4896 idem
1567 4835 1804 4894 Verbum
1852 4834 1949 4892 Dei
1983 4835 2106 4892 aliis

502 4933 695 5020 magna
736 4946 827 5002 lux
859 4945 954 5009 sit,
988 4940 1113 4995 aliis
1150 4939 1392 4993 lucerna.
1445 4932 1574 4991 Mihi
1625 4932 1869 4999 lucerna,
1900 4932 2106 5004 angelis

500 5044 593 5098 lux
619 5048 724 5096 est.
760 5040 924 5094 Petro
954 5036 1043 5091 lux
1087 5039 1226 5097 erat,
1253 5026 1473 5101 quando
1502 5026 1673 5081 astitit
1710 5027 1759 5081 ei
1787 5027 2011 5096 angi-lus
2052 5027 2105 5082 in

503 5147 749 5198 carcere,
800 5120 1455 5186 ctlutnencircumhtlsit
1497 5133 1622 5175 eum
1676 5117 1816 5187 (Act.
1874 5133 1970 5184 xu,
2025 5117 2104 5188 7).

502 5228 670 5284 Paulo
700 5228 789 5281 lux
822 5233 961 5288 erat,
1016 5218 1233 5293 quando
1283 5223 1500 5271 euntem
1551 5211 1618 5266 ad
1668 5208 2105 5282 persequendum

508 5320 766 5392 pupulum
788 5315 1160 5374 Christianqu
1181 5307 1538 5368 circumlulsit
1572 5321 1696 5361 eum
1725 5305 1811 5360 lux
1843 5304 1914 5360 de
1943 5303 2103 5370 catlo,

578 5519 602 5545 ει
631 5508 705 5563 lia
762 5521 858 5561 sex
905 5518 1036 5556 mss.
1069 5500 1312 5556 melioris
1361 5507 1504 5553 notat
1546 5516 1558 5552 :
1594 5497 1646 5551 in
1697 5495 1819 5551 aliis
1851 5508 2003 5556 vero,
2057 5499 2112 5546 et

510 5591 624 5638 aut.
658 5577 790 5632 t-dit.
829 5582 1176 5638 mn‘ttuntur,
1212 5569 1352 5627 Nam
1383 5585 1428 5624 et
1479 5571 1530 5623 in
1556 5569 1732 5625 Itis...
1767 5577 1962 5622 montes
1991 5572 2112 5618 sunt

509 5651 839 5709 conuiuium.
883 5648 952 5705 At
1013 5644 1172 5699 Rom.
1221 5643 1352 5698 edit.
1405 5643 1567 5697 verba
1623 5643 1702 5695 sic
1758 5643 2109 5693 inverterat:

514 5725 662 5779 Bona
689 5723 842 5774 etiam
868 5716 1056 5774 Christi
1095 5731 1282 5786 pascua
1305 5725 1500 5770 montes
1539 5710 1853 5786 etntvallimn
1872 5716 2045 5786 _(_nam_
2061 5715 2112 5761 et

513 5798 567 5851 in
593 5795 672 5848 Itis
698 5793 926 5860 pascitur
953 5781 1208 5860 Christus,
1245 5785 1697 5860 sicut‘mpreolus,
1731 5791 1818 5837 aut
1859 5781 2111 5860 [tinnulas

503 5852 795 5936 cervorum)
812 5862 909 5920 hoc
923 5871 1018 5930 est,
1040 5861 1094 5917 in
1113 5852 1474 5932 splendoribus
1494 5867 1810 5922 sanctorum,
1826 5852 1975 5923 sicut,
2000 5861 2104 5910 etc.

2205 4751 2404 4807 corpus
2429 4745 2578 4792 tuum
2602 4733 2952 4791 conscientia:
2978 4740 3085 4788 tua:
3114 4737 3275 4786 nocte
3304 4727 3650 4785 tenebrosum
3691 4730 3803 4778 est.

2205 4831 2469 4888 Lucerna:
2496 4842 2627 4899 ergo
2665 4836 2719 4883 et
2746 4841 2847 4882 nos
2876 4838 3065 4882 sumus
3091 4829 3206 4879 toto
3227 4819 3399 4892 Operti
3429 4831 3682 4889 corpore,
3711 4815 3806 4872 vix

2205 4920 2412 4993 aliquid
2447 4919 2699 4990 exiguum
2730 4918 2991 4973 habentes
3019 4913 3165 4970 unde
3193 4912 3379 4968 lucere
3404 4907 3694 4980 possimus.

2280 5015 2336 5072 8.
2379 5013 2620 5084 Denique
2661 5021 2720 5068 et
2759 5009 3000 5066 Joannes
3037 5007 3257 5062 lucerna
3297 5011 3438 5065 erat,
3479 5002 3621 5056 sicut
3669 4996 3816 5054 dixit

2211 5106 2470 5164 Dominus
2509 5105 2580 5160 de
2614 5118 2682 5160 eo
2713 5120 2728 5156 :
2762 5100 2867 5156 Ille
2889 5107 3003 5154 erat
3041 5099 3254 5153 lucerna
3283 5096 3496 5161 ardens,
3524 5102 3571 5148 et
3613 5090 3816 5147 illumi-

2209 5217 2340 5256 nam
2373 5197 2556 5271 (Joan.
2590 5212 2646 5266 v,
2675 5193 2791 5267 35).
2828 5192 2978 5248 Bona
3013 5191 3259 5258 lucerna,
3296 5204 3417 5260 qua:
3447 5186 3635 5243 lumen
3665 5181 3815 5240 acci-

2208 5291 2718 5370 piebataChristo;
2770 5295 2830 5346 ut
2853 5285 3036 5344 lucere
3086 5290 3270 5356 posset
3297 5283 3351 5338 in
3404 5281 3509 5336 hoc
3559 5276 3763 5336 szeculo
3791 5291 3815 5332 :

2273 5487 2314 5572 ,ι’
2355 5486 2483 5571 Mss.
2531 5491 2763 5555 septem,
2793 5479 2848 5533 in
2874 5475 3060 5549 quibus
3107 5471 3276 5527 David
3305 5467 3545 5542 pascebat
3577 5479 3692 5522 oves
3717 5477 3819 5534 pa-

2215 5569 2312 5670 m:
2333 5574 2555 5685 ‘gtmnes
2590 5625 2724 5680 edit.
2749 5637 2814 5678 ac
2859 5635 2966 5678 non
3003 5615 3159 5690 pauci
3203 5627 3360 5690 mss,

2215 5719 2331 5759 men
2359 5678 2730 5759 iii‘éh‘m‘m,
2770 5692 2913 5748 mitte
2954 5678 3122 5745 ol'eum
3168 5701 3232 5740 ne
3269 5683 3478 5759 deﬁciat
3519 5678 3621 5759 tibi
3640 5678 3818 5759 lumen

2214 5747 2779 5830 illé'e'niEL'Ei'oiéaini
2812 5779 2916 5818 non
2951 5762 3080 5816 olm
3106 5747 3386 5830 terrestris,
3437 5761 3544 5808 etc.
3587 5747 3814 5818 Septem

2212 5829 2304 5905 alii
2336 5857 2469 5921 mss.
2498 5838 2742 5898 melioris
2770 5843 2935 5904 notae,
2966 5839 3026 5888 ut
3049 5844 3146 5887 nos
3175 5829 3228 5884 in
3262 5833 3434 5884 textu.

3401 5608 3672 5677 ﬁctilibus.
3705 5602 3821 5659 Lu-
