3982 6482
163 387 194 442 Jl
211 386 344 443 593

167 501 407 555 merito
427 498 648 566 ardens,
682 501 876 558 merito
906 500 1255 570 illttmiuans;
1280 509 1402 579 quia
1431 521 1549 565 erat
1579 514 1801 569 nuntius
1829 525 1882 584 Α
1906 517 2036 575 dicit
2061 524 2334 589 manibus,
2362 525 2466 582 hoc
2493 537 2599 595 est,
2629 541 2649 569 ο
2683 533 3057 606 operantibus,
3091 539 3186 594 sed
3227 555 3332 594 non

167 589 433 660 Christi,
467 593 776 649 illumittans
808 595 1196 665 prtedicatioue
1223 599 1344 656 fidei
1375 610 1596 672 pectora
1625 605 1812 676 singu-

170 684 406 740 lorum.
441 684 550 742 Sed
576 699 631 742 et
661 689 782 743 istis
821 689 1062 746 lucernis
1090 690 1264 761 dedit,
1300 707 1356 750 ut
1387 696 1476 751 lux
1515 699 1702 754 mundi
1722 716 1806 755 es-

168 789 355 848 sent,
406 781 592 838 dicens
637 784 702 838 ad
751 786 1029 855 apostolos
1091 808 1104 842 :
1168 787 1272 844 Vos
1316 791 1436 846 estis
1488 793 1581 848 tua:
1627 797 1810 849 mandi

172 871 424 945 (ﬂuuit.
459 891 512 942 v,
545 876 656 948 14).
689 877 832 949 Ergo
871 878 920 934 si
953 880 1122 951 gloria
1157 892 1473 939 sanctorum
1503 901 1648 942 nunc
1669 888 1808 943 sicut

175 967 452 1039 lucerna,
481 987 627 1027 nunc
656 973 798 1028 sicut
830 973 922 1029 lux
965 977 1146 1030 mundi
1191 977 1424 1048 fulgebat
1476 979 1527 1034 in
1560 979 1662 1035 hoc
1700 995 1806 1036 sa:-

174 1060 347 1128 Cttlo,
400 1063 531 1134 quid
581 1064 816 1122 dicimus
854 1066 923 1123 de
953 1065 1130 1123 Verbo
1164 1069 1278 1136 Dei,
1305 1069 1448 1140 quod
1489 1082 1544 1126 et
1590 1072 1804 1128 lucerna

178 1165 275 1210 est
319 1156 557 1228 pedibus
583 1159 758 1215 mnis?

262 1249 326 1305 9.
376 1252 446 1307 Et
473 1251 712 1309 fortasse
751 1255 841 1311 ubi
871 1270 978 1312 non
1019 1265 1146 1312 sunt
1176 1258 1439 1323 tenebrae,
1473 1273 1578 1314 non
1610 1269 1693 1314 est
1727 1259 1807 1314 lu-

182 1359 368 1401 ccrna
415 1346 656 1404 Verbum
703 1349 823 1414 Dei,
871 1351 966 1406 sed
1003 1367 1166 1423 supra
1201 1353 1510 1420 lucernam;
1542 1357 1667 1425 quia
1714 1355 1804 1410 lux

187 1448 303 1494 est.
362 1439 633 1497 Tenebraz
663 1443 730 1498 iis
773 1458 879 1500 non
911 1455 1039 1500 sunt
1074 1448 1166 1517 qui
1197 1447 1382 1503 vident
1407 1447 1605 1505 lucem.
1643 1448 1806 1506 Deni-

188 1547 333 1602 qtte,
369 1543 495 1588 tunc
522 1537 658 1608 justi
683 1536 952 1611 fulgebunt
983 1539 1116 1594 sicut
1143 1539 1222 1594 sat
1259 1540 1312 1594 in
1339 1556 1498 1612 regno
1529 1543 1692 1611 patris
1725 1545 1806 1599 sui

191 1624 424 1697 (Matth.
459 1642 575 1691 χιιι.
604 1627 719 1698 45).
765 1629 836 1686 Ει
868 1629 1104 1688 fortasse
1147 1632 1444 1688 secundum
1477 1633 1674 1706 Legem
1722 1638 1802 1692 lu-

190 1733 368 1776 cerna
416 1730 503 1776 est
545 1720 777 1778 Verbum
808 1722 927 1792 Dei,
965 1724 1260 1781 secundum
1309 1725 1666 1799 Evangelium
1712 1729 1803 1786 lux

191 1829 395 1885 magna
429 1826 532 1871 est.
579 1815 782 1874 Judaeis
826 1818 1186 1886 lucerna'est,
1212 1828 1268 1876 et
1289 1821 1512 1878 lucerna
1543 1824 1648 1880 sub
1686 1838 1806 1881 mo.

1305 394 1372 450 IN
1411 395 1745 456 PSALMUM
1783 401 1991 460 CXVIII
2035 404 2418 467 EXPOSITIO.

3371 427 3510 484 1394

3381 556 3512 599 Icu-

1915 612 1985 666 tis
2032 613 2097 668 ad
2154 614 2563 689 intelligendum
2611 639 2623 677 :
2666 621 2782 679 Non
2839 629 2971 682 estis
3003 629 3134 685 Inibi
3191 633 3509 688 necessarii.

1913 705 2054 777 Ergo
2087 724 2250 780 super
2273 714 2657 772 Candelabrum
2683 719 2915 784 lucebat,
2951 725 3041 794 qui
3071 724 3287 782 ducebat
3333 746 3348 783 :
3396 727 3512 784 No-

1910 808 2017 852 stra
2047 813 2217 856 autem
2253 810 2572 864 conversatio
2612 812 2665 865 in
2707 814 2847 869 caelis
2888 828 2980 870 est.
3013 816 3243 891 (Philip.
3274 835 3354 886 ιιι,
3390 821 3508 893 ΞΟ).

1910 890 2041 947 Nam
2066 904 2120 949 et
2150 896 2313 951 David
2348 909 2456 954 tota
2485 912 2665 959 tuente
2680 905 2792 974 jattt
2818 890 3241 966 conversabatur
3269 913 3320 965 itt
3343 890 3507 977 caelo,
3602 951 3609 954 -

1908 995 1964 1041 et
1992 987 2166 1042 adhuc
2189 1000 2366 1045 tamen
2389 993 2602 1048 dicebat
2624 1014 2636 1049 :
2665 997 2897 1055 Lucerna
2918 1003 3134 1072 pedibus
3156 1005 3279 1058 meis
3300 1005 3510 1060 verbum

1909 1087 2072 1135 tuum.
2103 1082 2210 1137 Aut
2232 1082 2460 1142 fortasse
2489 1091 2641 1159 quasi
2671 1092 2842 1148 bonus
2876 1096 3133 1167 magister
3161 1099 3290 1154 mibi
3317 1099 3512 1169 pra'ire

1908 1173 2188 1245 cupiebat;
2219 1188 2276 1233 ut
2304 1179 2482 1236 lumen
2515 1185 2668 1253 sequi
2692 1184 2984 1254 discerem,
3019 1203 3072 1246 et
3103 1191 3250 1246 illius
3279 1193 3509 1264 pedibus

1909 1270 2260 1326 ambularem.
2291 1272 2540 1331 Ostendit
2566 1293 2699 1348 ergo
2737 1281 2867 1335 mibi
2899 1279 2926 1318 ἀ
2959 1285 3097 1340 lianc
3125 1289 3398 1342 lucernam
3427 1304 3514 1345 se-

1907 1362 1999 1433 qui
2029 1363 2242 1421 discere
2265 1368 2317 1421 in
2344 1366 2502 1424 istius
2535 1369 2877 1441 ignorantiae,
2905 1374 2958 1429 in
2993 1375 3151 1434 istius
3181 1381 3510 1450 operitnenti

1907 1459 2159 1525 Corporei
2191 1461 2436 1517 tenebris
2466 1466 2798 1533 constituto;
2841 1478 2902 1522 ut
2933 1468 3212 1526 Clllislum
3243 1488 3508 1543 sequens,

1911 1551 2118 1607 nullum
2151 1552 2384 1624 lapidem
2433 1555 2754 1613 offensionis
2785 1559 3077 1618 incurram.
3136 1564 3370 1620 Errabat
3408 1567 3512 1622 Pe-

1909 1658 2029 1702 trus
2059 1647 2110 1702 in
2142 1652 2384 1707 tenebris
2430 1653 2775 1722 ignorantiae,
2810 1657 3042 1728 negabat
3080 1658 3358 1715 Cbri~tum
3390 1675 3516 1718 esse

1908 1743 2265 1811 moriturum;
2309 1749 2436 1818 quia
2476 1749 2655 1805 adhuc
2697 1767 2806 1806 non
2835 1751 3050 1808 vidcbat
3081 1754 3411 1811 moriturum
3460 1767 3521 1810 et

1906 1849 2340 1896 resurrecturum
2381 1857 2504 1899 esse
2536 1859 2635 1914 pro
2685 1846 2862 1900 nobis.
2911 1845 3223 1904 Conversus
3270 1849 3337 1904 ad
3386 1865 3516 1906 eum

189 1907 307 2013 φο·
345 1907 518 2013 [Timet
544 1910 677 1978 Lex,
709 1913 803 1968 sed
837 1929 944 1970 ηοη
973 1915 1363 2013 νίάειιιτιίιιιίει
1393 1927 1580 1989 Opem!
1609 1933 1797 1975 eorum
1829 1932 1878 1993 B
1908 1931 2166 1988 Dominus
2194 1934 2269 1988 ait
2300 1952 2312 1988 :
2349 1934 2497 1990 Vade
2524 1907 2660 1991 retro
2683 1949 2797 2009 post
2836 1955 2916 1993 me
2967 1939 3184 2010 (Matth.
3229 1956 3344 2005 xvr,
3393 1941 3514 2013 23).

193 2003 455 2060 doctrina
491 2015 574 2061 est
615 2014 672 2061 et
709 2017 734 2044 α
769 2010 1098 2079 cogitatione
1145 2011 1423 2080 vitiorum,
1456 2023 1510 2069 et
1553 2013 1799 2071 czecitate

201 2095 452 2166 perﬁdiae
487 2115 500 2150 :
534 2101 734 2169 pepulo
761 2111 942 2157 autem
974 2118 1042 2158 ex
1065 2103 1378 2159 nationibus
1411 2105 1501 2161 lux
1546 2115 1648 2161 est.
1684 2106 1801 2162 De-

193 2189 607 2261 nique,'populo
630 2195 717 2265 qui
733 2195 940 2251 sedebat
960 2197 1014 2250 in
1043 2199 1252 2272 regione
1272 2199 1466 2253 umbra:
1486 2201 1685 2266 mortis,
1708 2201 1801 2256 tua:

192 2293 311 2336 orta
338 2293 415 2337 est
443 2286 516 2338 eis
543 2283 716 2357 (Esai.
741 2304 819 2355 rx,
842 2287 926 2361 9).
970 2293 1136 2363 Aperi
1169 2293 1328 2362 igitur
1351 2292 1620 2350 fenestras
1645 2303 1795 2362 tuas;

196 2385 256 2430 ut
291 2375 554 2446 splendor
587 2379 680 2433 tibi
725 2396 934 2452 magna:
967 2384 1100 2440 lucis
1126 2384 1382 2441 introeat.
1421 2385 1677 2442 Paratum
1714 2386 1800 2444 fac

191 2471 587 2527 candelabrum
621 2481 802 2539 tuum;
838 2485 894 2529 ut
924 2475 1016 2532 lux
1041 2488 1132 2532 tua
1155 2494 1260 2532 non
1287 2479 1568 2549 operiatur
1595 2480 1802 2550 integu-

187 2574 378 2619 mento
416 2567 664 2635 corporis
697 2567 796 2630 tui,
829 2575 885 2622 et
912 2584 1168 2625 mensura
1218 2580 1449 2626 terrenae
1491 2570 1653 2642 hujus
1691 2571 1800 2627 t‘ra-

192 2658 419 2729 gilitatis
447 2661 581 2716 :sed
612 2675 772 2731 supra
813 2679 1120 2720 mensuram
1149 2681 1429 2736 corporea:
1469 2665 1800 2724 infirmitatis

199 2749 394 2805 anima:
427 2760 532 2808 tua:
560 2753 756 2820 virtute
775 2754 1119 2825 prmfulgeas.
1137 2756 1165 2796 δ
1195 2759 1301 2813 Λιιι
1327 2758 1375 2813 si
1397 2758 1462 2813 ad
1490 2773 1797 2817 mensuram

207 2845 438 2910 teneris,
468 2847 591 2900 vide
622 2863 690 2901 ne
736 2861 900 2917 super
927 2847 1166 2904 efﬁciant
1208 2852 1341 2917 ipsrc
1390 2867 1661 2907 mensura:
1687 2896 1704 2920 ,
1735 2870 1800 2909 ne

206 2937 602 3006 supereltluaut
634 2958 648 2995 :
688 2941 782 2996 sed
809 2942 966 2996 bonis
996 2943 1295 2999 seminibus
1346 2944 1458 3000 sint
1507 2954 1798 3002 contenta).

207 3029 322 3086 Non
354 3031 424 3086 sit
461 3033 672 3090 otiosus
698 3049 880 3090 sermo
933 3047 1076 3101 tuus,
1122 3051 1228 3092 non
1275 3037 1508 3094 ferietur
1549 3050 1604 3096 et
1653 3050 1806 3096 vacet

208 3126 427 3181 verbum
452 3137 602 3184 tuum
627 3146 642 3196 ;
671 3145 740 3186 ne
771 3131 862 3186 ﬁat
883 3131 1100 3188 lucerna
1131 3135 1232 3189 sub
1254 3135 1457 3190 modio.
1494 3136 1693 3192 Potens
1719 3147 1805 3193 est

119 3271 128 3282 ,
209 3215 349 3272 Deus
399 3221 491 3290 qui
523 3238 688 3293 super
737 3223 1126 3280 candelabrum
1179 3226 1470 3282 constituat
1521 3228 1800 3284 lucernam

1905 2024 2158 2082 Ostendit
2191 2029 2266 2082 illi
2295 2029 2576 2086 lucernam
2616 2047 2778 2102 quam
2807 2032 3037 2090 deberet
3063 2035 3238 2107 sequi,
3265 2046 3382 2110 post
3402 2052 3510 2104 me,

1903 2119 2114 2175 dicens.
2157 2122 2394 2179 Secutus
2442 2125 2671 2180 verbum
2705 2125 2796 2181 Dei
2824 2126 3182 2182 confirmatus
3204 2138 3288 2184 est
3317 2146 3332 2183 :
3363 2137 3520 2199 post-
3567 2125 3572 2130 ’

1903 2229 1966 2268 ea
2013 2215 2183 2285 cmpit
2218 2215 2490 2273 inhaarere
2524 2216 2766 2283 Christo,
2824 2221 3024 2276 timens
3069 2237 3138 2276 ne
3175 2222 3370 2277 iterum
3416 2222 3521 2276 ali-

1903 2323 2010 2378 quo
2038 2309 2315 2365 laberetur
2338 2326 2547 2367 errore.
2573 2312 2764 2369 Nonne
2786 2323 2840 2368 et
2861 2313 3087 2386 ipsequi
3117 2314 3337 2371 dicebat
3362 2333 3375 2369 :
3401 2315 3520 2369 ιιι-

1901 2417 2056 2455 cerno
2087 2401 2302 2473 pedibus
2339 2405 2464 2458 meis
2496 2405 2703 2460 verbum
2734 2417 2898 2473 tuum,
2941 2406 3011 2462 ad
3059 2408 3195 2463 lianc
3224 2408 3514 2464 lucernam

1902 2494 2200 2562 festinavit,
2225 2512 2345 2553 cum
2385 2499 2594 2556 diceret
2622 2502 2674 2556 in
2723 2502 2858 2557 mari
2896 2520 2908 2556 :
2940 2501 3258 2559 Domine....
3277 2505 3410 2577 jube
3429 2521 3512 2558 me

1901 2593 2076 2646 venire
2097 2592 2167 2646 ad
2187 2602 2237 2647 te
2260 2609 2413 2665 super
2441 2611 2632 2665 aquam
2685 2595 2901 2668 (Matth.
2931 2613 3043 2666 xw,
3082 2598 3175 2670 28)
3203 2598 3344 2654 ?sed
3387 2598 3516 2670 quia

1904 2704 2012 2743 non
2041 2689 2372 2758 sequebatur
2421 2690 2721 2756 lucernam,
2767 2702 2948 2746 motus
2976 2704 3082 2758 est,
3117 2704 3278 2764 atque
3311 2693 3518 2748 tituba-

1904 2783 2006 2847 vit,
2039 2792 2061 2819 ε
2093 2789 2301 2835 natura:
2339 2782 2769 2840 vehementioris
2797 2785 2941 2839 mole
2971 2784 3232 2840 turbatus.

1977 2875 2064 2928 11.
2107 2873 2411 2943 Sequatnur
2451 2890 2580 2946 ergo
2622 2875 2900 2931 lucernam
2948 2875 3089 2932 hanc
3127 2895 3141 2933 :
3176 2886 3233 2934 et
3269 2877 3411 2934 sicut
3458 2879 3517 2936 itt

1907 2976 2064 3022 nocte
2092 2965 2435 3022 ambulemus
2462 2967 2527 3022 ad
2554 2969 2759 3023 lumen.
2785 2967 2968 3024 Multa:
3001 2967 3198 3035 foveae,
3217 2970 3369 3024 nmlti
3388 2984 3514 3026 sco-

1905 3060 2016 3132 puli
2053 3061 2103 3115 in
2153 3063 2307 3116 istius
2352 3062 2537 3116 surculi
2578 3061 2813 3131 caligine
2844 3079 2950 3117 non
2977 3063 3250 3118 videntur.
3306 3063 3514 3120 Pra-fer

1904 3156 1997 3211 tibi
2034 3155 2312 3211 lucernam
2345 3173 2504 3227 quam
2536 3157 2813 3226 PrOpbeta
2844 3159 3165 3214 monSIravit
3203 3177 3215 3214 :
3249 3158 3373 3214 vide
3400 3175 3512 3223 qtto

1904 3247 2103 3303 debeas
2135 3249 2432 3305 transferre
2457 3252 2768 3322 vestigium,
2793 3263 3056 3308 contttere
3079 3251 3170 3307 ubi
3199 3251 3390 3322 pedem
3416 3266 3513 3322 po-

209 3319 378 3378 tnam;
414 3325 468 3367 ιιι
495 3315 673 3371 luceat
711 3319 964 3374 omnibus
991 3321 1080 3390 qui
1110 3321 1162 3375 in
1210 3321 1375 3376 domo
1409 3335 1554 3387 stmt,
1588 3322 1798 3396 1153

1907 3356 2036 3396 nere
2058 3343 2260 3398 mentis
2281 3345 2512 3400 internm
2542 3363 2556 3400 :
2585 3361 2682 3418 per
2709 3347 2955 3418 singulos
2980 3361 3110 3402 cura
3149 3345 3219 3401 sit
3240 3361 3460 3418 gressus
3490 3365 3505 3403 :

211 3411 269 3458 ut
318 3407 406 3476 qui
442 3405 826 3478 ingrediuntur
853 3411 1038 3467 lumen
1089 3413 1328 3469 videant.
1394 3414 1794 3472 Candelabrum

211 3497 499 3570 principale
528 3514 773 3558 nostrum
819 3515 922 3561 est.
955 3505 1106 3561 Pone
1143 3522 1452 3564 sermonem
1498 3509 1550 3565 in
1601 3511 1796 3580 princi-

215 3592 313 3661 pali
338 3600 444 3658 tuo,
472 3603 528 3650 et
553 3597 808 3652 omnibus
847 3598 1022 3654 luceat
1051 3599 1142 3670 qui
1184 3601 1564 3669 ingrediuntur
1603 3603 1655 3658 in
1689 3603 1792 3659 Ec-

213 3684 440 3741 clesiam.
463 3689 663 3759 Accipe
689 3698 747 3744 et
781 3688 924 3744 aliud
967 3692 1376 3749 candelabrum.
1413 3695 1709 3751 Considera
1733 3711 1795 3752 os

217 3786 378 3845 tuum,
406 3782 686 3837 considera
715 3791 767 3837 et
791 3799 1103 3840 sermonem
1139 3796 1309 3839 tuum.
1337 3785 1528 3843 Nonne
1551 3803 1612 3843 os
1644 3796 1792 3844 tuttm

217 3873 580 3932 candelabrum
611 3889 716 3943 est,
746 3885 802 3932 et
830 3879 1057 3934 verbum
1091 3889 1239 3933 tuum
1273 3880 1492 3936 lucerna
1524 3892 1632 3948 est,
1669 3897 1792 3937 cum

218 3965 283 4021 de
301 3983 388 4022 ore
413 3978 499 4025 tuo
542 3969 856 4041 profertur?
888 3971 1013 4027 Ilaec
1060 3973 1280 4028 lucerna
1308 3988 1525 4043 semper
1566 3975 1662 4031 tibi
1710 3976 1794 4030 lu-

219 4069 347 4128 ceat,
375 4062 469 4118 hoc
493 4075 595 4133 est,
622 4064 843 4120 verbum
887 4075 1033 4120 tuum
1067 4066 1267 4146 luceat,
1297 4078 1351 4122 et
1380 4082 1672 4137 numquam
1701 4083 1795 4123 ex-

223 4157 522 4226 stinguatur.

291 4249 374 4303 10.
410 4249 607 4318 Quaeris
647 4261 703 4306 ut
743 4251 968 4306 doceam
1013 4252 1287 4322 quomodo
1319 4268 1426 4307 non
1478 4255 1652 4322 possit
1701 4271 1798 4310 cx-

227 4339 446 4411 stingni?
466 4343 732 4415 Scriptum
761 4352 872 4397 est:
901 4343 1107 4398 Lumen
1131 4344 1262 4412 justi
1287 4359 1502 4415 semper
1528 4345 1791 4402 iuexstin-

230 4432 414 4503 guibile
457 4445 530 4490 est
590 4455 603 4492 :
657 4436 830 4490 lumen
879 4446 1058 4490 autem
1113 4436 1390 4507 impiorum
1420 4439 1785 4510 exstinguetur.

231 4522 360 4596 (Job.
381 4543 519 4593 xvnt,
542 4528 618 4600 5).
648 4529 757 4584 lloc
791 4530 970 4584 lumen
1008 4537 1125 4584 erat
1156 4529 1411 4595 lucernar,
1436 4546 1555 4602 quae
1578 4531 1795 4589 lucebat

235 4617 283 4671 in
313 4618 1001 4690 tabernaculoﬂestimonii,
1033 4629 1090 4677 et
1109 4621 1267 4676 hodie
1290 4638 1409 4690 quae
1433 4623 1575 4679 lucet
1602 4625 1655 4679 in
1683 4624 1788 4680 Ec-

235 4711 404 4780 clesia,
434 4715 506 4770 vir
530 4717 761 4786 sapiens.
794 4713 893 4770 Hic
914 4723 999 4770 est
1033 4714 1222 4770 o'culus
1249 4714 1529 4784 Ecclesiae,

220 4896 225 4902 '
305 4902 327 4931 α
359 4893 440 4949 Sic
459 4895 688 4966 plerique
727 4910 860 4950 mss.
884 4894 990 4950 Alii
1014 4896 1282 4961 nonnulli,
1313 4903 1370 4950 et
1397 4906 1606 4953 cunctae
1629 4898 1786 4963 edit.,

245 4967 507 5037 contagione
542 4969 794 5021 vitiorum.
842 4967 960 5022 Non
1008 4967 1200 5034 male,.
1235 4967 1329 5022 sed
1377 4978 1556 5024 tamen
1593 4968 1791 5024 allusio

246 5037 434 5091 videtur
470 5037 547 5092 hic
573 5040 684 5093 lieri
724 5039 791 5092 ad
833 5038 1145 5107 opinionem
1188 5038 1531 5094 sacerdotum
1577 5039 1789 5095 Iudaici

246 5107 430 5176 populi,
457 5110 534 5182 qui
561 5110 907 5178 cogitationes
945 5124 1010 5165 ac
1047 5109 1320 5166 desideria
1355 5110 1484 5182 Legi
1515 5115 1786 5167 c0ntraria

251 5191 343 5232 non
369 5180 791 5235 condemnabam.

313 5265 338 5304 δ
375 5267 514 5324 Rom.
533 5270 676 5337 edit.,
705 5271 808 5324 Aut
833 5272 878 5326 si
899 5287 1192 5326 mensuram
1214 5273 1457 5336 tenueris.
1483 5274 1600 5328 vide
1618 5291 1682 5330 ne
1700 5276 1791 5331 de-

257 5339 413 5414 ﬁciant
429 5341 539 5411 ipsae
559 5359 822 5407 mensuris,
853 5359 944 5398 nec
965 5344 1365 5414 superemuant,
1388 5356 1497 5401 etc.
1515 5344 1637 5400 Vet.
1663 5361 1787 5402 cum

257 5412 440 5467 cunctis
464 5429 602 5480 mss.,
623 5415 721 5468 Aut
753 5416 798 5468 si
821 5416 889 5468 ad
934 5412 1228 5486 mensuram
1251 5417 1461 5470 teneris.
1492 5415 1546 5470 In
1575 5417 1783 5486 reliqua

259 5497 373 5536 vero
413 5493 544 5552 parte
563 5502 680 5540 mss.
729 5487 872 5540 inter
919 5500 977 5539 se
1008 5485 1164 5539 divisi
1200 5488 1394 5556 partim
1429 5490 1546 5544 voci
1588 5485 1795 5552 teneris,

265 5556 488 5630 continuo
544 5559 898 5630 subjungunt,
959 5559 1286 5630 strpereﬂlnat
1349 5560 1466 5630 ipsa
1523 5576 1803 5625 mensura,

267 5627 570 5701 sypereﬂlttat,
618 5630 701 5685 sed
746 5629 902 5701 bonis,
943 5628 1009 5681 sit
1052 5627 1282 5701 conferta
1336 5627 1613 5686 seminibus
1638 5672 1650 5693 ,
1683 5647 1806 5701 par-

272 5695 352 5747 tim
373 5695 479 5752 cutn
505 5709 597 5755 vet.
617 5703 738 5757 edit.
783 5700 1073 5756 lectionem
1103 5695 1416 5769 praeferunt,
1443 5718 1604 5773 quam
1628 5695 1798 5758 secuti

274 5779 449 5820 sumus.
1539 5813 1545 5819 .

337 5864 358 5894 ο
390 5854 587 5935 Cuncta:
624 5863 769 5920 edit..
823 5841 1156 5933 operantibus
1199 5864 1355 5934 (cum
1383 5867 1451 5920 sit
1469 5866 1671 5935 quidem
1693 5885 1791 5921 an-

285 5926 440 5992 gustiis
464 5941 658 5998 opertus,
692 5935 780 5990 sed
817 5926 918 5987 non
956 5926 1307 6004 angustus‘ad
1338 5926 1791 6009 intelligendum):

1901 3434 2029 3489 nulli
2061 3437 2254 3492 credas
2282 3446 2456 3507 tuum,
2489 3441 2590 3494 nisi
2615 3453 2892 3511 pra-eunte
2916 3441 3156 3496 lucernae
3183 3442 3336 3497 istius
3362 3441 3507 3508 luce,

1900 3543 2238 3600 processum.
2271 3530 2404 3586 Nam
2437 3533 2528 3588 ubi
2561 3543 2717 3601 pnus
2745 3535 2887 3601 quod
2928 3534 3127 3600 luceat,
3169 3550 3366 3605 gurges
3392 3543 3508 3599 est;

1894 3622 2113 3696 ridetur
2143 3625 2327 3681 lucere
2353 3627 2448 3682 sed
2473 3628 2699 3697 polluit;
2747 3636 2804 3682 et
2830 3629 2918 3683 ubi
2945 3636 3100 3698 putas
3127 3628 3358 3683 solidum
3386 3643 3510 3686 esse

1900 3715 1985 3770 vel
2012 3716 2241 3783 siccum,
2275 3718 2346 3772 ibi
2373 3719 2636 3775 lubricum
2661 3730 2764 3776 est.
2789 3720 2895 3778 Sed
2919 3731 2974 3776 et
2999 3721 3042 3776 si
3075 3721 3295 3778 lucerna
3331 3719 3351 3759 τ
3378 3721 3502 3791 tibi,

1900 3809 2004 3864 iter
2031 3811 2243 3879 longius
2264 3813 2354 3868 sit.
2379 3813 2462 3868 Sit
2487 3829 2620 3885 ergo
2647 3813 2780 3870 fides
2807 3816 2902 3870 tibi
2932 3815 3145 3871 itineris
3172 3817 3245 3870 ttti
3279 3816 3504 3887 pravis,

1898 3903 1970 3957 sit
1995 3903 2091 3959 tibi
2115 3903 2219 3958 iter
2243 3905 2522 3976 Scriptura
2546 3906 2749 3963 divina.
2784 3907 2967 3963 Bonus
2994 3919 3078 3964 est
3109 3910 3351 3966 ctelestis
3370 3908 3510 3965 duc-

1899 4007 1981 4051 tus
2003 3997 2227 4068 eloquii.
2252 3999 2328 4054 Ex
2360 3999 2461 4054 bac
2493 4003 2711 4055 lucerna
2740 4002 2979 4057 accende
3016 4011 3072 4058 et
3109 4012 3163 4056 ιιι
3195 4005 3507 4068 lucernam;

1899 4097 1958 4144 ut
1983 4091 2156 4146 luceat
2187 4093 2409 4147 interior
2431 4096 2620 4147 oculos
2639 4106 2780 4156 tuus,
2810 4093 2901 4164 qui
2928 4095 3147 4149 lucerna
3174 4101 3260 4147 est
3281 4095 3353 4146 tui
3381 4107 3508 4148 cor-

1901 4183 2067 4253 poris.
2114 4184 2307 4239 Multas
2343 4185 2510 4242 habes
2552 4186 2820 4250 lucernas,
2844 4187 3082 4241 accende
3106 4200 3330 4248 omnes,
3377 4185 3505 4255 quia

1898 4273 2102 4330 dictum
2129 4285 2208 4330 est
2238 4275 2362 4330 tibi:
2386 4276 2507 4332 Sint
2538 4278 2697 4332 lumbi
2720 4279 2874 4333 vestri
2894 4277 3180 4348 prwcincti,
3211 4288 3257 4331 et
3283 4278 3508 4332 lucernte

1895 4379 2076 4424 vestra:
2097 4369 2335 4425 ardentes
2383 4369 2533 4442 (Luc.
2561 4386 2654 4435 xu,
2685 4369 2803 4444 55).
2828 4370 2960 4440 Quia
2985 4370 3171 4424 multa!
3201 4380 3323 4425 sunt
3354 4379 3508 4424 tene-

1899 4461 2033 4526 brae,
2081 4463 2263 4518 multa:
2293 4474 2417 4518 sunt
2443 4467 2673 4519 lucerna:
2705 4465 3059 4529 necessariae;
3091 4472 3148 4518 ut
3188 4463 3507 4519 meritorum

1897 4565 2208 4609 nostrorum
2269 4554 2320 4609 in
2367 4555 2528 4610 tantis
2579 4556 2817 4610 tenebris
2855 4555 3034 4610 lumen
3079 4543 3311 4610 eluceat.
3372 4553 3510 4608 Istas

1905 4646 2119 4721 11M
2149 4649 2396 4704 lucernas
2422 4649 2533 4704 Lex
2577 4647 2902 4717 significavit
2935 4663 3152 4721 semper
3179 4648 3364 4704 lucere
3401 4647 3504 4703 de-

1559 4717 1650 4789 fl"i
1684 4734 1794 4775 ηοη
1819 4728 1875 4791 1)
1901 4717 2121 4798 [Teia].
2163 4743 2510 4798 tabernaculo
2547 4741 2888 4810 TcStimonii,
2934 4717 3202 4798 non'illas
3237 4755 3370 4812 quas
3412 4738 3508 4795 Ju-

1899 4896 2337 4974 Non_estis.__etc.
2362 4900 2490 4956 Mss.
2519 4901 2795 4972 plerique,
2835 4903 3168 4974 operantibus
3207 4903 3276 4956 ad
3302 4901 3501 4957 intelli-

1933 4972 2155 5026 endum:
2180 4969 2305 5026 Non
2325 4974 2466 5036 estis,
2485 4985 2588 5029 etc.
2611 4969 2826 5043 (lptitne
2849 4969 3096 5029 omnium
3121 4973 3317 5029 NaVar.
3339 4989 3500 5042 unus,

1933 4989 2120 5025 enaum
2137 4989 2155 5026 :
2180 4989 2227 5026 ιγ
2239 4989 2305 5026 on
2325 4989 2466 5036 esus,
2485 4989 2588 5029 etc.
2611 4989 2826 5043 uptttne
2849 4990 3096 5029 ominum
3121 4989 3317 5029 [\aVar.
3339 4991 3378 5025 tt:

1897 4989 2086 5105 aliud”
2117 5045 2279 5106 Attd..
2315 5043 2445 5100 Eltr.
2475 5060 2526 5100 et
2563 5043 2704 5100 Fisc.
2741 5056 2797 5098 ιιι
2826 5062 2988 5116 supra
3013 5045 3066 5098 ιιι
3095 5055 3378 5099 contextu.

1968 5130 1994 5206 τί
2036 5133 2178 5190 ΕιΙίι.
2207 5145 2314 5191 vet.
2341 5147 2394 5190 et
2419 5151 2550 5190 mss.
2573 5135 2795 5206 aliquot.
2823 5135 3086 5189 lucernam
3105 5135 3235 5206 Itane
3251 5149 3436 5206 sequar
3449 5135 3508 5188 in

1894 5205 2046 5260 istius
2071 5207 2378 5278 ignorantia:
2407 5204 2745 5274 operimento,
2773 5207 2827 5278 in
2851 5207 2998 5260 istius
3025 5205 3257 5277 Corporis
3284 5204 3510 5278 tenrbris

1894 5275 2214 5332 constitutus.
2275 5279 2483 5360 “una...
2522 5295 2573 5331 tn
2610 5281 2767 5360 istius
2800 5275 3123 5360 ignorantin
3159 5275 3509 5360 tenebris._.in

1892 5349 2041 5402 istius
2070 5364 2330 5417 corporeae
2347 5350 2647 5419 fragilitatis
2668 5350 2981 5414 aperimeuto
3006 5349 3331 5402 constitutus.
3363 5348 3515 5400 Alio-

1894 5434 2011 5474 rum
2044 5435 2175 5475 mss.
2201 5437 2452 5486 quatuor.
2469 5423 2600 5475 hanc
2627 5421 2906 5475 lucernam.
2933 5420 3136 5481 Sequar
3157 5421 3369 5474 disi-ere.
3395 5428 3506 5473 etc.

1907 5489 2078 5555 Unus,
2114 5495 2244 5546 hanc
2272 5493 2557 5550 lucernam.
2588 5501 2642 5544 ut
2679 5493 2927 5570 discerrm
2949 5493 3113 5570 sequi.
3147 5504 3252 5546 etc.
3284 5489 3389 5570 So:
3413 5491 3506 5570 de-

1914 5564 2076 5629 nique.
2111 5577 2162 5615 nt
2193 5579 2356 5624 supra
2387 5567 2439 5616 in
2467 5574 2748 5618 contextu.
2775 5561 3093 5641 Duriuscnla
3127 5561 3506 5641 sant-olnt‘miO,

1909 5645 1958 5688 et
1987 5650 2146 5704 quam
2176 5636 2440 5689 credibile.
2461 5646 2541 5690 est
2584 5651 2613 5687 v
2640 5645 2752 5687 tare
2781 5636 3018 5688 voluisse
3037 5648 3154 5692 eos,
3189 5636 3278 5700 qui
3315 5639 3387 5682 tot
3420 5645 3512 5680 va-

1905 5705 2129 5760 rii-tates
2169 5706 2449 5760 induxere.
2480 5706 2586 5761 Sed
2621 5721 2739 5758 eant
2767 5715 2948 5760 tamen
2981 5706 3307 5758 confirmant
3349 5713 3512 5767 snpe-

1901 5777 2066 5841 riora,
2103 5788 2157 5830 ut
2179 5779 2350 5831 lumen
2373 5778 2518 5844 sequi
2547 5778 2815 5828 discerent.

1975 5880 1998 5908 ο
2045 5869 2280 5935 Natum,
2315 5869 2364 5922 id
2396 5880 2502 5931 est,
2531 5867 2806 5931 elementi,
2833 5865 3040 5935 scilicet
3061 5860 3244 5935 maris.

1967 5942 1992 5978 ’ί
2039 5942 2166 5995 Post
2189 5932 2373 5992 vocem
2407 5940 2518 6004 tibi,
2566 5937 2913 6004 sttbintellige
2942 5932 3369 5989 substantivum,
3420 5942 3520 5984 est:
