3982 6488
530 326 668 385 1593

1870 322 2115 379 SANCTI
2155 323 2482 380 AMBROSII

3767 323 3883 382 139‘}

524 444 626 500 dmi
669 442 982 500 accendunt
1027 443 1270 514 quotidie
1322 441 1806 513 (Exod.xxvtt.26).
1849 439 1959 496 illa:
2014 441 2116 497 sub
2143 445 2189 504 Α
2222 440 2550 496 Hamiliatus
2584 459 2698 496 sum
2733 457 3110 514 usquequaque.
3153 444 3280 498 Vox
3328 443 3705 498 ambulantis
3737 443 3788 497 ia
3819 447 3886 500 la.

523 538 716 594 utnhra
749 538 953 600 lucent.
985 549 1038 592 et
1060 536 1468 606 exstinguuntur
1493 534 1755 604 quotidie;
1807 537 1933 604 quia
1974 535 2118 605 quod

518 632 750 696 faciunt.
785 649 888 686 non
907 631 1088 686 vident
1115 631 1288 700 :quotl
1316 630 1518 698 legunt,
1549 627 1816 692 urseiunt,
1849 628 2118 697 accipien-

518 736 601 784 tes
637 726 934 782 secundum
984 727 1217 779 litteram
1281 723 1422 793 quod
1468 725 1778 794 praecipitur
1822 725 2118 779 secundum

515 817 794 888 spiritum.
852 816 1279 871 Tabernaculum
1333 816 1477 869 enim
1540 815 1862 870 Testimouii
1913 830 2112 885 corpus

517 915 619 967 hoc
667 923 911 966 nostrum
951 919 1055 977 est,
1083 910 1132 965 in
1163 926 1272 979 quo
1311 907 1558 965 Christus
1597 910 1836 973 advenit,
1880 926 1977 980 per
2003 925 2120 966 am-

511 1008 653 1076 plius
681 1014 737 1060 et
759 1003 1047 1073 perfectius
1072 1004 1507 1068 tabernaculum,
1534 1005 1678 1058 sicut
1703 1004 1964 1071 scriptum
1995 1015 2111 1069 est;

510 1098 668 1170 (Ilcb.
703 1115 778 1164 tx,
814 1099 873 1153 11
912 1106 959 1151 et
993 1097 1114 1169 i2);
1167 1106 1225 1152 ut
1267 1113 1362 1164 per
1405 1098 1722 1168 sanguinem
1753 1112 1908 1150 suum
1943 1098 2114 1152 intra-

504 1201 590 1248 ret
633 1192 689 1246 in
737 1199 952 1256 sancta,
1012 1199 1068 1246 et
1110 1190 1503 1246 conscientiam
1569 1199 1807 1244 nostram
1857 1190 1926 1244 ab
1963 1191 2112 1246 omni

510 1300 676 1354 opere
704 1295 1045 1339 mortuorum
1068 1295 1122 1339 et
1142 1284 1263 1339 labe
1293 1283 1616 1348 mundaret;
1646 1299 1754 1355 quo
1786 1283 1837 1338 in
1864 1284 2112 1352 corpori-

503 1378 604 1433 bus
632 1379 858 1442 uostris,
886 1393 1007 1447 qua:
1037 1392 1257 1432 suorum
1289 1377 1599 1433 testimonio
1625 1384 1682 1432 et
1701 1377 1964 1448 qualitate
2003 1379 2113 1432 fac-

504 1481 684 1526 torqu
721 1470 1110 1541 cogitationum
1153 1482 1458 1526 nostrarqu
1499 1471 1818 1526 abscondita
1848 1481 1902 1527 et
1929 1473 2113 1527 occul-

505 1574 556 1618 ta
584 1571 878 1628 testantur,
910 1563 1254 1618 lucernarum
1285 1564 1448 1619 modo
1486 1565 1666 1619 luceat
1693 1574 2000 1620 nostrarum
2022 1567 2111 1620 lux

503 1656 650 1712 clara
667 1657 942 1711 virtutum.
965 1655 1084 1712 Ista:
1109 1668 1232 1712 sunt
1259 1657 1495 1713 lucerna:
1511 1659 1786 1720 ardentes,
1803 1674 1919 1728 qutt-
1934 1657 2022 1714 die
2046 1673 2111 1714 ac

503 1760 667 1809 nocte
694 1753 745 1806 iu
773 1753 975 1820 templo
993 1751 1081 1806 Dei
1106 1753 1304 1806 lucent.
1329 1751 1384 1807 Si
1402 1751 1658 1822 templum
1687 1751 1780 1806 Dei
1803 1753 1855 1805 in
1882 1763 2111 1819 corpore

2225 539 2369 590 mine
2398 547 2482 591 est
2509 551 2630 591 cum
2661 541 2983 593 auctoritate
3010 539 3205 593 dicere
3246 557 3261 592 :
3296 537 3507 592 Juraei
3537 581 3554 600 ,
3597 537 3822 611 1155
3847 555 3885 594 et

2220 632 2400 684 stntni.
2431 633 2529 699 Qui
2560 634 2704 686 enim
2733 631 2938 698 statuit,
2976 649 3082 687 non
3116 642 3421 696 movetur,
3452 647 3576 686 non
3610 632 3804 686 metuit
3831 650 3884 688 ne

2221 725 2398 788 radat,
2426 729 2548 795 quia
2579 728 2696 792 plus
2729 735 2812 782 est
2837 740 3102 793 statuere,
3134 744 3311 796 quam
3346 738 3537 782 stare.
3578 726 3713 782 Stat
3743 728 3885 796 igittu

2222 821 2388 876 David
2422 821 2615 876 utentis
2647 824 2881 876 statione
2915 823 3169 876 fundatus
3198 864 3213 887 ,
3254 837 3368 876 nec
3404 823 3582 875 timet
3618 835 3697 874 ne
3738 825 3788 874 in
3817 823 3882 875 bis

2221 914 2409 968 mundi
2437 918 2594 982 lmjus
2623 916 2870 970 tenebris
2910 915 3080 986 possit
3107 927 3348 974 errare:
3384 915 3435 968 si
3480 915 3653 968 enim
3689 923 3882 969 metue

2218 1017 2338 1072 ret,
2374 1023 2478 1062 non
2503 1009 2749 1078 juraret:
2785 1008 2829 1063 si
2864 1010 3192 1080 trepidaret,
3232 1017 3441 1063 utrum
3473 1009 3683 1061 divina
3718 1018 3880 1076 posse:

2218 1099 2494 1155 custodire
2539 1100 2783 1170 judicia,
2834 1117 2940 1155 non
2991 1117 3112 1155 cum
3159 1099 3559 1170 jnrisjnrandi
3610 1109 3875 1155 statueret

2219 1203 2582 1248 sat-ramento.
2627 1193 2796 1248 Nemo
2831 1194 2970 1249 bene
2996 1194 3167 1263 jurat,
3193 1194 3308 1249 nisi
3351 1194 3456 1263 qui
3496 1203 3708 1264 potest
3756 1196 3876 1248 scire

2216 1286 2357 1356 quod
2379 1287 2544 1353 jurat.
2571 1284 2763 1340 Jurare
2785 1285 2970 1355 igitur,
3003 1286 3266 1340 indicium
3291 1287 3602 1346 scientiae.
3641 1287 3874 1340 testimo-

2218 1381 2362 1434 nium
2387 1381 2739 1435 conseieutiae
2761 1392 2865 1433 est.
2895 1381 2960 1435 Et
2981 1380 3116 1434 bene
3136 1379 3315 1449 jurat,
3349 1380 3453 1449 qui
3481 1379 3558 1433 ad
3597 1379 3871 1434 lucernam

2215 1474 2368 1527 verbi
2401 1473 2566 1542 pedes
2605 1488 2734 1528 suos
2764 1472 2978 1542 dirigit,
3017 1471 3110 1540 qui
3144 1474 3328 1528 lucem
3382 1474 3442 1526 in
3488 1475 3738 1527 semitis
3779 1473 3870 1526 suis

2215 1566 2414 1619 cernit.
2463 1563 2578 1618 Lux
2627 1564 2720 1618 tibi
2767 1574 2990 1634 praeeat,
3015 1564 3058 1618 si
3093 1563 3285 1633 jurare
3313 1565 3595 1635 disponis
3620 1604 3641 1631 ,
3681 1564 3737 1619 id
3782 1577 3865 1629 est,

2214 1660 2455 1730 eognitio
2479 1658 2724 1714 veritatis
2765 1660 3066 1729 praecedat;
3097 1668 3154 1712 ut
3185 1659 3483 1714 vinculum
3522 1659 3857 1714 sacramenti
3926 1687 3927 1730 ᾗ

2486 1699 2724 1714 ..,.......ο
2766 1699 3066 1729 puum...”
3098 1699 3154 1712 ...
3522 1699 3857 1714 ................

2217 1753 2308 1808 tibi
2342 1769 2449 1808 nou
2485 1753 2654 1823 possit
2691 1767 2906 1808 nocere.
2941 1751 3045 1808 Ubi
3073 1753 3265 1822 religio
3296 1754 3602 1820 sanctior,
3635 1753 3715 1808 ibi
3745 1753 3859 1806 fides
3925 1699 3927 1791 4

503 1861 598 1906 tuo
615 1865 823 1914 servas,
849 1851 891 1905 si
909 1850 1146 1905 membra
1173 1861 1259 1904 tua
1280 1851 1519 1906 membra
1543 1847 1904 1912 suttthristi,
1928 1846 2110 1901 lucent
2139 1847 2187 1907 Β
2217 1849 2455 1902 veritatis
2483 1858 2568 1902 est
2596 1847 2824 1918 plenior.
2859 1847 3103 1916 Denique
3133 1847 3260 1902 ideo
3295 1847 3610 1912 Dominus,
3643 1848 3742 1918 qui
3769 1863 3844 1902 re

504 1946 732 2000 virtutes
761 1958 886 2012 tum,
912 1960 1045 2014 quas
1067 1945 1247 1999 nullus
1266 1944 1581 2014 exstinguit,
1601 1943 1702 1997 nisi
1724 1957 1818 1998 eas
1835 1952 1982 1996 tuum
2005 1942 2114 1997 cri-

503 2054 628 2094 men
659 2038 1009 2094 exstinxerit.
1033 2037 1144 2092 lloe
1177 2037 1552 2094 lumioecastu:
1572 2040 1771 2090 tuentis
1799 2045 1856 2090 et
1885 2035 1984 2104 pia:
2010 2033 2110 2090 de-

499 2134 736 2190 votionis
757 2132 1118 2187 soletunitatis
1153 2142 1354 2186 nostrae
1382 2130 1518 2186 festa
1557 2128 1962 2198 resplendeant.

571 2227 659 2284 12,
692 2227 892 2282 Lueeat
923 2241 1055 2296 ergo
1085 2239 1302 2296 semper
1343 2226 1563 2280 lucerna
1595 2233 1702 2278 tua.
1737 2223 1926 2291 Arguit
1953 2217 2113 2275 Citri-

497 2331 613 2377 stus
646 2319 809 2376 etiam
849 2333 944 2376 eos
985 2320 1076 2390 qui
1115 2330 1338 2373 uluntttr
1364 2319 1621 2383 lucerna,
1650 2317 1694 2370 si
1739 2331 1844 2370 non
1893 2328 2113 2384 semper

497 2423 738 2480 utantur,
764 2414 953 2469 dicetis
981 2430 993 2467 :
1022 2413 1143 2467 Sitit
1173 2411 1333 2466 lumbi
1366 2411 1521 2465 vestri
1546 2409 1844 2482 praecincti,
1872 2417 1918 2460 et
1945 2407 2112 2460 lucer-

496 2523 580 2562 na
599 2509 838 2563 ardentes
865 2505 1017 2578 (Luc.
1043 2521 1136 2567 xtl.
1169 2506 1285 2576 55).
1313 2504 1429 2560 Non
1462 2504 1527 2558 ad
1556 2503 1744 2556 boram
1775 2502 2111 2556 exsultetnus

494 2600 552 2655 in
581 2601 806 2656 lumine.
850 2599 930 2653 Ad
975 2598 1164 2654 ltoratn
1193 2597 1465 2663 exsultat,
1489 2595 1582 2667 qui
1613 2595 1762 2650 audit
1795 2596 2017 2648 verbum
2055 2593 2107 2646 in

496 2692 736 2749 Ecclesia
763 2702 817 2748 et
845 2692 1045 2763 gaudet
1071 2710 1084 2744 :
1115 2705 1371 2761 egressus
1401 2700 1578 2746 autem
1608 2687 1943 2744 oblivi~citur
1965 2685 2108 2755 quod

492 2786 720 2852 audivit,
746 2798 799 2842 et
835 2786 1076 2856 negligit.
1106 2785 1209 2840 lste
1231 2795 1316 2840 est
1336 2784 1424 2854 qui
1453 2785 1570 2837 sine
1597 2782 1818 2836 lucerna
1851 2780 1904 2836 iu
1945 2779 2109 2834 domo

493 2896 590 2936 sua
636 2881 917 2946 ambulat;
978 2881 1210 2950 idecque
1267 2881 1319 2933 in
1380 2878 1620 2932 tenebris
1679 2875 1960 2940 atubulat,
2014 2874 2109 2944 qui

493 2989 656 3042 opera
690 2976 1038 3030 tenebrarum
1067 2972 1215 3036 facit,
1248 2973 1301 3025 iu
1328 2969 1816 3024 comessationibus
1841 2980 1896 3022 et
1927 2969 2106 3023 ebrie-

494 3066 734 3131 tatibus.
768 3067 821 3122 in
851 3067 1120 3122 cubilibus
1143 3075 1199 3121 et
1239 3064 1628 3134 impudicitiis,
1658 3065 1709 3116 iu
1739 3064 2105 3118 contentioni-

493 3159 596 3215 bus
632 3170 687 3215 et
721 3159 1194 3223 tetuulationibus,
1243 3157 1465 3211 indutus
1493 3157 1814 3211 vestimenta
1862 3155 2102 3221 diaboli,

2214 1944 2294 1998 nit
2321 1943 2524 1998 docere
2568 1943 2842 2013 parvulos,
2869 1941 3115 1996 imbuere
3144 1955 3325 1995 novos
3348 1982 3366 2005 ,
3403 1951 3431 1977 ιι
3466 1941 3722 1997 [innare
3753 1958 3854 2011 per-

2213 2035 2417 2100 fectos,
2466 2036 2543 2090 ait
2590 2036 2642 2088 iu
2699 2033 3001 2104 Evangelia
3044 2050 3058 2086 :
3108 2032 3234 2087 Non
3281 2033 3600 2104 furandum
3657 2037 3848 2088 omniss

2215 2127 2429 2201 (Matth.
2473 2143 2528 2194 ν,
2571 2128 2694 2198 54);
2737 2129 2860 2196 quia
2910 2127 3139 2182 inlirmis
3181 2127 3553 2197 loquebatur.
3615 2128 3846 2200 Denique

2214 2236 2320 2275 non
2351 2221 2416 2274 ad
2449 2220 2596 2274 Solos
2638 2220 2918 2289 apostolos
2959 2219 3285 2290 loquebatur
3313 2261 3329 2285 ,
3355 2221 3456 2274 sed
3492 2221 3568 2274 ad
3627 2223 3840 2283 turbas;

2212 2315 2384 2368 Voluit
2427 2314 2571 2369 euint
2622 2323 2672 2368 te
2720 2328 2827 2368 non
2862 2318 3070 2383 jurare,
3098 2329 3166 2368 ne
3193 2317 3474 2384 perjures.
3521 2314 3598 2370 Et
3648 2317 3836 2371 addidit

2215 2420 2322 2459 non
2342 2405 2528 2475 jurare
2551 2406 2777 2461 omnino
2801 2422 2976 2477 neque
3008 2422 3104 2475 per
3133 2407 3360 2472 cmlum,
3394 2424 3588 2479 neque
3623 2425 3728 2478 per
3749 2421 3834 2463 ter-

2214 2514 2368 2564 ram,
2419 2513 2596 2568 neque
2641 2513 2739 2567 per
2795 2499 3259 2570 Hierosolymam,
3308 2514 3492 2570 neque
3535 2517 3646 2571 per
3695 2513 3832 2571 caput

2214 2600 2363 2645 tuum
2395 2588 2812 2662 (Ibid.,5i-56),
2850 2607 2943 2661 per
2976 2592 3090 2646 lucc
3119 2591 3379 2648 videlicet
3423 2609 3558 2663 qua:
3597 2595 3829 2665 subjecta

2215 2701 2322 2739 nou
2355 2695 2482 2739 sunt
2513 2694 2615 2738 tute
2649 2686 2922 2755 potestati.
2956 2684 3162 2739 Juravit
3187 2683 3470 2752 Dominus,
3498 2704 3599 2741 nec
3632 2689 3827 2756 pauit:-

2213 2779 2284 2833 bit
2328 2796 2442 2833 eum
2473 2778 2645 2849 (Paul.
2685 2794 2796 2846 (ιιι,
2828 2779 2910 2851 Δ).
2944 2779 3100 2835 Juret
3137 2795 3268 2850 ergo
3304 2780 3396 2836 ille
3439 2798 3615 2849 quem
3664 2798 3825 2838 sacra—

2214 2877 2379 2928 menti
2409 2876 2491 2928 sui
2532 2874 2800 2944 paenitere
2831 2889 2939 2927 uott
2979 2876 3201 2944 poterit.
3233 2875 3297 2929 Et
3326 2875 3457 2944 quid
3481 2875 3703 2945 iuravit
3731 2877 3822 2930 Do-

2212 2969 2423 3022 minus?
2437 2967 2569 3034 Quia
2591 2964 2842 3022 Christus
2864 2968 2915 3020 in
2939 2980 3200 3021 aeternum
3225 2968 3486 3023 Sacerdos
3504 2982 3591 3023 est
3613 2969 3669 3040 (Ι
3679 2969 3816 3034 bii).

2211 3061 2482 3131 Numquid
2533 3068 2832 3128 incertum,
2867 3061 3125 3130 numquid
3157 3061 3503 3132 impossibile
3534 3075 3660 3118 erat
3688 3066 3814 3134 quod

2205 3160 2408 3228 juravit
2441 3157 2749 3212 Dominus?
2787 3157 3055 3226 Numquid
3101 3168 3312 3226 poterat
3343 3172 3467 3212 esse
3507 3159 3811 3213 mutabile?

497 3265 603 3306 nOu
639 3251 939 3306 Christum.
979 3252 1103 3306 ll..rc
1133 3249 1271 3305 fiunt
1306 3249 1523 3318 quando
1557 3248 1705 3303 verbi
1747 3247 1963 3302 lucerna
1997 3262 2105 3301 non
2133 3240 2178 3304 C
2210 3252 2329 3307 Noll
2359 3267 2489 3321 ergo
2527 3265 2791 3322 usurpare
2821 3251 3135 3318 exemplum
3183 3251 3513 3305 sacramenti
3541 3293 3557 3317 ,
3603 3253 3694 3322 qui
3729 3253 3809 3305 im-

496 3345 662 3401 lucct.
707 3344 1010 3415 Numquam
1056 3359 1187 3415 ergo
1226 3344 1559 3414 uegiigamus
1601 3341 1823 3396 verbum
1871 3341 2087 3397 Domini

499 3456 566 3498 ex
596 3457 702 3512 quo
733 3440 887 3496 nobis
919 3440 1160 3494 omnium
1193 3439 1348 3506 origo
1375 3441 1634 3493 virtutum
1663 3443 1784 3501 est,
1819 3439 2102 3490 universo-

497 3548 727 3603 rumque
757 3548 982 3602 operum
1015 3531 1231 3602 quidam
1265 3545 1574 3600 processus.
1615 3529 1671 3584 Si
1704 3528 1944 3583 tncmbra
1985 3544 2104 3582 cor-

497 3626 648 3696 poris
677 3627 847 3682 nostri
877 3626 996 3681 sine
1023 3626 1144 3680 luce
1169 3625 1383 3694 operari
1417 3631 1562 3678 recte
1589 3637 1696 3677 non
1721 3631 1925 3690 queunt
1955 3621 2100 3693 (nam

497 3719 666 3789 pedes
687 3721 938 3775 vacillant
969 3722 1087 3774 sine
1109 3719 1332 3784 lumine,
1362 3719 1620 3785 ctjmanus
1643 3716 1872 3786 errant),
1899 3725 2103 3787 quanto

499 3815 673 3884 magis
699 3813 766 3868 ad
791 3813 940 3868 verbi
970 3813 1151 3868 lumen
1183 3811 1462 3880 dirigenda
1504 3818 1631 3863 sunt
1665 3810 1860 3863 anima:
1903 3821 2103 3863 nostra:

497 3907 745 3978 vestigia,
775 3920 939 3977 atque
981 3908 1180 3961 mentis
1209 3906 1450 3961 incessus
1473 3904 1486 3958 !
1513 3903 1650 3959 Sunt
1680 3913 1737 3958 et
1769 3919 1960 3958 manus
1988 3904 2103 3957 aui-

499 4017 601 4056 ltiti!
628 4018 749 4072 quze
785 4002 924 4058 bene
957 4010 1202 4072 tangunt,
1232 4009 1290 4055 ut
1322 4001 1496 4070 tetigit
1526 3998 1762 4054 Thomas
1804 3998 2103 4054 Dominica:

494 4095 910 4151 resurrectionis
944 4094 1138 4150 iudicia
1178 4092 1357 4162 (Joau.
1401 4109 1497 4160 xx,
1525 4092 1653 4164 9.7),
1685 4093 1727 4146 si
1762 4093 1910 4148 verbi
1963 4109 2102 4162 prte-

494 4188 664 4240 seutis
693 4186 847 4242 nobis
877 4186 1060 4242 lumen
1101 4186 1302 4242 luceat.
1347 4185 1471 4240 llaec
1498 4184 1721 4239 lucerna
1762 4199 1989 4240 accensa
2024 4184 2101 4239 sit

490 4279 545 4332 itt
588 4280 736 4334 omni
769 4279 960 4341 verbo.
993 4281 1044 4333 in
1091 4279 1238 4333 omni
1284 4294 1474 4348 opere.
1503 4277 1584 4332 Ad
1634 4281 1771 4332 banc
1819 4280 2096 4334 lucernam

493 4386 713 4442 gressus
742 4383 926 4429 noster
952 4371 1186 4427 forensis
1220 4372 1572 4440 interitusque
1601 4382 1904 4426 moveatur.

567 4463 654 4518 15.
689 4463 796 4519 Sed
819 4465 930 4533 jam
962 4465 1373 4535 pregrediamur
1393 4463 1463 4516 ad
1489 4471 1709 4526 caetera,
1737 4470 1792 4516 et
1823 4463 1915 4516 liat
1949 4461 2099 4532 pcdi-

495 4554 598 4610 bus
627 4556 762 4609 meis
792 4556 1007 4612 lucerna
1039 4559 1262 4612 verbum
1297 4556 1390 4612 Dei
1417 4597 1430 4619 .
1459 4564 1517 4611 et
1556 4555 1770 4611 semitis
1799 4556 1936 4611 meis
1981 4558 2093 4612 lux.

497 4647 734 4704 Pedibus
772 4650 994 4704 lucerna
1027 4652 1161 4706 satis
1205 4661 1290 4706 est
1325 4652 1390 4706 ad
1431 4651 1816 4706 ambulandum
1840 4692 1854 4713 ,
1888 4651 2098 4706 semitis

497 4757 606 4798 non
651 4751 736 4798 est
781 4744 912 4797 satis
951 4744 1018 4796 ad
1059 4743 1470 4800 illuminandth
1507 4764 1519 4800 :
1560 4746 1701 4802 idem
1732 4745 1966 4801 Verbum
2020 4758 2098 4801 ta-

495 4847 620 4890 men
647 4843 705 4889 et
731 4833 961 4903 pedibus
985 4835 1202 4889 lucerna
1228 4843 1311 4889 est
1334 4877 1350 4902 ,
1374 4845 1425 4891 et
1456 4839 1668 4892 semitis
1698 4838 1787 4892 lux
1819 4848 1941 4902 est;
1971 4839 2096 4908 quia

491 4927 637 4988 idem
667 4931 976 5002 'uuigeuitns
1007 4927 1103 4987 Dei
1143 4929 1284 4985 lilius
1320 4942 1374 4986 et
1401 4932 1838 5002 deliuqttentlbus
1869 4933 2098 4989 advoca-

496 5034 604 5091 tus,
633 5035 690 5080 et
717 5035 1097 5081 remuneratur
1125 5035 1208 5080 est
1238 5023 1466 5082 fortibus
1488 5069 1504 5093 ,
1533 5037 1876 5097 peccatorum
1906 5030 2096 5083 remis-

497 5126 610 5186 εον,
636 5119 984 5190 praemiorum
1015 5119 1258 5191 largitor.

573 5212 661 5268 14.
697 5211 885 5284 (Vers.
913 5211 1063 5284 106.)
1088 5213 1272 5284 Itaque
1306 5213 1390 5268 cui
1425 5213 1645 5270 lucerna
1681 5211 2096 5272 fueritVerbttm

501 5303 617 5367 Dei.
634 5292 760 5360 liuic
776 5311 1116 5376 quocumque
1136 5305 1327 5376 pergit,
1347 5305 1528 5363 lucent
1545 5307 1773 5374 semine,
1797 5307 1938 5362 sicut
1956 5309 2097 5364 luce-

443 5471 448 5476 ι
495 5396 629 5453 baut
659 5408 848 5464 sancto
875 5395 1082 5462 David;
1109 5408 1164 5452 ct
1196 5399 1318 5453 ideo
1341 5401 1491 5469 quasi
1512 5401 1563 5454 in
1594 5401 1795 5455 lumine
1812 5401 2095 5456 ambulans

491 5489 622 5548 dicit
648 5509 662 5547 :
691 5491 878 5546 Juravi
897 5535 911 5560 ,
940 5500 990 5546 et
1015 5491 1171 5546 statui
1206 5493 1464 5547 custodire
1492 5494 1697 5566 judicia
1715 5494 1942 5566 justitiw
1967 5504 2094 5550 tute.

567 5643 746 5701 ‘Mes.
793 5657 993 5718 noVem
1021 5686 1034 5705 ,
1077 5645 1285 5711 fimum
1329 5645 1672 5718 imperfecms.
1733 5647 1988 5717 Reliqui,
2035 5660 2089 5705 et

497 5730 706 5790 cunctae
737 5717 897 5781 etlit.,
936 5715 1152 5790 ﬁmare
1193 5715 1466 5787 perfectos.
1497 5715 1643 5788 Quid
1675 5718 1720 5774 si
1771 5715 2096 5790 legendum,

503 5789 728 5856 forumrc
749 5791 951 5856 imperti
964 5797 1076 5842 etot
1091 5788 1118 5842 .9

568 5854 593 5895 δ
625 5854 864 5915 Εηάίιὶο
887 5858 977 5920 hic
1002 5861 1352 5930 idemvsonat.
1383 5878 1446 5919 ac
1479 5863 1768 5922 verborum
1791 5863 2094 5942 castigatio.

2213 3343 2394 3415 pleutli
2415 3347 2739 3398 sacramenti
2774 3359 2877 3397 non
2908 3344 3074 3398 babes
3107 3353 3455 3412 potestatem.

2283 3437 2372 3490 15.
2419 3435 2558 3500 Quid
2612 3435 2772 3506 igitur
2814 3435 3016 3504 iuravit
3056 3435 3265 3489 David?
3297 3434 3575 3490 Custodire
3610 3438 3800 3508 judicia

2199 3529 2419 3599 justitiw
2444 3525 2676 3582 Domini.
2701 3526 2760 3582 In
2784 3527 2933 3582 nullo
2957 3527 3207 3582 videlicet
3230 3527 3343 3596 jam
3363 3527 3796 3600 perfectuut,j;:tn

2207 3623 2538 3676 instructum
2562 3620 2760 3676 divina:
2783 3621 3011 3691 iustitia:
3038 3622 3328 3675 movebant
3357 3622 3586 3691 judicia.
3619 3626 3793 3691 Qumti

2208 3729 2515 3783 moventur,
2544 3733 2666 3770 cum
2714 3717 2907 3771 vident.
2938 3717 3145 3787 justum
3177 3719 3416 3788 aliquem
3463 3721 3706 3774 orbatum
3743 3723 3791 3774 li-

2206 3810 2372 3871 beris,
2402 3808 2809 3878 dispendiisque
2837 3809 3210 3878 frequentibus
3227 3810 3294 3863 ad
3322 3812 3524 3866 ultimae
3553 3818 3786 3882 egestatis

2205 3903 2496 3958 deductum
2541 3905 2945 3969 necessitatem,
2981 3914 3036 3958 ιιι
3068 3905 3182 3974 ipsa
3209 3905 3591 3960 alimentorum
3621 3907 3777 3960 Subsi—

2204 3996 2291 4051 dia
2324 3997 2526 4051 habere
2574 4012 2680 4051 nou
2732 3998 2940 4066 possit:
2971 3997 3200 4051 fraetum
3249 3999 3574 4069 :rgritutline
3616 4001 3781 4070 gravi,

2206 4101 2260 4146 et
2306 4102 2560 4160 perpetua
2612 4072 2888 4146 debilitate
2927 4101 3209 4157 vexatum,
3268 4100 3328 4146 ut
3371 4093 3526 4149 obire
3572 4105 3778 4163 nequeat

2203 4185 2510 4240 communis
2558 4183 2738 4238 officia
2793 4185 3032 4239 naturae?
3059 4183 3165 4238 Sed
3194 4185 3286 4253 qui
3336 4186 3524 4240 firmus
3553 4196 3779 4251 est,uou

2204 4288 2471 4344 movetur,
2506 4289 2561 4333 et
2610 4279 2656 4332 is
2697 4278 2868 4350 magis
2909 4278 3162 4348 intelligit
3196 4278 3465 4346 justitiam
3491 4279 3579 4333 Dei
3609 4278 3778 4348 pracdi-

2203 4372 2464 4436 Candam;
2489 4371 2610 4440 quia
2641 4371 2870 4443 corripit
2909 4371 3171 4428 Dominus
3203 4380 3362 4440 quem
3402 4373 3593 4444 diligit.
3627 4371 3774 4426 Nunt-

2201 4464 2329 4533 quid
2353 4479 2459 4519 non
2484 4464 2818 4535 frequentius
2840 4466 3128 4535 corripitur
3147 4465 3314 4532 (ilius,
3339 4483 3504 4537 quam
3523 4467 3772 4522 servulus?

2203 4556 2406 4624 lujusta
2428 4571 2559 4627 ergo
2605 4560 2776 4626 pietas
2807 4539 2996 4628 patris,
3029 4559 3200 4629 magis
3228 4574 3392 4630 quam
3425 4560 3620 4616 domini
3642 4574 3771 4615 seve-

2204 4649 2376 4704 ritas?
2409 4651 2798 4720 Aspcrioribus
2844 4662 3065 4707 exercet
3093 4659 3250 4721 pater
3277 4653 3448 4708 lilium
3469 4696 3484 4718 ,
3509 4669 3654 4724 quam
3683 4653 3767 4707 do-

2206 4741 2383 4797 minus
2422 4745 2794 4798 vernaculum.
2827 4744 2933 4798 Sed
2972 4745 3105 4798 dura
3133 4745 3302 4813 patris
3331 4761 3441 4800 non
3469 4748 3769 4800 instituantur

2203 4837 2476 4906 impertita
2527 4837 2919 4908 ﬂ.tgell:t;quia
2965 4837 3078 4893 vult
3107 4837 3274 4892 filium
3321 4839 3596 4895 meliorem
3631 4853 3762 4906 esse,

2201 4946 2361 5001 quam
2390 4931 2684 4986 servulum.
2717 4930 2745 4970 ι’
2769 4931 3016 4989 Eruditio
3065 4950 3193 5003 ergo
3242 4934 3402 5003 plena
3433 4934 3644 5004 iustitia:
3675 4943 3761 4989 est.

2274 5027 2361 5081 16.
2388 5027 2618 5082 Orbatus
2649 5039 2730 5081 est
2784 5036 3001 5083 sanctus
3045 5027 3147 5082 Job
3199 5028 3385 5081 liberis
3417 5030 3552 5094 suis,
3581 5027 3626 5082 in
3649 5042 3761 5098 quos

2203 5120 2462 5175 Dominus
2490 5131 2813 5191 potestatem
2839 5121 3066 5176 diabolo.
3090 5120 3256 5176 dedit.
3288 5119 3560 5192 Numquid
3584 5121 3760 5194 iniquus

2204 5212 2378 5268 Deus?
2403 5211 2558 5270 Absit
2590 5232 2602 5266 :
2634 5215 2800 5267 itumo
2829 5215 3036 5282 justus;
3069 5215 3191 5285 quia
3234 5217 3559 5283 probaturus
3587 5214 3757 5284 justum

2199 5320 2390 5372 suum,
2423 5322 2517 5376 per
2562 5303 2867 5374 bnjusmndi
2911 5308 3166 5362 exercitia
3198 5307 3251 5360 iu
3285 5304 3482 5376 quibus
3507 5307 3616 5377 ejus
3647 5309 3752 5360 estc

2198 5401 2424 5470 probata
2448 5399 2725 5471 patientia,
2748 5400 2916 5470 magis
2939 5401 3159 5472 dignum
3186 5402 3274 5471 qui
3299 5400 3628 5470 probaretur,
3652 5397 3754 5454 elle-

2198 5497 2288 5552 cit.
2313 5497 2432 5566 Quo
2462 5495 2605 5550 enim
2637 5493 2837 5548 clarius
2862 5496 3115 5550 meritum
3143 5495 3410 5560 coronati,
3446 5494 3549 5548 hoc
3574 5493 3753 5547 uberior

2269 5663 2292 5692 ε
2315 5653 2444 5708 Mss.
2475 5667 2583 5705 non
2617 5653 2799 5719 pauci,
2829 5667 2893 5708 ac
2915 5662 3134 5710 veteres
3164 5653 3320 5717 edit.,
3351 5653 3566 5722 probatu
3587 5652 3751 5719 sapien-

2199 5727 2289 5778 tia.
2325 5725 2513 5797 Melius
2545 5733 2724 5778 tamen
2756 5723 2850 5778 alii
2881 5740 3014 5782 mss.
3065 5740 3128 5780 ac
3171 5724 3329 5780 Rom.
3384 5725 3548 5791 edit.,
3571 5723 3748 5797 probatu

2199 5795 2470 5869 patientia.
