4104 6350
326 355 456 414 1107

1408 347 1475 405 ΙΝ
1512 340 1840 405 PSALMUM
1877 336 2096 404 CXVIII
2134 333 2523 403 Βιροειτιο.

3476 344 3619 406 1598

318 471 513 544 iustitia
538 468 865 525 comitantis.
895 466 1138 523 Nudatos
1162 473 1248 522 εει
1289 464 1637 521 iaeuitalibus
1664 472 1788 519 eum
1818 460 1901 517 di—
1930 462 1985 526 Α
2008 454 2170 533 quim
2216 463 2553 518 creatitineiit
2579 476 2596 529 ;
2647 460 2776 533 quia
2820 461 2989 519 creta
3021 461 3090 518 ad
3133 458 3375 519 ibboréﬁt
3409 462 3624 532 sumus,

323 581 410 623 ves
436 578 608 630 esset,
630 572 686 620 et
731 564 848 617 haec
878 562 989 617 Deo
1017 560 1187 617 subiit
1216 561 1573 631 permittente
1594 556 1900 627 dispendia.

322 659 427 717 Non
457 671 608 715 erant
639 656 887 727 pecorum
913 655 1027 726 jam
1047 653 1380 720 daiuna,aed
1407 659 1561 716 vitae;
1596 666 1719 709 cum
1749 654 1907 707 dees-

319 764 395 810 set
422 751 700 817 alimonia,
729 750 1003 818 ademptis
1026 750 1307 804 omnibus.
1337 747 1472 814 Quis
1502 752 1725 801 accuset
1742 744 1906 815 justi-

322 848 439 902 tiam
461 846 586 912 Dei;
608 860 732 901 cum
755 843 859 901 Job
875 844 1046 899 sinon
1068 841 1572 898 umnemamisisset
1596 840 1906 912 pecuniam,

320 954 419 996 non
447 946 652 993 tantam
680 938 981 993 invenisset
1006 936 1283 1007 gratiam?
1312 934 1589 991 Athletam
1617 950 1773 988 suum
1812 946 1911 988 nu-

318 1034 436 1090 dmn
479 1050 677 1105 ungere
720 1031 891 1088 voluit
940 1032 1133 1088 Deus“
1172 1029 1298 1086 oleo
1346 1029 1706 1101 poenitentiae;
1751 1038 1811 1083 ut
1855 1036 1913 1085 et

324 1125 525 1201 ιιω
562 1125 848 1182 subeundo
898 1123 1105 1180 iaceret.
1146 1122 1433 1179 certamini
1484 1120 1805 1185 fortiorem,
1859 1127 1916 1175 et

314 1218 597 1275 emereudo
620 1217 847 1289 praemio
866 1216 1195 1287 digniorem.
1229 1214 1486 1271 Perlusus
1519 1222 1688 1267 totum
1716 1225 1914 1282 corpus

318 1315 536 1371 vulnere
584 1312 762 1385 gravi.
796 1312 1023 1368 sedebat
1065 1313 1120 1366 in
1163 1321 1440 1373 stercore,
1465 1308 1667 1364 radens
1706 1308 1915 1363 suniem

316 1406 465 1463 saevis
493 1405 739 1463 ulcerum
772 1404 1038 1460 vibicibus
1066 1401 1397 1459 deﬂuentem
1431 1418 1444 1455 :
1477 1412 1531 1457 et
1556 1402 1658 1455 hoc
1688 1400 1917 1471 permis-

320 1515 377 1555 su
411 1499 624 1555 Domini
669 1497 921 1554 diabolus
967 1496 1222 1552 intulerat
1262 1497 1412 1567 justo
1461 1495 1597 1551 viro.
1630 1492 1919 1551 \‘ideretur

319 1595 502 1649 vicisse
524 1593 631 1648 sibi
654 1591 930 1657 diabolus,
955 1592 1060 1646 nisi
1084 1601 1339 1660 accepta,
1371 1605 1532 1661 quam
1567 1595 1916 1658 poposcerat,

315 1692 576 1757 potestate
602 1692 752 1740 esset
781 1686 945 1739 etiam
979 1684 1095 1753 ipse
1122 1692 1427 1752 superatus.
1457 1680 1598 1750 Quid
1627 1681 1790 1751 igitur
1816 1679 1920 1736 t'uit

313 1780 395 1835 illa
425 1779 681 1841 mutatio,
709 1778 838 1849 quid
866 1777 1050 1847 inopia
1078 1775 1400 1832 facultatum
1419 1818 1435 1843 ,
1463 1777 1746 1832 destitutio
1774 1775 1919 1832 illio-

2010 555 2277 624 redeotpti
2309 556 2373 607 ait
2398 557 2660 625 quietem.
2696 554 2941 623 Denique
2967 554 3090 625 ipse
3134 555 3408 611 adversus
3450 562 3624 627 popu-

2011 648 2095 703 los
2142 647 2208 701 ad
2262 647 2694 703 miseticnrdiam
2751 662 2944 712 suam,
3007 647 3077 703 de
3132 639 3440 705 humilitate
3500 662 3630 719 pro-

2014 741 2129 810 pria
2160 739 2448 808 gloriatur,
2487 738 2679 796 dicens
2708 752 2724 793 t
2756 738 2944 796 Palam
2979 743 3146 812 factus
3175 746 3293 796 sunt
3342 752 3444 797 nou
3482 744 3629 810 qure-

2015 833 2246 887 rentibus
2293 847 2417 888 me:
2449 833 2672 902 apparui
2716 834 2779 888 iis
2819 836 2908 902 qui
2958 844 3041 889 me
3088 842 3191 888 non
3241 834 3629 907 interrogabant

2018 923 2191 996 (Esai.
2224 938 2353 990 ιη,
2387 926 2450 994 ι).
2484 924 2555 980 Ει
2592 925 2719 980 alibi
2748 940 2761 980 :
2796 925 3056 999 Scapulus
3106 942 3244 982 meas
3290 926 3413 980 dedi
3437 932 3490 982 in
3528 928 3631 998 ﬂa-

2015 1019 2174 1088 gella,
2208 1019 2453 1073 ntmriltas
2497 1032 2638 1074 mens
2663 1020 2719 1073 in
2745 1025 2947 1091 patulas
2972 1030 2993 1075 :
3016 1021 3207 1089 [aciem
3259 1030 3430 1074 autem
3456 1030 3627 1075 meum

2017 1124 2121 1167 non
2165 1113 2325 1166 auerti
2354 1128 2389 1166 a
2415 1113 2724 1183 confusione
2764 1122 3039 1183 epularum
3070 1111 3237 1183 (Emi.
3273 1118 3321 1175 ι,
3349 1111 3427 1186 t5).
3461 1110 3631 1173 Recte

2018 1216 2151 1274 ergo
2205 1202 2374 1258 David
2422 1202 2711 1259 humiliore
2757 1217 2819 1258 se
2870 1204 3075 1269 Voluit;
3110 1212 3163 1258 ut
3209 1203 3623 1260 tribulationum

2019 1298 2220 1355 Christi
2248 1298 2300 1352 in
2327 1313 2389 1354 se
2414 1300 2551 1368 ipso,
2576 1298 2722 1369 quod
2754 1300 2994 1365 deesset,
3028 1298 3305 1367 impleret.

2090 1391 2182 1448 ευ.
2208 1392 2397 1448 Ροιθξι
2420 1403 2471 1448 et
2500 1392 2615 1463 ipse
2645 1390 2750 1445 hoc
2777 1405 2843 1446 ex
2869 1406 2965 1445 sua
2990 1405 3219 1461 persona
3242 1404 3338 1462 per
3364 1404 3426 1445 os
3453 1390 3626 1445 David

2022 1490 2237 1544 loeutus
2278 1485 2525 1542 άὶιίεδιιε
2561 1484 2890 1540 Humiliatus
2918 1498 3033 1538 sum
3064 1484 3238 1551 nimis,
3268 1484 3359 1555 qui
3404 1485 3541 1539 dixit
3570 1475 3624 1539 in
3674 1501 3689 1515 '

2022 1582 2321 1652 Evangelio
2344 1597 2357 1633 :
2393 1578 2576 1635 Venite
2596 1581 2663 1635 ad
2684 1592 2789 1649 me,
2811 1590 2987 1634 omnes
3007 1579 3092 1650 qui
3115 1577 3385 1643 laboratis,
3414 1575 3625 1651 115.7

2022 1686 2069 1732 et
2101 1675 2301 1732 onerati
2348 1675 2504 1739 estis,
2544 1684 2591 1728 et
2630 1689 2723 1744 ego
2767 1688 2856 1728 vos
2902 1670 3156 1742 reﬁciam.
3215 1669 3403 1724 Tollite
3434 1673 3628 1744 jngum

2023 1788 2191 1827 meum
2205 1786 2361 1843 super
2381 1786 2492 1835 vos,
2515 1780 2562 1823 et
2579 1766 2800 1822 discitea
2819 1782 2920 1833 nte,
2937 1766 3057 1837 quia
3076 1766 3213 1821 mitis
3233 1782 3369 1830 sum,
3387 1770 3435 1819 et
3458 1765 3629 1818 lmini-

309 1889 440 1937 rum,
473 1873 768 1929 tolerantia
798 1873 1115 1939 vulnerum,
1151 1873 1255 1927 nisi
1296 1872 1618 1929 exercitium
1653 1872 1776 1928 lidei
1800 1915 1814 1936 ,
1833 1875 1916 1927 in-
1944 1873 1992 1934 B
2020 1868 2085 1923 tis
2100 1867 2269 1931 corde,
2288 1874 2333 1920 et
2352 1864 2624 1919 invenietis
2645 1864 2870 1935 requiem
2892 1860 3166 1917 animabus
3197 1862 3379 1916 vestris
3407 1858 3624 1932 (Matth.

309 1967 450 2037 signa
478 1966 783 2036 patientiae,
818 1965 1056 2022 eruditio
1104 1967 1342 2036 gloriosa
1373 1967 1612 2034 virtutis,
1642 1967 1915 2023 confessio

311 2060 456 2129 plena
484 2058 765 2124 vietoriw;
799 2059 974 2130 utqui
1016 2071 1143 2114 ante
1172 2059 1638 2114 contradicentem
1676 2058 1916 2114 habebat

309 2152 601 2218 diabolum,
635 2159 821 2222 postea
866 2166 974 2207 non
1005 2148 1271 2207 haberet?
1297 2150 1467 2207 Nemo
1492 2165 1623 2221 ergo
1651 2149 1785 2206 dura
1817 2166 1917 2222 pu-

312 2250 381 2300 tet
408 2258 529 2300 esse
590 2259 713 2314 qua:
750 2240 893 2314 iusta
942 2253 1093 2299 sunt.
1123 2241 1242 2299 Non
1293 2241 1624 2298 videbantur
1650 2242 1784 2296 dura
1823 2240 1912 2311 ei,

309 2335 391 2405 qui
415 2342 638 2406 poterat
679 2335 863 2391 dicere
896 2352 910 2389 :
946 2334 1137 2390 Nudus
1166 2345 1321 2390 natus
1352 2350 1498 2401 sum,
1529 2336 1699 2390 nudus
1729 2335 1913 2393 exibo:

312 2427 558 2484 Dominus
588 2429 751 2493 dedit,
777 2428 1032 2484 Dominus
1053 2429 1287 2484 abstulit.
1318 2469 1334 2482 .
1363 2468 1377 2481 .
1410 2430 1474 2484 sit
1494 2425 1917 2483 nomen'Domini

310 2520 783 2595 benedictumUob.
815 2537 855 2588 ι,
878 2520 994 2595 2|).
1019 2521 1299 2578 Boi-edicit
1325 2522 1467 2576 enim
1496 2519 1787 2577 Dominum
1827 2522 1916 2593 ju—

310 2628 414 2673 stus
435 2634 559 2673 cum
596 2618 830 2685 laborat,
861 2628 1113 2688 peccator
1139 2633 1262 2673 cum
1295 2616 1320 2657 δ
1352 2618 1615 2673 luxuriat.
1640 2616 1759 2673 Non
1783 2632 1916 2689 ergo

313 2728 376 2769 ex
406 2713 727 2769 inﬁrmitate
755 2724 936 2769 nostra
965 2712 1048 2769 vis
1068 2713 1385 2769 :estimaoda
1409 2713 1636 2785 justiti-ae
1663 2722 1765 2769 est.

380 2808 457 2864 i7.
495 2807 644 2878 Quid
669 2808 865 2864 durum
896 2814 1150 2878 putamus
1176 2822 1298 2864 esse
1337 2807 1598 2878 quidquid
1623 2822 1721 2876 per
1747 2806 1916 2862 imbe-

314 2900 588 2957 cillitatcm
624 2901 789 2955 animi
820 2900 965 2956 terre
988 2918 1093 2955 non
1124 2901 1452 2971 ptiSstttllusi
1479 2899 1630 2954 Tolle
1663 2914 1916 2969 persecu-

316 2990 497 3061 tiones,
524 3003 585 3048 et
619 2996 886 3064 martyres
910 2991 1127 3048 desunt.
1152 2991 1259 3049 Sed
1276 3001 1329 3048 et
1351 3002 1727 3064 persecutores
1750 2991 1912 3062 Deus,

315 3084 362 3140 id
386 3097 827 3158 est,potestates
882 3088 1066 3145 sazculi
1121 3099 1204 3144 est
1251 3104 1444 3160 passus
1491 3103 1806 3159 assurgere;
1847 3102 1915 3143 ne

316 3177 559 3234 deessent
580 3183 674 3251 qui
711 3181 992 3237 vincerent
1018 3179 1261 3236 Christo.
1304 3180 1436 3248 Quis
1469 3188 1594 3235 tunc
1641 3196 1748 3235 non
1780 3180 1917 3235 dixit

2023 1961 2185 2027 χιμὶὸ
2206 1970 2250 2015 et
2274 1960 2389 2033 29).
2416 1961 2694 2014 Discamus
2715 1970 2849 2029 ergo
2870 1958 2939 2012 ab
2956 1972 3042 2026 eo,
3064 1957 3155 2027 qui
3180 1952 3382 2012 docere
3407 1970 3509 2009 nos
3533 1958 3631 2009 vo-

2018 2052 2116 2111 luit
2132 2055 2273 2127 quod
2294 2054 2582 2126 proliceret
2604 2054 2669 2107 ad
2694 2054 2954 2119 salutem,
2977 2061 3033 2108 et
3056 2050 3214 2107 nobis
3231 2050 3361 2105 dicit
3388 2067 3402 2104 :
3429 2045 3627 2103 Discite

2016 2166 2049 2204 a
2066 2165 2165 2204 nte.
2188 2149 2300 2204 Non
2319 2158 2404 2205 est
2426 2147 2852 2219 mediocrequod
2866 2145 3021 2210 dicit,
3046 2140 3247 2200 Discite
3270 2154 3359 2200 :et
3380 2142 3627 2199 addidit:

2018 2244 2064 2297 Α
2082 2258 2161 2297 me
2180 2242 2382 2299 discite.
2406 2240 2523 2297 Non
2554 2241 2706 2297 l‘aeite
2721 2246 2902 2312 potest
2914 2241 3198 2313 quisquam
3218 2237 3581 2293 humilitatem
3600 2247 3623 2274 ο

2018 2335 2218 2393 docere
2262 2336 2479 2392 inﬂatos
2509 2352 2522 2390 :
2556 2336 2805 2408 quamvis
2849 2337 2923 2392 sit
2952 2336 3187 2390 humana
3239 2332 3499 2403 przeditus
3530 2342 3622 2386 sa—

2019 2431 2254 2502 pientia;
2285 2445 2439 2486 mens
2459 2438 2641 2486 tamen
2675 2429 2915 2496 inﬂatur,
2940 2444 3101 2500 quam
3156 2422 3412 2497 superbia
3442 2422 3626 2480 carnis

2019 2526 2256 2583 extollit.
2283 2524 2347 2580 Et
2387 2527 2479 2596 qui
2534 2534 2853 2596 paupertate
2901 2533 3193 2578 contentus
3243 2532 3362 2586 est,
3396 2535 3503 2574 non
3540 2528 3627 2573 est

2019 2627 2310 2674 contentus
2338 2618 2536 2687 injuria
2570 2634 2584 2672 :
2609 2624 2664 2673 et
2694 2617 2784 2687 qui
2811 2616 2992 2687 potest
3019 2613 3165 2670 ferre
3195 2612 3485 2669 verberum
3511 2618 3628 2680 pm-

2018 2723 2135 2777 ttas,
2168 2710 2479 2780 exagitator
2511 2706 2800 2765 verborum
2829 2702 3185 2763 contumeliis
3209 2722 3224 2759 :
3248 2714 3303 2760 et
3330 2705 3421 2774 qui
3449 2711 3630 2773 potest

2021 2805 2536 2860 adminiswationes
2566 2816 2948 2864 contemnere,
2968 2800 3121 2855 dolet
3136 2799 3239 2855 sibi
3261 2799 3495 2869 aliquem
3529 2797 3631 2852 ho-

2020 2896 2362 2953 noriﬁcentia
2394 2912 2515 2952 esse
2552 2896 2857 2967 pra-latum.
2893 2890 3112 2950 Grande
3154 2900 3241 2948 est
3282 2892 3336 2947 iu
3376 2891 3631 2947 omnibus

2019 2988 2339 3045 humilitatis
2356 2997 2544 3045 tenere
2564 3003 2867 3045 niensuras.
2887 2985 3151 3056 Superbia
3165 2984 3438 3040 hominem
3459 2983 3634 3055 prima

2017 3082 2234 3153 dejecit.
2270 3082 2404 3137 Dum
2456 3082 2578 3152 plus
2624 3081 2909 3147 volumus,
2943 3079 3108 3134 etiam
3142 3078 3285 3147 quod
3330 3076 3511 3133 minus
3542 3082 3632 3133 est

2018 3182 2260 3236 solemus
2305 3179 2581 3233 amittere.
2609 3176 2755 3231 Bona
2786 3173 3089 3237 humilitas,
3115 3188 3236 3243 quin
3282 3171 3421 3227 nihil
3459 3184 3626 3240 appe-

316 3271 551 3329 inlirmns
586 3292 601 3329 :
634 3273 885 3343 Domine,
912 3293 1008 3331 cur
1037 3275 1232 3332 dediSti
1265 3275 1473 3346 plebem
1505 3283 1650 3329 tuam
1680 3275 1731 3329 in
1763 3283 1917 3346 pote-
1943 3270 1988 3341 C
2023 3276 2225 3341 tendo,
2254 3280 2424 3328 totum
2452 3272 2595 3342 quod
2639 3268 2977 3333 contemnit,
2999 3266 3341 3338 advpiscitur.
3376 3264 3493 3334 Ipse
3520 3263 3627 3317 Do-

318 3374 500 3422 statem
521 3368 1007 3439 persequentium?
1035 3369 1140 3426 Sed
1163 3368 1285 3441 quis
1330 3369 1489 3424 hodie
1519 3380 1677 3440 neget
1707 3369 1917 3425 beatio-

317 3472 395 3516 res
417 3461 543 3518 iitos
574 3478 703 3518 esse
733 3466 823 3534 qui
854 3464 998 3535 passi
1028 3472 1153 3519 sunt
1175 3505 1190 3527 ,
1232 3480 1390 3535 quam
1430 3464 1555 3520 illos
1586 3480 1722 3536 quos
1770 3464 1915 3522 nulla

322 3567 573 3610 vexarunt
598 3557 868 3627 supplicia
899 3558 1354 3628 persecutorum?

383 3648 469 3704 is.
500 3648 695 3706 Justus
739 3666 870 3719 ergo
893 3660 1047 3721 optat
1093 3652 1343 3719 probari,
1368 3651 1560 3707 tentari
1592 3666 1698 3708 non
1733 3652 1911 3720 timet;

321 3740 402 3811 qui
432 3743 586 3796 enim
645 3746 837 3798 statuit
888 3744 1165 3799 custodire
1199 3743 1405 3814 judicia
1461 3744 1586 3808 Dei,
1624 3760 1729 3801 nou
1764 3746 1918 3802 timet

320 3838 665 3892 teutationes.
702 3836 805 3894 Ubi
830 3840 1039 3903 statuit,
1070 3838 1175 3893 nisi
1208 3839 1260 3893 in
1298 3838 1502 3894 corde?
1526 3839 1639 3895 Illic
1666 3841 1808 3894 enim
1832 3855 1919 3895 ra-

320 3926 471 3985 dicati
501 3938 567 3986 et
594 3931 801 3985 tittidati
830 3945 954 3987 esse
994 3931 1289 3997 debemus,
1329 3947 1436 3986 non
1480 3929 1788 3999 ﬂuitantes,
1824 3949 1917 3988 ne-

319 4036 413 4091 que
440 4023 678 4079 mobiles
705 4024 851 4078 omni
881 4034 1042 4079 vento
1063 4025 1350 4079 doctrinm.
1386 4024 1532 4078 Intus
1559 4040 1687 4095 ergo
1709 4036 1916 4081 statua-

323 4130 433 4169 tnus
459 4116 512 4171 iu
552 4118 722 4172 corde
751 4128 938 4172 nostro
959 4159 973 4183 ,
1004 4118 1054 4172 in
1084 4126 1328 4189 pectore,
1360 4118 1414 4172 in
1442 4117 1650 4183 animo;
1676 4126 1735 4172 ut
1764 4116 1920 4174 nobis

322 4208 407 4263 ﬁat
435 4209 574 4266 illud
605 4209 982 4280 propheticum
1015 4228 1028 4265 :
1071 4211 1421 4281 Cogitationes
1444 4210 1707 4280 iustorum
1726 4212 1921 4265 semita:

322 4302 501 4372 (Prov.
529 4319 631 4370 xu,
658 4304 735 4376 5).
766 4304 824 4360 In
878 4306 961 4359 his
1009 4306 1218 4361 semitis
1267 4305 1407 4361 bene
1445 4304 1681 4359 ambulat
1709 4304 1917 4375 jusms;

322 4398 548 4471 ideoque
590 4400 720 4453 dicit
748 4417 762 4454 :
799 4397 972 4454 Proba
996 4414 1101 4466 me,
1133 4397 1373 4461 Domine,
1408 4406 1457 4452 et
1479 4407 1615 4452 tenta
1644 4414 1723 4453 me
1746 4396 1919 4470 (Psal.

324 4504 443 4560 ην,
474 4492 564 4562 2).
584 4491 826 4562 Denique
848 4493 947 4547 hoc
970 4507 1188 4564 quoque
1210 4492 1330 4547 loco
1360 4491 1668 4548 auctoritati
1698 4509 1920 4561 respon-

323 4583 450 4639 dens
487 4599 641 4652 suae,
676 4587 764 4656 qui
802 4586 1114 4655 juraverat,
1148 4593 1203 4640 et
1240 4595 1502 4641 statuerat
1535 4588 1813 4641 custodire
1833 4585 1923 4657 ju-

2020 3374 2200 3429 minns
2222 3369 2381 3427 Jesus
2403 3384 2464 3424 se
2483 3364 2814 3433 humiliavit;
2847 3374 2901 3418 ut
2933 3379 3032 3418 nos
3058 3361 3306 3417 elevat-et
3328 3379 3342 3415 :
3365 3368 3422 3414 et
3446 3356 3627 3412 hund-

2020 3465 2169 3521 liavit
2200 3478 2261 3519 se
2293 3477 2464 3530 usque
2490 3459 2559 3515 ad
2603 3474 2847 3522 crucem,
2893 3455 3120 3525 Propter
3166 3453 3304 3522 quod
3342 3450 3624 3519 exultauit,

2020 3557 2235 3629 inquit,
2265 3556 2416 3611 illum
2457 3553 2685 3609 Dens....
2718 3564 2772 3607 ut
2803 3553 2856 3606 in
2904 3549 3113 3604 nomine
3150 3551 3267 3622 ejus
3309 3558 3458 3602 ontne
3495 3560 3628 3615 genu

2020 3654 2262 3725 ﬂectatur
2309 3648 2536 3723 (Philip.
2566 3662 2638 3712 ιι,
2670 3647 2703 3703 9
2734 3654 2781 3701 et
2821 3645 2934 3708 10).
2964 3642 3175 3711 Quanta
3206 3643 3335 3698 fecit
3369 3640 3626 3694 Dominus

2022 3749 2197 3801 audeo
2227 3743 2438 3810 dieare,
2460 3753 2645 3798 etnon
2676 3737 2802 3796 ﬂexi
2830 3737 2884 3794 ci
2902 3737 3068 3811 genu?
3097 3736 3204 3793 Sed
3228 3730 3352 3789 ﬂexi
3395 3732 3445 3787 ei
3476 3734 3627 3802 post-

2022 3856 2180 3912 qnam
2210 3853 2269 3894 se
2301 3836 2621 3892 humiliavit.
2657 3833 2748 3889 Sic
2777 3833 2922 3889 enim
2943 3874 2958 3898 ,
3009 3828 3115 3886 hoc
3143 3836 3249 3892 est,
3281 3843 3376 3897 per
3402 3823 3623 3881 humili-

2021 3942 2210 3997 tatem,
2244 3946 2341 4000 per
2370 3944 2588 3985 crucem
2621 3928 2722 3983 sibi
2746 3923 3045 3981 Erclesiam
3076 3921 3444 3993 congregavit.

2097 4025 2189 4081 2i.
2222 4020 2393 4080 David
2440 4039 2534 4079 rex
2581 4033 2691 4077 erat
2715 4063 2730 4088 ,
2756 4021 2962 4075 incerta
3002 4028 3054 4072 et
3086 4017 3300 4073 occulta
3332 4009 3619 4080 sapientia:

2022 4118 2125 4174 sibi
2173 4122 2437 4189 patefacta
2473 4126 2702 4171 testatur
2732 4129 2746 4167 :
2777 4113 2871 4168 sed
2904 4112 3025 4166 ideo
3054 4125 3115 4165 se
3158 4108 3328 4178 magis
3367 4104 3623 4159 humilia.

2022 4211 2115 4266 bat
2140 4208 2317 4281 (Psal.
2346 4226 2400 4275 ι,
2430 4208 2510 4277 8).
2536 4206 2606 4263 At
2650 4220 2782 4262 vero
2824 4202 3086 4260 Ezechias
3117 4200 3318 4258 cecidit
3347 4198 3415 4251 ab
3446 4196 3628 4250 altitu-

2025 4306 2154 4362 diue
2184 4304 2369 4361 cordis
2396 4303 2502 4358 sui.
2539 4302 2633 4358 Ille
2671 4300 2957 4356 laudabilis
2984 4313 3112 4363 rex,
3142 4296 3233 4351 ille
3264 4292 3351 4363 qtti
3375 4291 3444 4347 de
3478 4288 3626 4344 obsi-

2023 4401 2222 4466 dione,
2264 4397 2333 4455 de
2360 4397 2680 4470 mgritudine
2700 4392 2978 4453 beneﬂciis
3030 4389 3241 4447 Domini
3273 4396 3327 4442 et
3358 4382 3627 4441 mirabili-

2024 4495 2125 4552 bus
2149 4493 2435 4560 liberatur,
2459 4490 2655 4547 cecidit
2681 4507 2777 4561 per
2802 4486 3145 4558 superbiam,
3176 4488 3233 4539 et
3258 4481 3485 4554 gratiam
3511 4490 3626 4533 nte-

2026 4589 2114 4646 riti
2144 4588 2447 4660 superioris
2471 4586 2761 4642 imminuit.
2788 4583 2931 4652 Quid
2965 4582 3153 4638 luisset
3197 4576 3420 4648 Joscph,
3450 4578 3494 4629 st
3526 4574 3629 4629 hu»

325 4679 454 4736 dicis
481 4681 711 4749 iustitia:
748 4681 992 4747 Domini,
1023 4682 1237 4750 probari
1265 4696 1325 4737 se
1370 4680 1611 4736 voluisse
1638 4681 1802 4748 dicit,
1831 4683 1920 4752 qui
1952 4683 1999 4743 D
2030 4683 2175 4741 milis
2204 4700 2310 4739 non
2341 4682 2566 4738 fuisset?
2608 4676 2781 4737 Scivit
2810 4677 2914 4736 sibi
2953 4675 3227 4739 obfuisse,
3258 4672 3402 4745 quod
3432 4668 3629 4743 prmia-

326 4774 685 4830 humibtatem
717 4775 1051 4831 subeundam
1081 4775 1309 4830 credidit
1336 4790 1462 4831 esse
1493 4790 1589 4843 pro
1614 4775 1852 4831 Christo.

396 4868 483 4924 i9.
504 4867 687 4941 (Vers.
720 4866 869 4941 107.)
893 4868 1125 4941 Ideoque
1145 4870 1221 4924 ait
1247 4886 1259 4922 :
1288 4867 1608 4925 liumitiatus
1628 4869 1928 4933 suntnimis.

326 4960 441 5018 Non
468 4963 650 5019 solum
678 4962 1037 5028 humiliation,
1070 4963 1169 5017 sed
1198 4967 1364 5017 etiam
1398 4964 1559 5018 tiilnis
1583 4964 1926 5019 humiliatqu

329 5070 385 5111 se
405 5073 531 5111 esse
560 5055 779 5127 gaudet.
814 5055 1010 5110 Beatus
1037 5055 1129 5126 qui
1179 5057 1446 5128 gloriatur
1476 5057 1782 5113 humilitate
1813 5075 1923 5114 ma-

326 5149 425 5218 gis,
466 5163 631 5220 quam
665 5156 953 5218 potestate.
978 5140 1227 5205 Potestas
1251 5148 1475 5221 decipit,
1511 5150 1790 5206 innuilitas
1818 5167 1922 5206 non

329 5240 595 5297 destituit.
629 5241 778 5297 Bona
807 5241 1107 5307 hntuilitas,
1132 5258 1252 5313 qua:
1283 5244 1446 5298 etiam
1477 5243 1532 5297 in
1564 5242 1783 5298 Christo
1812 5243 1929 5298 latt-

328 5335 450 5391 dem
494 5338 716 5392 virtutis
775 5337 1002 5393 invenit.
1052 5336 1204 5392 [latio
1254 5336 1308 5392 iu
1360 5337 1455 5393 illo
1502 5338 1625 5411 plus
1667 5353 1924 5406 veneror,

404 5552 432 5580 ⁸
460 5541 623 5597 Rom.
648 5540 808 5611 edit.,
831 5539 942 5597 oleo
966 5540 1248 5610 patientiae.
1270 5538 1378 5597 Sed
1395 5536 1541 5607 alim,
1571 5554 1636 5595 ac
1667 5555 1801 5599 mss.
1820 5556 1939 5597 om-

336 5631 435 5670 nes
469 5614 835 5682 refragantur.

383 5685 411 5725 δ
434 5683 577 5740 Cod.
601 5687 740 5740 i‘iav.
764 5685 928 5749 alter,
953 5684 1183 5739 luxuriat
1204 5684 1333 5756 (hoc
1352 5690 1453 5739 est.
1478 5683 1763 5756 abtmdat).
1793 5683 1942 5739 Non-

340 5775 405 5842 ne
427 5775 555 5842 ergo
577 5774 640 5813 es:
686 5757 992 5826 inﬁrmitate
1027 5755 1342 5811 nostra'visa
1388 5765 1506 5810 sunt
1537 5755 1671 5810 dura
1698 5758 1943 5812 mandata

337 5841 582 5963 ³⁸³ἒ²⁸ἶξ
613 5899 748 5959 edit.
781 5914 905 5966 cum
960 5900 1144 5979 paucis
1193 5913 1328 5965 mss.
1372 5897 1479 5959 Alii
1506 5906 1684 5961 alqu
1715 5898 1942 5976 partim.

2031 4789 2119 4833 lus
2140 4789 2257 4832 erat
2285 4774 2541 4830 fratribus
2568 4792 2582 4830 :
2613 4775 2775 4829 etiam
2806 4771 2928 4844 pius
2950 4787 3105 4833 amor
3128 4767 3402 4824 miseriam
3434 4763 3630 4835 praela-

2031 4872 2195 4927 tionis
2226 4871 2525 4925 invenerat.
2552 4867 2816 4925 Praelatio.
2834 4867 3068 4923 armavit
3090 4864 3318 4928 fratres,
3350 4859 3632 4917 humilitas

2029 4964 2347 5019 conciliavit
2375 4974 2701 5019 extraneos:
2735 4962 2981 5033 prazlatio
3002 4958 3292 5015 concitavit
3314 4962 3628 5028 germanos,

2032 5057 2311 5114 hmnilitas
2356 5073 2541 5130 regem
2585 5054 2862 5113 subditum
2916 5056 3071 5121 fecit;
3109 5064 3169 5108 ut
3197 5066 3326 5107 vere
3375 5048 3529 5120 quasi
3561 5062 3630 5103 ex

2034 5165 2272 5222 persona
2297 5150 2498 5215 Joseplt
2522 5149 2726 5204 dictum
2753 5156 3023 5220 putemus,
3047 5149 3191 5218 quod
3216 5147 3301 5201 hic
3331 5146 3447 5212 ipse
3469 5157 3634 5211 snpra

2033 5245 2221 5300 dixit:
2259 5243 2578 5299 Ilumiliatus
2624 5260 2770 5310 sum,
2821 5253 2869 5297 et
2916 5242 3115 5296 saluum
3160 5256 3240 5294 me
3287 5239 3407 5310 fecit
3456 5232 3631 5307 (Prol.

2035 5354 2182 5407 cxtv,
2207 5337 2303 5413 6);
2334 5353 2663 5410 quamquam
2689 5334 2737 5393 si
2766 5333 3183 5393 consideremus
3208 5346 3334 5405 qua:
3366 5332 3473 5387 iSte
3498 5329 3638 5385 tole-

2042 5542 2383 5598 Itmnilitotem
2408 5543 2630 5598 docere:
2653 5543 2805 5614 inﬂat
2829 5542 3055 5615 quemvis
3096 5541 3325 5615 humana
3346 5535 3602 5615 sapientia
3621 5575 3640 5604 ,

2042 5632 2185 5669 utens
2214 5619 2384 5670 curuis
2411 5607 2785 5683 extollit,t-.tc.;
2834 5607 3052 5678 partim,
3078 5611 3420 5683 humilitatem
3458 5607 3643 5683 docere

2044 5688 2254 5759 inﬂatus
2271 5705 2291 5755 ;
2320 5692 2548 5759 quamvis
2568 5678 2791 5742 Immanu
2823 5704 2966 5742 mens
2992 5690 3243 5756 sapientia
3262 5681 3431 5738 carnis
3473 5678 3644 5759 fatale

2046 5750 2201 5888 inger.
2236 5750 2556 5830 Veteliam,
2585 5762 2814 5819 humana
2860 5750 3115 5833 sapientia
3161 5772 3301 5813 mens
3341 5750 3516 5807 carnis
3548 5763 3643 5805 ea:-

2067 5851 2095 5887 o
2141 5844 2264 5888 ttur.
3250 5858 3271 5888 μ

2045 5832 2264 5889 tollitur.
3250 5858 3261 5889 ι
