4104 6350
474 307 609 364 I599

1823 314 2071 374 SANCTI
2110 315 2436 377 AMBROSII

3641 329 3778 386 1400

468 424 644 494 ravit,
711 443 778 484 ex
851 441 1084 501 persona
1131 443 1228 485 sua
1272 444 1396 486 eum
1457 430 1665 486 dixisse
1718 431 2077 501 reperiemus.
2106 434 2159 498 Α
2189 435 2264 489 hil
2295 433 2474 507 (Joan.
2500 452 2553 504 ι,
2590 437 2726 510 1-5).
2755 438 2817 494 Et
2851 447 2906 494 tu
2936 439 3180 497 imitator
3206 450 3325 497 esto
3353 441 3471 498 Dei.
3496 441 3779 512 Quomodo

543 521 635 578 22.
662 522 818 581 Golia
860 534 1153 596 superato,
1184 535 1534 581 occurrerant
1571 524 1881 596 juvenculae
1927 526 2071 597 psal-

475 616 655 673 lentes
688 635 704 673 :
736 616 870 675 Soul
922 619 976 673 in
1024 617 1273 681 millibus,
1312 616 1480 672 David
1524 618 1577 673 in
1624 617 1799 675 decem
1846 620 2073 675 millibus

471 710 517 784 (Ι
551 710 683 783 Reg.
716 727 867 776 xvut,
904 713 959 780 7)
986 732 999 767 :
1032 720 1369 768 commotum
1400 720 1484 767 est
1531 714 1601 769 tel
1633 715 1797 787 regis,
1827 725 1883 772 et
1926 733 2075 787 qua:—

474 808 631 861 rchat
677 822 802 862 eum
851 805 1146 866 occidere:
1178 817 1234 862 et
1288 806 1587 864 humiliavit
1619 823 1679 866 se
1729 808 1902 866 David
1946 821 2074 866 ante

474 895 745 954 Jonathan
775 898 942 954 lilium
987 899 1155 970 regis,
1187 908 1241 954 et
1266 902 1539 957 convertit
1561 901 1677 972 ejus
1703 903 1988 970 aliectum;
2015 915 2073 960 ut

472 1006 633 1061 quem
662 1006 1034 1048 successorem
1066 993 1227 1064 patrii
1256 995 1408 1065 regni
1437 1004 1686 1064 potuerat
1728 996 1929 1054 habere
1956 1012 2075 1053 sus-

475 1096 714 1155 pectum,
739 1086 991 1140 eumdem
1025 1085 1313 1142 adversum
1345 1087 1520 1143 studia
1553 1099 1773 1159 paterna
1801 1099 2069 1155 servaret,

473 1175 662 1231 dicens
687 1178 863 1246 patri:
890 1176 1032 1245 Quid
1062 1195 1246 1250 peccas
1273 1180 1327 1233 in
1360 1182 1663 1250 sanguine»:
1698 1182 1986 1239 innocentis
2014 1183 2071 1256 (I

475 1271 605 1344 Reg.
636 1288 750 1338 xIx,
780 1273 884 1345 5)?
906 1283 959 1329 et
983 1273 1033 1329 id
1067 1289 1259 1330 vocem
1308 1284 1663 1345 extorqueret
1703 1276 1896 1345 invito,
1930 1280 2074 1348 quod

477 1382 585 1421 non
612 1376 919 1424 mereretur
941 1367 1116 1424 occidi
1155 1367 1347 1424 David.
1379 1369 1546 1425 Recte
1577 1385 1708 1441 ergo
1737 1371 1852 1425 ait:
1886 1370 2077 1449 [lanii-

469 1462 629 1516 liatus
653 1478 789 1527 sum,
823 1472 871 1519 et
910 1462 1108 1517 salvum
1138 1477 1217 1517 me
1240 1463 1360 1533 fecit
1381 1461 1553 1531 (Psal.
1580 1478 1727 1529 cvtv,
1753 1461 1831 1535 7).
1873 1450 1941 1519 Et
1978 1464 2077 1519 ite-

477 1568 597 1608 rum
624 1569 746 1608 cum
772 1552 839 1608 ad
854 1569 978 1609 eum
1000 1554 1260 1626 prepheta
1280 1555 1541 1624 venisset,
1561 1565 1617 1611 et
1644 1555 2075 1627 indignationem

480 1643 695 1700 Domini
714 1646 767 1700 in
780 1661 944 1701 causa
960 1645 1263 1704 Bethsabee
1286 1647 1525 1703 mulieris
1551 1646 1946 1711 denuntiasset.
1978 1648 2077 1705 hu-

478 1737 709 1793 miliavit
738 1754 821 1805 se,
844 1748 894 1794 et
912 1738 986 1793 ait
1004 1757 1015 1793 :
1033 1736 1597 1798 PeccariDomiuo.’Et
1621 1742 1756 1796 dixit
1774 1740 1983 1798 Natban
2009 1745 2078 1799 ad

2174 528 2460 587 imitator?
2483 530 2752 604 Numquid
2782 533 2980 591 celum
3014 544 3171 606 potes
3192 536 3391 604 facere,
3422 547 3517 592 aut
3543 546 3776 606 terram,

2174 632 2267 679 aut
2290 640 2443 681 mare
2464 623 2489 677 ‘i
2514 624 2632 681 Non
2666 628 2854 699 utique
2883 645 2898 695 ;
2929 628 3026 684 sed
3050 631 3302 686 utomnia
3327 645 3424 699 per
3446 633 3670 689 verbum
3698 637 3777 690 ta-

2175 720 2309 787 cias,
2338 720 2472 776 nihil
2496 721 2614 779 sine
2638 723 2804 780 verbo
2833 740 2849 789 ;
2874 726 3057 779 omnia
3079 739 3203 780 cum
3235 725 3452 783 ratione
3495 727 3628 784 nihil
3663 730 3781 786 sine

2175 816 2427 882 ratione;
2454 817 2581 889 quia
2610 832 2718 874 non
2744 833 2806 876 es
2837 818 3226 876 irrationabilis
3248 863 3264 890 ,
3288 838 3324 879 ο
3346 821 3528 888 homo,
3552 822 3647 879 sed
3696 839 3784 879 ra-

2177 910 2471 967 tionahilis.

2251 982 2561 1054 παθη.
2620 984 2771 1058 108.)
2827 985 3084 1057 Sequitur
3128 1001 3321 1045 versus
3374 997 3636 1061 quartus:
3677 990 3783 1045 Vo-

2177 1075 2407 1131 luntaria
2434 1078 2543 1131 oris
2592 1080 2689 1133 mei
2738 1080 3037 1150 comproba,
3072 1079 3335 1146 Domine,
3389 1092 3437 1138 et
3455 1083 3665 1155 judicia
3692 1092 3785 1138 tua

2178 1169 2303 1224 doce
2342 1187 2439 1225 me.
2475 1170 2575 1239 Qui
2608 1187 2668 1228 se
2690 1171 2962 1239 humiliat,
2994 1173 3305 1229 viviﬁcatur
3330 1176 3629 1232 secundum
3658 1191 3785 1246 pro—

2178 1261 2402 1319 missum
2451 1262 2665 1319 Domini
2708 1283 2721 1319 :
2775 1265 2865 1336 qui
2919 1266 3221 1322 viviﬁcatur
3264 1268 3460 1340 spiritu
3500 1270 3618 1339 Dei,
3682 1284 3779 1325 vo-

2177 1353 2445 1409 Ittntarins
2469 1363 2555 1411 est
2584 1357 2832 1413 minister
2860 1375 2876 1424 ;
2907 1358 3200 1430 plurimum
3225 1360 3372 1415 enim
3398 1360 3565 1417 refert
3601 1371 3779 1418 utrum

2178 1461 2242 1502 ex
2271 1448 2549 1505 voluntate
2578 1449 2705 1516 quid
2731 1450 2919 1520 facias,
2943 1467 3010 1508 an
3033 1469 3098 1511 ex
3133 1454 3487 1516 necessitate.
3505 1457 3648 1526 quod
3666 1456 3780 1527 pla-

2178 1552 2298 1598 ceat
2332 1541 2464 1599 Deo.
2498 1543 2742 1616 Denique
2789 1547 3126 1603 voluntarius
3176 1548 3421 1605 minister
3445 1548 3610 1605 habet
3644 1565 3783 1622 pr:c-

2182 1638 2612 1705 mium,coactus
2641 1638 2919 1711 dispensat
2951 1641 3270 1712 obsequium
3292 1684 3308 1711 ,
3339 1643 3481 1698 sicut
3519 1643 3784 1712 Apostolo

2179 1729 2412 1786 docente
2431 1732 2804 1801 cognovimus.
2844 1732 3078 1806 Scripsit
3117 1736 3264 1790 enim
3301 1750 3313 1789 :
3357 1734 3450 1791 Va:
3490 1741 3623 1790 enim
3655 1738 3782 1791 mihi

474 1845 602 1887 eum
630 1849 644 1886 :
675 1831 932 1900 Quoniam
952 1832 1185 1900 pwnituit
1216 1842 1281 1899 te,
1303 1832 1511 1888 abstulit
1540 1832 1791 1889 Dominus
1807 1846 2072 1904 peccatum
2106 1832 2154 1894 B
2180 1832 2255 1876 ⁸⁸⁸
2282 1824 2327 1876 δέ
2358 1839 2459 1876 ηοη
2510 1824 2923 1895 evangelium”
2959 1826 2981 1879 -'
3009 1824 3071 1881 Si
3100 1827 3236 1880 εηίηι
3287 1827 3458 1882 vatem
3505 1829 3604 1883 ¹⁸ο⁶
3654 1846 3777 1901 090.

475 1935 617 1980 tuum
647 1923 910 1998 ;11&8
952 1942 1057 1980 non
1099 1936 1259 1981 morte
1286 1927 1522 1982 morieris
1548 1926 1616 2000 (II
1651 1927 1782 2001 Reg.
1810 1943 1904 1994 xu,
1956 1928 2072 2002 15).

480 2016 623 2072 Bona
646 2019 1118 2088 igiturhumilitas.
1141 2019 1384 2091 Denique
1417 2021 1735 2077 humiliatus
1758 2032 1864 2088 est,
1896 2033 1951 2079 et
1969 2026 2077 2079 sal-

476 2125 575 2166 vus
608 2110 779 2165 factus
801 2119 906 2167 est.
934 2111 997 2166 Et
1019 2112 1126 2167 alio
1151 2112 1297 2180 loco,
1330 2128 1451 2168 cum
1476 2124 1701 2185 propter
1727 2125 2074 2172 numeratum

478 2206 733 2277 populum
759 2206 1021 2262 Dominus
1050 2206 1471 2275 essetotl'eusus,
1502 2216 1557 2263 et
1582 2208 1826 2266 misisset
1844 2210 2079 2280 prophe-

479 2308 583 2355 tam
617 2298 755 2366 Gad,
795 2300 889 2371 qui
917 2300 1035 2371 regi
1058 2299 1224 2356 David
1253 2300 1468 2357 diceret
1496 2343 1508 2356 .
1534 2299 1688 2376 Elige
1718 2303 1811 2358 tibi
1840 2302 1965 2374 quid
1994 2322 2079 2360 ve-

476 2393 540 2447 lis
562 2394 695 2463 ﬁeri,
720 2393 940 2448 triennio
962 2396 1154 2466 {amem
1181 2410 1335 2465 super
1362 2404 1574 2463 terram,
1604 2398 1869 2452 auttribus
1892 2398 2079 2453 mensi-

474 2486 566 2541 bus
587 2490 766 2557 fugere
790 2495 838 2540 te
865 2502 897 2541 a
914 2488 1047 2560 facie
1077 2487 1403 2543 inimicorum
1433 2498 1640 2544 tuorum
1669 2492 2077 2563 persequentium

473 2589 543 2645 te,
566 2591 652 2635 aut
673 2579 789 2650 ﬁeri
815 2578 991 2633 triduo
1013 2590 1227 2635 mortem
1252 2582 1307 2635 in
1345 2592 1483 2636 terra
1506 2580 1574 2654 (II
1605 2582 1733 2655 Reg.
1763 2599 1920 2650 xxrv,
1958 2583 2075 2657 I5),

471 2672 754 2743 respondit
805 2672 970 2727 David
998 2689 1011 2726 :
1035 2672 1305 2746 Augustin:
1347 2683 1465 2729 sunt
1510 2673 1637 2729 mihi
1666 2675 1775 2729 hac
1798 2676 1899 2729 tria
1928 2692 1948 2731 :
1986 2677 2077 2731 sed

473 2768 637 2839 magis
663 2765 890 2822 incidam
908 2766 963 2821 in
986 2783 1198 2821 manum
1215 2766 1451 2835 Domini,
1478 2769 1722 2840 quoniam
1767 2785 1957 2841 magna
2002 2780 2077 2824 est

473 2860 828 2916 misericordia
858 2860 1003 2916 illius
1028 2860 1197 2925 valde,
1232 2878 1388 2931 quam
1417 2862 1472 2915 in
1492 2877 1677 2917 manus
1698 2862 1961 2917 hominum
1994 2863 2077 2918 in-

473 2953 645 3007 cidam
667 2952 860 3022 (lbid.,
893 2952 1007 3023 Η).
1036 2952 1104 3007 Et
1136 2968 1258 3008 cum
1291 2952 1534 3009 dedisset
1557 2953 1821 3010 Dominus
1843 2967 2073 3011 mortem

472 3047 526 3103 in
546 3046 710 3103 Israel
739 3062 771 3101 a
796 3061 954 3100 mane
979 3060 1151 3116 usque
1180 3045 1248 3102 ad
1280 3046 1469 3101 horam
1491 3048 1728 3117 prandii,
1759 3051 2076 3121 septuagin-

474 3150 527 3194 ta
569 3140 807 3196 millibus
829 3138 1107 3194 hominum
1139 3140 1390 3205 mortuis,
1422 3140 1659 3209 respexit
1682 3141 1849 3197 David
1870 3142 1938 3197 ad
1970 3142 2076 3197 Do-

2181 1915 2463 1970 mercedem
2510 1916 2670 1972 habeo
2698 1934 2717 1971 :
2753 1918 2798 1972 si
2826 1928 2998 1973 autent
3028 1920 3240 1987 inritus,
3288 1920 3608 1990 dispensatio
3655 1924 3785 1977 mihi

2179 2009 2374 2064 credita
2394 2019 2467 2065 est
2489 2009 2533 2082 (Ι
2558 2007 2678 2065 Cor.
2710 2027 2759 2066 Ix
2795 2011 2863 2068 16
2887 2022 2935 2066 et
2968 2011 3080 2085 Π).
3115 2012 3248 2069 Vide
3277 2014 3643 2069 voluntarium
3685 1998 3784 2071 ex-

2178 2111 2483 2158 secutorem
2524 2102 2764 2158 ctelestis
2785 2103 3016 2159 arbitrii.
3050 2104 3217 2161 Liber
3236 2115 3357 2162 erat
3381 2122 3449 2162 ex
3471 2107 3730 2164 omnibus
3761 2152 3777 2176 ,

2178 2197 2206 2236 ι»
2236 2207 2291 2253 et
2310 2200 2553 2254 omnium
2582 2215 2773 2255 servus
2788 2209 2874 2256 est
2900 2199 3098 2269 factus,
3128 2201 3408 2258 voluntate
3439 2203 3646 2276 utique,
3674 2220 3783 2261 non

2182 2292 2633 2355 necessitate;nt
2678 2294 2939 2365 plurimos
2985 2294 3293 2351 lucraretur
3345 2294 3534 2365 (Ibid.,
3567 2298 3779 2368 19-22).

2184 2386 2253 2442 lis
2277 2402 2497 2457 quoque
2543 2387 2633 2459 qui
2663 2387 2826 2459 Legis
2856 2388 3072 2444 vinculo
3107 2398 3425 2446 tenerentur
3478 2392 3630 2461 quasi
3681 2391 3785 2448 sub

2183 2477 2327 2549 Lege
2354 2487 2520 2545 esset,
2537 2493 2596 2535 se
2618 2480 2887 2548 exhibuit,
2911 2496 3034 2537 cum
3058 2481 3160 2536 sub
3190 2480 3332 2553 Lege
3375 2499 3483 2538 non
3512 2493 3696 2549 esset;
3725 2494 3787 2539 ut

2180 2585 2276 2627 eos
2301 2573 2652 2641 sctvaretqui
2682 2573 2783 2628 sub
2813 2573 2953 2645 Lege
2973 2574 3245 2630 vivebant.
3272 2573 3510 2630 lnlirmis
3529 2574 3807 2635 inﬁrmus.

2181 2664 2352 2721 lactus
2378 2675 2462 2721 est
2491 2683 2506 2733 ;
2532 2675 2588 2721 ut
2624 2666 2869 2723 inﬁrmos
2898 2668 3270 2739 assumptione
3300 2669 3629 2724 inlirmitatis
3660 2684 3788 2739 pro-

2183 2759 2317 2830 pria:
2388 2760 2707 2815 sustineret.
2776 2760 3041 2816 Omnibus
3113 2761 3295 2816 omnia
3381 2760 3560 2817 factus
3634 2771 3722 2816 est
3764 2803 3780 2829 ,

2179 2869 2286 2910 non
2319 2866 2341 2894 ο
2370 2853 2608 2925 legitima
2643 2855 2993 2922 necessitate,
3022 2854 3118 2911 sed
3149 2856 3449 2911 voluntatis
3493 2854 3783 2928 obsequio.

2180 2947 2404 3018 Aperuit
2440 2944 2654 3020 115,9
2695 2946 2824 3002 mihi
2875 2946 3035 3019 hujus
3087 2948 3429 3004 altitudinem
3473 2949 3689 3006 consilii
3730 2949 3784 3005 in

2178 3041 2403 3112 epistola
2460 3041 2527 3095 ad
2571 3040 2944 3098 Philemonem
3026 3041 3275 3114 scripta;
3308 3043 3435 3115 quia
3472 3043 3617 3115 quod
3666 3044 3786 3114 ipse

2178 3145 2348 3201 esset,
2383 3136 2545 3191 alium
2580 3151 2701 3194 esse
2733 3138 2894 3195 vellet
2927 3155 2942 3205 ;
2972 3149 3029 3194 ut
3075 3139 3355 3195 voluntate
3387 3140 3567 3211 potius
3614 3156 3780 3213 quam

473 3234 707 3301 minam,
735 3242 790 3289 et
809 3249 933 3290 cum
962 3232 1189 3298 vidisset
1210 3233 1476 3304 Angelum
1508 3233 1793 3289 ferientem
1814 3236 2070 3305 populum
2101 3230 2147 3295 C
2180 3231 2503 3287 necessitate
2526 3231 2788 3288 detulisse
2834 3232 3066 3288 Domino
3112 3232 3410 3289 videretur.
3451 3232 3637 3301 Itaque
3682 3247 3783 3306 pro

470 3327 613 3385 dixit
641 3346 654 3381 :
680 3326 815 3381 Ecce
840 3343 933 3399 ego
964 3326 1193 3397 peccavi,
1217 3335 1263 3378 et
1288 3342 1381 3399 ego
1402 3333 1581 3396 pastor
1605 3326 1739 3380 male
1761 3328 1859 3397 feci
1881 3343 1899 3380 :
1922 3336 1972 3381 et
1989 3329 2074 3382 isti

471 3424 524 3479 in
551 3422 649 3478 hoc
669 3438 823 3495 grege
837 3422 960 3492 quid
982 3425 1212 3493 fecerunt
1230 3421 1256 3475 2’
1276 3417 1403 3477 Fiat
1426 3436 1611 3476 manus
1632 3431 1720 3476 tua
1747 3421 1800 3476 in
1827 3438 1926 3488 me,
1958 3434 2003 3477 et
2019 3423 2072 3478 in

472 3518 684 3573 domum
705 3518 862 3584 patris
882 3517 983 3570 mei
1009 3514 1209 3577 ilbid..
1235 3515 1348 3574 I7).
1376 3514 1444 3571 Et
1472 3516 1737 3586 propitius
1787 3518 1961 3573 tactus
1988 3527 2073 3574 est

475 3610 760 3676 Dominus,
803 3624 925 3664 cum
967 3606 1296 3663 sacriﬁrium
1328 3609 1787 3664 reconciliationis
1840 3609 2071 3668 Domino

469 3712 616 3759 esset
642 3702 906 3758 oblatum.
936 3701 1082 3757 Bona
1110 3716 1240 3771 ergo
1266 3700 1562 3766 humilitas,
1592 3717 1714 3772 qu:e
1742 3718 1920 3775 regem
1950 3706 2069 3777 ple-

465 3796 702 3866 bemque
750 3797 1009 3849 servavit.
1049 3793 1258 3862 Itaque,
1288 3793 1639 3850 reconciliata
1680 3794 1906 3851 Domino
1931 3838 1945 3863 ,
1994 3798 2071 3852 ait

469 3888 657 3945 David:
668 3888 867 3944 Bonum
881 3889 1008 3942 mihi
1018 3887 1260 3961 est,quod
1273 3889 1573 3942 humiliatus
1585 3887 1858 3961 sum(Sup.
1871 3892 2037 3964 .v.7I)
2051 3934 2064 3948 .

535 3982 624 4038 23.
659 3980 805 4036 Bona
838 3996 970 4049 ergo
998 3981 1295 4044 humilitas,
1323 3982 1621 4049 prmsertiin
1646 3981 1692 4036 si
1741 3982 2069 4055 adjungatur

464 4077 514 4133 ei
547 4077 765 4131 devotio
794 4076 1121 4133 voluntaria.
1154 4073 1391 4143 Ideoque
1409 4091 1469 4130 se
1490 4074 1751 4130 viviﬁcari
1765 4078 2063 4135 secundum

461 4172 687 4228 verbum
722 4172 854 4243 petit
881 4187 895 4237 ;
926 4180 984 4226 ut
1013 4170 1309 4226 secundum
1340 4169 1568 4226 verbum
1594 4171 1757 4240 vivat,
1802 4185 1854 4228 ct
1882 4176 2062 4231 omnia

460 4280 582 4324 cum
607 4267 818 4323 ratione
841 4263 1026 4329 faciat,
1043 4279 1148 4318 non
1177 4263 1474 4319 secundum
1504 4266 1684 4320 carnis
1701 4267 2057 4325 voluntatem.

460 4359 616 4416 Unde
638 4369 666 4398 ι
689 4361 974 4431 mysticum
1008 4356 1140 4412 illud
1168 4357 1331 4412 ctiam
1352 4357 1634 4414 moraliter
1650 4359 1820 4431 acripi
1852 4370 2059 4432 potest:

461 4450 532 4506 In
562 4453 819 4522 principio
841 4462 950 4506 erat
982 4449 1226 4515 Verbum,
1254 4458 1304 4504 et
1340 4448 1562 4504 Verbum
1576 4460 1686 4505 erat
1711 4453 1853 4520 apud
1871 4451 2058 4522 Deum,

457 4555 509 4601 et
538 4544 674 4599 Deus
689 4556 799 4600 erat
824 4544 1045 4600 Verbum
1066 4561 1084 4600 :
1107 4542 1203 4598 hoc
1223 4552 1333 4597 erat
1354 4543 1409 4596 in
1425 4543 1681 4615 principio
1700 4544 1842 4613 apud
1866 4544 2056 4601 Deum.

2135 3308 2139 3311 Α
2178 3327 2441 3383 Ottcsimo
2473 3329 2863 3396 interveniens,
2893 3328 2972 3383 sic
3011 3328 3091 3382 ait
3122 3346 3136 3383 :
3172 3326 3253 3382 Tu
3303 3337 3475 3382 autem
3526 3327 3680 3382 illum
3723 3336 3782 3382 ut

2178 3439 2290 3478 mea
2316 3424 2509 3477 viscera
2535 3422 2760 3495 suscipe,
2788 3439 2935 3495 quem
2955 3440 3047 3494 ego
3072 3422 3332 3478 volueram
3358 3437 3557 3477 mecum
3584 3421 3783 3476 detine-

2176 3534 2273 3581 re;
2302 3528 2356 3572 ut
2396 3533 2491 3587 pro
2519 3525 2566 3571 te
2589 3516 2718 3571 mihi
2759 3517 3077 3572 ministraret
3121 3518 3172 3570 in
3208 3515 3426 3570 uinculis
3457 3512 3729 3585 Evangelii
3761 3528 3782 3571 :

2174 3611 2265 3666 sed
2291 3613 2403 3667 sine
2413 3612 2630 3667 consilio
2656 3621 2742 3666 tuo
2754 3611 2883 3666 nihil
2904 3610 3075 3680 facere
3097 3610 3271 3676 volui;
3295 3625 3359 3663 ne
3376 3610 3589 3664 uelutex
3607 3623 3781 3663 neces.

2172 3706 2323 3760 sitate
2348 3704 2538 3759 bonum
2566 3714 2872 3770 tuumesset,
2899 3706 2989 3759 sed
3018 3704 3364 3758 voluntarium
3389 3702 3641 3775 (Philem.
3666 3717 3771 3768 xu,

2175 3800 2245 3856 I5
2270 3810 2316 3854 et
2348 3797 2457 3871 I4).
2486 3800 2655 3869 Quam
2687 3800 2913 3856 sedulus
2949 3813 3142 3854 suasor
3164 3841 3179 3866 ,
3209 3798 3300 3869 qui
3329 3814 3452 3853 cum
3491 3804 3639 3853 esset
3679 3810 3776 3850 vas

2174 3892 2455 3949 electionis
2475 3893 2672 3948 divina:
2692 3935 2707 3958 ,
2740 3892 3078 3948 consortium
3121 3889 3335 3947 consilii
3364 3906 3473 3945 non
3513 3888 3774 3957 dedigna-

2171 3984 2331 4042 batur
2357 3984 2560 4050 alieni;
2614 4003 2681 4041 ne
2706 3986 2937 4041 alterum
2987 3986 3163 4040 fructu
3213 3984 3508 4041 voluntatis
3539 3983 3771 4053 propria:

2170 4076 2539 4133 delraudaret.
2573 4076 2738 4133 Recte
2788 4092 2920 4149 ergo
2959 4076 3125 4132 David
3156 4077 3233 4131 ait
3275 4074 3430 4146 quasi
3460 4074 3722 4146 proiiheta
3755 4092 3769 4129 :

2182 4170 2490 4228 Voluntaria
2539 4173 2644 4227 oris
2684 4174 2782 4227 mei
2841 4171 3137 4245 comproba,
3181 4171 3443 4236 Domine,
3494 4171 3608 4225 oris
3683 4170 3770 4226 sui

2168 4266 2406 4323 oll‘ereos
2462 4267 2693 4321 Domino
2732 4266 3059 4322 sacriﬁcium
3094 4263 3459 4319 voluntarium
3486 4279 3502 4330 ;
3529 4277 3597 4318 eo
3624 4263 3769 4334 quod

2170 4366 2228 4413 ut
2254 4360 2371 4430 apis
2392 4358 2483 4414 illa
2511 4359 2824 4430 prophetica
2856 4359 3032 4414 bonos
3063 4357 3224 4413 tiores
3246 4357 3502 4427 colligere
3522 4371 3765 4412 orecou-

2167 4452 2423 4517 sueverit,
2443 4450 2595 4506 favos
2620 4467 2715 4507 ore
2738 4452 2963 4522 lingere.
2983 4451 3141 4507 mella
3158 4465 3253 4504 ore
3266 4462 3681 4519 componere,et
3698 4462 3765 4502 ex

2169 4545 2351 4601 herbis
2380 4546 2635 4602 suavibus
2663 4543 2689 4584 δ
2723 4561 2820 4602 ore
2851 4544 2995 4602 ﬁlios
3021 4544 3234 4614 legere';
3264 4560 3385 4615 qua:
3415 4559 3533 4598 cum
3558 4543 3648 4609 sit,
3684 4542 3766 4596 in-

459 4635 651 4693 Omnia
677 4654 769 4709 per
786 4639 954 4707 ipsum
983 4641 1124 4709 facta
1145 4646 1285 4703 sunt,
1310 4647 1359 4691 et
1387 4637 1497 4692 sine
1524 4636 1640 4706 ipso
1663 4641 1859 4709 factum
1889 4649 1964 4694 est
1982 4642 2061 4696 ni—
2089 4634 2139 4695 D
2165 4645 2304 4715 quit,
2334 4646 2519 4700 robore
2543 4645 2789 4715 imﬁrma,
2816 4646 3087 4717 sapientia:
3114 4644 3483 4716 pradicatione
3521 4643 3763 4698 substan-

526 4808 553 4838 °
588 4796 901 4869 Mysticum.
931 4794 1034 4869 hoc
1078 4794 1200 4869 loco
1232 4796 1547 4869 neutiquam
1594 4795 1886 4869 opponitur
1909 4797 2056 4855 litte-

457 4873 555 4927 rali
579 4888 593 4936 ;
619 4865 837 4941 quando
854 4868 1071 4938 quidem
1093 4865 1294 4941 ubique
1320 4866 1604 4941 littrrnlem
1630 4865 1855 4941 hujusce
1878 4879 2056 4927 textus

457 4939 764 5012 Evattg't-lici
786 4954 1006 4994 sensum
1026 4939 1467 5012 Constat-tissime
1493 4950 1791 5012 propugnat
1812 4940 2049 4996 Atuliroo

455 5016 572 5072 sius
601 5009 811 5082 {atque
840 5012 975 5065 adeo
1023 5009 1513 5082 interpunctioucm
1545 5009 1613 5064 ab
1644 5013 2052 5082 Alexandrinis

453 5098 508 5141 ct
539 5079 809 5157 [Egypiiis
835 5099 935 5138 nec
967 5097 1073 5157 non
1100 5089 1155 5137 et
1200 5096 1229 5134 a
1282 5079 1513 5157 I’ltotino
1540 5096 1607 5135 eo
1640 5080 1912 5157 inductam
1938 5128 1951 5149 ,
1986 5101 2053 5139 ne

451 5158 537 5213 vel
565 5153 787 5211 minima
815 5156 1009 5208 ha-resi
1034 5162 1240 5208 arianm
1276 5153 1503 5206 daretur
1523 5155 1767 5215 occasio,
1799 5154 2052 5222 rejicien-

449 5228 573 5284 dam
605 5228 919 5289 rinitenitit,
952 5235 1012 5279 ut
1037 5227 1222 5280 videre
1247 5235 1331 5280 est
1376 5222 1540 5278 anr.
1566 5225 1620 5279 in
1654 5223 1801 5279 Psal.
1834 5241 2007 5282 xxxvi
2030 5270 2044 5291 ,

448 5316 600 5357 num.
645 5300 736 5362 33,
760 5310 811 5352 et
842 5296 1034 5351 Comm
1107 5299 1159 5351 in
1188 5313 1308 5364 cap.
1344 5311 1360 5349 ῐ
1394 5295 1572 5351 Lucan
1624 5295 1720 5349 llic
1742 5311 1870 5367 ergo
1894 5300 2046 5353 testi-

447 5374 687 5427 monium
712 5371 841 5424 illttd
873 5370 996 5423 ideo
1023 5369 1295 5440 mysticum
1320 5367 1539 5440 dicitur,
1569 5369 1694 5438 quia
1731 5384 1845 5423 retu
1880 5370 2043 5425 initii-

443 5459 531 5499 me
561 5457 881 5508 corpoream
905 5483 919 5502 .
952 5441 1046 5494 sed
1074 5439 1101 5492 a
1128 5440 1399 5503 sensibus,
1427 5439 1592 5494 immo
1614 5439 1682 5493 ab
1712 5442 1828 5508 ipso
1849 5441 2040 5496 huma-

441 5532 512 5571 no
540 5516 816 5570 intellectu
870 5511 1287 5566 remotissimam
1338 5521 1602 5578 exponat,
1631 5518 1893 5566 mteruam
1934 5514 2040 5569 sci-

440 5587 560 5642 licet
602 5586 759 5641 Verbi
787 5580 958 5637 diviti
986 5583 1417 5650 generationem.
1461 5582 1736 5638 Moralitas
1765 5592 1946 5638 autem
1981 5588 2033 5641 in

435 5673 505 5730 eo
530 5670 635 5725 νει,
662 5656 804 5728 quod
831 5654 979 5730 λόγος
996 5652 1169 5730 grarci
1194 5652 1396 5708 codicis
1415 5653 1608 5711 Latine
1631 5653 1852 5730 verbum
1878 5666 1931 5710 et
1949 5672 2036 5730 ra-

433 5729 637 5784 tioiiem
677 5724 963 5797 signitiret.
999 5724 1170 5779 P0rro
1219 5741 1341 5779 cum
1370 5740 1436 5797 ex
1485 5728 1801 5782 memoratis
1850 5728 2029 5784 verbis

426 5804 617 5855 morati
639 5795 801 5855 sensu
834 5797 1249 5867 haudquaquam
1278 5795 1491 5852 excludi
1521 5798 1809 5855 litteralem
1840 5798 2026 5864 nobis-

419 5884 542 5926 cum
594 5871 839 5928 conﬁteri
870 5880 1135 5941 cegantur
1159 5869 1287 5925 novi
1332 5870 1613 5941 harelici,
1664 5871 2018 5942 quamobrem

2164 4801 2328 4857 etiam
2352 4817 2456 4857 non
2480 4802 2906 4871 confitebuntur,
2930 4802 3102 4859 sicubi
3126 4816 3339 4857 sacrum
3364 4801 3499 4857 illud
3517 4800 3760 4857 enatum:

2167 4873 2283 4929 Hoc
2305 4885 2377 4928 est
2399 4891 2587 4947 corpus
2627 4892 2828 4938 meum.
2857 4891 2889 4931 a
2916 4875 3165 4947 Patr-ibus
3194 4875 3424 4946 mystice
3454 4889 3516 4926 ar
3538 4874 3763 4947 spirita-

2165 4947 2289 5002 liter
2331 4945 2640 5013 expositum
2686 4948 2940 5011 videant;
2981 4946 3105 5001 inde
3158 4945 3336 5000 tamen
3381 4945 3683 5000 naturalem
3709 4954 3764 5001 et

2163 5018 2454 5088 litteralem
2485 5018 2988 5088 interpretationem
3021 5032 3128 5072 non
3159 5016 3578 5072 excludendum.

2231 5087 2260 5127 δ
2283 5089 2412 5143 Mss.
2445 5091 2715 5160 quinque,
2743 5089 2809 5143 Et
2841 5091 2893 5142 in
2923 5090 3160 5143 omnibus
3190 5105 3367 5143 servus
3392 5098 3469 5143 est
3491 5088 3683 5156 factus.

2234 5170 2258 5231 ς
2292 5162 2546 5230 Legitinta
2567 5163 2841 5216 necessitas
2862 5170 2947 5214 est
2970 5176 3030 5214 ea
3052 5202 3066 5223 ,
3098 5175 3259 5231 quam
3293 5162 3378 5215 lcx
3406 5162 3653 5229 imponit.

2228 5227 2255 5267 ἀ
2287 5227 2528 5287 1ιωίιιεε.
2561 5247 2676 5288 sex.
2705 5232 2916 5299 Reliqui
2948 5247 3076 5286 vero
3097 5227 3150 5286 et
3182 5240 3297 5285 aut.
3330 5227 3494 5296 edit,
3544 5248 3632 5285 ore
3656 5232 3759 5302 ﬂo-

2152 5319 2232 5358 res
2258 5304 2443 5372 legere.
2477 5303 2661 5370 litum,
2693 5320 2781 5358 ore
2824 5312 2973 5359 notos
3018 5306 3206 5374 legere.
3240 5302 3462 5358 Sciln-ct
3513 5305 3638 5374 quia
3663 5306 3759 5359 ad-

2150 5384 2426 5430 verterant
2471 5378 2709 5430 editores
2753 5375 2944 5430 Anthr.
2979 5373 3224 5430 alludere
3282 5374 3349 5429 ad
3399 5373 3752 5445 Virgiliauunt

2148 5445 2278 5501 illud
2303 5462 2336 5502 e
2367 5449 2461 5503 lib.
2492 5463 2543 5502 tv
2567 5446 2769 5517 Georg.
2803 5464 2818 5499 :

2388 5558 2577 5609 Verum
2598 5561 2717 5621 ipsas
2742 5573 2771 5610 e
2796 5557 2921 5608 foliis
2942 5564 3097 5619 natos,
3127 5563 3180 5608 et
3198 5556 3430 5607 suavibus
3447 5556 3622 5607 herbis

2387 5621 2488 5673 Ore
2514 5621 2707 5684 legunt.

2138 5730 2268 5790 Vide
2308 5733 2417 5807 hac
2472 5733 2586 5805 ipsa
2633 5732 2702 5791 de
2760 5748 2820 5789 re
2868 5733 2967 5791 lib.
3004 5748 3037 5786 v
3092 5733 3392 5796 Ilesaem.,
3455 5748 3580 5806 cap.
3635 5735 3742 5807 2t;

2131 5820 2259 5860 num
2296 5806 2389 5859 67.
