3982 6506
21 384 132 441 ιοι

1124 379 1190 435 IN
1229 377 1561 436 PSALMUM
1596 379 1810 438 CXVIII
1850 380 2236 440 EXPOSITIO.

3209 386 3349 443 ιωοέ

21 522 70 561 re
110 522 250 563 sua:
289 505 537 578 producit
559 511 759 560 tetatem
788 498 973 575 (Prov.
1006 516 1079 566 vn,
1112 499 1192 572 8).
1226 498 1380 569 Quod
1408 499 1476 553 sit
1503 498 1644 555 istud
1672 512 1729 570 Α
1752 516 1951 567 meum,
1980 502 2166 571 loquar
2219 500 2596 574 propositiones
2647 500 2710 554 ab
2760 500 2910 555 initio
2944 500 3122 556 seculi
3174 499 3349 572 (Psal.

21 598 423 655 oluntarium
450 598 561 653 oris
591 593 940 662 sacrificium,
965 607 1306 665 recognosce
1332 610 1346 647 :
1379 591 1605 646 lmmola
1630 633 1644 657 ,

22 693 225 763 lquit,
267 691 397 747 Deo
418 690 731 761 sacriﬁcium
760 688 932 743 laudis
955 686 1076 762 (Ps.
1104 703 1253 754 xm,
1283 684 1396 760 14).

62 788 181 844 25.
264 789 575 859 Exspectat
633 784 896 842 Dominus
963 783 1297 839 voluntarios
1347 780 1647 837 ministros.

21 883 280 953 tenique
313 884 372 937 itt
407 882 552 937 libro
583 880 761 936 Esaia:
781 878 917 935 dicit
941 877 1237 933 Dominus:
1268 875 1431 943 Quem
1450 876 1651 929 mittam

22 979 199 1035 Esai.
239 993 335 1046 γι,
368 976 474 1047 8)?
507 975 706 1047 Utique
726 974 945 1031 servulo
970 987 1069 1028 suo
1099 979 1312 1043 poterat
1354 972 1647 1041 imperare,

21 1088 183 1142 luem
222 1070 471 1142 dignum
498 1068 591 1141 qui
623 1067 949 1131 mitteretur,
974 1064 1253 1120 invenerat
1283 1079 1297 1116 :
1329 1062 1427 1118 sed
1460 1061 1652 1116 maluit.

22 1185 133 1224 :um
171 1174 521 1239 Spontanete
546 1161 839 1219 oblationis
860 1175 965 1216 non
990 1158 1237 1214 fraudare
1259 1156 1529 1224 mercede,
1559 1154 1649 1227 qui

21 1273 59 1319 tt
96 1264 237 1334 ipse
273 1276 342 1317 se
372 1260 622 1324 oll'erret,
658 1255 999 1329 praestolatus
1027 1261 1134 1310 est.
1169 1253 1236 1309 Et
1262 1251 1509 1325 quamvis
1533 1250 1651 1321 ejus

21 1357 196 1411 ;ciret
226 1354 534 1417 at'l'eetum,
565 1349 901 1423 exspectavit
927 1356 1105 1403 tamen
1131 1360 1350 1412 vocem;
1381 1354 1439 1399 ut
1458 1359 1651 1399 cumn-

29 1459 161 1506 aret
195 1449 469 1522 gratiam.
506 1446 656 1505 Unde
685 1460 745 1502 se
764 1443 996 1500 olierens
1025 1442 1214 1499 Esaias
1241 1441 1351 1497 ait:
1380 1438 1516 1495 Ecce
1535 1455 1648 1510 ego,

21 1544 169 1597 mitte
203 1561 295 1597 me
329 1541 526 1615 (lbid.)
559 1559 573 1609 ;
619 1549 673 1596 et
693 1541 771 1596 sic
801 1549 988 1612 postea
1015 1540 1211 1596 missus
1242 1546 1329 1593 est
1382 1536 1448 1592 ad
1482 1550 1653 1606 papu-

21 1638 161 1691 ltnn.
197 1634 338 1692 Ideo
380 1637 449 1692 de
475 1650 540 1691 eo
566 1634 766 1691 dictum
799 1643 915 1691 est:
962 1636 1098 1703 Quia
1152 1633 1338 1689 Esaias
1384 1632 1563 1697 audet,
1602 1642 1652 1686 et

21 1729 155 1784 dicit
184 1728 380 1803 (Rom.
435 1746 494 1797 ι,
524 1728 644 1800 20).
678 1728 892 1785 Etenim
922 1727 1078 1799 quasi
1110 1726 1474 1783 voluntarium
1496 1738 1653 1795 orga-

23 1841 157 1879 num
189 1825 461 1881 uberiore
482 1824 704 1894 spiritus
733 1824 815 1879 sui
840 1823 1015 1895 gratia
1044 1822 1296 1878 Christus
1334 1819 1600 1891 implevit.

1754 610 1956 660 Lxxvtt,
1977 594 2055 668 ἓ).
2088 594 2281 650 Paravi
2301 595 2563 651 lucernam
2585 592 2790 652 Christo
2809 610 2925 650 meo
2952 594 3122 669 (Psal.
3157 609 3348 659 cxxxr,

1753 688 1865 758 l7).
1894 686 2104 759 Corpus
2132 703 2286 745 suum
2316 689 2459 761 quod
2485 698 2604 746 erat
2628 701 2757 746 ante
2780 688 3057 757 limosum,
3110 697 3167 745 et
3190 702 3352 746 como

1752 780 2110 836 lttcreditariaz
2140 783 2461 839 colluvionis
2485 784 2847 859 obstructum,
2874 794 2901 822 κ
2927 793 2989 840 ιιι
3015 784 3197 840 oleum
3230 782 3339 853 spi-

1752 876 1913 932 ritale
1945 876 2187 947 recipere
2210 892 2318 932 non
2348 884 2550 947 posset,
2568 875 2787 934 Christo
2815 877 3047 949 paravit,
3068 886 3128 931 ut
3146 875 3348 933 luceat.

1752 970 1972 1027 Christo
2000 970 2162 1035 lucet,
2189 969 2345 1041 cujus
2376 985 2541 1041 opera
2570 970 2625 1025 in
2660 971 2865 1028 Christi
2909 972 3091 1027 lucent
3119 969 3344 1026 lumine.

1753 1066 1972 1123 Christo
2002 1064 2217 1121 lucebat
2244 1064 2457 1132 Petrus,
2486 1078 2610 1120 cum
2632 1064 2838 1121 diceret
2862 1083 2876 1121 :
2902 1064 2971 1122 In
3000 1066 3207 1120 nomine
3222 1062 3351 1118 Jesu

1753 1158 1941 1216 Christi
1973 1158 2238 1214 Nazareni
2267 1174 2441 1231 surge,
2471 1168 2521 1214 et
2548 1158 2755 1212 ambula
2783 1160 2928 1227 (Act.
2963 1174 3044 1225 tu,
3072 1158 3103 1211 6
3122 1157 3165 1229 ).
3187 1156 3351 1213 Chri-

1754 1268 1837 1310 sto
1862 1254 2077 1311 lucebat
2104 1254 2195 1310 ille
2217 1254 2306 1323 qni
2332 1252 2545 1309 dicebat
2578 1270 2591 1306 :
2627 1252 2787 1307 Sauet
2829 1261 2877 1307 te
2904 1251 3160 1307 Dominus
3196 1252 3356 1309 Iesus

1753 1354 1891 1426 (Act.
1917 1369 1992 1419 ιχ,
2020 1351 2132 1425 54).
2168 1350 2386 1407 Christo
2408 1350 2629 1407 lucebat
2655 1362 2955 1423 martyrum
2979 1352 3227 1418 lucerna,
3259 1352 3356 1423 qni

1755 1463 1853 1519 pro
1879 1447 2096 1504 Christo
2117 1445 2337 1502 subiere
2366 1446 2709 1518 martyrium.
2741 1443 2958 1501 Christo
3001 1446 3217 1502 lucebat
3249 1446 3356 1501 Da-

1754 1541 1867 1608 vid,
1890 1541 1978 1611 qtti
2000 1550 2210 1611 poterat
2232 1538 2418 1595 dicere
2437 1556 2452 1592 :
2477 1535 2580 1594 Cor
2597 1554 2769 1593 meum
2789 1547 2838 1594 et
2859 1556 2981 1594 caro
2998 1555 3112 1594 mea
3126 1540 3356 1595 exsulta-

1754 1635 1999 1690 rerantin
2021 1632 2185 1687 Deum
2206 1633 2374 1687 uiuum
2397 1629 2514 1704 (Ps.
2550 1647 2771 1701 Lxxxnt,
2787 1631 2868 1704 5).
2888 1630 3106 1688 Christo
3126 1647 3356 1704 parave-

1757 1737 2087 1784 ratmentem
2127 1740 2247 1782 cum
2271 1725 2338 1782 de
2378 1740 2466 1791 eo,
2499 1740 2529 1780 a
2569 1741 2675 1798 quo
2698 1724 3012 1797 frequenter
3036 1725 3102 1781 ad
3122 1735 3354 1781 mortem

1755 1822 1933 1880 fuerat
1958 1822 2252 1893 appetitus,
2283 1819 2529 1875 diceret:
2569 1818 2689 1874 Non
2728 1820 2855 1875 mihi
2901 1819 3162 1897 contingat
3186 1836 3219 1874 a
3249 1818 3359 1873 Do-

95 1918 194 1974 26.
239 1917 361 1975 Nec
389 1920 563 1974 otiose
592 1919 695 1974 hoc
724 1918 958 1990 positum
989 1926 1119 1989 puto
1145 1933 1160 1983 ;
1193 1915 1317 1987 quia
1346 1914 1647 1970 voluntaria
1683 1921 1725 1982 Β
1754 1919 1912 1987 mino,
1946 1918 1991 1973 si
2020 1918 2187 1989 fecero
2209 1917 2306 1971 hoc
2333 1915 2560 1980 verbum,
2599 1914 2821 1971 Domino
2844 1912 3205 1983 meo,Christo
3233 1910 3349 1968 Do-

30 2012 150 2067 oris
182 2011 272 2067 sui
303 2011 525 2084 placere
550 2011 828 2068 desiderat
854 2012 1107 2068 Domino.
1140 2009 1292 2066 Multi
1346 2008 1646 2079 pmphetae,

26 2108 128 2163 sed
161 2109 218 2161 in
249 2107 513 2164 omnibus
552 2107 663 2164 oris
707 2108 1015 2164 voluntaria
1062 2108 1299 2178 placent.
1344 2104 1652 2161 Excusabat

28 2200 370 2269 llierentias,
394 2201 611 2258 dicens:
646 2200 775 2268 Quis
800 2220 855 2258 es
878 2201 1195 2265 dominator,
1223 2198 1487 2254 Domine?
1518 2198 1652 2252 Ecce

28 2296 208 2350 nescio
239 2296 424 2367 loqui,
453 2297 576 2366 quia
595 2296 839 2368 jnvenior
866 2312 979 2350 sum
1008 2311 1140 2367 ego;
1171 2303 1217 2347 et
1240 2292 1373 2348 dixit
1394 2293 1441 2346 ei
1468 2291 1653 2346 Domi-

32 2406 131 2443 nus
156 2406 175 2445 :
196 2387 330 2444 Noli
352 2390 546 2457 dicere,
563 2390 687 2460 quia
700 2390 943 2462 juvenior
965 2405 1079 2443 sum
1104 2404 1229 2461 ego;
1246 2387 1367 2459 quia
1386 2387 1456 2441 ad
1475 2402 1650 2440 omnes

32 2483 104 2536 ad
124 2499 477 2557 quoscumque
497 2484 683 2539 misero
712 2493 781 2550 te,
817 2483 1021 2538 abibis:
1051 2494 1099 2538 et
1151 2481 1435 2538 secundum
1478 2483 1650 2537 omnia

37 2591 375 2647 umerumque
402 2578 712 2632 mandavero
736 2577 849 2643 tibi,
877 2576 1100 2647 loqueris
1126 2575 1341 2649 (Jerem.
1376 2592 1416 2642 t,
1438 2574 1471 2630 6
1497 2583 1547 2631 et
1565 2575 1644 2646 7).

44 2666 371 2723 Verecutnle
406 2670 670 2739 prephcta
695 2679 909 2725 aetatem
935 2669 1183 2740 corporis
1233 2666 1646 2739 prmtcndcbat;

41 2775 109 2813 ne.
132 2760 502 2831 exsequendis
529 2762 843 2819 caelestibus
865 2761 1146 2831 imperatis
1174 2761 1347 2830 impar
1366 2775 1488 2817 esse
1513 2758 1644 2815 ado-

43 2850 311 2907 lescentia
341 2852 867 2923 deprehenderetur.
899 2854 1006 2911 Sed
1035 2855 1176 2908 Deus
1206 2863 1264 2908 ut
1294 2856 1384 2924 qui
1432 2868 1646 2908 mornm

41 2945 211 3015 magis
238 2960 411 3016 quam
436 2961 699 3001 annorum
728 2947 1002 3016 jndicaret
1045 2956 1258 3002 aetatem
1291 2945 1645 3002 consideran-

45 3037 196 3106 dam,
222 3051 276 3095 et
308 3039 364 3095 in
381 3040 612 3111 juvenili
639 3055 869 3111 corpore
895 3042 1260 3096 maturitatem
1291 3041 1530 3097 robustae
1557 3055 1647 3096 sa-

49 3132 270 3199 pientize
296 3132 352 3188 in
380 3147 485 3189 suo
515 3134 734 3189 servulo
765 3133 1109 3204 prmvideret,
1141 3133 1254 3188 ait:
1291 3130 1418 3187 Noli
1452 3133 1642 3198 dicere,

42 3224 280 3295 juvenior
306 3241 420 3280 sum
452 3241 568 3299 ego,
601 3225 703 3280 hoc
741 3235 844 3291 est,
903 3226 1177 3295 prohibuit
1227 3241 1349 3280 enm
1388 3225 1644 3293 juvenilis

1752 2012 1883 2066 mini
1908 2012 2120 2082 injicere
2140 2026 2344 2064 umnam
2374 2025 2542 2065 meam
2562 2008 2604 2080 (Ι
2630 2006 2762 2079 Reg.
2792 2024 2946 2075 XXIV,
2976 2007 3057 2081 7).
3082 2009 3216 2063 Cum
3240 2021 3361 2062 ma-

1748 2106 1926 2177 jorem
1958 2104 2183 2160 haberet
2213 2120 2433 2159 causam
2460 2103 2677 2159 tuenda:
2706 2103 2898 2161 salutis
2938 2118 3072 2169 suae,
3120 2112 3177 2158 ut
3201 2101 3356 2158 occi-

1753 2200 1904 2257 deret
1940 2207 2393 2271 persequentem;
2423 2197 2588 2253 etiam
2611 2197 2749 2253 alios
2771 2197 2862 2266 qui
2890 2196 3193 2252 suadebant
3250 2194 3357 2251 ini-

1754 2295 1893 2350 mico
1919 2309 2027 2349 non
2051 2307 2172 2350 esse
2200 2290 2553 2363 parcendum,
2572 2305 2734 2362 quem
2759 2290 3015 2345 Dominus
3039 2288 3194 2362 juxta
3227 2303 3358 2359 pro-

1754 2388 1980 2443 missum
2003 2400 2181 2453 suum,
2211 2385 2264 2440 in
2292 2398 2485 2439 manus
2516 2383 2687 2454 ipsius
2738 2381 3073 2448 tradidisset,
3127 2380 3198 2437 ab
3229 2381 3356 2452 ejus

1752 2479 1982 2537 necandi
2013 2478 2308 2550 cupiditate
2335 2476 2645 2535 revocabat.
2697 2475 2917 2532 Christo
2963 2474 3179 2532 lucebat
3211 2474 3350 2531 Pro-

1754 2574 1938 2644 pheta,
1967 2590 2089 2630 cum
2121 2573 2190 2630 de
2217 2588 2284 2629 eo
2313 2572 2403 2643 qui
2436 2573 2603 2644 patris
2651 2570 2871 2627 domutn
2919 2571 3058 2643 turpi
3114 2571 3355 2626 macula-

1750 2678 1905 2725 verat
1927 2670 2160 2733 incestn,
2179 2667 2268 2739 qui
2286 2667 2452 2737 patris
2472 2666 2703 2722 salutem
2721 2665 3134 2737 parricidalibus
3150 2661 3354 2732 pra-liis

1750 2762 2062 2834 appetebat,
2095 2762 2215 2830 pius
2243 2772 2393 2830 pater
2421 2769 2600 2814 tamen
2618 2758 2824 2814 diceret
2854 2758 2920 2813 ad
2953 2759 3198 2829 praelium
3224 2771 3353 2828 pro-

1753 2854 2017 2911 fecturis:
2054 2852 2265 2909 Parcite
2306 2855 2416 2923 ﬁlio
2437 2869 2546 2907 meo
2593 2852 2870 2907 Abessalon
2897 2851 2962 2924 (ll
3013 2851 3145 2922 Reg.
3194 2866 3349 2918 svnt,

1751 2943 1831 3017 5).
1862 2945 2100 3002 Tacebat
2122 2946 2484 3018 improbitatis
2510 2945 2688 3000 scelus
2718 2961 2732 2999 :
2764 2946 2978 3015 pietatis
3005 2953 3183 2999 autem
3214 2960 3347 3015 gra-

1749 3039 1900 3109 dum,
1926 3048 1982 3097 et
2010 3054 2208 3096 nomen
2235 3038 2651 3095 necessitudinis
2680 3037 3036 3110 pra-ferebat;
3069 3044 3128 3093 ut
3145 3051 3350 3108 pugna-

1750 3136 1853 3190 turi
1885 3151 1989 3190 non
2013 3134 2383 3192 adversarium
2435 3134 2599 3204 regis,
2659 3132 2753 3189 sed
2803 3132 2971 3189 ﬁlium
3018 3131 3345 3204 cogitantes,

1748 3230 1993 3285 dolorem
2018 3229 2162 3285 laesae
2192 3229 2410 3300 pietatis
2459 3228 2788 3285 inhiberent.
2831 3228 2890 3283 Et
2941 3237 3062 3301 post
3110 3238 3344 3283 mortem

50 3315 221 3368 artatis
265 3317 729 3387 contemplatione
784 3318 926 3373 vires
972 3332 1098 3373 snas
1140 3317 1498 3387 Perpendere,
1552 3317 1636 3371 cui
1666 3323 1712 3388 (ς
1742 3322 1860 3394 ejns
1890 3323 2106 3393 operuit
2137 3322 2329 3378 faciem
2355 3337 2530 3390 suam,
2554 3331 2609 3378 et
2639 3336 2772 3377 voce
2805 3337 2998 3394 magna
3042 3319 3340 3388 clamabat,

52 3408 179 3465 ﬁdes
223 3414 467 3469 canitiem
511 3413 794 3484 sapientia:
843 3412 1196 3468 ministraret.
1231 3413 1298 3467 Et
1340 3412 1535 3467 iterum
1582 3413 1634 3466 in

54 3506 425 3572 posterioribus
447 3522 568 3563 cum
599 3506 826 3562 dixisset
847 3506 989 3561 idem
1021 3506 1285 3578 propheta
1313 3523 1325 3560 :
1354 3504 1629 3561 Seduaisti

56 3611 149 3665 me,
178 3594 404 3668 Domine,
435 3611 482 3655 et
503 3602 746 3655 seductas
772 3617 954 3656 sum...
977 3598 1045 3654 Et
1067 3600 1176 3655 dixi
1205 3617 1225 3655 :
1254 3597 1375 3654 Non
1400 3600 1638 3655 nomina-

53 3690 112 3745 bo
142 3709 313 3749 nomen
340 3695 474 3767 ejus,
503 3708 551 3753 et
573 3713 674 3751 non
726 3696 906 3768 loquar
949 3696 1001 3750 in
1043 3696 1249 3751 nomine
1287 3697 1404 3764 ejus
1447 3698 1634 3761 ultra;

59 3783 283 3843 addidit:
323 3787 390 3844 Et
416 3789 589 3860 factus
614 3801 690 3845 est
717 3792 771 3846 in
815 3791 974 3846 corde
995 3807 1129 3855 meo,
1162 3799 1216 3845 ut
1239 3792 1374 3862 ignis
1421 3791 1631 3860 ardens,

58 3879 309 3947 ﬂammans
332 3884 383 3937 in
412 3887 615 3939 ossibus
635 3886 764 3939 meis
790 3900 809 3939 :
837 3894 886 3939 et
914 3884 1198 3939 dissolutus
1220 3901 1339 3939 sum
1383 3884 1632 3954 undique,

62 3983 104 4025 et
131 3973 256 4042 ferre
282 3993 377 4031 non
410 3994 615 4045 possunt
642 3976 856 4051 (Jerem.
890 3995 992 4042 xx,
1024 3978 1056 4032 7
1083 3988 1130 4032 et
1154 3977 1236 4049 9).
1287 3977 1635 4034 Advenimus

63 4063 211 4136 igitur
236 4069 367 4137 qttnd
393 4071 459 4125 iis
502 4070 665 4126 etiam
712 4072 803 4140 qui
830 4079 925 4124 aut
969 4070 1343 4125 excusandum
1396 4069 1631 4124 ofticiutn

65 4170 225 4223 suum,
249 4169 336 4215 aut
374 4170 521 4217 certa
565 4159 745 4231 aliqua
774 4176 937 4216 causa
967 4161 1275 4230 negandum
1303 4160 1631 4231 putaverint,

81 4248 312 4305 Dentinns
339 4261 511 4308 tamen
540 4264 727 4309 noster
772 4261 867 4306 aut
918 4254 1129 4307 ratione
1160 4250 1506 4320 persuadeat,
1541 4259 1636 4306 aut

69 4345 332 4413 cupiditate
363 4348 574 4421 n50
604 4346 935 4416 prophetica:
975 4344 1329 4399 revelationis
1359 4345 1625 4414 inspiret;

71 4446 123 4492 ut
141 4437 199 4493 ad
226 4440 545 4496 subeundum
578 4439 816 4495 officium
842 4438 1119 4493 voluntate
1147 4448 1499 4504 concurrant,
1525 4455 1629 4492 nott

71 4533 356 4590 necessitate
383 4534 791 4601 conscendant;
819 4549 928 4605 quo
953 4548 1162 4589 trerces
1190 4534 1255 4587 ad
1290 4549 1386 4589 cos
1407 4534 1632 4604 integra:

71 4620 335 4683 devotionis
362 4627 533 4699 possit
564 4628 776 4699 plenior
823 4626 1130 4698 pervenire.
1179 4625 1535 4697 Prnpltetavit
1577 4632 1633 4681 et

1739 3418 1967 3473 dicens:
2028 3414 2203 3473 Filius
2251 3435 2394 3473 meus
2422 3416 2720 3483 Abessalon,
2772 3417 2913 3486 ﬁlius
2954 3434 3096 3472 meus
3142 3416 3340 3488 (Ibid.,

1738 3510 1852 3581 53).
1881 3510 2027 3566 lianc
2056 3524 2247 3565 Vocem
2280 3510 2543 3580 parricida
2578 3526 2682 3562 non
2741 3508 2941 3564 meruit
2973 3528 2985 3563 :
3047 3509 3141 3564 sed
3182 3509 3345 3565 Citri-

1738 3602 1809 3657 sti
1861 3603 2223 3674 prophetabat
2278 3602 2527 3673 gratiam.
2590 3602 2859 3658 Didicerat
2934 3601 3199 3673 Pmpheta
3271 3602 3381 3656 de‘

1738 3694 1956 3751 Christo
2005 3696 2183 3752 bonus
2212 3710 2333 3751 esse
2381 3707 2551 3765 pater,
2587 3696 2677 3766 qni
2713 3696 2857 3751 bono
2907 3694 3020 3750 lilio
3044 3694 3336 3751 serviebat.

1808 3789 1898 3845 28.
1945 3789 2187 3860 Denique
2216 3790 2337 3844 ideo
2358 3788 2567 3845 dicebat
2598 3806 2610 3842 :
2648 3789 2931 3860 Etjudt‘cia
2955 3798 3043 3842 tua
3071 3789 3195 3842 dore
3216 3805 3295 3844 me
3322 3806 3341 3851 :

1738 3883 1859 3952 quia
1889 3882 2091 3951 judicia
2116 3882 2211 3938 Dei
2238 3884 2373 3938 sicut
2396 3882 2623 3955 abyssus
2650 3884 2840 3947 multa,
2864 3891 2918 3938 et
2945 3882 3337 3949 inscrutabilia,

1738 3983 1796 4028 ιιι
1825 3977 2121 4046 Apostolus
2145 3975 2275 4031 dicit
2305 3976 2484 4048 (Rom.
2524 3992 2600 4044 χι,
2644 3976 2758 4047 55).
2792 3976 2922 4033 ldeo
2972 3991 3080 4031 non
3124 3986 3338 4045 poterat

1738 4084 1825 4133 ea,
1868 4069 1969 4123 nisi
2025 4067 2244 4124 Christo
2290 4070 2542 4135 docente,
2591 4085 2972 4140 cognoscere;
3023 4071 3147 4139 quia
3199 4086 3338 4124 nnns

1739 4160 1994 4230 magismr
2014 4161 2255 4215 omnium
2280 4160 2534 4215 Christus
2563 4171 2645 4215 est
2668 4160 2883 4234 (Matth.
2916 4177 3069 4229 sxtn,
3096 4160 3178 4232 8).
3211 4160 3337 4214 llaec
3418 4155 3421 4158 ’

1738 4263 1917 4309 autem
1948 4252 2150 4309 Christi
2176 4253 2381 4323 judicia
2411 4263 2575 4320 sunt;
2608 4264 2665 4308 ut
2694 4256 2757 4308 iis
2785 4254 2875 4325 qui
2913 4254 3069 4310 nobis
3098 4252 3337 4308 insidiati

1738 4349 1960 4415 fuerint,
1990 4350 2302 4404 noverimus
2324 4365 2430 4405 non
2454 4349 2624 4403 vicem
2659 4349 2869 4418 injuria:
2901 4346 3336 4416 rependendam,

1736 4442 1830 4497 sed
1866 4458 1962 4512 pro
1990 4441 2188 4513 injuria
2217 4444 2388 4515 magis
2412 4442 2761 4499 deferendam
2805 4443 3058 4513 gratiam.
3093 4440 3337 4509 Denique

1736 4534 2185 4590 maledicentibus
2241 4551 2347 4591 non
2394 4534 2759 4599 retnaledixit,
2812 4534 3177 4605 percutientes
3224 4549 3333 4589 nntt

1736 4628 2103 4699 repercussit:
2134 4628 2229 4682 sed
2259 4627 2427 4699 magis
2448 4629 2611 4684 etiam
2665 4627 2958 4683 cruciﬁxus
3009 4640 3104 4695 pro
3151 4640 3334 4693 perse-

75 4714 425 4791 Caiphas.Quia
455 4723 836 4789 expeditunam
865 4721 1128 4776 hominem
1156 4722 1289 4776 mori
1311 4739 1405 4793 pro
1430 4723 1621 4795 populo
1648 4716 1701 4777 D
1726 4722 2018 4794 quentibus
2043 4739 2102 4778 se
2133 4722 2653 4792 piteintercessionis
2675 4722 2817 4791 apud
2840 4720 3051 4777 Patrem
3075 4718 3334 4774 auxilium

80 4805 235 4878 (Joan.
277 4829 342 4882 χι,
370 4818 451 4889 50)
484 4835 497 4873 :
541 4817 636 4872 sed
666 4816 768 4872 hoc
806 4816 1325 4873 voluntariunt.oris
1377 4818 1622 4873 ministe-

81 4900 488 4975 ritnnnonerat;
544 4910 669 4980 quia
724 4908 1046 4980 loquebatur
1101 4908 1319 4964 invitus.
1381 4909 1622 4979 Denique

82 4993 188 5061 quid
211 4994 401 5064 diceret,
429 5002 726 5058 nesciebat.

141 5085 220 5141 τι.
233 5089 342 5155 Qua:
358 5108 475 5162 ergo
495 5093 792 5149 voluntaria
808 5094 921 5150 oris
937 5092 1020 5148 sui
1048 5092 1278 5147 Domino
1304 5090 1469 5146 David
1497 5091 1618 5161 pla-

89 5189 192 5232 cere
218 5179 450 5240 desiderat
478 5185 502 5240 ἲ
532 5183 681 5256 Elegi
708 5186 941 5258 abjectus
966 5202 1076 5241 esse
1104 5186 1158 5239 in
1206 5184 1359 5238 domo
1383 5184 1615 5251 Domini,

94 5274 226 5343 magis
248 5291 377 5345 quam
398 5277 619 5333 habitare
638 5278 693 5332 in
719 5279 1065 5333 tabernaculis
1092 5288 1419 5348 peccatorum
1443 5275 1614 5346 (Psal.

96 5374 281 5432 Lxxxnt,
310 5369 406 5440 ll).
433 5369 653 5425 Audiam
697 5371 823 5443 quid
865 5371 1106 5441 loquatur
1151 5372 1206 5425 in
1233 5387 1315 5425 me
1359 5368 1618 5427 Dominus

98 5451 207 5508 Deus
249 5456 394 5530 (Psal.
439 5479 632 5519 Lxxnv
658 5505 674 5532 ,
726 5462 813 5536 9).
870 5463 1112 5535 Aperiam
1163 5465 1218 5516 in
1259 5464 1522 5533 parabolis
1559 5481 1616 5519 os

158 5578 177 5603 *‘
211 5568 351 5639 Edit.,
376 5580 605 5633 utoleum
633 5578 867 5648 spiritale
893 5577 1117 5648 recipere
1148 5587 1334 5647 posset.
1383 5576 1614 5636 Mss.....

99 5650 361 5722 lelOlhROSIel:
388 5648 559 5705 Melius
590 5667 604 5715 ;
658 5646 925 5720 Siquidem
954 5646 1059 5722 hoc
1083 5646 1185 5722 loci
1216 5660 1343 5722 ante
1369 5659 1449 5716 ut,
1481 5651 1611 5705 sub-

106 5713 432 5793 intelligendum
474 5713 599 5793 est,»
637 5713 752 5793 ita}
802 5737 924 5792 qua:
982 5719 1197 5775 dicendt
1242 5713 1619 5778 forma-bouis

107 5786 357 5841 ant-toribus
375 5799 443 5845 est
466 5786 763 5848 familiaris.

154 5848 187 5937 εδ
218 5856 381 5937 limites
404 5863 566 5933 edit...
595 5865 837 5935 quisquis,
870 5864 1174 5937 spiritaliter
1202 5862 1545 5937 intellexerit,
1568 5875 1618 5920 et

115 5921 268 5988 fuerit.
295 5927 458 5986 (tumes
480 5921 618 5989 mss:
637 5945 693 5990 ut
721 5921 774 5990 in
804 5921 974 5992 tesiu.
1010 5921 1115 5989 Sed
1160 5940 1190 5989 ti
1241 5935 1423 5995 multis
1448 5921 1610 5993 etiam

1725 4815 2007 4872 deferebat
2031 4817 2221 4873 dicens
2249 4834 2263 4871 :
2289 4816 2470 4881 Pater,
2494 4816 2695 4872 dimitte
2717 4818 2854 4883 illis;
2874 4832 2977 4871 non
2998 4816 3135 4870 enim
3165 4815 3341 4869 sciunt

1723 4909 1847 4976 quid
1896 4910 2091 4979 faciunt
2120 4907 2277 4982 (Luc.
2320 4924 2452 4964 nm
2474 4949 2489 4972 ,
2538 4908 2654 4982 54).
2683 4909 2810 4965 ηειιο
2840 4910 3001 4981 igitur
3031 4907 3059 4947 δ
3089 4907 3338 4979 quisquis

1726 4998 1912 5054 fecerit
1937 5000 2067 5071 legis
2088 5001 2312 5072 judicia,
2339 5005 2776 5060 remuneratione
2793 5005 3063 5059 donatura
3087 4999 3331 5057 Christo.

1802 5094 2012 5167 1151
2043 5094 2132 5151 29.
2157 5095 2342 5167 (Vers.
2375 5096 2525 5169 109.)
2552 5097 2657 5153 Sed
2680 5097 2800 5169 quis
2823 5096 3024 5168 judicia
3056 5095 3152 5151 Dei
3187 5104 3208 5132 ο
3234 5093 3336 5148 dn-

1727 5188 1836 5241 ceri
1871 5196 2067 5257 potest,
2103 5188 2206 5243 nisi
2237 5192 2328 5260 qui
2360 5191 2595 5246 animam
2625 5206 2777 5245 suam
2809 5206 3028 5261 semper
3074 5187 3326 5243 intende-

1728 5280 1795 5335 rit
1827 5281 1892 5334 ad
1930 5279 2263 5335 Dominum?
2293 5282 2392 5351 Qui
2424 5292 2603 5354 potest
2631 5284 2815 5339 dicere
2841 5298 2853 5338 :
2904 5284 3090 5336 Anima
3131 5296 3243 5333 utea
3273 5279 3330 5333 in

1725 5375 1963 5429 manibus
1992 5376 2093 5431 tuis
2119 5393 2341 5449 semper,
2366 5386 2413 5432 et
2445 5378 2604 5451 legem
2630 5389 2771 5432 luant
2811 5393 2912 5431 non
2961 5392 3074 5430 sum
3115 5373 3334 5429 oblitus.

1724 5466 1908 5538 Aliqui
1938 5467 2144 5525 habent
2171 5488 2184 5523 :
2230 5470 2418 5524 Anima
2442 5486 2557 5524 mea
2576 5468 2603 5507 εἴ
2627 5472 2681 5525 in
2706 5470 2940 5526 manibus
2960 5470 3086 5524 meis
3106 5481 3333 5536 semper,

1728 5583 1929 5661 absunt
1958 5597 2249 5661 sequentes
2274 5585 2396 5643 duae
2424 5604 2619 5655 voces,
2650 5589 2775 5661 legis
2792 5590 3017 5660 judicia.

1804 5667 1826 5731 τε
1866 5655 2070 5712 Omnes
2096 5657 2228 5731 edit.
2276 5675 2396 5714 cum
2426 5676 2555 5716 mss.
2609 5655 2835 5731 aliquoi,
2893 5661 3074 5715 docere
3122 5664 3287 5731 potest
3314 5671 3335 5716 ξ

1727 5725 1818 5801 alii
1853 5744 1983 5782 mss.
2020 5730 2264 5785 melioris
2291 5745 2456 5799 uolat,
2510 5735 2684 5786 doceri
2704 5725 2899 5801 potest.
2932 5725 3169 5801 Optime.
3226 5726 3332 5778 ³³⁸ιο

1726 5798 1870 5852 enim
1886 5802 2076 5872 aptius
2089 5802 2326 5857 cohaeret
2341 5798 2464 5858 cum
2479 5798 2873 5872 superioribus,
2890 5798 3004 5856 ideo
3017 5817 3119 5854 non
3133 5804 3335 5868 poterat

1726 5884 1821 5945 ea,_
1840 5871 1940 5945 nisi
1968 5870 2177 5927 Christo
2194 5873 2438 5945 docente,
2469 5870 2775 5945 cognoscere
2791 5915 2805 5938 ,
2831 5881 2966 5945 pete.

1798 5939 1821 5975 τί
1853 5939 2072 5999 Hieron.
2118 5942 2281 6013 epist.
2316 5946 2382 6000 ad
2425 5937 2661 6004 'Sntiiam
2706 5937 2845 6013 apud
2888 5939 3028 5997 LXX
3087 5937 3339 6007 aliosque
