4104 6350
622 330 757 388 1403

1963 327 2211 397 ῧΛΝϐΤΙ
2250 328 2574 402 ᾹΜΒίὶῡείι

3782 354 3923 412 1404

616 449 719 504 hoc
747 460 852 517 est,
884 450 935 505 in
959 446 1169 509 actibus
1192 455 1345 521 meis,
1379 454 1482 511 hoc
1505 464 1612 523 est,
1648 457 1699 512 in
1740 459 2001 528 operibus
2049 461 2205 517 meis.
2239 466 2286 525 Α
2314 463 2446 519 sicut
2480 463 2723 536 Epitriem
2749 477 2796 522 et
2818 465 3096 524 Manassen
3135 466 3329 539 (Ιιιάη
3356 466 3451 542 20)
3483 487 3496 526 ε
3552 474 3640 527 vel
3684 476 3812 545 quia
3836 489 3922 529 sc-

616 543 876 613 Quamvis
907 546 960 599 in
995 547 1253 617 periculis
1287 549 1496 618 positus
1516 550 1650 606 dicit
1690 550 1870 623 justus
1910 553 1980 608 ad
2026 553 2211 610 Domi-

621 651 747 692 num
780 652 795 692 :
840 637 1071 710 Propter
1101 648 1155 696 te
1180 641 1423 710 quotidie
1448 643 1673 710 morior,
1704 645 1946 714 quotidie
1992 640 2214 718 pericli-

617 740 704 788 tor
734 750 749 789 :
786 733 1065 804 periclitor
1092 734 1159 790 ait
1189 734 1528 799 insidiatore,
1553 738 1835 809 periclitor
1853 742 1923 796 ab
1946 742 2218 798 obtrecta-

617 836 736 884 tore
769 871 784 895 ,
816 830 1092 899 periclitor
1135 831 1205 887 ab
1266 831 1334 887 iis
1353 847 1492 902 quos
1541 848 1733 905 arguo,
1778 851 1915 907 quos
1969 837 2212 908 revinco,

614 921 894 993 periclitor
942 937 1042 991 pro
1081 924 1308 980 veritate
1355 935 1516 997 atque
1561 926 1769 997 justitia
1807 945 1822 985 :
1873 944 1975 1001 ego
2032 937 2212 985 tamen

619 1031 720 1073 nec
752 1017 1011 1087 periculis
1043 1019 1289 1087 territos,
1314 1030 1416 1075 illa:
1450 1022 1585 1092 legis
1636 1021 1839 1079 oblitus
1881 1038 2041 1091 sum;
2089 1041 2216 1096 pro-

609 1119 818 1181 pterea,
873 1114 928 1168 in
984 1116 1219 1169 manibus
1267 1116 1394 1170 meis
1437 1118 1610 1171 anima
1637 1132 1772 1172 mea.
1806 1116 1912 1174 Sed
1947 1121 2070 1190 quia
2097 1117 2211 1188 pie-

612 1208 767 1278 rique
796 1207 1036 1265 habent:
1084 1211 1271 1266 Am‘ma
1298 1228 1413 1267 mea
1465 1211 1518 1266 in
1558 1213 1918 1269 manibustuis
1959 1229 2213 1285 semper;

614 1302 720 1359 hoc
742 1304 905 1359 latins
925 1305 1326 1374 explanandum
1355 1307 1610 1362 arbitror.

683 1394 776 1453 ‘50.
818 1396 933 1454 Scit
963 1398 1251 1470 propheta,
1282 1400 1385 1454 scit
1409 1399 1499 1456 ubi
1524 1400 1722 1456 anima:
1760 1415 1873 1457 sua:
1895 1400 2211 1472 prmsidium

616 1489 781 1558 locet,
835 1490 980 1547 unde
1026 1504 1184 1563 opem
1216 1502 1445 1563 speret:
1481 1494 1533 1548 in
1562 1494 1812 1549 manibus
1860 1494 1954 1552 Dei
2001 1496 2213 1550 consti-

615 1592 770 1640 tuere
796 1584 1168 1640 vultanimam
1200 1601 1395 1653 suam;
1428 1587 1551 1655 quia
1613 1602 1706 1643 cor
1754 1588 1898 1659 regis
1947 1589 2000 1643 in
2048 1604 2213 1645 manu

617 1677 711 1733 Dei
739 1689 821 1733 est
844 1677 1023 1750 (Prov.
1050 1694 1162 1748 χχι,
1200 1680 1277 1751 1).
1308 1681 1647 1752 Quicumque
1697 1684 1972 1752 proprium
2014 1699 2212 1758 corpus

612 1772 909 1843 subegerit,
928 1786 1027 1841 nec
1050 1774 1171 1844 cjus
1200 1774 1548 1846 passionibus
1570 1775 1771 1831 turbari
1799 1778 2033 1833 anitnam
2056 1794 2210 1835 suam

613 1880 794 1925 rector
822 1869 906 1926 sui
959 1885 1199 1942 congrua
1254 1871 1541 1927 vivacitate
1582 1872 1925 1941 permiserit,
1982 1873 2029 1930 is
2072 1874 2206 1930 bene

2314 574 2440 615 men
2472 559 2589 629 ejus
2619 561 2910 618 multitudo
2932 567 3173 633 gentium
3202 566 3294 630 sit,
3326 582 3447 632 quze
3480 569 3533 623 in
3587 568 3690 623 hoc
3718 571 3923 626 smculo

2317 652 2557 708 laborem
2585 655 2767 723 elegit,
2796 655 3029 712 credens
3066 657 3281 732 1152
3309 661 3359 712 in
3384 660 3674 716 Dominum
3703 661 3918 730 Jesutn;

2319 753 2375 800 ιιι
2398 747 2824 805 consolationem
2861 750 3058 805 haheat
3089 751 3706 811 i‘otmorutuJianasses
3737 766 3919 828 autem

2316 853 2502 895 semen
2535 851 2617 898 est
2642 843 2873 913 populus
2895 843 3205 913 oblivionis,
3254 847 3345 918 qui
3392 850 3667 919 proprium
3716 850 3921 906 oblitus

2316 946 2621 1000 auctorem,
2650 936 2918 991 exaltatus
2945 938 3011 992 ad
3045 946 3259 1008 tempus
3308 940 3361 994 in
3410 938 3513 997 hoc
3566 944 3768 998 szecolo
3809 952 3919 1012 est,

2317 1024 2542 1081 daturus
2571 1028 2623 1083 in
2646 1028 3117 1101 reliquumpmnas
3140 1040 3335 1103 graves
3362 1046 3377 1099 ς
3408 1034 3530 1104 quia
3562 1034 3730 1091 Deum
3756 1050 3917 1093 suum

2316 1126 2371 1175 et
2401 1120 2691 1176 Dominum
2714 1123 3025 1193 denegavit.

2386 1217 2479 1272 55.
2524 1217 2636 1273 lioc
2661 1218 2784 1274 ideo
2844 1219 3117 1288 diximus,
3162 1228 3221 1275 ut
3266 1221 3624 1288 probaremus
3678 1238 3742 1279 ea
3792 1238 3921 1282 esse

2318 1309 2553 1380 potiora,
2586 1327 2709 1383 qua:
2738 1313 2917 1369 t'utura
2953 1322 3101 1371 sunt.
3150 1315 3393 1385 Denique
3448 1317 3585 1372 laiva
3634 1320 3921 1389 sapientia:

2314 1404 2416 1459 sub
2445 1406 2624 1475 capite
2652 1407 2879 1475 Sponsa:
2902 1417 2987 1464 est
3014 1424 3027 1462 :
3059 1410 3281 1464 dextera
3306 1420 3485 1465 autem
3509 1414 3778 1481 superior,
3811 1426 3918 1483 qua

2317 1506 2482 1555 totam
2511 1502 2894 1571 complectitur
2931 1505 3218 1575 Sponsam.
3253 1504 3439 1575 Itaque
3471 1504 3560 1560 illa
3595 1506 3749 1577 quasi
3807 1505 3917 1563 ful-

2314 1606 2464 1647 crum
2492 1603 2575 1649 est
2600 1596 2799 1665 quietis
2844 1599 3166 1667 prmsentis,
3211 1612 3320 1668 quo
3367 1600 3545 1653 anima
3594 1600 3776 1655 innixa
3826 1616 3915 1656 re-

2314 1688 2562 1758 quiescit.
2598 1689 2770 1747 liabet
2793 1691 2881 1747 ubi
2912 1693 3138 1749 reclinet
3164 1704 3328 1764 caput
3361 1710 3516 1749 suum
3546 1711 3560 1761 ;
3602 1694 3731 1766 quia
3780 1695 3917 1753 laeva

2315 1782 2599 1848 sapientiae
2622 1792 2748 1838 sunt
2769 1784 2972 1840 divitia:
3001 1794 3057 1841 ct
3081 1786 3272 1855 gloria.
3298 1786 3379 1843 Ad
3419 1798 3633 1858 tempus
3679 1787 3793 1844 haec
3820 1791 3919 1846 (Ιιμ

2317 1874 2573 1939 mulcent,
2609 1885 2665 1931 et
2687 1891 2751 1932 ex
2778 1887 2930 1947 parte
2958 1878 3157 1935 solatio
3183 1889 3331 1936 sunt.
3365 1882 3432 1936 Et
3461 1881 3583 1937 ideo
3607 1880 3782 1938 Filius
3822 1886 3914 1941 Ιιο-

613 1965 762 2036 regia
804 1963 1033 2035 quadam
1076 1973 1348 2036 potestate
1391 1980 1452 2021 se
1505 1964 1767 2022 cohibens
1821 1982 1919 2022 rex
1972 1967 2206 2036 dicitur;
2239 1969 2285 2030 Β
2314 1967 2466 2022 minis
2519 1984 2622 2024 non
2663 1969 2879 2026 habebat
2926 1973 3011 2027 ubi
3054 1985 3210 2044 caput
3253 1990 3404 2030 suum
3446 1978 3759 2045 reclinaret;
3794 1980 3915 2048 quia

614 2060 761 2132 quod
786 2076 977 2131 regere
999 2075 1060 2117 se
1090 2062 1323 2127 noverit,
1348 2068 1405 2116 et
1430 2061 1635 2118 arbiter
1659 2064 1742 2117 sui
1770 2062 1908 2133 juris
1936 2061 2006 2117 sit
2031 2081 2043 2116 :
2101 2079 2209 2119 non

613 2156 859 2223 captivus
888 2153 1131 2210 trahatur
1152 2156 1208 2211 itt
1236 2155 1472 2225 culpant,
1504 2169 1606 2211 nec
1639 2171 1878 2226 princeps
1908 2156 2111 2213 feratur
2156 2156 2209 2212 in

617 2247 829 2303 vitium.
854 2246 1023 2320 Hujus
1052 2247 1228 2303 anima
1252 2264 1359 2305 non
1392 2250 1529 2319 perit
1552 2249 1603 2305 in
1635 2259 1920 2316 aeternum,
1942 2266 2043 2306 nec
2063 2252 2212 2322 quis-

614 2358 774 2412 quam
798 2342 940 2414 rapit
984 2358 1103 2399 eam
1145 2341 1213 2399 de
1262 2358 1423 2399 manu
1461 2341 1638 2399 Patris
1682 2344 2074 2415 omnipotentis
2120 2352 2213 2399 aut

616 2435 762 2494 Filii.
792 2438 980 2493 Manus
1007 2439 1151 2494 enim
1180 2438 1274 2496 Dei
1318 2454 1436 2511 qua:
1482 2437 1737 2495 solidavit
1795 2441 1992 2497 ctelum
2015 2482 2030 2509 ,
2075 2455 2214 2513 quos

616 2542 869 2596 tenuerit,
899 2549 1006 2589 non
1038 2531 1261 2589 amittit.

686 2622 777 2683 5i.
819 2625 951 2695 Quae
997 2627 1108 2683 sint
1150 2629 1312 2699 igitur
1339 2627 1457 2684 istm.
1505 2642 1729 2695 manus,
1782 2629 2211 2687 consideremus.

614 2719 670 2776 In
701 2720 942 2777 Canticis
977 2721 1185 2778 habes:
1227 2720 1380 2778 Laeva
1424 2727 1535 2798 ejus
1586 2725 1680 2779 sub
1745 2727 1912 2795 capite
1948 2741 2059 2781 meo
2091 2767 2107 2793 ,
2167 2737 2216 2782 et

614 2812 821 2870 dextera
842 2816 952 2886 ejus
995 2815 1360 2888 complectetur
1398 2833 1479 2872 me
1512 2813 1688 2889 (Cant.
1722 2833 1782 2884 tt,
1825 2817 1912 2891 6).
1971 2819 2097 2876 Haec
2134 2820 2214 2875 lo-

616 2911 800 2979 quitur
831 2909 1042 2982 Sponsa
1107 2910 1175 2967 de
1205 2911 1422 2967 Christo
1451 2954 1467 2979 ,
1537 2915 1713 2968 anima
1756 2913 1825 2970 de
1865 2913 2042 2971 Verbo
2090 2915 2208 2971 Dei.

618 3001 870 3059 Christus
899 3012 1079 3059 autem
1111 3004 1251 3060 idem
1284 3016 1368 3060 est
1399 3005 1633 3061 Verbum
1664 3004 1786 3075 Del,
1806 3017 1967 3079 atque
1997 3008 2214 3079 sapien-

616 3095 683 3151 tia
708 3114 722 3163 ;
752 3097 910 3153 beata
939 3114 1069 3170 ergo
1091 3099 1293 3164 anima,
1321 3116 1483 3171 quam
1513 3100 1894 3172 complectitur
1923 3104 2208 3173 sapientia.

618 3186 806 3260 Magna
837 3199 921 3245 est
975 3191 1259 3261 sapientia:
1310 3207 1504 3248 manus
1536 3235 1551 3259 ,
1612 3209 1804 3264 magna
1855 3196 2081 3253 dextera
2134 3207 2216 3252 to-

617 3290 724 3337 tam
757 3284 1142 3354 complectitur
1194 3285 1464 3355 animam,
1518 3294 1633 3343 tota
1669 3288 1812 3344 enim
1868 3292 2070 3346 munita
2112 3298 2213 3359 est,

2313 2078 2429 2116 cum
2455 2063 2596 2117 dives
2617 2075 2765 2129 esset,
2799 2082 2995 2139 panper
3021 2070 3191 2140 factus
3237 2079 3309 2124 est
3346 2068 3562 2141 (Matth.
3619 2085 3733 2131 vnt.
3779 2070 3913 2144 20):

2314 2171 2417 2213 nec
2441 2157 2670 2229 gloriam
2692 2160 3102 2229 aiiquamistius
3129 2163 3315 2218 stecuii
3347 2163 3665 2233 requirebat
3697 2163 3762 2239 (li
3792 2162 3913 2223 Cor.

2317 2264 2434 2319 vnt,
2463 2256 2543 2321 9),
2568 2253 2694 2324 quia
2720 2263 2948 2309 venerat
2974 2270 3079 2310 non
3114 2265 3172 2310 ut
3201 2256 3252 2310 in
3282 2257 3553 2327 portione,
3581 2256 3675 2312 sed
3707 2270 3765 2311 nt
3799 2258 3920 2314 uni—

2315 2360 2473 2402 verso
2503 2346 2743 2404 ltumano
2769 2349 2954 2420 generi
2982 2348 3297 2407 subveniret
3325 2351 3552 2407 dicens:
3605 2350 3739 2407 Hilti
3784 2353 3921 2408 iras-

2315 2439 2512 2507 cimini,
2541 2441 2664 2511 quia
2698 2451 2862 2497 talum
2907 2440 3165 2499 hominem
3212 2461 3394 2499 sanum
3455 2447 3555 2516 feci
3610 2447 3666 2500 in
3709 2448 3919 2503 sabbato

2318 2527 2610 2604 (Joan.vn,
2628 2532 2756 2605 25);
2790 2536 2891 2590 hoc
2906 2543 3008 2599 est,
3035 2541 3228 2600 totum,
3253 2552 3360 2591 non
3387 2546 3445 2591 ιιι
3471 2536 3789 2594 facultatum
3807 2540 3921 2595 col-

2318 2621 2523 2678 latione
2550 2623 2772 2691 ditaret,
2806 2640 2911 2679 non
2942 2637 2999 2681 ut
3023 2625 3289 2683 honorum
3342 2629 3665 2700 insignibus,
3727 2647 3836 2687 non
3863 2641 3921 2688 ut

2316 2710 2505 2788 gloria:
2533 2718 2808 2774 saecularis
2827 2721 3127 2778 cumularet
3148 2734 3469 2794 augmento;
3498 2724 3615 2781 hzrc
3640 2727 3788 2781 enint
3812 2743 3919 2783 non

2321 2810 2518 2866 habent
2544 2812 2892 2886 beatitudinis
2916 2823 2969 2869 et
2985 2816 3173 2885 gratim
3190 2817 3609 2887 plenitudinem:
3630 2820 3728 2876 sed
3745 2827 3922 2877 totum

2321 2904 2423 2959 hoc
2448 2914 2558 2971 est;
2585 2906 3181 2975 uttongitudinentvitm
3206 2911 3919 2980 complectereturmternas.

2320 2997 2506 3070 Neque
2528 3001 2672 3056 enim
2695 3002 3001 3067 communis
3016 3004 3140 3058 vitm
3162 3005 3354 3060 similis
3376 3006 3484 3061 vita
3514 3007 3566 3062 in
3590 3004 3815 3064 dextera
3838 3018 3925 3065 est

2318 3091 2634 3160 sapientiae:
2669 3091 2765 3147 sed
2797 3092 3075 3164 longitudo
3104 3096 3228 3150 vitm
3254 3105 3338 3152 est
3367 3113 3384 3166 ;
3427 3107 3484 3152 ut
3511 3098 3600 3169 qui
3623 3100 3823 3170 accipit
3844 3100 3924 3156 vi-

2322 3192 2429 3238 tant
2461 3200 2491 3240 a
2520 3186 2804 3255 sapientia,
2841 3202 2946 3242 non
2977 3191 3326 3260 exiguitatem
3351 3193 3497 3259 vita,
3529 3192 3624 3247 sed
3649 3194 3923 3265 perpetui-

2321 3285 2506 3343 tatem,
2556 3288 2611 3333 et
2638 3282 2958 3336 aeternitatis
2981 3282 3371 3353 longitudinem
3394 3285 3746 3356 adipiscatur.

614 3394 735 3450 qua?
766 3379 1089 3451 desponsata
1119 3382 1211 3437 Dei
1236 3381 1414 3438 Verbo
1453 3392 1533 3439 est
1565 3398 1579 3450 ;
1615 3383 1896 3451 plenitudo
1940 3382 2082 3440 enim
2116 3402 2217 3440 sa-
2244 3379 2289 3443 C
2393 3371 2483 3426 δί’
2527 3372 2707 3429 Βυηυε
2746 3375 2976 3430 “limus
3025 3376 3301 3431 πίθνηίηδ
3351 3380 3495 3434 VWB-
3533 3379 3644 3435 Ιίοε
3691 3380 3922 3452 Ρ³¹¹ί¹¹ιη

616 3470 855 3542 ρὶθιιιίω,
887 3472 1080 3530 timere
1114 3474 1303 3531 Deum.
1329 3475 1461 3544 Qum
1488 3492 1620 3548 ergo
1641 3476 1808 3532 Deum
1840 3477 2206 3546 timetanima,

615 3569 777 3639 pleno
806 3585 865 3625 se
893 3571 1066 3625 munit
1088 3572 1200 3641 ipsa
1235 3571 1521 3641 praesidio:
1554 3571 1711 3627 mittit
1734 3572 1997 3641 sapientia
2021 3572 2209 3629 imam

616 3676 768 3716 suam
821 3666 920 3718 sub
946 3665 1144 3719 coitum
1200 3664 1354 3735 ejus,
1410 3663 1686 3720 dexteram
1733 3674 1912 3720 autem
1968 3665 2020 3721 in
2064 3654 2211 3723 coin-

616 3757 838 3827 piexum
869 3757 1008 3825 ejus.
1047 3754 1350 3828 Utrumque
1397 3757 1613 3828 quidem
1663 3756 1943 3814 brachium
1993 3760 2110 3833 ejus
2142 3762 2210 3817 ad

614 3849 762 3905 utilia
793 3849 1104 3906 extenditur
1133 3867 1148 3918 ;
1193 3850 1399 3906 habent
1432 3859 1613 3907 tamen
1643 3860 1669 3889 α
1700 3852 2060 3923 proprietates
2085 3869 2210 3911 suas

612 3942 839 4015 singulas
866 3960 1079 3999 manus.
1113 3944 1390 4015 Sapientia
1422 3945 1475 4001 in
1523 3945 1769 4015 dextera,
1820 3956 1876 4003 et
1931 3947 2209 4017 longitudo

612 4039 735 4094 vita:
765 4048 850 4095 est
883 4058 896 4094 :
927 4040 981 4095 in
1012 4042 1232 4097 sinistra
1263 4052 1441 4097 autem
1466 4040 1669 4097 divitia:
1699 4051 1754 4099 et
1794 4043 1988 4114 gloria.
2045 4044 2208 4101 Bonis

610 4133 794 4205 utique
826 4149 1017 4191 manus
1042 4147 1271 4208 utraque
1293 4135 1477 4192 dotata
1509 4147 1593 4193 est
1618 4136 1873 4193 dotibus:
1922 4139 1974 4194 in
2030 4156 2096 4196 eo
2129 4152 2207 4196 ta-

610 4244 732 4282 men
766 4226 968 4284 habent
1010 4230 1326 4286 varietatem
1351 4231 1433 4286 sui
1464 4232 1725 4295 muneris,
1773 4230 1916 4301 quod
1959 4240 2014 4288 et
2063 4249 2206 4305 prae-

607 4320 779 4376 sentia
812 4332 865 4376 et
906 4320 1083 4377 futura
1108 4331 1351 4393 tempora
1394 4323 1905 4394 comprehendunt;
1962 4335 2019 4380 ut
2072 4327 2203 4382 laeva

602 4414 951 4481 praesentium
1012 4415 1407 4470 remuneratrix
1442 4458 1456 4482 ,
1506 4417 1727 4472 dextera
1774 4415 2078 4473 futurorum
2110 4420 2202 4473 sit.

677 4506 768 4561 5:2.
811 4504 1107 4563 Possumus
1139 4508 1242 4564 hoc
1272 4507 1437 4563 etiam
1465 4507 1532 4563 de
1572 4510 1855 4579 prophetia
1888 4510 2062 4565 sancti
2112 4526 2206 4580 pa—

607 4598 859 4653 triarclne
906 4602 1074 4658 lsrael
1131 4618 1485 4673 cognoscere.
1542 4600 1674 4658 Nam
1739 4617 1861 4657 cum
1922 4602 2201 4659 dexteram

603 4705 754 4745 suam
787 4695 1055 4762 puSlliSsel
1088 4711 1250 4767 super
1279 4696 1551 4767 Ephrmtn,
1580 4696 1853 4752 sinistram
1896 4705 2080 4751 autem
2112 4711 2203 4750 su-

2314 3464 2543 3534 Sponsa:
2575 3468 2830 3524 custodes
2860 3484 3137 3524 murorum
3181 3473 3468 3527 voluerunt
3522 3473 3759 3541 auferre,
3809 3492 3922 3548 quo

2318 3558 2525 3627 primus
2557 3560 2719 3615 homo
2744 3560 2917 3618 inerat
2945 3574 3177 3621 exutus:
3226 3567 3320 3621 sed
3351 3568 3529 3622 anima
3563 3568 3674 3625 Deo
3717 3566 3922 3628 derota

2313 3653 2601 3723 qumsitum
2633 3654 2724 3709 diu
2760 3656 3015 3722 tenendo,
3043 3666 3096 3712 et
3118 3672 3224 3712 non
3265 3658 3592 3715 dimittenda
3626 3661 3917 3731 dilectum,

2314 3747 2554 3817 pretioso
2580 3749 3079 3807 rharitatisdivinas
3103 3766 3162 3807 se
3193 3755 3408 3809 vestivit
3435 3756 3736 3811 int-oluere.
3766 3756 3919 3816 Beati

2312 3843 2476 3913 igitur
2505 3846 2596 3915 qui
2622 3846 2711 3901 tali
2740 3846 2906 3916 pallio
2947 3848 3271 3914 vestiuntur,
3327 3860 3382 3906 et
3419 3852 3678 3907 amictum
3729 3852 3922 3923 hujus-

2313 3934 2480 4004 modi,
2513 3941 2648 4010 legis
2680 3940 3059 3997 observatione
3087 3956 3441 4010 meruerunt;
3481 3946 3606 4015 quia
3638 3958 3743 4001 non
3782 3956 3920 4002 sunt

2310 4030 2442 4103 legis
2473 4033 2627 4087 obliti
2664 4052 2678 4089 :
2708 4034 2801 4089 Sed
2834 4048 2954 4105 qua:
2985 4044 3141 4089 erant
3174 4035 3327 4106 legis,
3354 4037 3563 4108 operati
3603 4046 3749 4092 sunt.
3777 4037 3916 4095 Nam

2308 4130 2398 4201 qui
2425 4139 2621 4200 praeter
2647 4130 2818 4202 legem
2850 4130 2979 4201 agit,
3005 4131 3143 4201 legis
3170 4131 3372 4187 oblitus
3401 4141 3505 4188 est.
3541 4133 3607 4187 Et
3650 4134 3771 4188 ideo
3797 4133 3917 4189 haec

2308 4227 2487 4282 anima
2517 4226 2745 4283 candida
2779 4210 3075 4282 ascendite
3101 4229 3297 4295 terris;
3346 4227 3470 4297 quia
3508 4227 3673 4299 fulget
3713 4226 3913 4283 amicta

2307 4330 2458 4378 veste
2487 4323 2803 4392 sztpientite:
2843 4331 2898 4377 et
2923 4321 3115 4377 dicunt
3149 4321 3219 4377 de
3260 4337 3322 4377 ea
3363 4324 3591 4379 virtutes
3638 4321 3743 4376 illa:
3790 4332 3915 4392 qua:

2308 4426 2491 4487 portas
2514 4417 2636 4473 caeli
2665 4416 3005 4472 custodiunt:
3033 4415 3161 4483 Qua:
3182 4426 3254 4472 est
3272 4431 3388 4486 ante
3405 4415 3637 4470 ascendit
3660 4414 3910 4485 candida,

2304 4508 2527 4563 innitens
2552 4523 2707 4572 super
2734 4511 2948 4580 fratrem
2969 4524 3118 4563 suum
3150 4508 3329 4579 (Cant,
3358 4520 3475 4576 vm,
3508 4508 3605 4575 5)?
3657 4505 3792 4563 Cum
3845 4522 3911 4564 ea

2305 4617 2423 4669 quo
2455 4600 2636 4671 posuit
2662 4608 2822 4670 capttt
2848 4614 3006 4655 suum
3052 4615 3217 4668 super
3268 4601 3455 4655 lteram
3493 4599 3800 4670 Sapientiae,
3851 4610 3917 4658 ιιι

2305 4698 2546 4764 aperiret
2577 4711 2767 4750 manus
2800 4696 3025 4766 panperi
3076 4694 3143 4751 ad
3187 4695 3613 4751 subveniendum
3652 4696 3837 4765 inopi:
3880 4693 3911 4736 δ

607 4799 704 4855 per
729 4785 1012 4843 Manassen
1042 4807 1056 4842 :
1103 4799 1160 4845 et
1213 4802 1536 4847 convertere
1590 4806 1682 4846 eas
1722 4788 1926 4861 Joseplt
1978 4796 2201 4845 :ctatum
2225 4770 2280 4833 D
2310 4788 2508 4859 paratis
2536 4797 2628 4844 aut
2657 4788 2935 4844 derelictis
2962 4787 3098 4853 sibi,
3130 4803 3234 4843 non
3260 4790 3461 4844 inrasis
3490 4797 3652 4859 atque
3680 4788 3914 4859 direptis

604 4882 1048 4938 consideratione
1073 4883 1338 4939 voluisset
1370 4900 1384 4951 ;
1417 4894 1476 4938 ut
1503 4884 1782 4939 dexteram
1827 4883 1997 4953 patris
2039 4898 2202 4954 super

604 4983 768 5044 caput
815 4975 1061 5031 Manasse
1119 4975 1355 5031 senioris
1404 4975 1496 5030 lilii
1540 4975 1888 5031 collocaret:
1946 4975 2117 5032 noluit
2146 4986 2201 5032 ct

603 5067 740 5124 dixit
768 5086 780 5123 :
813 5070 957 5139 Scio,
984 5072 1065 5142 ﬁli
1094 5090 1114 5139 ;
1144 5081 1191 5126 ct
1221 5071 1304 5126 hic
1324 5070 1417 5126 erit
1445 5070 1501 5124 in
1541 5070 1810 5141 pupulum,
1858 5080 1906 5124 et
1944 5071 2027 5126 llic
2056 5071 2205 5126 exal-

602 5163 794 5219 Iabitur
816 5182 836 5221 :
872 5166 962 5220 sed
1001 5169 1163 5239 frater
1175 5165 1355 5237 junior
1376 5165 1541 5233 major
1579 5161 1671 5217 illo
1699 5163 1796 5217 erit
1825 5161 1979 5235 (Gen.
2011 5178 2199 5231 vattt,

602 5257 714 5332 19).
742 5259 798 5315 Ιιι
826 5276 933 5332 quo
962 5260 1174 5332 major?
1205 5258 1259 5315 In
1309 5274 1375 5314 co
1431 5257 1616 5327 utique
1642 5257 1767 5329 quia
1824 5257 2202 5314 benedictione

601 5353 862 5425 praelatus
887 5365 992 5425 est,
1023 5353 1330 5410 dicentibus
1357 5352 1595 5424 posteris
1628 5370 1641 5407 :
1684 5350 1871 5406 Faciat
1898 5350 2036 5406 vobis
2056 5348 2202 5407 Deus

600 5487 790 5527 omnes
841 5473 1167 5542 interpretes
1212 5471 1312 5541 legi
1372 5470 1727 5542 tcstalur,ii_n
1773 5467 2008 5523 manibus
2056 5468 2201 5542 meis.

604 5542 816 5599 Nostra:
848 5540 1025 5599 tamen
1054 5543 1187 5599 edit.
1219 5540 1536 5599 earumdem
1568 5540 1733 5607 LXX,
1782 5542 1948 5596 immo
2001 5550 2055 5594 et
2080 5540 2205 5594 cod.

600 5615 810 5681 scripti,
844 5617 1041 5685 quibus
1071 5617 1206 5670 adde
1246 5615 1415 5669 lltlar.
1468 5627 1632 5682 atque
1665 5617 1890 5679 August.
1941 5624 2043 5665 nec
2094 5626 2200 5685 non

599 5683 978 5757 antiptissitna
1032 5688 1284 5757 psalteria
1353 5700 1515 5741 manu
1563 5692 1823 5750 exarata,
1897 5683 2206 5757 cujusmodi

604 5755 968 5824 sunt'Gernt”
996 5755 1163 5815 Carm
1192 5768 1250 5814 et
1273 5758 1379 5813 alia
1411 5757 1723 5825 prmiernnt,
1744 5758 1799 5812 in
1818 5755 2051 5813 manibus
2076 5756 2202 5811 tuis.

682 5843 708 5911 ξι
736 5837 909 5911 lida"
934 5835 1148 5911 propria
1171 5849 1265 5890 sua
1286 5831 1506 5911 singula:
1530 5846 1735 5911 manus.

677 5903 707 5949 δ
736 5900 1128 5981 Ειιιι.’όιιιιὶος,
1163 5900 1391 5984 partitis;
1421 5915 1512 5973 aut
1540 5902 1870 5965 derelictis...
1909 5912 2014 5967 non
2059 5900 2206 5975 inani

2310 4878 2513 4936 divitiis
2536 4891 2802 4947 uteretur,
2828 4896 2947 4951 qua:
2968 4880 3158 4951 glorias
3205 4880 3400 4952 cupida
3426 4881 3582 4936 bonis
3622 4895 3743 4936 eam
3778 4895 3914 4951 ope-

2307 4977 2458 5032 ribus
2480 4976 2787 5047 acquisivit,
2831 4992 2936 5031 non
2971 4976 3160 5030 inanes
3197 4975 3474 5030 saecularis
3507 4974 3779 5045 jactantia:
3821 4974 3910 5029 di.

2307 5069 2539 5139 gnitates
2568 5068 2814 5122 ambivit.
2847 5068 2958 5122 lloc
2978 5073 3063 5123 est
3083 5068 3227 5123 enim
3255 5077 3417 5137 caput
3445 5083 3624 5132 suum,
3650 5078 3707 5124 et
3727 5070 3910 5138 quod-

2306 5160 2430 5216 dam
2462 5175 2719 5216 sensuum
2777 5160 3076 5232 principale
3127 5176 3291 5232 supra
3321 5176 3536 5215 tnanmn
3567 5163 3912 5220 constituere

2308 5254 2611 5324 sapientia.
2640 5253 2739 5320 Ea,
2770 5255 3012 5324 inquam,
3037 5254 3213 5308 auiam
3233 5254 3695 5310 meritisascendit
3717 5256 3912 5312 alben-

2310 5352 2483 5406 tibusc
2516 5366 2583 5406 cx
2613 5350 2719 5406 isto
2756 5351 2882 5405 vitae
2932 5348 3115 5420 hujus,
3146 5356 3206 5405 ut
3244 5349 3446 5405 habent
3489 5348 3766 5420 plerique,
3817 5347 3915 5407 de-

2303 5468 2568 5523 smcularis
2586 5468 2845 5541 jactantia
2872 5467 3081 5523 ambiuit
3120 5468 3406 5541 dignitatis.
3453 5468 3582 5523 Mss.
3634 5468 3939 5537 nonnulli,‘

2310 5543 2490 5609 partis.
2526 5539 2595 5594 ac
2614 5539 2996 5595 derelictis.....
3031 5557 3136 5594 non
3162 5540 3333 5595 inanis
3350 5541 3663 5611 jactantiam
3691 5542 3912 5596 saeuiu-

2307 5614 2382 5695 ris
2410 5612 2676 5695 dignitatis
2697 5613 2927 5667 ambivit.
2960 5613 3064 5667 Alii
3096 5612 3285 5682 majori
3314 5628 3566 5679 numero,
3606 5622 3664 5667 et
3710 5624 3908 5667 aucto-

2307 5694 2491 5746 ritate,
2518 5696 2576 5739 ιιι
2600 5694 2652 5739 in
2682 5695 2850 5740 ιθχιιι.

2385 5754 2634 5826 °_Voces.
2669 5772 2730 5810 ex
2751 5760 2972 5820 deserto,
2999 5756 3141 5826 apud
3166 5754 3309 5811 LXX
3344 5755 3601 5812 editionis
3641 5754 3909 5812 Romana

2309 5842 2375 5979 Si:
2408 5824 2634 5960 geniem:
2654 5824 3079 5895 desiderantur:
3122 5830 3223 5888 sed
3277 5828 3627 5915 reperiuntur
3654 5829 3708 5892 in
3739 5830 3909 5893 Com-

2371 5914 2403 5958 u
2465 5915 2567 5960 es.

2371 5914 2567 5960 utenst.
