3982 6480
15 362 138 420 ιοδ

1112 357 1180 415 IN
1219 355 1549 416 PSALMUH
1587 354 1799 415 CXV!"
1837 343 2221 417 EXPOSlTlO.

3201 356 3339 415 llud

21 512 179 569 arto,
216 502 297 558 ad
334 501 486 559 illum
514 501 795 557 ﬂorentem
822 510 1041 569 semper
1065 498 1244 554 locum
1272 495 1632 567 iucunditatis

1756 472 1973 529 imdam
2007 474 2189 545 petis,
2238 474 2432 546 laqueo
2476 475 2591 544 ipse
2635 483 2690 530 te
2737 473 2928 530 nectis.
2985 473 3119 529 Esca
3162 475 3339 545 laquei

15 608 264 654 iterum.
329 598 451 654 Istae
479 608 602 652 sunt
647 595 874 677 virtutes
923 604 1043 663 quae
1085 603 1142 648 et
1186 592 1240 648 in
1279 589 1458 646 Esaia:
1499 589 1641 644 libro

20 696 248 748 icunt:
292 692 427 759 Quis
481 700 555 747 est
610 692 707 747 iste
755 690 847 762 qui
889 688 1097 744 advenit
1148 703 1212 743 ea:
1253 678 1446 752 Edam,
1484 684 1642 739 rubor

15 785 449 839 estintentorum
492 797 561 839 ea:
586 782 773 851 Bosar,
806 786 883 838 sic
915 783 1171 852 pretiosus
1195 781 1249 834 in
1275 782 1409 835 stola
1455 776 1638 849 (Emi.

16 890 161 937 illi.
197 877 259 944 1)
286 876 311 929 ‘l
343 874 489 938 Istic,
517 874 759 945 inquam,
805 884 934 930 sunt
962 886 1085 946 qum
1132 873 1396 928 mirantur
1439 885 1506 926 ex
1537 872 1643 925 isto

20 969 363 1040 ont‘ragoso
393 968 794 1039 scopulosaque
819 967 1041 1023 deserto
1070 967 1303 1038 aliquam
1345 964 1643 1021 ascendere

16 1066 264 1120 inimum
297 1077 464 1133 passo
489 1064 609 1119 sine
638 1076 956 1134 magnorum
983 1062 1104 1119 labe
1128 1063 1416 1127 vitiorum;
1449 1069 1503 1115 et
1520 1060 1643 1117 ideo

15 1159 382 1229 gratulantur
410 1168 709 1229 repertam,
742 1172 866 1227 quae
888 1156 1209 1213 vestimenta
1242 1155 1453 1228 1153
1486 1157 1646 1210 inno-

15 1255 222 1311 :enti:e
256 1254 531 1310 naturalis
554 1268 663 1308 non
696 1251 954 1324 polluerit
993 1250 1644 1320 ntramentoiusipieutite

15 1347 319 1402 :aecularis
347 1363 362 1400 :
392 1347 487 1401 sed
521 1346 691 1417 magis
715 1343 1000 1416 sapientiae
1027 1342 1307 1415 spiritalis,
1356 1350 1412 1398 et
1453 1342 1645 1413 gratiae

15 1440 279 1495 candore
312 1438 612 1494 mundarit.

83 1552 188 1611 35.
210 1552 406 1626 (Vcrs.
435 1550 582 1627 llo.)
604 1550 741 1609 Dicit
757 1568 887 1625 ergo
901 1569 959 1608 ea
975 1548 1151 1607 anima
1168 1548 1275 1621 iam
1297 1564 1512 1619 secura,
1534 1549 1645 1622 jam

15 1649 182 1704 lzeta:
218 1646 520 1703 Paruerant
538 1657 823 1721 peccatores
844 1647 1081 1717 laqueum
1094 1646 1218 1699 mihi
1238 1661 1257 1700 :
1282 1653 1331 1700 et
1347 1645 1410 1699 de
1430 1645 1647 1698 manda-

15 1741 83 1794 tis
99 1742 209 1796 tuis
223 1755 332 1795 non
346 1739 531 1795 erravi.
553 1739 715 1810 Digna
742 1753 844 1793 vox
873 1739 1223 1809 relinquentis
1237 1736 1338 1792 hoc
1365 1735 1644 1805 sa'cuium,

17 1856 88 1897 eo
114 1841 271 1913 (ιηηά
300 1841 435 1896 retia
456 1840 917 1911 persequentium,
944 1850 995 1894 et
1021 1836 1400 1892 insidiatorum
1424 1836 1648 1906 laqueos

22 1887 297 1992 evaserit.
336 1887 649 2005 Vortrdigna1
671 1887 1000 2005 martyribus
1027 1973 1039 1992 .
1090 1928 1286 2002 quibus
1314 1887 1643 2000 multajsup-
1675 1910 1721 1972 Β
1752 1888 2190 2005 ι’ξνλᾳληῗίάθ
2215 1887 2425 2005 lyre?

19 2032 188 2102 plicia
223 2029 698 2102 proponebantur,
732 2028 898 2083 multa
931 2024 1091 2082 etlatn
1115 2023 1482 2081 oll‘erebautur
1505 2038 1644 2095 prae-

22 2125 131 2179 mia
158 2142 175 2191 ;
229 2132 291 2179 nt
320 2140 348 2177 a
381 2123 627 2194 martyrii
660 2120 837 2178 studio
876 2121 959 2176 vel
991 2125 1205 2176 terrore
1234 2130 1516 2189 pinnarum
1544 2160 1558 2183 ,
1591 2126 1646 2173 et

31 2230 200 2276 saevae
235 2216 429 2270 mortis
457 2213 713 2281 horrore,
756 2214 847 2269 vel
878 2212 1223 2284 praemiorum
1251 2218 1635 2267 revecarentur

29 2306 322 2362 illecebra.
366 2305 559 2362 Gravis
605 2305 833 2377 laqueus
864 2301 1315 2375 proscriptionis,
1359 2302 1450 2373 qui
1500 2317 1647 2372 δερμα

29 2400 235 2471 frangit
258 2407 482 2456 sanctus
511 2400 709 2471 inopia:
734 2393 1119 2463 deformitate}
1155 2411 1293 2469 quos
1321 2396 1515 2452 mortis
1536 2395 1644 2450 lor-

32 2496 182 2552 mido
216 2512 325 2551 nou
367 2492 591 2567 fregerit
632 2513 647 2551 :
691 2494 919 2566 laqueus
945 2495 1083 2549 alius
1110 2494 1346 2550 incendii
1374 2536 1390 2563 ,
1422 2494 1643 2565 laqueus

43 2594 304 2655 carceris,
328 2588 673 2661 diuturnique
698 2588 978 2660 supplicii:
1012 2570 1231 2660 grandis
1254 2588 1495 2661 laqueus,
1525 2604 1649 2643 cum

35 2682 246 2737 diviti-.e
280 2685 670 2754 promittuntur
693 2724 709 2749 ,
758 2697 881 2737 cum
913 2681 1148 2736 honores
1170 2723 1185 2747 ,
1232 2697 1354 2736 cum
1395 2677 1650 2735 amicitia:

41 2785 421 2847 tyrannorum.
449 2774 553 2842 Qui
585 2790 717 2846 ergo
741 2774 860 2829 haec
888 2776 1143 2840 evaserit,
1166 2782 1221 2829 et
1246 2772 1311 2828 ad
1332 2771 1649 2840 martyrium

44 2869 332 2937 pervenire
360 2867 615 2939 potuerit,
649 2876 794 2923 recte
822 2866 952 2922 dicit
977 2884 991 2920 :
1039 2864 1332 2921 Posuerunt
1359 2875 1653 2939 peccatores

46 2959 285 3030 laqueum
315 2960 440 3013 mihi
466 2974 486 3014 :
532 2959 623 3013 sed
670 2976 701 3013 a
726 2968 925 3014 tuorum
957 2962 1320 3012 mandatorum
1366 2973 1468 3011 non
1495 2954 1655 3011 decli-

52 3056 166 3107 navi
196 3052 431 3120 semitis;
472 3055 557 3109 cui
583 3052 901 3125 despicienti
934 3055 1222 3124 pra'sentia
1247 3096 1263 3120 ,
1298 3052 1477 3108 futura
1506 3068 1655 3124 quae-

49 3148 212 3214 renti,
237 3163 464 3219 regnum
496 3148 722 3205 eteleste
750 3156 776 3186 ει
806 3148 1106 3204 divinitatis
1139 3158 1241 3205 tua:
1285 3146 1655 3221 promissione

48 3253 341 3297 reseratum
371 3250 473 3298 est.

117 3357 206 3414 36.
225 3358 323 3425 Qui
347 3368 475 3414 sunt
502 3359 587 3414 isti
611 3367 928 3430 peceatores
953 3358 1043 3431 qui
1074 3368 1373 3430 posuerunt
1396 3359 1653 3430 laqueos?

55 3450 271 3521 Aperuit
313 3453 408 3507 tibi
439 3452 735 3523 Apostolus
782 3465 1063 3509 auctorem
1106 3453 1350 3509 omnium
1401 3463 1653 3524 peccato-

55 3562 190 3611 rum,
219 3559 269 3604 et
299 3546 693 3604 demonstravit
713 3548 901 3605 dicens
926 3565 939 3601 :
973 3546 1076 3615 Qui
1097 3546 1269 3602 volunt
1298 3549 1480 3604 divites
1508 3548 1647 3620 ﬁeri,

58 3640 280 3694 incidunt
307 3641 361 3695 in
388 3642 720 3696 tentationem
750 3653 797 3695 et
829 3643 1069 3710 laqueum
1094 3641 1288 3696 diaboli
1316 3642 1368 3715 (Ι
1399 3641 1539 3697 Tim.
1573 3658 1649 3709 γι,

67 3733 158 3807 9).
196 3735 441 3790 Adverlis
485 3737 647 3807 igitur
692 3736 943 3805 laqueum
989 3735 1190 3791 diaboli
1228 3752 1352 3792 esse
1389 3736 1606 3792 divitias
1633 3779 1649 3802 ,

63 3839 209 3892 quem
252 3826 479 3882 tetendit
520 3828 685 3883 etiam
722 3826 996 3883 Salvatori
1046 3846 1058 3881 :
1112 3827 1207 3884 sed
1250 3829 1340 3884 ille
1379 3828 1470 3898 qui
1519 3826 1652 3883 nihil

66 3917 237 3975 habuit
283 3921 424 3991 quod
474 3927 664 3992 posset
713 3920 967 3992 princeps
1014 3920 1168 3977 istius
1218 3920 1400 3977 mundi
1433 3922 1653 3978 veniens

66 4024 207 4065 suum
234 4012 417 4067 dicere
444 4054 460 4079 ,
507 4012 824 4083 laqueorum
858 4012 976 4084 ejus
1007 4014 1216 4068 vincula
1257 4013 1527 4069 dissolvit.
1574 4011 1653 4069 Ac

68 4116 128 4155 ne
153 4102 473 4159 mediocrem
504 4102 648 4159 hunc
677 4106 927 4175 laqueum
963 4114 1119 4174 putes
1146 4146 1160 4170 ,
1196 4104 1283 4160 hic
1308 4107 1530 4176 laqueus
1560 4106 1655 4163 Ju-

68 4192 181 4248 dani
203 4197 502 4266 apostolum
534 4196 911 4265 strangulavit.
963 4195 1066 4262 Qui
1106 4196 1272 4251 miser
1295 4236 1312 4263 ,
1358 4212 1481 4252 cum
1509 4208 1656 4253 esset

70 4285 373 4358 illaqueatus
401 4297 459 4342 ut
485 4288 743 4359 proderet
768 4290 1076 4354 Dominum.
1109 4290 1197 4345 ubi
1224 4290 1456 4346 advertit
1480 4308 1652 4363 quan-

77 4389 177 4433 tum
206 4380 425 4435 sceleris
450 4391 596 4437 esset
620 4381 955 4448 admissum,
986 4381 1175 4454 laqueo
1197 4398 1258 4440 se
1288 4383 1403 4451 ipse
1427 4399 1654 4456 suspen-

78 4469 170 4528 dit.
218 4470 318 4530 Sed
351 4482 408 4530 et
440 4475 554 4545 ipse
592 4475 818 4546 laqueus
842 4474 1044 4531 diaboli
1074 4477 1172 4531 fuit
1195 4518 1211 4544 ,
1252 4487 1310 4533 ut
1337 4492 1443 4533 nou
1471 4488 1657 4549 ageret

83 4570 427 4636 ptsniteutiam
452 4610 471 4638 ,
517 4568 613 4625 sed
644 4570 836 4640 laqueo
861 4585 923 4627 se
958 4571 1270 4627 sullocarct.
1323 4571 1465 4629 Deus
1508 4572 1652 4628 enim

83 4664 227 4719 etiam
251 4665 300 4721 in
326 4665 475 4735 ipsos
500 4666 624 4736 pius
655 4673 738 4722 est
765 4665 1112 4737 proditores;
1164 4674 1219 4720 ut
1259 4665 1327 4720 ad
1378 4666 1648 4736 perniten-

88 4755 196 4812 tiam
219 4772 590 4829 provocamur,
619 4768 784 4828 atque
812 4775 841 4813 a
874 4757 1141 4830 ﬂagitiosa
1163 4758 1439 4832 proposito
1468 4758 1658 4817 reﬂec-

88 4858 244 4907 tantur
268 4898 280 4919 ,
308 4863 361 4908 et
388 4854 709 4924 resipiscam
735 4867 766 4909 a
793 4853 996 4909 diaboli
1029 4852 1238 4923 laqueis
1260 4895 1276 4920 ,
1318 4869 1349 4909 a
1379 4868 1488 4923 quo
1513 4854 1654 4926 capti

93 4951 314 5001 tenentur
334 4946 400 5001 ad
433 4948 604 5017 ipsius
632 4946 992 5002 voluntatem.
1022 4945 1140 5002 Jam
1168 4961 1275 5002 nou
1303 4962 1543 5002 aerumna
1572 4954 1659 5002 est

93 5034 334 5106 incidisse,
369 5040 464 5095 sed
495 5040 702 5094 crimen
732 5058 744 5093 :
774 5038 865 5110 qui
896 5055 1002 5093 non
1031 5038 1207 5093 solum
1236 5054 1297 5095 se
1325 5039 1527 5095 dedere
1564 5054 1658 5095 ca-

100 5131 285 5199 piendos
315 5175 329 5199 ,
361 5134 455 5189 sed
495 5136 655 5189 etiam
688 5136 755 5189 ad
786 5133 1119 5189 voluntatem
1152 5133 1356 5189 diaboli
1406 5143 1663 5189 tenentur

99 5227 273 5283 astricti
310 5243 325 5292 ;
364 5241 487 5282 cum
528 5226 740 5297 possint
791 5226 978 5282 dicere
1013 5222 1429 5296 :Dirumpamus
1458 5222 1664 5281 vincula

103 5316 293 5386 ipsorum
313 5318 487 5390 (Psal.
516 5335 576 5387 tt,
608 5318 684 5388 ὅ).
710 5316 870 5374 Dedit
891 5318 1035 5374 enim
1059 5316 1157 5374 tibi
1186 5317 1465 5388 Scriptura
1483 5317 1663 5374 divina

105 5418 153 5464 ut
177 5427 266 5469 non
291 5413 462 5468 solum
481 5428 674 5468 caveas
700 5412 902 5467 diaboli
924 5412 1176 5482 laqueum
1205 5428 1219 5466 :
1250 5410 1346 5468 sed
1377 5412 1539 5467 etiam
1565 5427 1663 5481 per

109 5506 435 5568 ptenitentiam
462 5508 579 5576 ejus
605 5505 817 5561 vincula
844 5504 1147 5575 dirumpas.

166 5616 241 5672 37.
264 5618 396 5687 Quid
426 5616 547 5685 tibi,
577 5618 763 5686 homo,
791 5632 914 5672 eum
945 5614 1156 5673 deliciis
1177 5631 1242 5672 ac
1260 5615 1663 5705 voluptatibus?

111 5707 208 5764 Non
229 5714 357 5784 capit
386 5713 614 5783 laqueus
636 5756 653 5782 ,
708 5711 815 5767 nisi
838 5720 968 5767 ante
992 5725 1119 5766 esca
1152 5720 1206 5765 te
1230 5711 1484 5781 ceperit.
1524 5710 1659 5766 Dum

172 5853 194 5882 εί
215 5846 327 5903 Cod.
357 5849 493 5905 Luat.
524 5863 582 5905 et
601 5846 738 5904 Nav.
772 5855 912 5921 unus
933 5891 952 5916 ,
1001 5848 1178 5905 divina
1220 5851 1409 5907 satiato
1438 5853 1660 5921 memis-

116 5916 229 5978 tiosr
241 5930 504 5983 "uratum
521 5931 618 5982 ut.
633 5920 741 5980 Alii
754 5920 981 5996 aliquot,
1010 5922 1291 5982 divinitatis
1311 5933 1413 5980 tua
1431 5916 1657 6010 prmis-

1739 567 1968 624 avaiitis
2000 577 2085 624 est
2124 585 2139 624 :
2195 584 2320 626 esca
2349 568 2552 627 dialinli
2584 569 2823 624 lnxuiles
2849 578 2931 623 est
2954 608 2970 635 ,
3019 569 3213 638 quibus
3243 581 3343 623 nos

1743 663 1858 718 vult
1880 663 2145 732 inescare,
2176 678 2282 719 non
2309 678 2554 736 pascere.
2585 663 2652 720 Et
2682 666 2804 720 ideo
2828 664 3096 720 clamabat
3122 673 3346 733 aposto-

1742 756 1825 814 lus
1848 771 1861 811 :
1894 755 1978 811 Ne
2003 758 2452 825 attaminareritis,
2496 775 2559 815 ne
2582 757 2926 830 gustaveritis,
2958 773 3072 828 quae
3090 766 3207 812 sunt
3234 772 3345 812 ont-

1742 850 1828 906 nla
1851 852 1920 904 ad
1941 850 2286 923 corruptelam
2309 851 2427 919 ipso
2452 868 2549 907 usu
2579 849 2801 924 (Coloss.
2836 866 2896 912 ιι.
2918 851 2984 906 Ἠ
3014 861 3060 906 et
3085 849 3200 920 Si).
3222 849 3344 905 Noli

1741 958 1872 1015 ergo
1900 944 2223 1000 attaminare
2250 943 2544 1011 luxuriam,
2573 945 2728 1000 etilla
2756 954 2811 1000 te
2840 944 3213 1000 contaminare
3236 958 3344 999 non

1743 1038 1962 1110 poterit.
2011 1036 2131 1095 Noli
2159 1047 2379 1108 gustare
2413 1036 2656 1092 avaritia:
2693 1038 3096 1109 corruptelam,
3143 1048 3195 1093 et
3238 1037 3348 1093 eris

1742 1132 2000 1188 immunis
2028 1146 2059 1187 a
2106 1132 2324 1201 laqueo.
2373 1129 2514 1198 Quid
2542 1130 2635 1185 tibi
2663 1142 2944 1201 postremo
2989 1146 3111 1187 cum
3144 1130 3304 1187 terris
3330 1172 3346 1199 ,

1744 1229 1838 1302 qni
1865 1243 1988 1285 cuni
2020 1227 2241 1284 Christo
2262 1227 2608 1285 resurrexiin
2630 1227 2655 1282 ?
2687 1226 2817 1294 ρυω
2835 1242 3043 1282 sursum
3063 1236 3180 1281 sunt
3200 1241 3347 1293 quee-

1743 1326 1863 1390 rite,
1890 1325 1979 1380 ubi
2007 1323 2243 1380 Christus
2263 1333 2337 1379 est
2381 1363 2397 1379 .
2440 1364 2455 1378 .
2503 1361 2517 1376 .
2561 1364 2575 1378 .
2608 1336 2721 1390 qua
2750 1339 2954 1378 sursum
2989 1332 3108 1378 sunt
3147 1323 3347 1395 sapite,

1745 1434 1848 1474 non
1873 1434 1986 1491 quia
2010 1434 2164 1486 super
2204 1428 2393 1474 terram
2429 1414 2656 1492 (Coloss.
2685 1431 2762 1487 tn,
2796 1417 2822 1472 l
2860 1428 2906 1472 et
2931 1415 3012 1489 9).
3036 1416 3231 1472 Μυτιυί
3259 1433 3352 1472 stt-

1746 1528 1872 1569 mus
1905 1511 2120 1587 115‘.
2150 1513 2332 1579 terris,
2365 1515 2529 1568 vitam
2561 1524 2804 1568 nostram
2835 1524 2957 1568 cum
2979 1511 3197 1567 Cliristo
3226 1512 3355 1567 abs-

1747 1610 2035 1665 condimus
2062 1610 2117 1665 in
2151 1610 2260 1665 Deo
2286 1618 2474 1665 nostro
2522 1622 2536 1663 :
2571 1623 2676 1664 non
2700 1608 2811 1679 jam
2839 1622 2939 1663 nos
2965 1607 3220 1675 vivimus,
3252 1605 3353 1662 sed

1748 1699 2002 1757 Christus
2028 1699 2162 1757 vivit
2190 1703 2244 1756 in
2274 1700 2452 1757 nobis.
2495 1700 2636 1770 Quid
2666 1701 2862 1757 iterum
2894 1698 2961 1755 ad
3003 1707 3220 1755 terrena
3263 1712 3352 1755 re-

1750 1796 2040 1852 meamus?
2070 1794 2200 1851 Ecce
2225 1793 2456 1867 elongavi
2483 1794 2717 1866 fugiens,
2748 1794 2877 1849 dicit
2906 1803 3126 1849 sanctus
3155 1792 3173 1865 (
3202 1790 3353 1848 Psal.

2454 1889 2744 1955 iniquitatis
2775 1896 2822 1943 et
2848 1886 3273 1943 contradictionis
3298 1888 3356 1942 ιη

1747 1989 1953 2043 civitate
1982 1984 2145 2058 (Ibid.
2173 2027 2189 2054 ,
2223 1984 2333 2058 lli).
2387 1984 2593 2056 Laquci
2621 1992 2748 2040 sunt
2788 1985 2933 2039 enim
2966 1983 3054 2038 tibi
3081 1991 3164 2037 est
3192 1995 3357 2037 usura

1749 2094 1804 2141 et
1830 2082 2011 2139 dolus.
2065 2079 2349 2150 Elongavit
2387 2080 2478 2135 ille
2523 2077 2736 2150 fugiens
2782 2088 2995 2135 terrena
3037 2075 3354 2141 dedecora;

1746 2178 1870 2233 ideo
1900 2178 1966 2233 ad
1996 2176 2237 2234 caelestia
2268 2173 2514 2246 pervenit
2546 2173 2791 2245 praemla.

1821 2272 1911 2329 38.
1957 2270 2096 2340 Quid
2128 2311 2143 2336 ,
2194 2270 2450 2341 inquam,
2486 2278 2537 2325 te
2564 2267 2802 2324 reﬂectis
2852 2266 2903 2321 in
2934 2273 3133 2321 terram
3161 2304 3178 2330 ,
3223 2262 3269 2318 si
3301 2262 3358 2318 in

1752 2362 1942 2420 Ennch
1975 2372 2160 2435 raptus
2189 2362 2259 2418 ad
2287 2364 2486 2419 emtum
2512 2376 2595 2427 es,
2627 2364 2680 2417 in
2711 2359 2825 2417 Elia
2857 2359 3068 2415 levatus
3087 2370 3147 2412 es
3168 2364 3356 2422 curru,

1751 2461 1804 2516 iu
1846 2459 2014 2515 Paulo
2054 2468 2241 2531 raptus
2289 2473 2348 2515 es
2392 2457 2458 2513 ad
2512 2456 2858 2527 paradisum,
2913 2461 3270 2510 conversatus
3296 2449 3353 2506 in

1751 2554 1908 2609 cmlis
1932 2593 1948 2620 ,
1984 2551 2038 2607 in
2077 2551 2242 2607 David
2272 2549 2560 2607 exauditus
2588 2564 2604 2615 ;
2652 2557 2707 2604 ut
2739 2564 2943 2619 pennas
2970 2546 3236 2603 columbae
3264 2558 3357 2599 as-

1753 2661 2001 2701 sumercs
2020 2687 2034 2710 ,
2077 2652 2134 2701 ct
2156 2646 2372 2701 volarcs
2399 2660 2412 2698 :
2447 2642 2500 2699 in
2531 2641 2753 2700 Christo
2778 2642 3048 2699 exaltatus
3075 2683 3089 2704 .
3119 2639 3362 2696 volucris

1754 2739 1928 2794 factus
1957 2741 2008 2793 iu
2040 2738 2246 2809 Spiritu
2273 2754 2288 2804 ;
2336 2737 2552 2810 quando
2582 2737 2720 2792 sicut
2748 2734 2997 2790 columba
3035 2731 3359 2801 descendit,

1757 2833 1877 2888 illas
1903 2835 1998 2888 tibi
2024 2832 2142 2888 alas
2165 2829 2313 2888 dedit
2333 2840 2439 2899 ;'ut
2460 2839 2515 2886 tu
2538 2829 2780 2886 disceres
2807 2829 3025 2884 evolare
3056 2827 3124 2883 de
3155 2825 3362 2883 terris?

1756 2924 1940 2994 Neque
1967 2939 2099 2981 vero
2138 2924 2499 2980 cunctandum
2545 2934 2699 2995 putes
2727 2920 3001 2995 quntuodo
3048 2919 3145 2975 tibi
3177 2918 3364 2975 volati-

1756 3017 1884 3073 dum
1915 3019 1985 3073 sit
2010 3058 2023 3079 .
2051 3017 2247 3088 quibus
2274 3018 2481 3072 alarum
2510 3015 2776 3087 remigiis.
2829 3013 2973 3071 Dixit
3000 3014 3220 3086 quidem
3252 3011 3360 3067 Da-

1756 3111 1847 3167 vid
1872 3129 1885 3167 :
1923 3112 2049 3180 Quis
2075 3112 2215 3165 dabit
2244 3110 2374 3165 mihi
2397 3124 2591 3180 pennas
2611 3111 2741 3164 sicut
2769 3108 3052 3177 columbis,
3083 3118 3129 3162 et
3154 3106 3357 3173 volabo,

1756 3216 1804 3261 et
1830 3206 2155 3278 requiescam
2175 3202 2370 3279 (lbid.,
2395 3202 2495 3275 7)?
2525 3203 2589 3257 Et
2618 3202 2772 3273 quasi
2796 3200 3078 3257 dubitasse
3107 3200 3255 3256 visus
3277 3209 3365 3257 est

1680 3309 1727 3376 ρ
1757 3315 1784 3350 a
1815 3313 1925 3368 quo
1956 3311 2163 3367 pennas
2195 3301 2380 3365 posset
2407 3294 2659 3366 accipere
2689 3308 2705 3360 ;
2756 3294 2886 3349 licet
2912 3294 2992 3349 sic
3021 3293 3195 3348 soleat
3222 3290 3358 3346 divi-

1757 3404 1821 3444 na
1851 3390 2024 3461 gratia
2051 3385 2340 3453 declarari,
2372 3403 2492 3456 qua:
2522 3387 2573 3441 in
2602 3386 2759 3441 terris
2789 3400 2899 3441 non
2926 3392 3107 3453 potest
3151 3383 3361 3439 iuveni-

1754 3481 1836 3536 ri:
1871 3481 2009 3537 idem
2045 3492 2223 3536 tamen
2255 3481 2309 3535 in
2339 3479 2754 3551 pusteiiuribus,
2795 3492 2917 3549 quae
2942 3477 3051 3533 sint
3080 3477 3200 3533 ista:
3228 3491 3352 3546 pen-

1754 3591 1861 3643 nas,
1884 3576 2065 3631 docuit
2088 3575 2369 3631 evidenter
2398 3575 2587 3631 dicens
2616 3592 2629 3628 :
2661 3574 2723 3630 Si
2744 3575 3012 3630 dormiatis
3033 3576 3167 3627 inter
3194 3572 3360 3629 cteros

1753 3668 1929 3731 medii.
1964 3684 2145 3737 penna
2168 3667 2423 3722 columba:
2447 3667 2815 3738 deargentataz,
2844 3678 2890 3721 et
2920 3669 3199 3733 posteriora
3220 3666 3363 3721 dorsi

1753 3763 1866 3833 ejus
1900 3762 1956 3814 in
1982 3761 2149 3832 specie
2165 3760 2284 3814 auri
2307 3761 2327 3833 (
2352 3758 2499 3816 Psal.
2532 3774 2680 3817 uvn
2702 3801 2718 3827 ,
2751 3759 2878 3833 ιι).
2920 3761 3037 3817 Etsi
3072 3760 3312 3816 dormias
3339 3803 3354 3830 ,

1753 3865 2053 3924 exsurgunt
2079 3864 2260 3909 tamen
2294 3870 2486 3925 pennae
2515 3865 2641 3910 tute.
2687 3854 2827 3910 Sunt
2856 3856 2996 3910 enim
3021 3855 3113 3926 qui
3138 3854 3362 3926 \igilnnt

1753 3950 2115 4017 dormientes,
2144 3959 2202 4003 ιιι
2238 3948 2267 3990 δ
2304 3950 2556 4020 vigilabat
2590 3949 2679 4005 illa
2706 3964 2826 4020 quas
2854 3949 3035 4004 dixit:
3086 3948 3198 4021 Ego
3237 3950 3361 4004 dor-

1754 4046 1880 4110 mio,
1910 4055 1957 4099 et
1985 4060 2075 4099 cor
2099 4060 2270 4098 nicum
2299 4045 2480 4116 vigilat
2502 4044 2522 4116 (
2548 4042 2701 4098 Cant.
2732 4058 2793 4109 ιι,
2824 4043 2858 4099 5
2880 4043 2922 4110 ).
2973 4043 3088 4098 Etsi
3123 4058 3225 4097 nox
3250 4054 3357 4112 est,

1756 4138 1941 4209 vigilat
1962 4137 2206 4206 spiritus,
2228 4137 2296 4191 de
2332 4151 2441 4208 quo
2467 4139 2729 4208 scriptum
2756 4145 2840 4192 est
2864 4152 2877 4190 :
2911 4130 2991 4189 De
3013 4145 3160 4190 nocte
3185 4137 3362 4209 vigilat

1756 4232 1826 4286 ad
1855 4241 1903 4287 te
1929 4233 2144 4303 spiritus
2167 4244 2309 4286 meas
2337 4231 2507 4302 (Esai.
2536 4247 2682 4299 xxvr,
2709 4232 2791 4302 9).
2825 4232 2977 4286 Tunc
3003 4231 3097 4285 tibi
3122 4232 3365 4299 panden-

1756 4335 1845 4382 tur
1870 4327 1971 4382 alae
1998 4343 2066 4383 ex
2092 4327 2323 4397 eloquiis
2348 4327 2709 4399 spiritalibus,
2737 4327 3084 4397 pretiosaque
3100 4325 3214 4380 auri
3239 4339 3366 4393 pru-

1756 4418 1940 4478 dentia
1970 4423 2183 4479 volatus
2226 4429 2495 4492 assurgat.
2552 4419 2655 4477 Ubi
2699 4430 2829 4491 ergo
2883 4418 3106 4489 laqueos
3154 4416 3364 4489 pateris

1758 4516 2147 4585 pertimescere
2171 4554 2187 4584 ,
2216 4515 2300 4571 cui
2326 4514 2610 4585 remigium
2636 4520 2834 4584 pra‘sto
2864 4512 3111 4584 spiritale
3138 4510 3263 4566 est?
3303 4508 3365 4566 Si

1758 4610 2043 4666 sinceritas
2067 4612 2254 4678 animi,
2287 4610 2331 4665 si
2365 4610 2573 4679 paritas
2609 4607 2808 4663 mentis
2833 4607 3084 4676 atl‘ulgeat
3109 4647 3123 4669 ,
3155 4605 3366 4660 culum-

1678 4685 1731 4747 D
1763 4708 1829 4764 ba
1860 4720 1941 4763 es.
1970 4705 2097 4761 ideo
2120 4705 2212 4758 tibi
2232 4704 2435 4759 dictum
2455 4712 2535 4760 est
2573 4718 2587 4758 :
2615 4701 2813 4757 Estote.
2836 4741 2848 4756 .
2873 4743 2885 4755 .
2906 4739 2919 4754 .
2950 4700 3206 4771 simplices
3232 4699 3367 4754 sicut

1764 4800 2013 4856 columbis
2040 4796 2458 4871 (Matth.x,16).
2480 4796 2539 4853 Si
2560 4796 2762 4866 majora
2791 4791 3251 4862 desuntremigia,
3281 4791 3366 4848 Vel

1766 4895 1977 4950 minora
2007 4907 2077 4948 ne
2105 4902 2356 4962 spernas.
2388 4891 2517 4945 Esto
2542 4889 2628 4945 vel
2663 4903 2849 4958 passer
2874 4905 2889 4955 ;
2944 4894 3001 4942 ut
3028 4887 3251 4957 laqueos
3281 4901 3369 4939 sa-

1764 4989 1881 5059 gaei
1911 4986 2164 5058 indagine
2193 4984 2530 5057 prmvideas,
2572 4993 2628 5038 et
2672 4998 2812 5054 pene
2862 4991 3052 5053 captus
3092 4979 3366 5036 illecebris

1769 5090 2114 5152 peccaturum
2140 5122 2154 5145 ,
2204 5088 2382 5134 tamen
2411 5075 2702 5147 aliquando
2731 5084 3024 5131 revocatus
3064 5074 3239 5144 possis
3280 5072 3367 5128 di-

1768 5189 1930 5232 cere:
1961 5173 2148 5228 Anima
2177 5180 2353 5227 nostra
2392 5170 2519 5225 sicut
2556 5184 2731 5241 passer
2775 5177 2948 5240 erepta
2982 5177 3055 5222 est
3089 5166 3152 5222 de
3181 5165 3366 5236 laqueo

1767 5270 2059 5324 venantium
2080 5282 2098 5322 :
2122 5266 2333 5336 laqueus
2362 5262 2609 5318 contritus
2639 5272 2732 5323 est.
2762 5269 2809 5316 et
2835 5277 2929 5315 nos
2957 5261 3161 5316 liberati
3189 5276 3368 5315 sumus

1768 5358 1944 5432 (Psal.
1974 5370 2168 5423 cum,
2201 5359 2278 5430 7).
2332 5357 2409 5412 De
2437 5370 2546 5426 quo
2575 5356 2828 5425 quoniam
2858 5352 2987 5407 alibi
3012 5350 3168 5425 (Lib.
3202 5365 3283 5416 III,
3310 5352 3367 5407 in

1766 5457 1896 5512 Luc.
1921 5473 1969 5511 ε.
1998 5471 2073 5511 xu
2101 5457 2118 5525 )
2150 5452 2456 5523 putavimus
2482 5464 2604 5506 esse
2637 5448 2977 5505 tractandum
3002 5486 3019 5515 ,
3068 5460 3209 5501 nunc
3256 5444 3367 5501 alio

1765 5547 2152 5607 transeundum
2176 5546 2407 5602 videtur.

1833 5645 1926 5701 39.
1951 5644 2095 5698 Satis
2120 5651 2203 5696 est
2233 5640 2329 5696 tibi
2360 5647 2421 5695 ut
2438 5653 2592 5694 avem
2623 5646 2677 5692 te
2701 5651 2824 5693 esse
2853 5633 3089 5698 noveris,
3120 5646 3373 5702 assump-

1761 5746 1875 5793 tum
1914 5739 1969 5792 in
1999 5745 2250 5791 naturam
2292 5732 2510 5789 volandi
2545 5773 2561 5801 ,
2599 5730 2816 5787 dicente
2844 5728 3077 5786 Domino
3108 5739 3203 5797 per
3228 5722 3367 5779 Pro.

1762 5855 1907 5909 sione
1935 5866 2247 5909 reservatum
2275 5862 2369 5910 est.

1834 5924 1865 5971 δ
1886 5923 2210 6002 Complures
2228 5940 2384 5997 nam,
2417 5921 2664 5999 vigilabat
2685 5924 2773 5998 qui
2801 5922 2954 5985 Μ.
