4104 6350
602 312 627 369 1
640 311 742 370 107

1962 309 2210 370 SANCTI
2247 309 2579 371 AMBROSII

3781 318 3917 376 M08

602 431 822 504 phetam
850 447 863 486 :
900 439 924 468 α
949 430 1188 488 Liberate
1208 446 1295 487 ros
1321 447 1386 488 ea:
1412 431 1594 503 laqueo
1622 439 1940 497 venatorum,
1972 438 2021 483 et
2042 446 2074 482 a
2094 444 2206 483 ner-
2233 432 2286 490 A
2311 428 2429 486 haec
2474 440 2559 486 est
2586 429 2803 486 virtutis
2836 429 3168 487 Increditas:
3217 431 3309 488 illa
3347 445 3448 489 nos
3471 431 3733 507 obligavit
3759 477 3775 501 ,
3803 435 3918 492 btec

600 527 663 582 bo
683 525 1087 582 conturbationis
1107 524 1280 600 (Psal.
1315 540 1404 591 xc,
1437 524 1492 597 5)
1519 542 1536 592 ;
1570 538 1678 580 non
1695 522 1842 580 enim
1864 523 2065 595 injuste
2090 533 2206 579 ten-

600 624 805 681 duntur
836 624 976 682 retia
1007 624 1216 680 avibus.
1247 621 1379 678 Avis
1407 637 1490 689 es,
1518 636 1554 678 ο
1582 621 1768 687 homo,
1802 621 1893 693 qui
1922 621 2062 677 sicut
2088 621 2204 675 avis

600 718 657 776 in
688 718 975 791 quamdam
1020 718 1212 790 aquilae
1239 726 1534 773 renovatus
1559 716 2008 789 esjnventutcm.
2056 714 2086 755 ι’
2136 712 2205 771 Et

602 812 728 870 ideo
758 829 864 869 non
893 810 1091 884 injuste
1118 811 1414 868 tenduntur
1443 813 1577 869 retia
1605 812 1816 869 avibus.
1866 811 2006 882 Quid
2054 811 2199 866 enim

601 916 656 963 te
686 907 741 963 in
769 916 967 963 terram
998 904 1189 978 dejicis
1215 949 1228 971 ,
1257 906 1348 976 qui
1390 906 1500 976 jam
1549 906 1747 962 coelum
1782 905 2044 976 petebas?
2082 903 2200 961 Non

599 998 744 1054 enim
796 998 997 1070 injuste
1036 1006 1297 1055 renovato
1344 997 1640 1053 tenduntur
1683 1000 1859 1063 retia;
1923 997 2047 1067 quia
2085 996 2198 1067 jam

599 1089 802 1147 Christi
828 1104 951 1147 esse
973 1090 1208 1162 coepisti,
1228 1090 1540 1145 venantium
1567 1104 1690 1145 esse
1711 1089 1942 1146 desiisti.
1966 1089 2202 1145 Attende

598 1181 823 1255 laqueos
846 1192 1188 1238 venatorum.
1213 1182 1356 1239 Ante
1384 1182 1538 1255 quasi
1569 1181 1804 1253 praedam
1835 1196 1988 1238 suam
2013 1181 2202 1237 diabo-

596 1275 684 1332 lus
710 1291 810 1333 suo
835 1276 959 1348 jure
988 1276 1239 1346 capiebat
1268 1293 1281 1330 :
1326 1290 1468 1331 nunc
1513 1276 1807 1332 Dominica:
1838 1275 2017 1332 crucis
2056 1290 2199 1331 mer-

596 1382 717 1425 cem
749 1384 848 1424 cur
873 1368 1083 1424 alienus
1122 1367 1403 1424 incursat?
1450 1367 1612 1424 Petes
1657 1378 1835 1425 tamen
1880 1367 2047 1423 etiam
2097 1366 2201 1423 hos

594 1460 819 1531 laqueos
848 1461 1055 1518 evitare
1080 1502 1095 1528 ,
1143 1477 1212 1517 ne
1248 1461 1398 1518 dicas
1440 1479 1453 1517 :
1501 1471 1761 1518 venantes
1803 1469 2065 1534 ceperunt
2111 1476 2199 1517 me

596 1554 737 1609 sicut
768 1569 1041 1623 passerem
1068 1571 1083 1621 ;
1111 1553 1158 1610 si
1176 1554 1425 1626 laqueum
1452 1554 1635 1611 cordis
1657 1554 1876 1622 evadas,
1904 1570 2067 1625 quem
2099 1555 2195 1611 mi.

599 1645 669 1702 sit
690 1645 941 1702 diabolus
970 1647 1021 1703 in
1051 1662 1148 1704 cor
1167 1647 1319 1704 Juda:
1351 1690 1366 1716 ,
1414 1658 1468 1704 et
1502 1648 1576 1704 ita
1602 1664 1727 1705 eum
1753 1648 1807 1704 in
1837 1648 2045 1705 facinus
2075 1663 2199 1719 pro-

598 1739 824 1797 ditionis
848 1741 1106 1799 armavit.
1152 1743 1382 1799 Avertat
1415 1742 1627 1816 1155
1669 1759 1698 1798 a
1740 1744 1899 1800 nobis
1929 1745 2072 1800 Deus
2097 1743 2196 1800 bos

2311 522 2510 580 solvit:
2545 520 2574 560 ἀ
2604 523 2693 579 illa
2723 523 2994 580 obteratos
3026 526 3214 582 tenore
3237 525 3558 582 delictorum
3587 526 3921 598 adjudicavit

2309 618 2564 687 inimico,
2617 618 2735 676 haec
2780 618 3093 690 redemptos
3125 618 3281 675 titulo
3309 619 3604 677 Dominica:
3647 620 3921 692 passionis

2307 713 2525 769 Christo
2552 714 2858 787 acquisivit.
2908 714 3049 770 Mala
3095 713 3222 770 Eva:
3249 716 3523 773 successio
3555 727 3580 754 ο
3610 725 3786 772 totum
3816 718 3920 773 ho-

2309 808 2506 863 minem
2528 809 2829 865 devorabat
2854 826 2868 863 :
2907 807 3171 878 praeclara
3193 807 3398 865 Christi
3425 809 3717 868 Increditas
3743 820 3919 868 totum

2308 900 2581 958 hominem
2605 902 2878 958 liberavit.
2896 900 3014 957 Non
3032 900 3099 957 ad
3121 916 3284 957 unum
3304 901 3547 972 quidem,
3569 902 3764 958 nonad
3786 919 3924 974 pau-

2303 1010 2399 1053 cos
2433 1015 2447 1053 :
2479 998 2574 1053 sed
2618 995 2684 1052 ad
2712 1011 2905 1053 omnes
2928 994 3338 1053 Testamentum
3384 1011 3544 1053 suum
3570 996 3788 1069 scripsit
3824 997 3922 1055 le-

2304 1106 2418 1147 sus.
2446 1093 2650 1148 Omnes
2680 1092 2865 1162 scripti
2893 1090 3149 1147 ltreredes
3180 1106 3366 1147 sumus
3388 1107 3497 1148 non
3527 1108 3623 1163 pro
3645 1093 3922 1164 portione,

2303 1185 2399 1241 sed
2427 1201 2523 1256 pro
2556 1186 2934 1242 universitate.
2969 1185 3385 1242 Testamentum
3418 1201 3710 1243 commune
3736 1196 3928 1255 est,et

2299 1280 2392 1351 jus
2422 1286 2665 1336 omnium
2694 1322 2708 1347 ,
2758 1280 3051 1337 haereditas
3089 1281 3510 1348 universorum,
3574 1289 3629 1336 et
3675 1281 3925 1339 soliditas

2303 1373 2667 1445 singulorum.
2718 1372 2928 1429 Novum
2974 1373 3388 1430 Testamentum
3428 1374 3627 1447 singuli
3664 1375 3871 1432 adeunt
3903 1419 3920 1443 ,

2302 1479 2359 1525 et
2406 1484 2600 1524 omnes
2640 1468 2957 1539 possident:
3008 1484 3106 1525 nec
3155 1470 3419 1524 minuitur
3471 1468 3714 1538 bteredi,
3757 1470 3926 1541 quid-

2303 1563 2433 1634 quid
2482 1579 2511 1619 a
2540 1563 2918 1621 ctihteredibus
2949 1564 3278 1622 vindicatur.
3344 1564 3523 1621 Manet
3570 1566 3917 1624 emolumen-

2302 1666 2415 1714 tum
2446 1658 2741 1730 integrum,
2772 1667 2830 1715 et
2856 1673 2922 1715 eo
2949 1658 3120 1731 magis
3147 1659 3377 1729 singulis
3401 1660 3621 1727 crescit,
3650 1676 3760 1733 quo
3792 1660 3919 1731 plu-

2301 1749 2451 1806 ribus
2480 1750 2644 1807 fuerit
2667 1752 3013 1823 acquisitum.
3042 1752 3162 1807 Alia
3191 1751 3433 1808 conditio
3463 1763 3545 1808 est
3575 1751 3915 1810 btereditritis

598 1834 824 1908 laqueos
849 1879 866 1905 ,
897 1852 1036 1909 quos
1060 1852 1224 1908 super
1250 1836 1565 1908 peccatores
1602 1837 1762 1910 pluit.
1812 1838 1875 1894 Et
1918 1837 2041 1894 ideo
2070 1838 2202 1894 dicit
2231 1837 2277 1899 B
2312 1850 2583 1901 humanae.
2617 1844 2672 1902 Si
2703 1845 2873 1901 divisa
2901 1845 3103 1902 fuerint
3131 1846 3521 1910 emolumenta,
3561 1845 3877 1903 minuuntur
3904 1865 3919 1902 :

594 1928 872 2002 PrOpbeta
897 1931 1069 2006 (Psal.
1102 1948 1288 1998 xxxiv,
1317 1932 1421 2005 8):
1456 1932 1619 1989 Dabis
1649 1932 1795 1999 illis,
1829 1932 2056 1989 Domine
2079 1972 2094 1998 ,
2125 1931 2206 1988 la-

594 2040 793 2095 queum
826 2026 1008 2082 cordis
1036 2042 1250 2093 eorum,
1291 2038 1311 2066 ο
1346 2043 1506 2099 quem
1539 2029 1738 2098 parasti
1779 2029 1883 2085 eis.
1913 2026 2080 2084 Nobis
2105 2043 2205 2084 au-

598 2129 706 2175 tem
732 2119 822 2187 da,
846 2120 1094 2184 Domine,
1124 2121 1421 2188 auxilium;
1447 2132 1502 2176 ut
1533 2130 1656 2193 post
1677 2131 1727 2177 te
1756 2137 2068 2194 sequamur,
2099 2122 2207 2178 tuis

596 2212 801 2283 alligati
826 2215 1079 2271 vinculis.
1106 2214 1259 2271 Nulla
1286 2216 1430 2272 enim
1461 2215 1888 2284 vehementiora,
1912 2216 2057 2273 nulla
2081 2224 2207 2272 sunt

595 2307 874 2377 gratiora,
904 2323 1064 2379 quam
1108 2308 1318 2365 vincula
1364 2308 1663 2366 cbaritatis.
1720 2310 1823 2378 Qui
1872 2310 1966 2367 tibi
2013 2309 2206 2382 ligatus

597 2404 703 2463 est,
731 2398 942 2455 solutus
963 2409 1048 2456 est
1074 2401 1297 2456 mundo.

671 2489 762 2547 40.
798 2492 983 2566 (Vers.
1008 2495 1158 2566 111.)
1197 2493 1517 2553 eredilavi
1558 2498 2034 2553 testimoniatuain
2058 2507 2208 2554 teter-

599 2600 722 2639 num
745 2602 766 2652 ;
794 2589 1039 2657 quoniam
1059 2590 1340 2645 exsultatio
1368 2590 1538 2646 cordis
1567 2593 1668 2647 mei
1691 2602 1833 2647 sunt.
1883 2590 2063 2647 Etiam
2105 2596 2206 2648 ista

605 2692 707 2733 vox
740 2687 1039 2751 martyrum
1069 2690 1175 2749 est,
1206 2681 1502 2740 dicentium
1531 2684 1674 2756 quod
1700 2684 2074 2742 haereditatem
2112 2700 2206 2742 ac-

603 2774 851 2843 ceperint
892 2776 1198 2833 caelestium
1232 2779 1689 2835 testimoniorum.
1744 2780 1885 2837 Dicit
1908 2796 2041 2852 ergo
2072 2780 2207 2836 Pro-

607 2869 804 2939 pheta:
840 2869 1027 2927 llzeres
1057 2886 1176 2928 sum
1211 2872 1587 2928 mandatorum
1617 2881 1830 2930 tuorum
1852 2917 1867 2937 .
1903 2876 2209 2931 successio-

607 2980 732 3021 nem
764 2976 909 3021 tuatn
942 2965 1065 3022 ﬁdei
1093 2968 1418 3037 pietatisque
1443 2968 1565 3038 jure
1590 2971 1834 3040 quaesivi.
1879 2970 1996 3028 Non
2026 2980 2209 3045 potest

605 3057 789 3113 dicere
817 3058 979 3122 istud,
1016 3060 1117 3115 nisi
1148 3060 1239 3131 qui
1269 3061 1517 3116 mandata
1545 3064 1805 3131 custodit,
1826 3065 1965 3121 caelo
1984 3073 2040 3122 et
2063 3074 2204 3121 terra

608 3149 840 3205 testibus
862 3192 876 3217 ,
904 3153 1190 3220 acquisita.
1220 3153 1365 3208 Dixit
1390 3154 1534 3209 enim
1559 3154 1821 3211 Dominus
1856 3174 1869 3210 :
1903 3157 2065 3225 Audi,
2107 3175 2204 3214 ca:-

2308 1949 2363 1995 et
2392 1939 2626 1996 literedis
2676 1948 2761 1994 est
2784 1939 3041 1995 damnum
3072 1938 3365 2010 descriptio
3403 1939 3727 1996 colitcredis.
3774 1938 3922 1997 ludi-

2308 2033 2483 2090 visum
2516 2048 2744 2105 regnum
2774 2032 2975 2089 Christi
3004 2042 3091 2090 est
3113 2074 3129 2100 ,
3159 2033 3392 2089 indivisa
3420 2034 3728 2091 haereditas.
3771 2033 3922 2104 Quo-

2309 2129 2472 2186 modo
2498 2128 2615 2186 tieri
2645 2139 2895 2201 poterat,
2924 2138 2984 2185 nt
3012 2127 3184 2185 divisa
3215 2139 3366 2185 esset
3394 2128 3684 2187 haereditas
3722 2146 3738 2197 ;
3790 2146 3917 2187 cum

2310 2223 2643 2280 lizereditatis
2683 2223 2889 2278 fructus
2933 2220 3004 2278 sit
3046 2221 3344 2289 iudivisus,
3395 2222 3539 2294 quod
3568 2232 3654 2279 est
3691 2239 3919 2295 regnum

2306 2321 2569 2377 caelorum
2594 2319 2618 2373 ?
2661 2320 2867 2375 Aurum
2894 2360 2909 2385 ,
2942 2326 3226 2390 argentum
3252 2359 3268 2383 ,
3304 2317 3566 2390 prmdium
3596 2318 3667 2374 ab
3698 2320 3919 2377 homine

2311 2414 2555 2483 pluribus
2600 2412 2922 2470 derelictum
2954 2412 3297 2468 distribuitur
3337 2427 3401 2468 ac
3440 2420 3696 2469 secatur:
3739 2413 3914 2471 solida

2307 2505 2373 2562 ad
2401 2506 2642 2578 singulos
2672 2505 2869 2561 Christi
2897 2505 3036 2561 dona
3071 2505 3286 2579 1156
3312 2505 3638 2576 perveniunt
3674 2523 3689 2561 :
3719 2521 3913 2563 omnes

2309 2599 2531 2669 habent,
2555 2610 2609 2657 et
2642 2614 2804 2655 nemo
2831 2598 3131 2655 fraudetur.

2383 2693 2474 2749 42.
2524 2693 2823 2750 Audiamus
2863 2692 3024 2762 igitur
3067 2691 3352 2749 commoda
3392 2691 3758 2748 btereditaria.
3809 2693 3916 2749 Re—

2308 2786 2496 2842 missio
2519 2793 2862 2858 peccatorum
2884 2784 3169 2840 litercditas
3190 2784 3395 2841 Christi
3422 2793 3529 2841 est.
3557 2783 3719 2842 Certe
3740 2786 3916 2843 solida

2309 2896 2409 2953 per
2435 2879 2682 2952 singulos
2712 2921 2727 2945 ,
2754 2888 2808 2934 et
2836 2878 2888 2933 in
2919 2893 3209 2934 commune
3230 2888 3314 2934 est
3342 2877 3600 2934 lucrativa
3626 2897 3641 2945 ;
3691 2879 3922 2950 quibus-

2308 2987 2541 3043 cumque
2561 2972 2707 3027 enim
2739 2970 2936 3026 collata
2977 2969 3176 3033 fuerit.
3226 2969 3358 3025 nulli
3405 2968 3665 3036 decedit,
3706 2970 3918 3026 accedit

2309 3065 2588 3121 omnibus.
2635 3062 2862 3134 Corpori
2909 3062 3244 3133 acquiritur,
3299 3058 3558 3133 quidquid
3618 3062 3918 3134 unicuique

2308 3158 2602 3213 relaxatur.
2651 3155 2785 3211 Nam
2811 3156 2856 3212 si
2889 3154 3068 3227 angeli
3113 3168 3278 3226 super
3322 3169 3431 3210 uno
3471 3165 3758 3226 peccatore
3803 3171 3922 3228 pm-

609 3244 736 3307 lum,
762 3254 808 3299 et
837 3244 1052 3300 auribus
1082 3246 1307 3318 percipe,
1339 3256 1476 3301 terra
1505 3246 1524 3319 (
1549 3246 1693 3302 Esui.
1718 3264 1735 3303 ι
1760 3290 1775 3314 ,
1806 3249 1841 3304 2
1861 3247 1902 3321 ).
1949 3249 2204 3306 Testatur
2227 3233 2274 3298 (ἶ
2307 3250 2590 3307 nitentiam
2621 3261 2817 3321 agente
2847 3250 3135 3316 laetantur;
3188 3248 3311 3321 quia
3355 3249 3568 3305 lucrum
3612 3264 3771 3305 suum
3823 3266 3924 3321 pu-

609 3337 879 3393 elementa
913 3338 1171 3393 Dominus
1198 3337 1266 3393 ad
1296 3337 1701 3410 redarguendos
1728 3355 1856 3404 eos,
1897 3341 1986 3413 qui
2018 3342 2208 3399 nolue-

607 3430 718 3486 rint
747 3441 1015 3503 praecepta
1053 3431 1236 3489 divina
1264 3448 1482 3488 servare
1507 3450 1521 3498 ;
1573 3444 1631 3489 ut
1662 3435 1864 3507 rel'ngia
1889 3437 2069 3492 omnia
2113 3454 2207 3494 ex-

608 3525 907 3581 cusationis
947 3525 1214 3596 obsepiat.
1261 3525 1511 3582 Testatur
1550 3537 1606 3582 et
1650 3527 1931 3596 homines,
1979 3529 2205 3588 dicens:

611 3616 788 3674 Estote
813 3619 939 3673 milii
965 3627 1111 3674 testes
1134 3660 1152 3687 ,
1174 3626 1223 3674 et
1250 3634 1341 3693 ego
1369 3620 1511 3673 testis
1535 3660 1549 3686 ,
1583 3619 1704 3674 dicit
1734 3616 1990 3676 Dominus
2012 3620 2033 3695 (
2056 3621 2207 3679 Esai.

608 3725 763 3778 sun,
796 3709 910 3781 10).
945 3709 1189 3766 Mandata
1221 3726 1352 3782 ergo
1383 3711 1594 3768 Domini
1622 3712 1781 3783 plena
1806 3721 1932 3770 sunt
1959 3714 2206 3771 testimo-

608 3804 714 3859 niis
736 3846 752 3874 ,
783 3816 837 3860 et
865 3805 979 3875 ipsa
1006 3812 1135 3860 sunt
1162 3806 1468 3862 testimonia
1490 3845 1508 3873 ,
1553 3821 1786 3878 quorum
1817 3807 1952 3863 satis
1980 3808 2208 3865 idoneus

607 3898 763 3954 testis
790 3907 896 3964 est,
921 3900 1009 3970 qui
1043 3913 1148 3955 non
1179 3899 1440 3956 mentitur
1468 3901 1629 3969 Deus,
1655 3900 1796 3970 apud
1818 3917 1976 3972 quem
1997 3911 2050 3958 et
2077 3917 2209 3957 con—

606 3992 832 4048 scientia
865 4000 955 4048 tua
985 3994 1138 4049 testis
1168 4002 1252 4048 est
1277 4035 1292 4057 ,
1335 3993 1756 4065 cogitationibus
1783 3994 2164 4051 accusantibus
2190 4037 2204 4060 ,

605 4094 701 4141 aut
726 4087 890 4141 etiam
915 4084 1357 4153 defendentibus,
1391 4087 1526 4143 satis
1548 4086 1722 4142 fidelis
1749 4086 1915 4143 etiam
1960 4090 2012 4144 in
2043 4087 2205 4144 intldo

605 4189 826 4251 pectore
867 4194 883 4245 ;
934 4180 1189 4250 quoniam
1240 4179 1501 4236 arbitrum
1557 4181 1800 4236 omnium
1849 4197 2205 4254 quaecumque

602 4274 894 4331 commissa
919 4285 1047 4330 sunt
1071 4315 1086 4339 ,
1119 4274 1289 4330 latere
1318 4289 1422 4329 non
1455 4284 1700 4345 possunt.
1750 4274 1884 4331 Nam
1911 4277 1957 4332 si
1989 4279 2039 4332 in
2063 4277 2207 4348 judi-

601 4368 689 4423 cio
720 4368 964 4425 terrestri
994 4369 1156 4424 etiam
1188 4369 1233 4422 is
1260 4368 1351 4438 qui
1379 4369 1446 4423 ad
1478 4368 1850 4425 mentiendum
1876 4371 2087 4426 venerit
2106 4386 2200 4427 su-

604 4459 868 4517 bornatus
891 4503 907 4529 ,
938 4470 1115 4518 tamen
1145 4462 1188 4517 si
1222 4461 1530 4517 testimonio
1557 4460 1723 4517 fuerit
1746 4462 2027 4519 convictus
2062 4464 2201 4519 alte.

602 4553 739 4621 rius,
759 4555 893 4609 solet
917 4556 1150 4626 prodere
1162 4555 1469 4621 veritatem;
1488 4562 1693 4627 quanto
1724 4557 1895 4627 magis
1922 4556 1973 4612 in
1994 4555 2203 4626 judicio

603 4647 811 4703 cmlesti
835 4650 975 4718 apud
1009 4649 1293 4705 Dominum
1309 4648 1494 4706 Jesum
1522 4664 1747 4706 necesse
1760 4648 1920 4706 habet
1936 4666 2056 4721 qua:
2070 4664 2195 4706 vera

2310 3353 2426 3400 tant
2455 3342 2690 3399 hominis
2717 3342 3199 3412 redemptionem:
3244 3350 3451 3413 quanto
3490 3341 3661 3413 magis
3700 3344 3922 3399 lucrum

2307 3445 2392 3492 est
2430 3435 2649 3509 generis
2676 3478 2690 3501 ,
2738 3434 3016 3507 quodest
3060 3436 3268 3492 lucrum
3317 3436 3565 3491 uatum?
3605 3434 3921 3493 limreditas

2307 3526 2514 3585 Christi
2561 3536 2647 3585 est
2694 3527 3046 3584 resurrectio.
3118 3527 3268 3583 Hanc
3317 3527 3603 3598 quisquam
3652 3527 3918 3583 damnum

2307 3636 2464 3678 suum
2492 3619 2731 3684 dixerit,
2782 3634 2905 3691 qua:
2933 3622 2986 3675 in
3029 3633 3137 3674 uno
3164 3619 3473 3674 communis
3496 3620 3685 3690 gratia:
3716 3635 3919 3677 nomen

2310 3714 2519 3770 invenit
2543 3715 2567 3769 ‘l
2588 3713 2837 3770 Christus
2868 3715 3012 3769 enim
3040 3727 3293 3784 surgens,
3316 3711 3572 3768 omnibus
3587 3718 3917 3781 resurrexit;

2308 3808 2564 3878 quoniam
2595 3821 2693 3878 per
2721 3806 2995 3862 hominem
3024 3804 3352 3861 resurrectio
3379 3814 3736 3860 mortuorum.
3769 3806 3923 3874 Quo-

2310 3900 2472 3954 modo
2500 3899 2664 3970 igitur
2690 3897 2867 3970 potest
2898 3898 3231 3970 singulorum
3254 3914 3379 3955 esse
3402 3898 3765 3971 dispendium,
3792 3916 3921 3972 quae

2310 4002 2395 4050 est
2441 3994 2607 4049 tutius
2653 3991 2903 4062 corporis
2940 4001 2996 4048 et
3045 3992 3266 4048 humani
3308 3993 3524 4064 generis
3553 3994 3921 4051 retormatio?

2310 4088 2586 4145 Recitetur
2609 4087 2788 4159 itaque
2818 4087 3224 4143 Testamentum
3249 4130 3265 4154 ,
3309 4098 3361 4143 et
3390 4089 3755 4144 institutiones
3778 4092 3908 4162 ejus

2309 4182 2743 4239 consideremus.
2779 4179 2942 4235 Testis
2966 4189 3134 4237 autem
3164 4182 3309 4236 nobis
3339 4195 3387 4236 et
3422 4181 3653 4254 Spiritus
3674 4195 3911 4240 sanctus.

2311 4276 2439 4333 Cum
2470 4279 2603 4332 enim
2639 4276 2658 4315 ί
2709 4277 2896 4331 dixerit
2934 4293 2955 4331 :
3007 4274 3121 4330 Hoc
3161 4286 3330 4331 autem
3367 4287 3729 4333 testamentum
3775 4280 3919 4348 quod

2311 4372 2533 4426 testabor
2570 4372 2638 4425 ad
2676 4372 2832 4439 illos,
2861 4370 2984 4426 dicit
3012 4367 3289 4425 Dominus.
3336 4368 3485 4427 Dabo
3525 4372 3663 4443 leges
3691 4387 3830 4427 meas
3858 4374 3918 4429 in

2310 4463 2550 4518 cordibus
2576 4480 2752 4518 eorum
2777 4505 2791 4529 ,
2823 4473 2872 4519 et
2899 4463 2953 4517 in
2980 4464 3210 4519 sensibus
3243 4480 3418 4518 eorunt
3454 4464 3680 4520 scribant
3708 4481 3795 4520 eos
3821 4508 3838 4533 ,
3866 4475 3919 4520 et

2308 4558 2503 4629 peccati
2527 4567 2575 4613 et
2602 4557 2871 4632 injustitiaz
2896 4574 3073 4613 eorum
3114 4574 3216 4613 non
3258 4559 3578 4613 memorabor
3608 4558 3628 4632 (
3655 4557 3815 4613 Hebr.
3844 4575 3876 4614 ι
3895 4602 3915 4628 ,

2306 4653 2377 4709 15
2402 4662 2451 4707 et
2485 4651 2643 4724 δαίμ).
2673 4650 2719 4707 Ο
2749 4667 2877 4707 vere
2901 4661 3130 4708 testator
3150 4662 3408 4720 aeternus,
3438 4652 3534 4724 qui
3561 4655 3762 4709 nostris
3786 4669 3920 4710 cor-

605 4750 733 4795 sunt
762 4740 1031 4804 conﬁteri,
1063 4756 1224 4811 quem
1266 4742 1413 4797 novit
1449 4743 1591 4798 scire
1619 4741 1761 4812 quod
1791 4719 1990 4799 factum
2022 4742 2155 4799 est?
2230 4719 2281 4780 Ῑ)
2307 4746 2467 4802 dibus
2494 4719 2639 4817 leges
2665 4742 2837 4815 attigit
2863 4759 3013 4813 suas,
3046 4755 3099 4802 et
3126 4745 3312 4802 scribit
3339 4719 3401 4801 in
3422 4719 3714 4813 sensibus;
3743 4754 3802 4802 ut
3829 4748 3919 4804 ni-

675 4834 765 4889 41.
797 4833 865 4889 Ει
896 4834 1034 4890 bene
1059 4834 1166 4889 ait:
1204 4833 1517 4891 "(creditote
1530 4837 1742 4906 qutesivi
1766 4839 2057 4894 testimonia
2083 4847 2202 4906 tua;

604 4930 860 4999 quoniam
892 4929 1034 4985 sicut
1060 4937 1187 4984 ante
1218 4929 1466 4984 haeredes
1496 4929 1692 4984 fuimus
1722 4931 2028 5001 peccatoris
2066 4948 2082 4986 :
2132 4934 2205 4988 ita

607 5036 749 5077 nunc
792 5021 1039 5078 baeredes
1079 5036 1269 5078 sumus
1315 5020 1541 5077 Christi.
1593 5020 1687 5079 Illa
1725 5023 1823 5079 l‘uit
1869 5026 2160 5083 criminum
2186 5071 2202 5095 ,

680 5173 705 5201 ει
754 5163 828 5218 Ita
859 5177 1049 5222 omnes
1076 5178 1208 5218 mss.
1238 5170 1401 5223 atque
1427 5161 1557 5218 edit.
1592 5170 1701 5217 vet.
1741 5177 1864 5218 cum
1911 5174 2025 5219 aut.
2065 5166 2199 5222 edit.

604 5235 665 5291 Β.
696 5235 906 5291 llilarii.
938 5234 1078 5291 Edit.
1110 5243 1290 5289 autem
1315 5233 1472 5289 Rom.
1502 5249 1568 5289 ex
1595 5248 1873 5289 sacrorum
1915 5236 2200 5304 codicum,

604 5309 943 5378 aliorumque
974 5307 1194 5362 Patrum
1221 5305 1543 5361 auctoritate
1569 5347 1584 5371 ,
1613 5306 1844 5361 liberabit
1866 5318 1916 5362 te
1935 5324 1998 5363 ea:
2021 5309 2201 5378 laqueo

604 5388 901 5434 venatorum
912 5420 924 5433 .

675 5450 705 5489 δ
735 5450 801 5505 Et
828 5449 952 5524 ideo
966 5466 1073 5524 non
1102 5449 1294 5524 injuste
1310 5450 1593 5524 tenduntur
1620 5450 1972 5524 retia‘avibus,
2007 5452 2204 5524 desunt

606 5524 660 5579 in
692 5522 1064 5593 superioribus
1087 5521 1218 5575 edit.
1250 5524 1320 5574 At
1349 5523 1399 5575 iu
1430 5534 1562 5576 mss.
1593 5521 1956 5589 reperiuntur.
2002 5523 2201 5581 Iterum

603 5611 793 5650 omnes
815 5592 945 5647 edit.
977 5608 1099 5647 cum
1123 5593 1297 5647 multo
1324 5592 1513 5660 majori
1545 5600 1697 5658 parte
1725 5608 1856 5651 mss.
1907 5601 2204 5650 venantium

602 5684 712 5723 esse
740 5665 976 5731 desiisti;
1005 5664 1092 5719 ubi
1123 5664 1245 5719 cod.
1272 5662 1453 5729 Gem.,
1486 5662 1656 5731 Fisc.,
1686 5665 1946 5734 Ebrnlph.
1982 5667 2204 5735 habent,

604 5739 897 5795 venantium
945 5752 1057 5792 esse
1103 5737 1312 5793 desiste.
1357 5735 1642 5792 Postremo
1688 5738 1778 5792 ubi
1822 5749 2036 5794 cunctae
2073 5738 2204 5794 edit.

602 5826 668 5866 ac
697 5824 828 5884 mss.
870 5819 1123 5884 quatuor,
1170 5808 1302 5884 Ante
1337 5816 1384 5862 tc
1419 5808 1599 5884 laqueo
1626 5818 1871 5884 uenator,
1900 5820 2020 5884 ante
2059 5810 2208 5884 quasi

608 5882 837 5951 prrrdnm
860 5876 990 5947 ,'ibi
1018 5889 1250 5950 quatuor
1278 5876 1492 5949 legunt,
1537 5876 1707 5933 Habes
1736 5882 1825 5943 qui
1854 5876 1902 5935 te
1930 5876 2107 5937 libe'rét
2145 5882 2208 5934 de

2312 4838 2390 4897 hil
2417 4837 2561 4893 aliud
2592 4841 2835 4909 cogitare
2857 4881 2873 4906 ,
2920 4837 3024 4894 nisi
3072 4837 3252 4893 divina
3302 4846 3567 4910 praecepta
3601 4839 3871 4909 possimus
3896 4882 3915 4908 ,

2313 4933 2448 4989 nihil
2475 4932 2617 4988 aliud
2646 4931 2873 4997 sentire,
2900 4932 3001 4986 nisi
3028 4930 3124 4987 Dei
3155 4931 3373 4986 oracula
3398 4930 3714 4988 debeamus.
3749 4931 3920 4989 Dedit

2313 5028 2541 5100 gratiam
2564 5070 2579 5095 ,
2605 5025 2923 5083 reformavit
2952 5032 3201 5080 naturam
3230 5066 3245 5090 ,
3295 5023 3507 5095 sibique
3536 5023 3629 5094 qui
3658 5022 3915 5081 oblivisci

2311 5168 2514 5238 laqueo.
2568 5166 2795 5221 Venator
2819 5172 2939 5217 ante
2964 5165 3116 5238 quasi
3156 5162 3408 5237 prtedant.
3458 5163 3672 5236 Reliqui
3719 5180 3917 5225 omnes

2314 5235 2608 5296 lectionem
2638 5248 2877 5292 nostram
2909 5235 3264 5291 constituunt.

2387 5321 2409 5379 φ
2443 5310 2602 5365 Rom.
2636 5308 2769 5379 edit.
2798 5307 2937 5371 sola,
2964 5323 3112 5379 quem
3138 5316 3451 5379 paraverunt
3470 5308 3634 5363 nobis.

2380 5378 2409 5419 ἀ
2454 5382 2584 5437 Mss.
2627 5377 2839 5435 Navat‘.
2877 5377 3014 5433 unus
3053 5379 3213 5434 Colb.
3238 5420 3253 5445 ,
3302 5378 3458 5435 Gem.
3502 5390 3558 5435 et
3587 5378 3724 5436 And.
3751 5424 3766 5449 ,
3817 5380 3918 5437 illa

2309 5452 2602 5510 obarrhaeit
2632 5453 2805 5516 tenore
2831 5448 3150 5515 delictorum,
3182 5462 3289 5506 etc.

2382 5535 2406 5562 ο
2433 5525 2590 5579 Βοιιι.
2618 5521 2753 5577 edit.
2793 5521 2932 5581 sola.
2962 5532 3122 5576 totum
3151 5522 3409 5576 Immineat
3438 5523 3716 5579 denotavit.

2388 5594 2408 5634 ί
2453 5595 2583 5651 Post
2618 5597 2843 5649 verbum
2872 5593 3102 5657 dixerit,
3145 5594 3476 5663 snbjungunt
3514 5610 3705 5650 omnes
3728 5594 3865 5650 edit.
3897 5638 3914 5661 ,

2311 5666 2478 5724 Testis
2495 5680 2617 5737 sum
2637 5672 3054 5719 testamentorum
3077 5680 3326 5737 meorum,
3347 5680 3464 5734 qute
3484 5666 3783 5737 testiﬁcatus
3797 5681 3918 5721 sunt

2311 5742 2365 5794 in
2393 5736 2532 5792 vobis
2552 5745 2716 5805 ,tunc
2750 5738 3095 5790 testimonium
3126 5735 3405 5804 perloibebit
3428 5738 3567 5805 quod
3602 5735 3818 5793 testatus
3844 5740 3919 5793 sit

2312 5810 2531 5865 dicens:
2565 5804 2678 5879 Hoc
2697 5817 2890 5871 autem,
2921 5805 3168 5879 διατειθᾴ
3195 5806 3283 5879 illa
3310 5822 3488 5877 neque
3524 5807 3577 5863 in
3610 5824 3743 5868 mss.
3783 5807 3917 5879 ullis

2316 5883 2505 5938 Anthr.
2536 5890 2630 5934 aut
2650 5878 2943 5947 Scriptum
2966 5876 3097 5932 edit.
3132 5872 3454 5948 reperimus,
3481 5890 3658 5951 neque
3685 5875 3912 5935 omnitio
