  <div class='ocr_page' id='page_1' title='image "/cluster/home/n/w/nwhite01/storage/ocr_20150623/15/hvd.32044015471311/118.png"; bbox 0 0 3982 6484; ppageno 0'>
   <div class='ocr_carea' id='block_1_1' title="bbox 0 388 168 442">
    <p class='ocr_par' dir='ltr' id='par_1_1' title="bbox 0 388 168 442">
     <span class='ocr_line' id='line_1_1' title="bbox 0 388 168 442; baseline 0.012 -2"><span class='ocrx_word' id='word_1_1' title='bbox 0 388 168 442; x_wconf 69' lang='grc' dir='ltr'>ἱο9</span> 
     </span>
    </p>
   </div>
   <div class='ocr_carea' id='block_1_2' title="bbox 1136 373 2246 436">
    <p class='ocr_par' dir='ltr' id='par_1_2' title="bbox 1136 373 2246 436">
     <span class='ocr_line' id='line_1_2' title="bbox 1136 373 2246 436; baseline -0.007 -1"><span class='ocrx_word' id='word_1_2' title='bbox 1136 379 1200 436; x_wconf 84' lang='lat' dir='ltr'><strong>IN</strong></span> <span class='ocrx_word' id='word_1_3' title='bbox 1242 378 1575 436; x_wconf 74' lang='lat' dir='ltr'><strong>PSALMUM</strong></span> <span class='ocrx_word' id='word_1_4' title='bbox 1612 373 1823 433; x_wconf 69' lang='lat' dir='ltr'><strong>CXVIII</strong></span> <span class='ocrx_word' id='word_1_5' title='bbox 1862 373 2246 431; x_wconf 76' lang='lat' dir='ltr'><strong>EXPUSI&#39;IIO.</strong></span> 
     </span>
    </p>
   </div>
   <div class='ocr_carea' id='block_1_3' title="bbox 3230 374 3369 428">
    <p class='ocr_par' dir='ltr' id='par_1_3' title="bbox 3230 374 3369 428">
     <span class='ocr_line' id='line_1_3' title="bbox 3230 374 3369 428; baseline 0 -1"><span class='ocrx_word' id='word_1_6' title='bbox 3230 374 3369 428; x_wconf 72' lang='lat' dir='ltr'><strong>HIO</strong></span> 
     </span>
    </p>
   </div>
   <div class='ocr_carea' id='block_1_4' title="bbox 0 485 3367 565">
    <p class='ocr_par' dir='ltr' id='par_1_4' title="bbox 0 485 3367 565">
     <span class='ocr_line' id='line_1_4' title="bbox 0 485 3367 565; baseline -0.004 -13"><span class='ocrx_word' id='word_1_7' title='bbox 0 500 161 556; x_wconf 76' lang='lat' dir='ltr'><strong>ilsil</strong></span> <span class='ocrx_word' id='word_1_8' title='bbox 228 502 385 557; x_wconf 84' lang='lat' dir='ltr'><strong>solet</strong></span> <span class='ocrx_word' id='word_1_9' title='bbox 410 541 423 565; x_wconf 91' lang='lat'><strong>,</strong></span> <span class='ocrx_word' id='word_1_10' title='bbox 490 496 803 554; x_wconf 87' lang='lat' dir='ltr'><strong>memoriam</strong></span> <span class='ocrx_word' id='word_1_11' title='bbox 862 508 1108 549; x_wconf 86' lang='lat' dir='ltr'><strong>meorum</strong></span> <span class='ocrx_word' id='word_1_12' title='bbox 1148 493 1369 549; x_wconf 88' lang='lat' dir='ltr'><strong>abstulit</strong></span> <span class='ocrx_word' id='word_1_13' title='bbox 1416 499 1669 562; x_wconf 87' lang='lat' dir='ltr'><strong>peccato-</strong></span> <span class='ocrx_word' id='word_1_14' title='bbox 1701 496 1745 552; x_wconf 79' lang='grc' dir='ltr'>Α</span> <span class='ocrx_word' id='word_1_15' title='bbox 1780 487 1969 542; x_wconf 89' lang='lat' dir='ltr'><strong>Filimn</strong></span> <span class='ocrx_word' id='word_1_16' title='bbox 2001 488 2098 543; x_wconf 98' lang='lat' dir='ltr'><strong>Dei</strong></span> <span class='ocrx_word' id='word_1_17' title='bbox 2128 504 2345 543; x_wconf 84' lang='lat' dir='ltr'><strong>carnem</strong></span> <span class='ocrx_word' id='word_1_18' title='bbox 2369 486 2664 557; x_wconf 85' lang='lat' dir='ltr'><strong>sumpsisse</strong></span> <span class='ocrx_word' id='word_1_19' title='bbox 2697 486 2764 542; x_wconf 82' lang='lat' dir='ltr'><strong>de</strong></span> <span class='ocrx_word' id='word_1_20' title='bbox 2794 485 2983 554; x_wconf 79' lang='lat' dir='ltr'><strong>Maria,</strong></span> <span class='ocrx_word' id='word_1_21' title='bbox 3022 488 3204 544; x_wconf 79' lang='lat' dir='ltr'><strong>videor</strong></span> <span class='ocrx_word' id='word_1_22' title='bbox 3235 488 3367 543; x_wconf 89' lang='lat' dir='ltr'><strong>mihi</strong></span> 
     </span>
    </p>
   </div>
   <div class='ocr_carea' id='block_1_5' title="bbox 0 592 1309 662">
    <p class='ocr_par' dir='ltr' id='par_1_5' title="bbox 0 592 1309 662">
     <span class='ocr_line' id='line_1_5' title="bbox 0 592 1309 662; baseline -0.005 -15"><span class='ocrx_word' id='word_1_23' title='bbox 0 610 184 662; x_wconf 57' lang='grc' dir='ltr'>λιιι,</span> <span class='ocrx_word' id='word_1_24' title='bbox 223 606 253 632; x_wconf 72' lang='grc' dir='ltr'><strong>ιι</strong></span> <span class='ocrx_word' id='word_1_25' title='bbox 292 594 429 650; x_wconf 88' lang='lat' dir='ltr'><strong>tnihi</strong></span> <span class='ocrx_word' id='word_1_26' title='bbox 460 592 608 648; x_wconf 89' lang='lat' dir='ltr'><strong>dedit</strong></span> <span class='ocrx_word' id='word_1_27' title='bbox 636 598 1031 661; x_wconf 69' lang='lat' dir='ltr'><strong>praeceptorum</strong></span> <span class='ocrx_word' id='word_1_28' title='bbox 1062 602 1309 643; x_wconf 88' lang='lat' dir='ltr'><strong>suorum.</strong></span> 
     </span>
    </p>
   </div>
   <div class='ocr_carea' id='block_1_6' title="bbox 64 679 1674 759">
    <p class='ocr_par' dir='ltr' id='par_1_6' title="bbox 64 679 1674 759">
     <span class='ocr_line' id='line_1_6' title="bbox 64 679 1674 759; baseline -0.009 -13"><span class='ocrx_word' id='word_1_29' title='bbox 64 690 209 746; x_wconf 68' lang='grc'><strong>4⁸5.</strong></span> <span class='ocrx_word' id='word_1_30' title='bbox 262 688 393 745; x_wconf 77' lang='lat' dir='ltr'><strong>Noli</strong></span> <span class='ocrx_word' id='word_1_31' title='bbox 423 702 551 759; x_wconf 87' lang='lat' dir='ltr'><strong>ergo</strong></span> <span class='ocrx_word' id='word_1_32' title='bbox 579 685 769 741; x_wconf 80' lang='lat' dir='ltr'><strong>tollere</strong></span> <span class='ocrx_word' id='word_1_33' title='bbox 810 685 878 738; x_wconf 90' lang='lat' dir='ltr'><strong>de</strong></span> <span class='ocrx_word' id='word_1_34' title='bbox 906 683 1073 739; x_wconf 90' lang='lat' dir='ltr'><strong>corde</strong></span> <span class='ocrx_word' id='word_1_35' title='bbox 1105 692 1197 736; x_wconf 89' lang='lat' dir='ltr'><strong>tuo</strong></span> <span class='ocrx_word' id='word_1_36' title='bbox 1231 681 1402 751; x_wconf 89' lang='lat' dir='ltr'><strong>legem</strong></span> <span class='ocrx_word' id='word_1_37' title='bbox 1436 679 1529 735; x_wconf 87' lang='lat' dir='ltr'><strong>Dei</strong></span> <span class='ocrx_word' id='word_1_38' title='bbox 1557 719 1572 745; x_wconf 97' lang='lat'><strong>,</strong></span> <span class='ocrx_word' id='word_1_39' title='bbox 1616 685 1674 733; x_wconf 90' lang='lat' dir='ltr'><strong>et</strong></span> 
     </span>
    </p>
   </div>
   <div class='ocr_carea' id='block_1_7' title="bbox 2 770 1673 852">
    <p class='ocr_par' dir='ltr' id='par_1_7' title="bbox 2 770 1673 852">
     <span class='ocr_line' id='line_1_7' title="bbox 2 770 1673 852; baseline -0.004 -19"><span class='ocrx_word' id='word_1_40' title='bbox 2 780 106 833; x_wconf 74' lang='lat' dir='ltr'><strong>l‘ti</strong></span> <span class='ocrx_word' id='word_1_41' title='bbox 122 796 284 852; x_wconf 82' lang='lat' dir='ltr'><strong>gere</strong></span> <span class='ocrx_word' id='word_1_42' title='bbox 317 782 494 851; x_wconf 89' lang='lat' dir='ltr'><strong>legem</strong></span> <span class='ocrx_word' id='word_1_43' title='bbox 523 779 752 850; x_wconf 76' lang='lat' dir='ltr'><strong>peccati.</strong></span> <span class='ocrx_word' id='word_1_44' title='bbox 784 776 902 831; x_wconf 82' lang='lat' dir='ltr'><strong>Noli</strong></span> <span class='ocrx_word' id='word_1_45' title='bbox 930 774 1174 830; x_wconf 74' lang='lat' dir='ltr'><strong>scribere</strong></span> <span class='ocrx_word' id='word_1_46' title='bbox 1206 773 1258 828; x_wconf 92' lang='lat' dir='ltr'><strong>in</strong></span> <span class='ocrx_word' id='word_1_47' title='bbox 1290 771 1543 828; x_wconf 82' lang='lat' dir='ltr'><strong>sensibus</strong></span> <span class='ocrx_word' id='word_1_48' title='bbox 1567 770 1673 826; x_wconf 89' lang='lat' dir='ltr'><strong>tuis</strong></span> 
     </span>
    </p>
   </div>
   <div class='ocr_carea' id='block_1_8' title="bbox 14 866 1670 941">
    <p class='ocr_par' dir='ltr' id='par_1_8' title="bbox 14 866 1670 941">
     <span class='ocr_line' id='line_1_8' title="bbox 14 866 1670 941; baseline -0.005 -15"><span class='ocrx_word' id='word_1_49' title='bbox 14 875 256 932; x_wconf 73' lang='lat' dir='ltr'><strong>iuboli</strong></span> <span class='ocrx_word' id='word_1_50' title='bbox 294 875 602 941; x_wconf 84' lang='lat' dir='ltr'><strong>illecebras,</strong></span> <span class='ocrx_word' id='word_1_51' title='bbox 635 883 689 928; x_wconf 90' lang='lat' dir='ltr'><strong>et</strong></span> <span class='ocrx_word' id='word_1_52' title='bbox 717 872 811 926; x_wconf 86' lang='lat' dir='ltr'><strong>Dei</strong></span> <span class='ocrx_word' id='word_1_53' title='bbox 842 870 1027 927; x_wconf 89' lang='lat' dir='ltr'><strong>delere</strong></span> <span class='ocrx_word' id='word_1_54' title='bbox 1060 868 1329 924; x_wconf 89' lang='lat' dir='ltr'><strong>mandata.</strong></span> <span class='ocrx_word' id='word_1_55' title='bbox 1377 866 1512 921; x_wconf 81' lang='lat' dir='ltr'><strong>Ecce</strong></span> <span class='ocrx_word' id='word_1_56' title='bbox 1540 881 1630 938; x_wconf 75' lang='lat' dir='ltr'><strong>ego</strong></span> <span class='ocrx_word' id='word_1_57' title='bbox 1654 906 1670 932; x_wconf 95' lang='lat'><strong>,</strong></span> 
     </span>
    </p>
   </div>
   <div class='ocr_carea' id='block_1_9' title="bbox 14 956 1672 1038">
    <p class='ocr_par' dir='ltr' id='par_1_9' title="bbox 14 956 1672 1038">
     <span class='ocr_line' id='line_1_9' title="bbox 14 956 1672 1038; baseline -0.009 -14"><span class='ocrx_word' id='word_1_58' title='bbox 14 969 225 1036; x_wconf 71' lang='lat' dir='ltr'><strong>lquit</strong></span> <span class='ocrx_word' id='word_1_59' title='bbox 256 1009 274 1037; x_wconf 86' lang='lat'><strong>,</strong></span> <span class='ocrx_word' id='word_1_60' title='bbox 310 967 460 1038; x_wconf 73' lang='lat' dir='ltr'><strong>pinati</strong></span> <span class='ocrx_word' id='word_1_61' title='bbox 492 982 664 1021; x_wconf 87' lang='lat' dir='ltr'><strong>muros</strong></span> <span class='ocrx_word' id='word_1_62' title='bbox 694 976 808 1019; x_wconf 89' lang='lat' dir='ltr'><strong>tuos</strong></span> <span class='ocrx_word' id='word_1_63' title='bbox 830 1004 846 1029; x_wconf 93' lang='lat'><strong>,</strong></span> <span class='ocrx_word' id='word_1_64' title='bbox 891 963 1014 1017; x_wconf 85' lang='lat' dir='ltr'><strong>dicit</strong></span> <span class='ocrx_word' id='word_1_65' title='bbox 1042 960 1293 1015; x_wconf 79' lang='lat' dir='ltr'><strong>Dominus</strong></span> <span class='ocrx_word' id='word_1_66' title='bbox 1318 960 1386 1013; x_wconf 83' lang='lat' dir='ltr'><strong>ad</strong></span> <span class='ocrx_word' id='word_1_67' title='bbox 1418 956 1672 1011; x_wconf 81' lang='lat' dir='ltr'><strong>Hierusa-</strong></span> 
     </span>
    </p>
   </div>
   <div class='ocr_carea' id='block_1_10' title="bbox 0 1049 1673 1132">
    <p class='ocr_par' dir='ltr' id='par_1_10' title="bbox 0 1049 1673 1132">
     <span class='ocr_line' id='line_1_10' title="bbox 0 1049 1673 1132; baseline -0.007 -19"><span class='ocrx_word' id='word_1_68' title='bbox 0 1076 127 1113; x_wconf 61' lang='grc' dir='ltr'><strong>ειη</strong></span> <span class='ocrx_word' id='word_1_69' title='bbox 174 1060 363 1132; x_wconf 72' lang='grc' dir='ltr'><strong>(Εδαὲ.</strong></span> <span class='ocrx_word' id='word_1_70' title='bbox 400 1075 553 1123; x_wconf 80' lang='lat' dir='ltr'><strong>xux,</strong></span> <span class='ocrx_word' id='word_1_71' title='bbox 580 1057 714 1127; x_wconf 73' lang='lat'><strong>{6);</strong></span> <span class='ocrx_word' id='word_1_72' title='bbox 748 1058 848 1113; x_wconf 90' lang='lat' dir='ltr'><strong>hoc</strong></span> <span class='ocrx_word' id='word_1_73' title='bbox 871 1065 977 1122; x_wconf 90' lang='lat' dir='ltr'><strong>est,</strong></span> <span class='ocrx_word' id='word_1_74' title='bbox 1010 1053 1077 1109; x_wconf 90' lang='lat' dir='ltr'><strong>ad</strong></span> <span class='ocrx_word' id='word_1_75' title='bbox 1104 1055 1338 1108; x_wconf 88' lang='lat' dir='ltr'><strong>animam</strong></span> <span class='ocrx_word' id='word_1_76' title='bbox 1375 1049 1673 1105; x_wconf 85' lang='lat' dir='ltr'><strong>studiosam</strong></span> 
     </span>
    </p>
   </div>
   <div class='ocr_carea' id='block_1_11' title="bbox 0 1149 1672 1227">
    <p class='ocr_par' dir='ltr' id='par_1_11' title="bbox 0 1149 1672 1227">
     <span class='ocr_line' id='line_1_11' title="bbox 0 1149 1672 1227; baseline -0.004 -21"><span class='ocrx_word' id='word_1_77' title='bbox 0 1156 478 1227; x_wconf 76' lang='lat' dir='ltr'><strong>ranquillitatis</strong></span> <span class='ocrx_word' id='word_1_78' title='bbox 495 1164 549 1208; x_wconf 87' lang='lat' dir='ltr'><strong>et</strong></span> <span class='ocrx_word' id='word_1_79' title='bbox 578 1154 745 1223; x_wconf 90' lang='lat' dir='ltr'><strong>pacis,</strong></span> <span class='ocrx_word' id='word_1_80' title='bbox 771 1168 931 1223; x_wconf 90' lang='lat' dir='ltr'><strong>quam</strong></span> <span class='ocrx_word' id='word_1_81' title='bbox 958 1150 1085 1207; x_wconf 81' lang='lat' dir='ltr'><strong>fecit</strong></span> <span class='ocrx_word' id='word_1_82' title='bbox 1106 1150 1170 1204; x_wconf 87' lang='lat' dir='ltr'><strong>ad</strong></span> <span class='ocrx_word' id='word_1_83' title='bbox 1190 1149 1475 1219; x_wconf 80' lang='lat' dir='ltr'><strong>imaginem</strong></span> <span class='ocrx_word' id='word_1_84' title='bbox 1497 1161 1672 1201; x_wconf 92' lang='lat' dir='ltr'><strong>suam.</strong></span> 
     </span>
    </p>
   </div>
   <div class='ocr_carea' id='block_1_12' title="bbox 0 1238 1678 1318">
    <p class='ocr_par' dir='ltr' id='par_1_12' title="bbox 0 1238 1678 1318">
     <span class='ocr_line' id='line_1_12' title="bbox 0 1238 1678 1318; baseline -0.005 -18"><span class='ocrx_word' id='word_1_85' title='bbox 0 1247 199 1311; x_wconf 65' lang='lat' dir='ltr'><strong>ioli,</strong></span> <span class='ocrx_word' id='word_1_86' title='bbox 236 1248 465 1318; x_wconf 87' lang='lat' dir='ltr'><strong>inquam</strong></span> <span class='ocrx_word' id='word_1_87' title='bbox 491 1287 507 1312; x_wconf 91' lang='lat'><strong>,</strong></span> <span class='ocrx_word' id='word_1_88' title='bbox 535 1244 751 1301; x_wconf 88' lang='lat' dir='ltr'><strong>auferre</strong></span> <span class='ocrx_word' id='word_1_89' title='bbox 782 1243 1067 1314; x_wconf 79' lang='lat' dir='ltr'><strong>imaginem</strong></span> <span class='ocrx_word' id='word_1_90' title='bbox 1095 1241 1372 1299; x_wconf 72' lang='lat' dir='ltr'><strong>cmlestem</strong></span> <span class='ocrx_word' id='word_1_91' title='bbox 1396 1282 1413 1309; x_wconf 90' lang='lat'><strong>,</strong></span> <span class='ocrx_word' id='word_1_92' title='bbox 1461 1247 1517 1295; x_wconf 89' lang='lat' dir='ltr'><strong>et</strong></span> <span class='ocrx_word' id='word_1_93' title='bbox 1542 1238 1678 1293; x_wconf 88' lang='lat' dir='ltr'><strong>ima-</strong></span> 
     </span>
    </p>
   </div>
   <div class='ocr_carea' id='block_1_13' title="bbox 0 1337 1678 1411">
    <p class='ocr_par' dir='ltr' id='par_1_13' title="bbox 0 1337 1678 1411">
     <span class='ocr_line' id='line_1_13' title="bbox 0 1337 1678 1411; baseline -0.004 -16"><span class='ocrx_word' id='word_1_94' title='bbox 0 1344 245 1410; x_wconf 82' lang='lat' dir='ltr'><strong>;inem</strong></span> <span class='ocrx_word' id='word_1_95' title='bbox 278 1342 478 1398; x_wconf 89' lang='lat' dir='ltr'><strong>mortis</strong></span> <span class='ocrx_word' id='word_1_96' title='bbox 508 1342 808 1411; x_wconf 81' lang='lat' dir='ltr'><strong>imponere.</strong></span> <span class='ocrx_word' id='word_1_97' title='bbox 851 1338 1132 1394; x_wconf 84' lang='lat' dir='ltr'><strong>Recusasti</strong></span> <span class='ocrx_word' id='word_1_98' title='bbox 1176 1337 1548 1392; x_wconf 76' lang='lat' dir='ltr'><strong>luereditatem</strong></span> <span class='ocrx_word' id='word_1_99' title='bbox 1577 1348 1678 1388; x_wconf 80' lang='lat' dir='ltr'><strong>sae-</strong></span> 
     </span>
    </p>
   </div>
   <div class='ocr_carea' id='block_1_14' title="bbox 0 1429 1680 1501">
    <p class='ocr_par' dir='ltr' id='par_1_14' title="bbox 0 1429 1680 1501">
     <span class='ocr_line' id='line_1_14' title="bbox 0 1429 1680 1501; baseline -0.005 -10"><span class='ocrx_word' id='word_1_100' title='bbox 0 1436 155 1493; x_wconf 84' lang='lat' dir='ltr'><strong>:uli</strong></span> <span class='ocrx_word' id='word_1_101' title='bbox 198 1453 212 1490; x_wconf 91' lang='lat'><strong>:</strong></span> <span class='ocrx_word' id='word_1_102' title='bbox 248 1451 411 1491; x_wconf 87' lang='lat' dir='ltr'><strong>serva</strong></span> <span class='ocrx_word' id='word_1_103' title='bbox 440 1434 646 1489; x_wconf 90' lang='lat' dir='ltr'><strong>Christi</strong></span> <span class='ocrx_word' id='word_1_104' title='bbox 683 1432 1029 1494; x_wconf 79' lang='lat' dir='ltr'><strong>teSIimonia;</strong></span> <span class='ocrx_word' id='word_1_105' title='bbox 1076 1431 1328 1501; x_wconf 90' lang='lat' dir='ltr'><strong>quoniam</strong></span> <span class='ocrx_word' id='word_1_106' title='bbox 1373 1431 1425 1484; x_wconf 89' lang='lat' dir='ltr'><strong>in</strong></span> <span class='ocrx_word' id='word_1_107' title='bbox 1460 1429 1543 1484; x_wconf 90' lang='lat' dir='ltr'><strong>his</strong></span> <span class='ocrx_word' id='word_1_108' title='bbox 1578 1443 1680 1485; x_wconf 88' lang='lat' dir='ltr'><strong>ex-</strong></span> 
     </span>
    </p>
   </div>
   <div class='ocr_carea' id='block_1_15' title="bbox 0 1520 1682 1599">
    <p class='ocr_par' dir='ltr' id='par_1_15' title="bbox 0 1520 1682 1599">
     <span class='ocr_line' id='line_1_15' title="bbox 0 1520 1682 1599; baseline -0.007 -13"><span class='ocrx_word' id='word_1_109' title='bbox 0 1530 292 1586; x_wconf 75' lang='lat' dir='ltr'><strong>sultatio</strong></span> <span class='ocrx_word' id='word_1_110' title='bbox 320 1540 481 1599; x_wconf 89' lang='lat' dir='ltr'><strong>atque</strong></span> <span class='ocrx_word' id='word_1_111' title='bbox 511 1527 691 1582; x_wconf 60' lang='lat' dir='ltr'><strong>laetitia</strong></span> <span class='ocrx_word' id='word_1_112' title='bbox 724 1534 826 1589; x_wconf 90' lang='lat' dir='ltr'><strong>est,</strong></span> <span class='ocrx_word' id='word_1_113' title='bbox 857 1524 1293 1594; x_wconf 80' lang='lat' dir='ltr'><strong>quandoquidem</strong></span> <span class='ocrx_word' id='word_1_114' title='bbox 1324 1522 1501 1577; x_wconf 90' lang='lat' dir='ltr'><strong>omnis</strong></span> <span class='ocrx_word' id='word_1_115' title='bbox 1522 1520 1682 1575; x_wconf 84' lang='lat' dir='ltr'><strong>ﬂetus</strong></span> 
     </span>
    </p>
   </div>
   <div class='ocr_carea' id='block_1_16' title="bbox 0 1614 1679 1687">
    <p class='ocr_par' dir='ltr' id='par_1_16' title="bbox 0 1614 1679 1687">
     <span class='ocr_line' id='line_1_16' title="bbox 0 1614 1679 1687; baseline -0.006 -10"><span class='ocrx_word' id='word_1_116' title='bbox 0 1622 342 1677; x_wconf 69' lang='lat' dir='ltr'><strong>dulebitnr</strong></span> <span class='ocrx_word' id='word_1_117' title='bbox 368 1662 384 1687; x_wconf 96' lang='lat'><strong>,</strong></span> <span class='ocrx_word' id='word_1_118' title='bbox 411 1628 468 1675; x_wconf 91' lang='lat' dir='ltr'><strong>et</strong></span> <span class='ocrx_word' id='word_1_119' title='bbox 504 1633 652 1673; x_wconf 90' lang='lat' dir='ltr'><strong>mors</strong></span> <span class='ocrx_word' id='word_1_120' title='bbox 684 1633 790 1671; x_wconf 92' lang='lat' dir='ltr'><strong>non</strong></span> <span class='ocrx_word' id='word_1_121' title='bbox 821 1618 927 1672; x_wconf 89' lang='lat' dir='ltr'><strong>erit</strong></span> <span class='ocrx_word' id='word_1_122' title='bbox 953 1615 1189 1685; x_wconf 85' lang='lat' dir='ltr'><strong>amplius</strong></span> <span class='ocrx_word' id='word_1_123' title='bbox 1213 1658 1226 1681; x_wconf 89' lang='lat'><strong>,</strong></span> <span class='ocrx_word' id='word_1_124' title='bbox 1263 1628 1436 1683; x_wconf 89' lang='lat' dir='ltr'><strong>neque</strong></span> <span class='ocrx_word' id='word_1_125' title='bbox 1463 1614 1640 1667; x_wconf 90' lang='lat' dir='ltr'><strong>luctus</strong></span> <span class='ocrx_word' id='word_1_126' title='bbox 1662 1653 1679 1679; x_wconf 91' lang='lat'><strong>,</strong></span> 
     </span>
    </p>
   </div>
   <div class='ocr_carea' id='block_1_17' title="bbox 0 1706 1682 1789">
    <p class='ocr_par' dir='ltr' id='par_1_17' title="bbox 0 1706 1682 1789">
     <span class='ocr_line' id='line_1_17' title="bbox 0 1706 1682 1789; baseline -0.007 -16"><span class='ocrx_word' id='word_1_127' title='bbox 0 1733 249 1789; x_wconf 82' lang='lat' dir='ltr'><strong>neque</strong></span> <span class='ocrx_word' id='word_1_128' title='bbox 280 1716 480 1783; x_wconf 86' lang='lat' dir='ltr'><strong>ﬂetus,</strong></span> <span class='ocrx_word' id='word_1_129' title='bbox 532 1727 705 1783; x_wconf 90' lang='lat' dir='ltr'><strong>neque</strong></span> <span class='ocrx_word' id='word_1_130' title='bbox 754 1713 980 1767; x_wconf 89' lang='lat' dir='ltr'><strong>clamor.</strong></span> <span class='ocrx_word' id='word_1_131' title='bbox 1030 1710 1216 1765; x_wconf 84' lang='lat' dir='ltr'><strong>Passio</strong></span> <span class='ocrx_word' id='word_1_132' title='bbox 1257 1707 1455 1764; x_wconf 83' lang='lat' dir='ltr'><strong>Christi</strong></span> <span class='ocrx_word' id='word_1_133' title='bbox 1502 1706 1682 1777; x_wconf 82' lang='lat' dir='ltr'><strong>imago</strong></span> 
     </span>
    </p>
   </div>
   <div class='ocr_carea' id='block_1_18' title="bbox 0 1799 1680 1880">
    <p class='ocr_par' dir='ltr' id='par_1_18' title="bbox 0 1799 1680 1880">
     <span class='ocr_line' id='line_1_18' title="bbox 0 1799 1680 1880; baseline -0.008 -14"><span class='ocrx_word' id='word_1_134' title='bbox 0 1813 146 1867; x_wconf 77' lang='lat' dir='ltr'><strong>fuit</strong></span> <span class='ocrx_word' id='word_1_135' title='bbox 212 1809 363 1880; x_wconf 90' lang='lat' dir='ltr'><strong>regni</strong></span> <span class='ocrx_word' id='word_1_136' title='bbox 410 1806 668 1863; x_wconf 81' lang='lat' dir='ltr'><strong>cmlestis.</strong></span> <span class='ocrx_word' id='word_1_137' title='bbox 724 1802 896 1859; x_wconf 84' lang='lat' dir='ltr'><strong>Nemo</strong></span> <span class='ocrx_word' id='word_1_138' title='bbox 924 1801 1127 1857; x_wconf 81' lang='lat' dir='ltr'><strong>audivit</strong></span> <span class='ocrx_word' id='word_1_139' title='bbox 1172 1801 1225 1855; x_wconf 92' lang='lat' dir='ltr'><strong>iu</strong></span> <span class='ocrx_word' id='word_1_140' title='bbox 1257 1799 1448 1870; x_wconf 80' lang='lat' dir='ltr'><strong>plateis</strong></span> <span class='ocrx_word' id='word_1_141' title='bbox 1490 1813 1680 1854; x_wconf 89' lang='lat' dir='ltr'><strong>vocem</strong></span> 
     </span>
    </p>
   </div>
   <div class='ocr_carea' id='block_1_19' title="bbox 1772 578 3371 652">
    <p class='ocr_par' dir='ltr' id='par_1_19' title="bbox 1772 578 3371 652">
     <span class='ocr_line' id='line_1_19' title="bbox 1772 578 3371 652; baseline 0.002 -19"><span class='ocrx_word' id='word_1_142' title='bbox 1772 594 1894 633; x_wconf 91' lang='lat' dir='ltr'><strong>cum</strong></span> <span class='ocrx_word' id='word_1_143' title='bbox 1930 579 2149 635; x_wconf 84' lang='lat' dir='ltr'><strong>Christo</strong></span> <span class='ocrx_word' id='word_1_144' title='bbox 2180 580 2294 649; x_wconf 83' lang='lat' dir='ltr'><strong>ipse</strong></span> <span class='ocrx_word' id='word_1_145' title='bbox 2341 579 2672 636; x_wconf 88' lang='lat' dir='ltr'><strong>descendere</strong></span> <span class='ocrx_word' id='word_1_146' title='bbox 2716 578 2930 649; x_wconf 78' lang='lat' dir='ltr'><strong>(Matth.</strong></span> <span class='ocrx_word' id='word_1_147' title='bbox 2966 597 3005 647; x_wconf 88' lang='grc' dir='ltr'>ι,</span> <span class='ocrx_word' id='word_1_148' title='bbox 3055 580 3169 651; x_wconf 81' lang='grc'><strong>16).</strong></span> <span class='ocrx_word' id='word_1_149' title='bbox 3225 581 3371 652; x_wconf 86' lang='lat' dir='ltr'><strong>Lego</strong></span> 
     </span>
    </p>
   </div>
   <div class='ocr_carea' id='block_1_20' title="bbox 1774 673 3369 745">
    <p class='ocr_par' dir='ltr' id='par_1_20' title="bbox 1774 673 3369 745">
     <span class='ocr_line' id='line_1_20' title="bbox 1774 673 3369 745; baseline -0.001 -16"><span class='ocrx_word' id='word_1_150' title='bbox 1774 674 1921 729; x_wconf 90' lang='lat' dir='ltr'><strong>enim</strong></span> <span class='ocrx_word' id='word_1_151' title='bbox 1955 689 2077 729; x_wconf 90' lang='lat' dir='ltr'><strong>eum</strong></span> <span class='ocrx_word' id='word_1_152' title='bbox 2104 715 2119 740; x_wconf 95' lang='lat'><strong>,</strong></span> <span class='ocrx_word' id='word_1_153' title='bbox 2152 674 2386 745; x_wconf 91' lang='lat' dir='ltr'><strong>quicum</strong></span> <span class='ocrx_word' id='word_1_154' title='bbox 2411 674 2657 729; x_wconf 89' lang='lat' dir='ltr'><strong>informa</strong></span> <span class='ocrx_word' id='word_1_155' title='bbox 2688 673 2783 730; x_wconf 87' lang='lat' dir='ltr'><strong>Dei</strong></span> <span class='ocrx_word' id='word_1_156' title='bbox 2810 684 2978 740; x_wconf 90' lang='lat' dir='ltr'><strong>esset,</strong></span> <span class='ocrx_word' id='word_1_157' title='bbox 3019 673 3369 743; x_wconf 84' lang='lat' dir='ltr'><strong>semetipsum</strong></span> 
     </span>
    </p>
   </div>
   <div class='ocr_carea' id='block_1_21' title="bbox 1775 767 3367 842">
    <p class='ocr_par' dir='ltr' id='par_1_21' title="bbox 1775 767 3367 842">
     <span class='ocr_line' id='line_1_21' title="bbox 1775 767 3367 842; baseline 0.001 -20"><span class='ocrx_word' id='word_1_158' title='bbox 1775 768 2070 823; x_wconf 84' lang='lat' dir='ltr'><strong>exinanivit</strong></span> <span class='ocrx_word' id='word_1_159' title='bbox 2126 767 2363 841; x_wconf 79' lang='lat' dir='ltr'><strong>(Philip.</strong></span> <span class='ocrx_word' id='word_1_160' title='bbox 2400 786 2457 837; x_wconf 85' lang='grc' dir='ltr'>ιι,</span> <span class='ocrx_word' id='word_1_161' title='bbox 2483 770 2517 824; x_wconf 87' lang='grc'><strong>6</strong></span> <span class='ocrx_word' id='word_1_162' title='bbox 2563 779 2611 823; x_wconf 89' lang='lat' dir='ltr'><strong>et</strong></span> <span class='ocrx_word' id='word_1_163' title='bbox 2660 770 2738 842; x_wconf 80' lang='grc' dir='ltr'><strong>Ἰ).</strong></span> <span class='ocrx_word' id='word_1_164' title='bbox 2802 769 3113 825; x_wconf 88' lang='lat' dir='ltr'><strong>Exinanivit</strong></span> <span class='ocrx_word' id='word_1_165' title='bbox 3142 778 3322 824; x_wconf 87' lang='lat' dir='ltr'><strong>autem</strong></span> <span class='ocrx_word' id='word_1_166' title='bbox 3353 809 3367 833; x_wconf 87' lang='lat'><strong>,</strong></span> 
     </span>
    </p>
   </div>
   <div class='ocr_carea' id='block_1_22' title="bbox 1776 859 3374 935">
    <p class='ocr_par' dir='ltr' id='par_1_22' title="bbox 1776 859 3374 935">
     <span class='ocr_line' id='line_1_22' title="bbox 1776 859 3374 935; baseline -0.001 -20"><span class='ocrx_word' id='word_1_167' title='bbox 1776 868 1835 915; x_wconf 92' lang='lat' dir='ltr'><strong>ut</strong></span> <span class='ocrx_word' id='word_1_168' title='bbox 1855 859 2085 915; x_wconf 86' lang='lat' dir='ltr'><strong>formam</strong></span> <span class='ocrx_word' id='word_1_169' title='bbox 2117 860 2259 915; x_wconf 85' lang='lat' dir='ltr'><strong>servi</strong></span> <span class='ocrx_word' id='word_1_170' title='bbox 2286 862 2561 931; x_wconf 85' lang='lat' dir='ltr'><strong>acciperet</strong></span> <span class='ocrx_word' id='word_1_171' title='bbox 2586 879 2598 915; x_wconf 93' lang='lat'><strong>:</strong></span> <span class='ocrx_word' id='word_1_172' title='bbox 2633 872 2689 917; x_wconf 92' lang='lat' dir='ltr'><strong>et</strong></span> <span class='ocrx_word' id='word_1_173' title='bbox 2713 864 2894 935; x_wconf 82' lang='lat' dir='ltr'><strong>specie</strong></span> <span class='ocrx_word' id='word_1_174' title='bbox 2918 864 3167 918; x_wconf 89' lang='lat' dir='ltr'><strong>inventus</strong></span> <span class='ocrx_word' id='word_1_175' title='bbox 3194 871 3252 917; x_wconf 90' lang='lat' dir='ltr'><strong>ut</strong></span> <span class='ocrx_word' id='word_1_176' title='bbox 3273 861 3374 916; x_wconf 89' lang='lat' dir='ltr'><strong>ho-</strong></span> 
     </span>
    </p>
   </div>
   <div class='ocr_carea' id='block_1_23' title="bbox 1777 953 3459 1031">
    <p class='ocr_par' dir='ltr' id='par_1_23' title="bbox 1777 953 3459 1031">
     <span class='ocr_line' id='line_1_23' title="bbox 1777 953 3459 1031; baseline 0.005 -23"><span class='ocrx_word' id='word_1_177' title='bbox 1777 971 1885 1021; x_wconf 87' lang='lat' dir='ltr'><strong>mo,</strong></span> <span class='ocrx_word' id='word_1_178' title='bbox 1918 953 2221 1008; x_wconf 89' lang='lat' dir='ltr'><strong>humiliavit</strong></span> <span class='ocrx_word' id='word_1_179' title='bbox 2250 971 2309 1009; x_wconf 91' lang='lat' dir='ltr'><strong>se</strong></span> <span class='ocrx_word' id='word_1_180' title='bbox 2353 970 2523 1025; x_wconf 90' lang='lat' dir='ltr'><strong>usque</strong></span> <span class='ocrx_word' id='word_1_181' title='bbox 2552 957 2616 1010; x_wconf 90' lang='lat' dir='ltr'><strong>ad</strong></span> <span class='ocrx_word' id='word_1_182' title='bbox 2648 968 2900 1013; x_wconf 87' lang='lat' dir='ltr'><strong>mortem.</strong></span> <span class='ocrx_word' id='word_1_183' title='bbox 2938 958 3082 1031; x_wconf 81' lang='lat' dir='ltr'><strong>Lego</strong></span> <span class='ocrx_word' id='word_1_184' title='bbox 3110 959 3252 1015; x_wconf 91' lang='lat' dir='ltr'><strong>enim</strong></span> <span class='ocrx_word' id='word_1_185' title='bbox 3284 959 3372 1015; x_wconf 91' lang='lat' dir='ltr'><strong>di-</strong></span> <span class='ocrx_word' id='word_1_186' title='bbox 3440 978 3459 988; x_wconf 62' lang='grc' dir='ltr'><em>ν</em></span> 
     </span>
    </p>
   </div>
   <div class='ocr_carea' id='block_1_24' title="bbox 1777 1046 3377 1120">
    <p class='ocr_par' dir='ltr' id='par_1_24' title="bbox 1777 1046 3377 1120">
     <span class='ocr_line' id='line_1_24' title="bbox 1777 1046 3377 1120; baseline 0.003 -18"><span class='ocrx_word' id='word_1_187' title='bbox 1777 1058 1988 1103; x_wconf 86' lang='lat' dir='ltr'><strong>centeni</strong></span> <span class='ocrx_word' id='word_1_188' title='bbox 2018 1065 2029 1099; x_wconf 91' lang='lat'><strong>:</strong></span> <span class='ocrx_word' id='word_1_189' title='bbox 2069 1046 2241 1102; x_wconf 80' lang='lat' dir='ltr'><strong>Venite</strong></span> <span class='ocrx_word' id='word_1_190' title='bbox 2256 1048 2323 1101; x_wconf 83' lang='lat' dir='ltr'><strong>ad</strong></span> <span class='ocrx_word' id='word_1_191' title='bbox 2348 1065 2449 1113; x_wconf 89' lang='lat' dir='ltr'><strong>me,</strong></span> <span class='ocrx_word' id='word_1_192' title='bbox 2480 1066 2653 1103; x_wconf 83' lang='lat' dir='ltr'><strong>omnes</strong></span> <span class='ocrx_word' id='word_1_193' title='bbox 2675 1051 2762 1120; x_wconf 86' lang='lat' dir='ltr'><strong>qui</strong></span> <span class='ocrx_word' id='word_1_194' title='bbox 2788 1051 3053 1117; x_wconf 81' lang='lat' dir='ltr'><strong>laboratis,</strong></span> <span class='ocrx_word' id='word_1_195' title='bbox 3089 1062 3135 1107; x_wconf 90' lang='lat' dir='ltr'><strong>et</strong></span> <span class='ocrx_word' id='word_1_196' title='bbox 3178 1052 3377 1107; x_wconf 83' lang='lat' dir='ltr'><strong>onerati</strong></span> 
     </span>
    </p>
   </div>
   <div class='ocr_carea' id='block_1_25' title="bbox 1777 1143 3378 1218">
    <p class='ocr_par' dir='ltr' id='par_1_25' title="bbox 1777 1143 3378 1218">
     <span class='ocr_line' id='line_1_25' title="bbox 1777 1143 3378 1218; baseline 0.003 -21"><span class='ocrx_word' id='word_1_197' title='bbox 1777 1144 1919 1211; x_wconf 83' lang='lat' dir='ltr'><strong>estis,</strong></span> <span class='ocrx_word' id='word_1_198' title='bbox 1951 1152 1998 1198; x_wconf 87' lang='lat' dir='ltr'><strong>et</strong></span> <span class='ocrx_word' id='word_1_199' title='bbox 2022 1160 2114 1215; x_wconf 85' lang='lat' dir='ltr'><strong>ego</strong></span> <span class='ocrx_word' id='word_1_200' title='bbox 2146 1144 2377 1213; x_wconf 78' lang='lat' dir='ltr'><strong>reﬁciant</strong></span> <span class='ocrx_word' id='word_1_201' title='bbox 2424 1160 2528 1199; x_wconf 78' lang='lat' dir='ltr'><strong>vos.</strong></span> <span class='ocrx_word' id='word_1_202' title='bbox 2577 1143 2768 1200; x_wconf 86' lang='lat' dir='ltr'><strong>Tollite</strong></span> <span class='ocrx_word' id='word_1_203' title='bbox 2790 1150 2981 1218; x_wconf 84' lang='lat' dir='ltr'><strong>jugum</strong></span> <span class='ocrx_word' id='word_1_204' title='bbox 3020 1164 3186 1201; x_wconf 89' lang='lat' dir='ltr'><strong>meum</strong></span> <span class='ocrx_word' id='word_1_205' title='bbox 3223 1162 3378 1215; x_wconf 84' lang='lat' dir='ltr'><strong>super</strong></span> 
     </span>
    </p>
   </div>
   <div class='ocr_carea' id='block_1_26' title="bbox 1778 1239 3377 1309">
    <p class='ocr_par' dir='ltr' id='par_1_26' title="bbox 1778 1239 3377 1309">
     <span class='ocr_line' id='line_1_26' title="bbox 1778 1239 3377 1309; baseline 0.003 -16"><span class='ocrx_word' id='word_1_206' title='bbox 1778 1255 1887 1303; x_wconf 81' lang='lat' dir='ltr'><strong>vos,</strong></span> <span class='ocrx_word' id='word_1_207' title='bbox 1918 1247 1965 1292; x_wconf 89' lang='lat' dir='ltr'><strong>et</strong></span> <span class='ocrx_word' id='word_1_208' title='bbox 1994 1239 2173 1293; x_wconf 81' lang='lat' dir='ltr'><strong>discite</strong></span> <span class='ocrx_word' id='word_1_209' title='bbox 2217 1256 2248 1292; x_wconf 92' lang='lat' dir='ltr'><strong>a</strong></span> <span class='ocrx_word' id='word_1_210' title='bbox 2278 1256 2357 1293; x_wconf 88' lang='lat' dir='ltr'><strong>me</strong></span> <span class='ocrx_word' id='word_1_211' title='bbox 2385 1239 2506 1309; x_wconf 84' lang='lat' dir='ltr'><strong>quia</strong></span> <span class='ocrx_word' id='word_1_212' title='bbox 2532 1240 2670 1294; x_wconf 82' lang='lat' dir='ltr'><strong>mitis</strong></span> <span class='ocrx_word' id='word_1_213' title='bbox 2717 1257 2828 1293; x_wconf 88' lang='lat' dir='ltr'><strong>sum</strong></span> <span class='ocrx_word' id='word_1_214' title='bbox 2856 1282 2869 1307; x_wconf 92' lang='lat'><strong>,</strong></span> <span class='ocrx_word' id='word_1_215' title='bbox 2912 1251 2958 1295; x_wconf 89' lang='lat' dir='ltr'><strong>et</strong></span> <span class='ocrx_word' id='word_1_216' title='bbox 2986 1241 3197 1297; x_wconf 79' lang='lat' dir='ltr'><strong>humilis</strong></span> <span class='ocrx_word' id='word_1_217' title='bbox 3222 1242 3377 1297; x_wconf 87' lang='lat' dir='ltr'><strong>corde</strong></span> 
     </span>
    </p>
   </div>
   <div class='ocr_carea' id='block_1_27' title="bbox 1783 1316 3380 1406">
    <p class='ocr_par' dir='ltr' id='par_1_27' title="bbox 1783 1316 3380 1406">
     <span class='ocr_line' id='line_1_27' title="bbox 1783 1316 3380 1406; baseline 0.003 -20"><span class='ocrx_word' id='word_1_218' title='bbox 1783 1332 1999 1405; x_wconf 69' lang='lat' dir='ltr'><strong>(Matth.</strong></span> <span class='ocrx_word' id='word_1_219' title='bbox 2025 1350 2099 1399; x_wconf 74' lang='grc' dir='ltr'>ιιι,</span> <span class='ocrx_word' id='word_1_220' title='bbox 2118 1333 2191 1389; x_wconf 67' lang='grc'><strong>28</strong></span> <span class='ocrx_word' id='word_1_221' title='bbox 2207 1343 2255 1388; x_wconf 90' lang='lat' dir='ltr'><strong>et</strong></span> <span class='ocrx_word' id='word_1_222' title='bbox 2275 1333 2392 1403; x_wconf 64' lang='lat'><strong>“29).</strong></span> <span class='ocrx_word' id='word_1_223' title='bbox 2418 1332 2530 1389; x_wconf 86' lang='lat' dir='ltr'><strong>Non</strong></span> <span class='ocrx_word' id='word_1_224' title='bbox 2561 1334 2726 1388; x_wconf 75' lang='lat' dir='ltr'><strong>dixit:</strong></span> <span class='ocrx_word' id='word_1_225' title='bbox 2757 1335 2958 1389; x_wconf 88' lang='lat' dir='ltr'><strong>Discite</strong></span> <span class='ocrx_word' id='word_1_226' title='bbox 2981 1351 3007 1386; x_wconf 88' lang='lat' dir='ltr'><strong>a</strong></span> <span class='ocrx_word' id='word_1_227' title='bbox 3034 1352 3116 1389; x_wconf 89' lang='lat' dir='ltr'><strong>me</strong></span> <span class='ocrx_word' id='word_1_228' title='bbox 3134 1316 3380 1406; x_wconf 39' lang='lat' dir='ltr'><strong>quia‘po-</strong></span> 
     </span>
    </p>
   </div>
   <div class='ocr_carea' id='block_1_28' title="bbox 1781 1427 3374 1498">
    <p class='ocr_par' dir='ltr' id='par_1_28' title="bbox 1781 1427 3374 1498">
     <span class='ocr_line' id='line_1_28' title="bbox 1781 1427 3374 1498; baseline -0.001 -15"><span class='ocrx_word' id='word_1_229' title='bbox 1781 1436 1901 1483; x_wconf 85' lang='lat' dir='ltr'><strong>lens</strong></span> <span class='ocrx_word' id='word_1_230' title='bbox 1917 1444 2035 1482; x_wconf 90' lang='lat' dir='ltr'><strong>sum</strong></span> <span class='ocrx_word' id='word_1_231' title='bbox 2055 1446 2068 1483; x_wconf 93' lang='lat'><strong>:</strong></span> <span class='ocrx_word' id='word_1_232' title='bbox 2085 1443 2190 1483; x_wconf 90' lang='lat' dir='ltr'><strong>non</strong></span> <span class='ocrx_word' id='word_1_233' title='bbox 2208 1429 2372 1483; x_wconf 80' lang='lat' dir='ltr'><strong>dixit:</strong></span> <span class='ocrx_word' id='word_1_234' title='bbox 2396 1427 2595 1483; x_wconf 90' lang='lat' dir='ltr'><strong>Discite</strong></span> <span class='ocrx_word' id='word_1_235' title='bbox 2616 1444 2643 1481; x_wconf 86' lang='lat' dir='ltr'><strong>a</strong></span> <span class='ocrx_word' id='word_1_236' title='bbox 2670 1444 2755 1482; x_wconf 90' lang='lat' dir='ltr'><strong>me</strong></span> <span class='ocrx_word' id='word_1_237' title='bbox 2776 1429 2901 1498; x_wconf 90' lang='lat' dir='ltr'><strong>quia</strong></span> <span class='ocrx_word' id='word_1_238' title='bbox 2924 1428 3195 1498; x_wconf 89' lang='lat' dir='ltr'><strong>gloriosus</strong></span> <span class='ocrx_word' id='word_1_239' title='bbox 3212 1444 3328 1483; x_wconf 92' lang='lat' dir='ltr'><strong>sum</strong></span> <span class='ocrx_word' id='word_1_240' title='bbox 3360 1445 3374 1481; x_wconf 93' lang='lat'><strong>:</strong></span> 
     </span>
    </p>
   </div>
   <div class='ocr_carea' id='block_1_29' title="bbox 1782 1521 3381 1594">
    <p class='ocr_par' dir='ltr' id='par_1_29' title="bbox 1782 1521 3381 1594">
     <span class='ocr_line' id='line_1_29' title="bbox 1782 1521 3381 1594; baseline -0.002 -16"><span class='ocrx_word' id='word_1_241' title='bbox 1782 1522 1876 1579; x_wconf 90' lang='lat' dir='ltr'><strong>sed</strong></span> <span class='ocrx_word' id='word_1_242' title='bbox 1923 1522 2171 1579; x_wconf 79' lang='lat' dir='ltr'><strong>discitea</strong></span> <span class='ocrx_word' id='word_1_243' title='bbox 2216 1538 2303 1579; x_wconf 90' lang='lat' dir='ltr'><strong>me</strong></span> <span class='ocrx_word' id='word_1_244' title='bbox 2349 1523 2473 1594; x_wconf 88' lang='lat' dir='ltr'><strong>quia</strong></span> <span class='ocrx_word' id='word_1_245' title='bbox 2526 1522 2745 1577; x_wconf 89' lang='lat' dir='ltr'><strong>humilis</strong></span> <span class='ocrx_word' id='word_1_246' title='bbox 2776 1537 2931 1589; x_wconf 90' lang='lat' dir='ltr'><strong>sum,</strong></span> <span class='ocrx_word' id='word_1_247' title='bbox 2963 1523 3107 1591; x_wconf 87' lang='lat' dir='ltr'><strong>quod</strong></span> <span class='ocrx_word' id='word_1_248' title='bbox 3156 1521 3381 1592; x_wconf 86' lang='lat' dir='ltr'><strong>potestis</strong></span> 
     </span>
    </p>
   </div>
   <div class='ocr_carea' id='block_1_30' title="bbox 1779 1613 3382 1680">
    <p class='ocr_par' dir='ltr' id='par_1_30' title="bbox 1779 1613 3382 1680">
     <span class='ocr_line' id='line_1_30' title="bbox 1779 1613 3382 1680; baseline 0 -12"><span class='ocrx_word' id='word_1_249' title='bbox 1779 1614 1997 1670; x_wconf 90' lang='lat' dir='ltr'><strong>imitari.</strong></span> <span class='ocrx_word' id='word_1_250' title='bbox 2047 1614 2221 1670; x_wconf 85' lang='lat' dir='ltr'><strong>Nolite</strong></span> <span class='ocrx_word' id='word_1_251' title='bbox 2257 1616 2523 1671; x_wconf 81' lang='lat' dir='ltr'><strong>extollere</strong></span> <span class='ocrx_word' id='word_1_252' title='bbox 2572 1630 2686 1680; x_wconf 91' lang='lat' dir='ltr'><strong>vos,</strong></span> <span class='ocrx_word' id='word_1_253' title='bbox 2720 1613 2745 1653; x_wconf 70' lang='grc' dir='ltr'>ι)</span> <span class='ocrx_word' id='word_1_254' title='bbox 2794 1615 2963 1670; x_wconf 87' lang='lat' dir='ltr'><strong>nolite</strong></span> <span class='ocrx_word' id='word_1_255' title='bbox 2996 1615 3234 1671; x_wconf 82' lang='lat' dir='ltr'><strong>exaltare</strong></span> <span class='ocrx_word' id='word_1_256' title='bbox 3283 1629 3382 1669; x_wconf 90' lang='lat' dir='ltr'><strong>cor</strong></span> 
     </span>
    </p>
   </div>
   <div class='ocr_carea' id='block_1_31' title="bbox 1782 1708 3384 1779">
    <p class='ocr_par' dir='ltr' id='par_1_31' title="bbox 1782 1708 3384 1779">
     <span class='ocr_line' id='line_1_31' title="bbox 1782 1708 3384 1779; baseline 0 -16"><span class='ocrx_word' id='word_1_257' title='bbox 1782 1718 2038 1763; x_wconf 84' lang='lat' dir='ltr'><strong>vestrum.</strong></span> <span class='ocrx_word' id='word_1_258' title='bbox 2075 1708 2263 1764; x_wconf 88' lang='lat' dir='ltr'><strong>Docuit</strong></span> <span class='ocrx_word' id='word_1_259' title='bbox 2290 1726 2420 1779; x_wconf 79' lang='lat' dir='ltr'><strong>ergo</strong></span> <span class='ocrx_word' id='word_1_260' title='bbox 2450 1725 2535 1764; x_wconf 89' lang='lat' dir='ltr'><strong>me</strong></span> <span class='ocrx_word' id='word_1_261' title='bbox 2559 1708 2850 1774; x_wconf 87' lang='lat' dir='ltr'><strong>lmmiliari,</strong></span> <span class='ocrx_word' id='word_1_262' title='bbox 2899 1715 2953 1761; x_wconf 76' lang='lat' dir='ltr'><strong>et</strong></span> <span class='ocrx_word' id='word_1_263' title='bbox 2997 1708 3256 1764; x_wconf 87' lang='lat' dir='ltr'><strong>inclinare</strong></span> <span class='ocrx_word' id='word_1_264' title='bbox 3284 1723 3384 1763; x_wconf 90' lang='lat' dir='ltr'><strong>cor</strong></span> 
     </span>
    </p>
   </div>
   <div class='ocr_carea' id='block_1_32' title="bbox 1784 1801 3380 1875">
    <p class='ocr_par' dir='ltr' id='par_1_32' title="bbox 1784 1801 3380 1875">
     <span class='ocr_line' id='line_1_32' title="bbox 1784 1801 3380 1875; baseline 0.003 -21"><span class='ocrx_word' id='word_1_265' title='bbox 1784 1817 1962 1856; x_wconf 91' lang='lat' dir='ltr'><strong>meum</strong></span> <span class='ocrx_word' id='word_1_266' title='bbox 1991 1802 2056 1855; x_wconf 88' lang='lat' dir='ltr'><strong>ad</strong></span> <span class='ocrx_word' id='word_1_267' title='bbox 2090 1801 2366 1858; x_wconf 77' lang='lat' dir='ltr'><strong>faciendas</strong></span> <span class='ocrx_word' id='word_1_268' title='bbox 2387 1802 2629 1873; x_wconf 55' lang='lat' dir='ltr'><strong>justitias</strong></span> <span class='ocrx_word' id='word_1_269' title='bbox 2658 1820 2670 1868; x_wconf 92' lang='lat'><strong>;</strong></span> <span class='ocrx_word' id='word_1_270' title='bbox 2721 1819 2826 1858; x_wconf 91' lang='lat' dir='ltr'><strong>non</strong></span> <span class='ocrx_word' id='word_1_271' title='bbox 2879 1803 2944 1856; x_wconf 89' lang='lat' dir='ltr'><strong>ad</strong></span> <span class='ocrx_word' id='word_1_272' title='bbox 2994 1803 3332 1875; x_wconf 80' lang='lat' dir='ltr'><strong>iniquitatem</strong></span> <span class='ocrx_word' id='word_1_273' title='bbox 3364 1845 3380 1871; x_wconf 95' lang='lat'><strong>,</strong></span> 
     </span>
    </p>
   </div>
   <div class='ocr_carea' id='block_1_33' title="bbox 0 1895 3381 1978">
    <p class='ocr_par' dir='ltr' id='par_1_33' title="bbox 0 1895 3381 1978">
     <span class='ocr_line' id='line_1_33' title="bbox 0 1895 3381 1978; baseline -0.002 -17"><span class='ocrx_word' id='word_1_274' title='bbox 0 1908 63 1977; x_wconf 82' lang='lat' dir='ltr'><strong>ej</strong></span> <span class='ocrx_word' id='word_1_275' title='bbox 81 1922 171 1960; x_wconf 89' lang='lat' dir='ltr'><strong>us</strong></span> <span class='ocrx_word' id='word_1_276' title='bbox 208 1920 227 1969; x_wconf 88' lang='lat'><strong>;</strong></span> <span class='ocrx_word' id='word_1_277' title='bbox 263 1904 387 1975; x_wconf 90' lang='lat' dir='ltr'><strong>quia</strong></span> <span class='ocrx_word' id='word_1_278' title='bbox 420 1902 515 1957; x_wconf 91' lang='lat' dir='ltr'><strong>illo</strong></span> <span class='ocrx_word' id='word_1_279' title='bbox 542 1899 758 1954; x_wconf 89' lang='lat' dir='ltr'><strong>silentio</strong></span> <span class='ocrx_word' id='word_1_280' title='bbox 788 1896 1052 1968; x_wconf 85' lang='lat' dir='ltr'><strong>passionis</strong></span> <span class='ocrx_word' id='word_1_281' title='bbox 1084 1912 1194 1950; x_wconf 82' lang='lat' dir='ltr'><strong>suae</strong></span> <span class='ocrx_word' id='word_1_282' title='bbox 1243 1895 1539 1949; x_wconf 87' lang='lat' dir='ltr'><strong>clamorem</strong></span> <span class='ocrx_word' id='word_1_283' title='bbox 1567 1905 1683 1946; x_wconf 89' lang='lat' dir='ltr'><strong>om-</strong></span> <span class='ocrx_word' id='word_1_284' title='bbox 1712 1918 1762 1978; x_wconf 78' lang='grc' dir='ltr'><strong>Β</strong></span> <span class='ocrx_word' id='word_1_285' title='bbox 1787 1896 1880 1950; x_wconf 86' lang='lat' dir='ltr'><strong>sed</strong></span> <span class='ocrx_word' id='word_1_286' title='bbox 1912 1895 1978 1950; x_wconf 87' lang='lat' dir='ltr'><strong>ad</strong></span> <span class='ocrx_word' id='word_1_287' title='bbox 2010 1897 2320 1967; x_wconf 77' lang='lat' dir='ltr'><strong>aequitatem</strong></span> <span class='ocrx_word' id='word_1_288' title='bbox 2348 1897 2610 1953; x_wconf 89' lang='lat' dir='ltr'><strong>inclinare</strong></span> <span class='ocrx_word' id='word_1_289' title='bbox 2639 1939 2652 1964; x_wconf 94' lang='lat'><strong>,</strong></span> <span class='ocrx_word' id='word_1_290' title='bbox 2716 1908 2925 1969; x_wconf 80' lang='lat' dir='ltr'><strong>propter</strong></span> <span class='ocrx_word' id='word_1_291' title='bbox 2972 1897 3381 1953; x_wconf 80' lang='lat' dir='ltr'><strong>retributionem.</strong></span> 
     </span>
    </p>
   </div>
   <div class='ocr_carea' id='block_1_34' title="bbox 0 1984 1682 2070">
    <p class='ocr_par' dir='ltr' id='par_1_34' title="bbox 0 1984 1682 2070">
     <span class='ocr_line' id='line_1_34' title="bbox 0 1984 1682 2070; baseline -0.011 -13"><span class='ocrx_word' id='word_1_292' title='bbox 0 2018 182 2057; x_wconf 69' lang='lat' dir='ltr'><strong>“cui</strong></span> <span class='ocrx_word' id='word_1_293' title='bbox 224 2000 277 2054; x_wconf 89' lang='lat' dir='ltr'><strong>in</strong></span> <span class='ocrx_word' id='word_1_294' title='bbox 307 2010 584 2070; x_wconf 70' lang='lat' dir='ltr'><strong>pomerium</strong></span> <span class='ocrx_word' id='word_1_295' title='bbox 609 1995 789 2065; x_wconf 77' lang='lat' dir='ltr'><strong>impiae</strong></span> <span class='ocrx_word' id='word_1_296' title='bbox 811 1993 960 2047; x_wconf 85' lang='lat' dir='ltr'><strong>vocis</strong></span> <span class='ocrx_word' id='word_1_297' title='bbox 985 1987 1260 2046; x_wconf 87' lang='lat' dir='ltr'><strong>abolebat.</strong></span> <span class='ocrx_word' id='word_1_298' title='bbox 1290 1986 1519 2042; x_wconf 85' lang='lat' dir='ltr'><strong>Nolebat</strong></span> <span class='ocrx_word' id='word_1_299' title='bbox 1540 1984 1682 2054; x_wconf 79' lang='lat' dir='ltr'><strong>fleri,</strong></span> 
     </span>
    </p>
   </div>
   <div class='ocr_carea' id='block_1_35' title="bbox 0 2080 1681 2165">
    <p class='ocr_par' dir='ltr' id='par_1_35' title="bbox 0 2080 1681 2165">
     <span class='ocr_line' id='line_1_35' title="bbox 0 2080 1681 2165; baseline -0.01 -16"><span class='ocrx_word' id='word_1_300' title='bbox 0 2096 128 2165; x_wconf 63' lang='lat' dir='ltr'><strong>qui</strong></span> <span class='ocrx_word' id='word_1_301' title='bbox 177 2095 408 2149; x_wconf 86' lang='lat' dir='ltr'><strong>dicebat</strong></span> <span class='ocrx_word' id='word_1_302' title='bbox 432 2092 501 2147; x_wconf 87' lang='lat' dir='ltr'><strong>ad</strong></span> <span class='ocrx_word' id='word_1_303' title='bbox 528 2092 666 2147; x_wconf 87' lang='lat' dir='ltr'><strong>Iilias</strong></span> <span class='ocrx_word' id='word_1_304' title='bbox 710 2086 1054 2143; x_wconf 83' lang='lat' dir='ltr'><strong>Hierusalem</strong></span> <span class='ocrx_word' id='word_1_305' title='bbox 1092 2082 1287 2137; x_wconf 78' lang='lat' dir='ltr'><strong>:Filia:</strong></span> <span class='ocrx_word' id='word_1_306' title='bbox 1332 2080 1681 2136; x_wconf 64' lang='lat' dir='ltr'><strong>Hierusalem:</strong></span> 
     </span>
    </p>
   </div>
   <div class='ocr_carea' id='block_1_36' title="bbox 5 2173 1683 2261">
    <p class='ocr_par' dir='ltr' id='par_1_36' title="bbox 5 2173 1683 2261">
     <span class='ocr_line' id='line_1_36' title="bbox 5 2173 1683 2261; baseline -0.012 -11"><span class='ocrx_word' id='word_1_307' title='bbox 5 2194 232 2249; x_wconf 81' lang='lat' dir='ltr'><strong>nolite</strong></span> <span class='ocrx_word' id='word_1_308' title='bbox 276 2207 354 2245; x_wconf 89' lang='lat' dir='ltr'><strong>me</strong></span> <span class='ocrx_word' id='word_1_309' title='bbox 376 2192 505 2261; x_wconf 82' lang='lat' dir='ltr'><strong>ﬂere</strong></span> <span class='ocrx_word' id='word_1_310' title='bbox 528 2230 545 2255; x_wconf 91' lang='lat'><strong>,</strong></span> <span class='ocrx_word' id='word_1_311' title='bbox 579 2187 669 2241; x_wconf 87' lang='lat' dir='ltr'><strong>sed</strong></span> <span class='ocrx_word' id='word_1_312' title='bbox 708 2201 798 2240; x_wconf 78' lang='lat' dir='ltr'><strong>vos</strong></span> <span class='ocrx_word' id='word_1_313' title='bbox 825 2185 967 2254; x_wconf 81' lang='lat' dir='ltr'><strong>ipsas</strong></span> <span class='ocrx_word' id='word_1_314' title='bbox 994 2183 1110 2252; x_wconf 83' lang='lat' dir='ltr'><strong>flete</strong></span> <span class='ocrx_word' id='word_1_315' title='bbox 1135 2179 1157 2253; x_wconf 92' lang='lat'><strong>(</strong></span> <span class='ocrx_word' id='word_1_316' title='bbox 1180 2178 1312 2233; x_wconf 85' lang='lat' dir='ltr'><strong>Luc.</strong></span> <span class='ocrx_word' id='word_1_317' title='bbox 1346 2192 1477 2232; x_wconf 87' lang='lat' dir='ltr'><strong>xxtu</strong></span> <span class='ocrx_word' id='word_1_318' title='bbox 1503 2219 1519 2245; x_wconf 94' lang='lat'><strong>,</strong></span> <span class='ocrx_word' id='word_1_319' title='bbox 1548 2175 1619 2231; x_wconf 75' lang='lat'><strong>28</strong></span> <span class='ocrx_word' id='word_1_320' title='bbox 1641 2173 1683 2247; x_wconf 88' lang='lat'><strong>).</strong></span> 
     </span>
    </p>
   </div>
   <div class='ocr_carea' id='block_1_37' title="bbox 6 2272 1684 2348">
    <p class='ocr_par' dir='ltr' id='par_1_37' title="bbox 6 2272 1684 2348">
     <span class='ocr_line' id='line_1_37' title="bbox 6 2272 1684 2348; baseline -0.012 -4"><span class='ocrx_word' id='word_1_321' title='bbox 6 2288 372 2344; x_wconf 77' lang='lat' dir='ltr'><strong>Ablnturus</strong></span> <span class='ocrx_word' id='word_1_322' title='bbox 418 2284 564 2339; x_wconf 88' lang='lat' dir='ltr'><strong>enim</strong></span> <span class='ocrx_word' id='word_1_323' title='bbox 593 2294 783 2337; x_wconf 87' lang='lat' dir='ltr'><strong>omnes</strong></span> <span class='ocrx_word' id='word_1_324' title='bbox 815 2279 1083 2348; x_wconf 78' lang='lat' dir='ltr'><strong>lacrymas</strong></span> <span class='ocrx_word' id='word_1_325' title='bbox 1113 2290 1225 2329; x_wconf 69' lang='lat' dir='ltr'><strong>su&#39;e</strong></span> <span class='ocrx_word' id='word_1_326' title='bbox 1252 2272 1517 2331; x_wconf 84' lang='lat' dir='ltr'><strong>beneficio</strong></span> <span class='ocrx_word' id='word_1_327' title='bbox 1557 2286 1684 2325; x_wconf 86' lang='lat' dir='ltr'><strong>cru-</strong></span> 
     </span>
    </p>
   </div>
   <div class='ocr_carea' id='block_1_38' title="bbox 6 2366 1685 2449">
    <p class='ocr_par' dir='ltr' id='par_1_38' title="bbox 6 2366 1685 2449">
     <span class='ocr_line' id='line_1_38' title="bbox 6 2366 1685 2449; baseline -0.01 -10"><span class='ocrx_word' id='word_1_328' title='bbox 6 2384 119 2440; x_wconf 77' lang='lat' dir='ltr'><strong>cis</strong></span> <span class='ocrx_word' id='word_1_329' title='bbox 148 2424 169 2449; x_wconf 89' lang='lat'><strong>,</strong></span> <span class='ocrx_word' id='word_1_330' title='bbox 246 2380 297 2434; x_wconf 90' lang='lat' dir='ltr'><strong>in</strong></span> <span class='ocrx_word' id='word_1_331' title='bbox 346 2377 597 2445; x_wconf 86' lang='lat' dir='ltr'><strong>passione</strong></span> <span class='ocrx_word' id='word_1_332' title='bbox 642 2373 857 2446; x_wconf 89' lang='lat' dir='ltr'><strong>propria</strong></span> <span class='ocrx_word' id='word_1_333' title='bbox 890 2372 1084 2427; x_wconf 65' lang='lat' dir='ltr'><strong>futurae</strong></span> <span class='ocrx_word' id='word_1_334' title='bbox 1131 2371 1301 2425; x_wconf 89' lang='lat' dir='ltr'><strong>instar</strong></span> <span class='ocrx_word' id='word_1_335' title='bbox 1335 2366 1685 2425; x_wconf 88' lang='lat' dir='ltr'><strong>beatitudinis</strong></span> 
     </span>
    </p>
   </div>
   <div class='ocr_carea' id='block_1_39' title="bbox 13 2458 1685 2537">
    <p class='ocr_par' dir='ltr' id='par_1_39' title="bbox 13 2458 1685 2537">
     <span class='ocr_line' id='line_1_39' title="bbox 13 2458 1685 2537; baseline -0.011 -6"><span class='ocrx_word' id='word_1_336' title='bbox 13 2471 402 2537; x_wconf 81' lang='lat' dir='ltr'><strong>exhibebat;</strong></span> <span class='ocrx_word' id='word_1_337' title='bbox 430 2481 490 2525; x_wconf 89' lang='lat' dir='ltr'><strong>ut</strong></span> <span class='ocrx_word' id='word_1_338' title='bbox 518 2482 678 2525; x_wconf 89' lang='lat' dir='ltr'><strong>nemo</strong></span> <span class='ocrx_word' id='word_1_339' title='bbox 706 2466 896 2529; x_wconf 84' lang='lat' dir='ltr'><strong>fleret,</strong></span> <span class='ocrx_word' id='word_1_340' title='bbox 929 2463 1032 2520; x_wconf 86' lang='lat' dir='ltr'><strong>nisi</strong></span> <span class='ocrx_word' id='word_1_341' title='bbox 1057 2466 1148 2533; x_wconf 89' lang='lat' dir='ltr'><strong>qui</strong></span> <span class='ocrx_word' id='word_1_342' title='bbox 1173 2460 1378 2518; x_wconf 89' lang='lat' dir='ltr'><strong>Christi</strong></span> <span class='ocrx_word' id='word_1_343' title='bbox 1425 2458 1685 2517; x_wconf 80' lang='lat' dir='ltr'><strong>beneficia</strong></span> 
     </span>
    </p>
   </div>
   <div class='ocr_carea' id='block_1_40' title="bbox 15 2570 459 2624">
    <p class='ocr_par' dir='ltr' id='par_1_40' title="bbox 15 2570 459 2624">
     <span class='ocr_line' id='line_1_40' title="bbox 15 2570 459 2624; baseline -0.018 1"><span class='ocrx_word' id='word_1_344' title='bbox 15 2584 164 2624; x_wconf 72' lang='lat' dir='ltr'><strong>non</strong></span> <span class='ocrx_word' id='word_1_345' title='bbox 220 2570 459 2620; x_wconf 78' lang='lat' dir='ltr'><strong>teneret.</strong></span> 
     </span>
    </p>
   </div>
   <div class='ocr_carea' id='block_1_41' title="bbox 111 2644 1688 2724">
    <p class='ocr_par' dir='ltr' id='par_1_41' title="bbox 111 2644 1688 2724">
     <span class='ocr_line' id='line_1_41' title="bbox 111 2644 1688 2724; baseline -0.011 -11"><span class='ocrx_word' id='word_1_346' title='bbox 111 2659 236 2714; x_wconf 65' lang='grc' dir='ltr'>«ιι.</span> <span class='ocrx_word' id='word_1_347' title='bbox 270 2655 460 2711; x_wconf 82' lang='lat' dir='ltr'><strong>Merito</strong></span> <span class='ocrx_word' id='word_1_348' title='bbox 495 2668 624 2724; x_wconf 85' lang='lat' dir='ltr'><strong>ergo</strong></span> <span class='ocrx_word' id='word_1_349' title='bbox 652 2652 735 2707; x_wconf 92' lang='lat' dir='ltr'><strong>vir</strong></span> <span class='ocrx_word' id='word_1_350' title='bbox 767 2649 1126 2720; x_wconf 87' lang='lat' dir='ltr'><strong>Evangelieus</strong></span> <span class='ocrx_word' id='word_1_351' title='bbox 1152 2647 1317 2703; x_wconf 87' lang='lat' dir='ltr'><strong>dicit:</strong></span> <span class='ocrx_word' id='word_1_352' title='bbox 1368 2644 1688 2701; x_wconf 70' lang='lat' dir='ltr'><strong>[hereditate</strong></span> 
     </span>
    </p>
   </div>
   <div class='ocr_carea' id='block_1_42' title="bbox 20 2738 1688 2825">
    <p class='ocr_par' dir='ltr' id='par_1_42' title="bbox 20 2738 1688 2825">
     <span class='ocr_line' id='line_1_42' title="bbox 20 2738 1688 2825; baseline -0.011 -17"><span class='ocrx_word' id='word_1_353' title='bbox 20 2750 287 2825; x_wconf 75' lang='lat' dir='ltr'><strong>qua’sivi</strong></span> <span class='ocrx_word' id='word_1_354' title='bbox 317 2750 605 2803; x_wconf 79' lang='lat' dir='ltr'><strong>testimonia</strong></span> <span class='ocrx_word' id='word_1_355' title='bbox 626 2756 716 2800; x_wconf 89' lang='lat' dir='ltr'><strong>tua</strong></span> <span class='ocrx_word' id='word_1_356' title='bbox 742 2746 797 2799; x_wconf 89' lang='lat' dir='ltr'><strong>in</strong></span> <span class='ocrx_word' id='word_1_357' title='bbox 824 2754 1073 2800; x_wconf 77' lang='lat' dir='ltr'><strong>wternum</strong></span> <span class='ocrx_word' id='word_1_358' title='bbox 1095 2758 1115 2807; x_wconf 87' lang='lat'><strong><em>;</em></strong></span> <span class='ocrx_word' id='word_1_359' title='bbox 1144 2740 1387 2811; x_wconf 84' lang='lat' dir='ltr'><strong>quoniam</strong></span> <span class='ocrx_word' id='word_1_360' title='bbox 1408 2738 1688 2793; x_wconf 73' lang='lat' dir='ltr'><strong>exsultatio</strong></span> 
     </span>
    </p>
   </div>
   <div class='ocr_carea' id='block_1_43' title="bbox 27 2832 1690 2907">
    <p class='ocr_par' dir='ltr' id='par_1_43' title="bbox 27 2832 1690 2907">
     <span class='ocr_line' id='line_1_43' title="bbox 27 2832 1690 2907; baseline -0.01 -7"><span class='ocrx_word' id='word_1_361' title='bbox 27 2843 255 2900; x_wconf 80' lang='lat' dir='ltr'><strong>cordis</strong></span> <span class='ocrx_word' id='word_1_362' title='bbox 283 2842 381 2895; x_wconf 88' lang='lat' dir='ltr'><strong>mei</strong></span> <span class='ocrx_word' id='word_1_363' title='bbox 399 2849 539 2894; x_wconf 86' lang='lat' dir='ltr'><strong>sunt.</strong></span> <span class='ocrx_word' id='word_1_364' title='bbox 563 2840 694 2907; x_wconf 86' lang='lat' dir='ltr'><strong>Quis</strong></span> <span class='ocrx_word' id='word_1_365' title='bbox 725 2852 831 2893; x_wconf 88' lang='lat' dir='ltr'><strong>non</strong></span> <span class='ocrx_word' id='word_1_366' title='bbox 860 2836 1113 2899; x_wconf 59' lang='lat' dir='ltr'><strong>exsultet,</strong></span> <span class='ocrx_word' id='word_1_367' title='bbox 1143 2834 1236 2900; x_wconf 86' lang='lat' dir='ltr'><strong>qui</strong></span> <span class='ocrx_word' id='word_1_368' title='bbox 1264 2832 1462 2889; x_wconf 69' lang='lat' dir='ltr'><strong>cmlum</strong></span> <span class='ocrx_word' id='word_1_369' title='bbox 1491 2838 1548 2887; x_wconf 89' lang='lat' dir='ltr'><strong>et</strong></span> <span class='ocrx_word' id='word_1_370' title='bbox 1580 2840 1690 2885; x_wconf 87' lang='lat' dir='ltr'><strong>ter-</strong></span> 
     </span>
    </p>
   </div>
   <div class='ocr_carea' id='block_1_44' title="bbox 28 2928 1690 2999">
    <p class='ocr_par' dir='ltr' id='par_1_44' title="bbox 28 2928 1690 2999">
     <span class='ocr_line' id='line_1_44' title="bbox 28 2928 1690 2999; baseline -0.01 -5"><span class='ocrx_word' id='word_1_371' title='bbox 28 2952 182 2994; x_wconf 84' lang='lat' dir='ltr'><strong>ram</strong></span> <span class='ocrx_word' id='word_1_372' title='bbox 225 2932 549 2989; x_wconf 67' lang='lat' dir='ltr'><strong>haereditate</strong></span> <span class='ocrx_word' id='word_1_373' title='bbox 577 2930 823 2998; x_wconf 62' lang='lat' dir='ltr'><strong>quaesivit</strong></span> <span class='ocrx_word' id='word_1_374' title='bbox 861 2930 1023 2999; x_wconf 76' lang='lat' dir='ltr'><strong>(quae</strong></span> <span class='ocrx_word' id='word_1_375' title='bbox 1068 2930 1176 2981; x_wconf 89' lang='lat' dir='ltr'><strong>duo</strong></span> <span class='ocrx_word' id='word_1_376' title='bbox 1205 2928 1471 2980; x_wconf 87' lang='lat' dir='ltr'><strong>elementa</strong></span> <span class='ocrx_word' id='word_1_377' title='bbox 1501 2931 1690 2978; x_wconf 87' lang='lat' dir='ltr'><strong>conle-</strong></span> 
     </span>
    </p>
   </div>
   <div class='ocr_carea' id='block_1_45' title="bbox 34 3018 1694 3090">
    <p class='ocr_par' dir='ltr' id='par_1_45' title="bbox 34 3018 1694 3090">
     <span class='ocr_line' id='line_1_45' title="bbox 34 3018 1694 3090; baseline -0.011 -3"><span class='ocrx_word' id='word_1_378' title='bbox 34 3038 259 3087; x_wconf 78' lang='lat' dir='ltr'><strong>status</strong></span> <span class='ocrx_word' id='word_1_379' title='bbox 289 3034 372 3081; x_wconf 91' lang='lat' dir='ltr'><strong>est</strong></span> <span class='ocrx_word' id='word_1_380' title='bbox 395 3025 556 3081; x_wconf 89' lang='lat' dir='ltr'><strong>etiam</strong></span> <span class='ocrx_word' id='word_1_381' title='bbox 588 3022 733 3079; x_wconf 88' lang='lat' dir='ltr'><strong>Deus</strong></span> <span class='ocrx_word' id='word_1_382' title='bbox 755 3063 769 3086; x_wconf 87' lang='lat'><strong>,</strong></span> <span class='ocrx_word' id='word_1_383' title='bbox 797 3036 919 3077; x_wconf 89' lang='lat' dir='ltr'><strong>eum</strong></span> <span class='ocrx_word' id='word_1_384' title='bbox 944 3021 1117 3090; x_wconf 87' lang='lat' dir='ltr'><strong>legem</strong></span> <span class='ocrx_word' id='word_1_385' title='bbox 1150 3018 1343 3088; x_wconf 89' lang='lat' dir='ltr'><strong>daret)</strong></span> <span class='ocrx_word' id='word_1_386' title='bbox 1377 3018 1503 3087; x_wconf 89' lang='lat' dir='ltr'><strong>quia</strong></span> <span class='ocrx_word' id='word_1_387' title='bbox 1541 3031 1694 3087; x_wconf 70' lang='lat' dir='ltr'><strong>quie-</strong></span> 
     </span>
    </p>
   </div>
   <div class='ocr_carea' id='block_1_46' title="bbox 32 3108 1692 3186">
    <p class='ocr_par' dir='ltr' id='par_1_46' title="bbox 32 3108 1692 3186">
     <span class='ocr_line' id='line_1_46' title="bbox 32 3108 1692 3186; baseline -0.01 -9"><span class='ocrx_word' id='word_1_388' title='bbox 32 3122 194 3178; x_wconf 86' lang='lat' dir='ltr'><strong>sivit</strong></span> <span class='ocrx_word' id='word_1_389' title='bbox 236 3119 434 3183; x_wconf 89' lang='lat' dir='ltr'><strong>Deum,</strong></span> <span class='ocrx_word' id='word_1_390' title='bbox 464 3116 531 3171; x_wconf 93' lang='lat' dir='ltr'><strong>de</strong></span> <span class='ocrx_word' id='word_1_391' title='bbox 559 3130 670 3186; x_wconf 91' lang='lat' dir='ltr'><strong>quo</strong></span> <span class='ocrx_word' id='word_1_392' title='bbox 690 3114 819 3169; x_wconf 89' lang='lat' dir='ltr'><strong>dicit</strong></span> <span class='ocrx_word' id='word_1_393' title='bbox 845 3113 1076 3169; x_wconf 88' lang='lat' dir='ltr'><strong>Sanctus</strong></span> <span class='ocrx_word' id='word_1_394' title='bbox 1103 3130 1114 3164; x_wconf 92' lang='lat'><strong>:</strong></span> <span class='ocrx_word' id='word_1_395' title='bbox 1163 3110 1340 3165; x_wconf 85' lang='lat' dir='ltr'><strong>Portio</strong></span> <span class='ocrx_word' id='word_1_396' title='bbox 1366 3125 1476 3165; x_wconf 86' lang='lat' dir='ltr'><strong>mea</strong></span> <span class='ocrx_word' id='word_1_397' title='bbox 1511 3108 1692 3162; x_wconf 88' lang='lat' dir='ltr'><strong>Domi-</strong></span> 
     </span>
    </p>
   </div>
   <div class='ocr_carea' id='block_1_47' title="bbox 39 3201 1688 3279">
    <p class='ocr_par' dir='ltr' id='par_1_47' title="bbox 39 3201 1688 3279">
     <span class='ocr_line' id='line_1_47' title="bbox 39 3201 1688 3279; baseline -0.009 -10"><span class='ocrx_word' id='word_1_398' title='bbox 39 3229 158 3269; x_wconf 85' lang='lat' dir='ltr'><strong>nus</strong></span> <span class='ocrx_word' id='word_1_399' title='bbox 190 3226 216 3265; x_wconf 90' lang='lat'><strong><em>:</em></strong></span> <span class='ocrx_word' id='word_1_400' title='bbox 272 3209 522 3279; x_wconf 70' lang='lat' dir='ltr'><strong>quaesivit</strong></span> <span class='ocrx_word' id='word_1_401' title='bbox 552 3207 832 3261; x_wconf 84' lang='lat' dir='ltr'><strong>Dominum</strong></span> <span class='ocrx_word' id='word_1_402' title='bbox 877 3204 1060 3261; x_wconf 76' lang='lat' dir='ltr'><strong>Iesum</strong></span> <span class='ocrx_word' id='word_1_403' title='bbox 1086 3245 1102 3270; x_wconf 96' lang='lat'><strong>,</strong></span> <span class='ocrx_word' id='word_1_404' title='bbox 1146 3202 1393 3273; x_wconf 67' lang='lat' dir='ltr'><strong>quaesivit</strong></span> <span class='ocrx_word' id='word_1_405' title='bbox 1429 3201 1688 3271; x_wconf 89' lang='lat' dir='ltr'><strong>Spiritum</strong></span> 
     </span>
    </p>
   </div>
   <div class='ocr_carea' id='block_1_48' title="bbox 1789 1987 3377 2061">
    <p class='ocr_par' dir='ltr' id='par_1_48' title="bbox 1789 1987 3377 2061">
     <span class='ocr_line' id='line_1_48' title="bbox 1789 1987 3377 2061; baseline 0.002 -18"><span class='ocrx_word' id='word_1_406' title='bbox 1789 1987 2097 2045; x_wconf 85' lang='lat' dir='ltr'><strong>Retributio</strong></span> <span class='ocrx_word' id='word_1_407' title='bbox 2124 2005 2350 2059; x_wconf 78' lang='lat' dir='ltr'><strong>regnum</strong></span> <span class='ocrx_word' id='word_1_408' title='bbox 2392 1990 2681 2058; x_wconf 82' lang='lat' dir='ltr'><strong>caelorum,</strong></span> <span class='ocrx_word' id='word_1_409' title='bbox 2710 1997 2766 2045; x_wconf 88' lang='lat' dir='ltr'><strong>et</strong></span> <span class='ocrx_word' id='word_1_410' title='bbox 2828 1989 3061 2061; x_wconf 79' lang='lat' dir='ltr'><strong>paradisi</strong></span> <span class='ocrx_word' id='word_1_411' title='bbox 3116 2001 3197 2046; x_wconf 89' lang='lat' dir='ltr'><strong>est</strong></span> <span class='ocrx_word' id='word_1_412' title='bbox 3224 1990 3377 2047; x_wconf 89' lang='lat' dir='ltr'><strong>ineo-</strong></span> 
     </span>
    </p>
   </div>
   <div class='ocr_carea' id='block_1_49' title="bbox 1790 2080 3019 2225">
    <p class='ocr_par' dir='ltr' id='par_1_49' title="bbox 1790 2080 3019 2225">
     <span class='ocr_line' id='line_1_49' title="bbox 1790 2080 3019 2225; baseline -0.001 -15"><span class='ocrx_word' id='word_1_413' title='bbox 1790 2080 1953 2137; x_wconf 60' lang='lat' dir='ltr'><strong>mus&#39;</strong></span> <span class='ocrx_word' id='word_1_414' title='bbox 2095 2153 2329 2210; x_wconf 83' lang='lat' dir='ltr'><strong>SERMO</strong></span> <span class='ocrx_word' id='word_1_415' title='bbox 2368 2153 2663 2211; x_wconf 77' lang='lat' dir='ltr'><strong>DECIMUS</strong></span> <span class='ocrx_word' id='word_1_416' title='bbox 2700 2154 3019 2225; x_wconf 76' lang='lat' dir='ltr'><strong>QUINTUS.</strong></span> 
     </span>
    </p>
   </div>
   <div class='ocr_carea' id='block_1_50' title="bbox 2407 2248 2736 2304">
    <p class='ocr_par' dir='ltr' id='par_1_50' title="bbox 2407 2248 2736 2304">
     <span class='ocr_line' id='line_1_50' title="bbox 2407 2248 2736 2304; baseline 0.009 -3"><span class='ocrx_word' id='word_1_417' title='bbox 2407 2253 2466 2302; x_wconf 86' lang='lat' dir='ltr'><strong>D.</strong></span> <span class='ocrx_word' id='word_1_418' title='bbox 2493 2248 2736 2304; x_wconf 86' lang='lat' dir='ltr'><strong>Samech.</strong></span> 
     </span>
    </p>
   </div>
   <div class='ocr_carea' id='block_1_51' title="bbox 1862 2362 3386 2436">
    <p class='ocr_par' dir='ltr' id='par_1_51' title="bbox 1862 2362 3386 2436">
     <span class='ocr_line' id='line_1_51' title="bbox 1862 2362 3386 2436; baseline 0.002 -17"><span class='ocrx_word' id='word_1_419' title='bbox 1862 2365 1914 2419; x_wconf 83' lang='lat' dir='ltr'><strong>l.</strong></span> <span class='ocrx_word' id='word_1_420' title='bbox 1935 2362 2127 2436; x_wconf 87' lang='lat' dir='ltr'><strong>Incipit</strong></span> <span class='ocrx_word' id='word_1_421' title='bbox 2154 2363 2379 2419; x_wconf 84' lang='lat' dir='ltr'><strong>Samech</strong></span> <span class='ocrx_word' id='word_1_422' title='bbox 2402 2363 2576 2419; x_wconf 84' lang='lat' dir='ltr'><strong>littera</strong></span> <span class='ocrx_word' id='word_1_423' title='bbox 2602 2364 2812 2420; x_wconf 90' lang='lat' dir='ltr'><strong>decima</strong></span> <span class='ocrx_word' id='word_1_424' title='bbox 2835 2365 3045 2436; x_wconf 84' lang='lat' dir='ltr'><strong>quinta,</strong></span> <span class='ocrx_word' id='word_1_425' title='bbox 3073 2381 3192 2436; x_wconf 70' lang='lat' dir='ltr'><strong>quae</strong></span> <span class='ocrx_word' id='word_1_426' title='bbox 3215 2365 3386 2422; x_wconf 89' lang='lat' dir='ltr'><strong>inter-</strong></span> 
     </span>
    </p>
   </div>
   <div class='ocr_carea' id='block_1_52' title="bbox 1790 2458 3388 2531">
    <p class='ocr_par' dir='ltr' id='par_1_52' title="bbox 1790 2458 3388 2531">
     <span class='ocr_line' id='line_1_52' title="bbox 1790 2458 3388 2531; baseline 0.003 -19"><span class='ocrx_word' id='word_1_427' title='bbox 1790 2459 2149 2528; x_wconf 89' lang='lat' dir='ltr'><strong>pretationem</strong></span> <span class='ocrx_word' id='word_1_428' title='bbox 2182 2460 2361 2523; x_wconf 85' lang='lat' dir='ltr'><strong>habet,</strong></span> <span class='ocrx_word' id='word_1_429' title='bbox 2393 2458 2549 2513; x_wconf 84' lang='lat' dir='ltr'><strong>Audi.</strong></span> <span class='ocrx_word' id='word_1_430' title='bbox 2581 2458 2675 2513; x_wconf 87' lang='lat' dir='ltr'><strong>Est</strong></span> <span class='ocrx_word' id='word_1_431' title='bbox 2699 2468 2755 2514; x_wconf 90' lang='lat' dir='ltr'><strong>et</strong></span> <span class='ocrx_word' id='word_1_432' title='bbox 2774 2460 2878 2515; x_wconf 88' lang='lat' dir='ltr'><strong>alia</strong></span> <span class='ocrx_word' id='word_1_433' title='bbox 2905 2461 3023 2530; x_wconf 92' lang='lat' dir='ltr'><strong>ejus</strong></span> <span class='ocrx_word' id='word_1_434' title='bbox 3057 2460 3388 2531; x_wconf 88' lang='lat' dir='ltr'><strong>interpreta-</strong></span> 
     </span>
    </p>
   </div>
   <div class='ocr_carea' id='block_1_53' title="bbox 1790 2549 3385 2619">
    <p class='ocr_par' dir='ltr' id='par_1_53' title="bbox 1790 2549 3385 2619">
     <span class='ocr_line' id='line_1_53' title="bbox 1790 2549 3385 2619; baseline 0.003 -14"><span class='ocrx_word' id='word_1_435' title='bbox 1790 2549 1888 2616; x_wconf 88' lang='lat' dir='ltr'><strong>tio,</strong></span> <span class='ocrx_word' id='word_1_436' title='bbox 1921 2566 2041 2619; x_wconf 73' lang='lat' dir='ltr'><strong>qutn</strong></span> <span class='ocrx_word' id='word_1_437' title='bbox 2061 2551 2280 2617; x_wconf 88' lang='lat' dir='ltr'><strong>dicitur,</strong></span> <span class='ocrx_word' id='word_1_438' title='bbox 2307 2550 2737 2605; x_wconf 77' lang='lat' dir='ltr'><strong>Firmamentum.</strong></span> <span class='ocrx_word' id='word_1_439' title='bbox 2762 2551 2903 2617; x_wconf 86' lang='lat' dir='ltr'><strong>Quid</strong></span> <span class='ocrx_word' id='word_1_440' title='bbox 2922 2560 3027 2618; x_wconf 82' lang='lat' dir='ltr'><strong>est,</strong></span> <span class='ocrx_word' id='word_1_441' title='bbox 3064 2552 3241 2607; x_wconf 82' lang='lat' dir='ltr'><strong>Audi?</strong></span> <span class='ocrx_word' id='word_1_442' title='bbox 3264 2552 3385 2609; x_wconf 84' lang='lat' dir='ltr'><strong>Non</strong></span> 
     </span>
    </p>
   </div>
   <div class='ocr_carea' id='block_1_54' title="bbox 1788 2641 3387 2715">
    <p class='ocr_par' dir='ltr' id='par_1_54' title="bbox 1788 2641 3387 2715">
     <span class='ocr_line' id='line_1_54' title="bbox 1788 2641 3387 2715; baseline 0.003 -19"><span class='ocrx_word' id='word_1_443' title='bbox 1788 2643 1966 2698; x_wconf 89' lang='lat' dir='ltr'><strong>otiose</strong></span> <span class='ocrx_word' id='word_1_444' title='bbox 1991 2641 2193 2697; x_wconf 87' lang='lat' dir='ltr'><strong>dicitur</strong></span> <span class='ocrx_word' id='word_1_445' title='bbox 2220 2642 2365 2710; x_wconf 89' lang='lat' dir='ltr'><strong>quod</strong></span> <span class='ocrx_word' id='word_1_446' title='bbox 2382 2658 2670 2698; x_wconf 90' lang='lat' dir='ltr'><strong>commune</strong></span> <span class='ocrx_word' id='word_1_447' title='bbox 2683 2644 3059 2711; x_wconf 89' lang='lat' dir='ltr'><strong>estonmibus,</strong></span> <span class='ocrx_word' id='word_1_448' title='bbox 3077 2655 3130 2700; x_wconf 88' lang='lat' dir='ltr'><strong>et</strong></span> <span class='ocrx_word' id='word_1_449' title='bbox 3147 2646 3387 2715; x_wconf 83' lang='lat' dir='ltr'><strong>suppetit</strong></span> 
     </span>
    </p>
   </div>
   <div class='ocr_carea' id='block_1_55' title="bbox 1791 2733 3386 2803">
    <p class='ocr_par' dir='ltr' id='par_1_55' title="bbox 1791 2733 3386 2803">
     <span class='ocr_line' id='line_1_55' title="bbox 1791 2733 3386 2803; baseline 0.003 -16"><span class='ocrx_word' id='word_1_450' title='bbox 1791 2733 2060 2788; x_wconf 82' lang='lat' dir='ltr'><strong>universis</strong></span> <span class='ocrx_word' id='word_1_451' title='bbox 2089 2734 2206 2803; x_wconf 92' lang='lat' dir='ltr'><strong>ipso</strong></span> <span class='ocrx_word' id='word_1_452' title='bbox 2228 2733 2353 2803; x_wconf 85' lang='lat' dir='ltr'><strong>jure</strong></span> <span class='ocrx_word' id='word_1_453' title='bbox 2377 2744 2607 2790; x_wconf 76' lang='lat' dir='ltr'><strong>naturze.</strong></span> <span class='ocrx_word' id='word_1_454' title='bbox 2642 2735 2711 2789; x_wconf 86' lang='lat' dir='ltr'><strong>Et</strong></span> <span class='ocrx_word' id='word_1_455' title='bbox 2738 2736 2860 2790; x_wconf 89' lang='lat' dir='ltr'><strong>ideo</strong></span> <span class='ocrx_word' id='word_1_456' title='bbox 2891 2752 2997 2790; x_wconf 91' lang='lat' dir='ltr'><strong>non</strong></span> <span class='ocrx_word' id='word_1_457' title='bbox 3038 2747 3123 2791; x_wconf 87' lang='lat' dir='ltr'><strong>est</strong></span> <span class='ocrx_word' id='word_1_458' title='bbox 3147 2738 3386 2792; x_wconf 88' lang='lat' dir='ltr'><strong>otiosmn</strong></span> 
     </span>
    </p>
   </div>
   <div class='ocr_carea' id='block_1_56' title="bbox 1792 2825 3388 2895">
    <p class='ocr_par' dir='ltr' id='par_1_56' title="bbox 1792 2825 3388 2895">
     <span class='ocr_line' id='line_1_56' title="bbox 1792 2825 3388 2895; baseline 0.004 -17"><span class='ocrx_word' id='word_1_459' title='bbox 1792 2825 1934 2895; x_wconf 87' lang='lat' dir='ltr'><strong>quod</strong></span> <span class='ocrx_word' id='word_1_460' title='bbox 1956 2826 2267 2881; x_wconf 91' lang='lat' dir='ltr'><strong>admoneris</strong></span> <span class='ocrx_word' id='word_1_461' title='bbox 2298 2835 2358 2881; x_wconf 92' lang='lat' dir='ltr'><strong>ut</strong></span> <span class='ocrx_word' id='word_1_462' title='bbox 2378 2826 2599 2892; x_wconf 85' lang='lat' dir='ltr'><strong>audias;</strong></span> <span class='ocrx_word' id='word_1_463' title='bbox 2625 2842 2745 2883; x_wconf 88' lang='lat' dir='ltr'><strong>cum</strong></span> <span class='ocrx_word' id='word_1_464' title='bbox 2776 2830 2939 2882; x_wconf 88' lang='lat' dir='ltr'><strong>etiam</strong></span> <span class='ocrx_word' id='word_1_465' title='bbox 2964 2829 3134 2895; x_wconf 90' lang='lat' dir='ltr'><strong>inviti,</strong></span> <span class='ocrx_word' id='word_1_466' title='bbox 3162 2838 3219 2883; x_wconf 89' lang='lat' dir='ltr'><strong>et</strong></span> <span class='ocrx_word' id='word_1_467' title='bbox 3239 2829 3388 2885; x_wconf 84' lang='lat' dir='ltr'><strong>aliud</strong></span> 
     </span>
    </p>
   </div>
   <div class='ocr_carea' id='block_1_57' title="bbox 1790 2919 3382 2989">
    <p class='ocr_par' dir='ltr' id='par_1_57' title="bbox 1790 2919 3382 2989">
     <span class='ocr_line' id='line_1_57' title="bbox 1790 2919 3382 2989; baseline 0.001 -16"><span class='ocrx_word' id='word_1_468' title='bbox 1790 2928 2039 2989; x_wconf 83' lang='lat' dir='ltr'><strong>agentes,</strong></span> <span class='ocrx_word' id='word_1_469' title='bbox 2071 2933 2263 2973; x_wconf 89' lang='lat' dir='ltr'><strong>sonum</strong></span> <span class='ocrx_word' id='word_1_470' title='bbox 2294 2926 2498 2985; x_wconf 90' lang='lat' dir='ltr'><strong>tamen,</strong></span> <span class='ocrx_word' id='word_1_471' title='bbox 2532 2928 2624 2973; x_wconf 89' lang='lat' dir='ltr'><strong>aut</strong></span> <span class='ocrx_word' id='word_1_472' title='bbox 2651 2935 2843 2975; x_wconf 88' lang='lat' dir='ltr'><strong>vocem</strong></span> <span class='ocrx_word' id='word_1_473' title='bbox 2872 2919 3063 2976; x_wconf 88' lang='lat' dir='ltr'><strong>audire</strong></span> <span class='ocrx_word' id='word_1_474' title='bbox 3085 2921 3382 2977; x_wconf 87' lang='lat' dir='ltr'><strong>soleamus.</strong></span> 
     </span>
    </p>
   </div>
   <div class='ocr_carea' id='block_1_58' title="bbox 1793 3009 3391 3085">
    <p class='ocr_par' dir='ltr' id='par_1_58' title="bbox 1793 3009 3391 3085">
     <span class='ocr_line' id='line_1_58' title="bbox 1793 3009 3391 3085; baseline 0.003 -20"><span class='ocrx_word' id='word_1_475' title='bbox 1793 3009 1902 3066; x_wconf 89' lang='lat' dir='ltr'><strong>Sed</strong></span> <span class='ocrx_word' id='word_1_476' title='bbox 1942 3011 2065 3081; x_wconf 89' lang='lat' dir='ltr'><strong>quia</strong></span> <span class='ocrx_word' id='word_1_477' title='bbox 2116 3019 2330 3066; x_wconf 92' lang='lat' dir='ltr'><strong>nonest</strong></span> <span class='ocrx_word' id='word_1_478' title='bbox 2374 3010 2549 3066; x_wconf 92' lang='lat' dir='ltr'><strong>solum</strong></span> <span class='ocrx_word' id='word_1_479' title='bbox 2589 3011 2778 3068; x_wconf 88' lang='lat' dir='ltr'><strong>audire</strong></span> <span class='ocrx_word' id='word_1_480' title='bbox 2833 3011 2935 3068; x_wconf 91' lang='lat' dir='ltr'><strong>hoc</strong></span> <span class='ocrx_word' id='word_1_481' title='bbox 2979 3013 3121 3084; x_wconf 85' lang='lat' dir='ltr'><strong>quod</strong></span> <span class='ocrx_word' id='word_1_482' title='bbox 3148 3013 3391 3085; x_wconf 87' lang='lat' dir='ltr'><strong>suppetit</strong></span> 
     </span>
    </p>
   </div>
   <div class='ocr_carea' id='block_1_59' title="bbox 1758 3102 3388 3177">
    <p class='ocr_par' dir='ltr' id='par_1_59' title="bbox 1758 3102 3388 3177">
     <span class='ocr_line' id='line_1_59' title="bbox 1758 3102 3388 3177; baseline 0.004 -19"><span class='ocrx_word' id='word_1_483' title='bbox 1758 3102 1765 3112; x_wconf 86' lang='grc'><em>’</em></span> <span class='ocrx_word' id='word_1_484' title='bbox 1793 3105 1975 3159; x_wconf 78' lang='lat' dir='ltr'><strong>officio</strong></span> <span class='ocrx_word' id='word_1_485' title='bbox 2004 3114 2246 3160; x_wconf 66' lang='lat' dir='ltr'><strong>naturai:</strong></span> <span class='ocrx_word' id='word_1_486' title='bbox 2277 3105 2369 3160; x_wconf 90' lang='lat' dir='ltr'><strong>sed</strong></span> <span class='ocrx_word' id='word_1_487' title='bbox 2394 3106 2556 3159; x_wconf 88' lang='lat' dir='ltr'><strong>etiam</strong></span> <span class='ocrx_word' id='word_1_488' title='bbox 2588 3105 2719 3161; x_wconf 90' lang='lat' dir='ltr'><strong>illud</strong></span> <span class='ocrx_word' id='word_1_489' title='bbox 2768 3106 2911 3177; x_wconf 90' lang='lat' dir='ltr'><strong>quod</strong></span> <span class='ocrx_word' id='word_1_490' title='bbox 2960 3108 3133 3177; x_wconf 89' lang='lat' dir='ltr'><strong>majus</strong></span> <span class='ocrx_word' id='word_1_491' title='bbox 3155 3117 3239 3163; x_wconf 88' lang='lat' dir='ltr'><strong>est</strong></span> <span class='ocrx_word' id='word_1_492' title='bbox 3265 3149 3281 3176; x_wconf 91' lang='lat'><strong>,</strong></span> <span class='ocrx_word' id='word_1_493' title='bbox 3327 3118 3388 3165; x_wconf 90' lang='lat' dir='ltr'><strong>ut</strong></span> 
     </span>
    </p>
   </div>
   <div class='ocr_carea' id='block_1_60' title="bbox 1791 3197 3388 3270">
    <p class='ocr_par' dir='ltr' id='par_1_60' title="bbox 1791 3197 3388 3270">
     <span class='ocr_line' id='line_1_60' title="bbox 1791 3197 3388 3270; baseline 0.003 -17"><span class='ocrx_word' id='word_1_494' title='bbox 1791 3197 1980 3253; x_wconf 87' lang='lat' dir='ltr'><strong>audias</strong></span> <span class='ocrx_word' id='word_1_495' title='bbox 2010 3214 2116 3253; x_wconf 91' lang='lat' dir='ltr'><strong>non</strong></span> <span class='ocrx_word' id='word_1_496' title='bbox 2149 3213 2249 3253; x_wconf 91' lang='lat' dir='ltr'><strong>usu</strong></span> <span class='ocrx_word' id='word_1_497' title='bbox 2281 3208 2489 3252; x_wconf 87' lang='lat' dir='ltr'><strong>tantum</strong></span> <span class='ocrx_word' id='word_1_498' title='bbox 2513 3200 2792 3268; x_wconf 84' lang='lat' dir='ltr'><strong>corporis,</strong></span> <span class='ocrx_word' id='word_1_499' title='bbox 2820 3210 3079 3270; x_wconf 88' lang='lat' dir='ltr'><strong>quantum</strong></span> <span class='ocrx_word' id='word_1_500' title='bbox 3113 3201 3388 3257; x_wconf 90' lang='lat' dir='ltr'><strong>intellectu</strong></span> 
     </span>
    </p>
   </div>
   <div class='ocr_carea' id='block_1_61' title="bbox 35 3290 3389 3376">
    <p class='ocr_par' dir='ltr' id='par_1_61' title="bbox 35 3290 3389 3376">
     <span class='ocr_line' id='line_1_61' title="bbox 35 3290 3389 3376; baseline -0.002 -18"><span class='ocrx_word' id='word_1_501' title='bbox 35 3312 365 3367; x_wconf 86' lang='lat' dir='ltr'><strong>sanctum;</strong></span> <span class='ocrx_word' id='word_1_502' title='bbox 413 3310 468 3356; x_wconf 91' lang='lat' dir='ltr'><strong>et</strong></span> <span class='ocrx_word' id='word_1_503' title='bbox 494 3306 617 3371; x_wconf 90' lang='lat' dir='ltr'><strong>post</strong></span> <span class='ocrx_word' id='word_1_504' title='bbox 644 3299 736 3353; x_wconf 90' lang='lat' dir='ltr'><strong>illa</strong></span> <span class='ocrx_word' id='word_1_505' title='bbox 766 3296 1013 3368; x_wconf 72' lang='lat' dir='ltr'><strong>quaesivit</strong></span> <span class='ocrx_word' id='word_1_506' title='bbox 1050 3295 1276 3366; x_wconf 84' lang='lat' dir='ltr'><strong>angelos</strong></span> <span class='ocrx_word' id='word_1_507' title='bbox 1300 3336 1313 3359; x_wconf 90' lang='lat'><strong>,</strong></span> <span class='ocrx_word' id='word_1_508' title='bbox 1344 3301 1401 3349; x_wconf 91' lang='lat' dir='ltr'><strong>et</strong></span> <span class='ocrx_word' id='word_1_509' title='bbox 1428 3309 1551 3349; x_wconf 90' lang='lat' dir='ltr'><strong>cum</strong></span> <span class='ocrx_word' id='word_1_510' title='bbox 1582 3294 1689 3349; x_wconf 90' lang='lat' dir='ltr'><strong>illis</strong></span> <span class='ocrx_word' id='word_1_511' title='bbox 1718 3311 1763 3376; x_wconf 66' lang='grc' dir='ltr'><strong>ρ</strong></span> <span class='ocrx_word' id='word_1_512' title='bbox 1795 3290 1992 3346; x_wconf 89' lang='lat' dir='ltr'><strong>mentis</strong></span> <span class='ocrx_word' id='word_1_513' title='bbox 2019 3306 2033 3356; x_wconf 91' lang='lat'><strong>;</strong></span> <span class='ocrx_word' id='word_1_514' title='bbox 2070 3290 2191 3346; x_wconf 91' lang='lat' dir='ltr'><strong>ideo</strong></span> <span class='ocrx_word' id='word_1_515' title='bbox 2223 3290 2531 3361; x_wconf 89' lang='lat' dir='ltr'><strong>diligentius</strong></span> <span class='ocrx_word' id='word_1_516' title='bbox 2560 3292 2844 3348; x_wconf 89' lang='lat' dir='ltr'><strong>considera</strong></span> <span class='ocrx_word' id='word_1_517' title='bbox 2883 3294 3041 3350; x_wconf 91' lang='lat' dir='ltr'><strong>istius</strong></span> <span class='ocrx_word' id='word_1_518' title='bbox 3068 3294 3262 3351; x_wconf 78' lang='lat' dir='ltr'><strong>littera:</strong></span> <span class='ocrx_word' id='word_1_519' title='bbox 3305 3295 3389 3352; x_wconf 82' lang='lat' dir='ltr'><strong>in-</strong></span> 
     </span>
    </p>
   </div>
   <div class='ocr_carea' id='block_1_62' title="bbox 44 3388 1687 3463">
    <p class='ocr_par' dir='ltr' id='par_1_62' title="bbox 44 3388 1687 3463">
     <span class='ocr_line' id='line_1_62' title="bbox 44 3388 1687 3463; baseline -0.007 -10"><span class='ocrx_word' id='word_1_520' title='bbox 44 3399 234 3463; x_wconf 85' lang='lat' dir='ltr'><strong>vivit,</strong></span> <span class='ocrx_word' id='word_1_521' title='bbox 278 3409 383 3449; x_wconf 89' lang='lat' dir='ltr'><strong>non</strong></span> <span class='ocrx_word' id='word_1_522' title='bbox 413 3392 573 3448; x_wconf 88' lang='lat' dir='ltr'><strong>hodie</strong></span> <span class='ocrx_word' id='word_1_523' title='bbox 604 3400 811 3446; x_wconf 89' lang='lat' dir='ltr'><strong>tantum</strong></span> <span class='ocrx_word' id='word_1_524' title='bbox 848 3389 1059 3462; x_wconf 77' lang='lat'><strong>1157</strong></span> <span class='ocrx_word' id='word_1_525' title='bbox 1086 3400 1140 3444; x_wconf 89' lang='lat' dir='ltr'><strong>et</strong></span> <span class='ocrx_word' id='word_1_526' title='bbox 1162 3404 1306 3455; x_wconf 88' lang='lat' dir='ltr'><strong>cras,</strong></span> <span class='ocrx_word' id='word_1_527' title='bbox 1330 3388 1425 3444; x_wconf 89' lang='lat' dir='ltr'><strong>sed</strong></span> <span class='ocrx_word' id='word_1_528' title='bbox 1450 3388 1502 3443; x_wconf 92' lang='lat' dir='ltr'><strong>in</strong></span> <span class='ocrx_word' id='word_1_529' title='bbox 1525 3395 1687 3442; x_wconf 59' lang='lat' dir='ltr'><strong>teter.</strong></span> 
     </span>
    </p>
   </div>
   <div class='ocr_carea' id='block_1_63' title="bbox 47 3482 1689 3557">
    <p class='ocr_par' dir='ltr' id='par_1_63' title="bbox 47 3482 1689 3557">
     <span class='ocr_line' id='line_1_63' title="bbox 47 3482 1689 3557; baseline -0.008 -8"><span class='ocrx_word' id='word_1_530' title='bbox 47 3506 200 3549; x_wconf 87' lang='lat' dir='ltr'><strong>num</strong></span> <span class='ocrx_word' id='word_1_531' title='bbox 238 3506 254 3544; x_wconf 92' lang='lat'><strong>:</strong></span> <span class='ocrx_word' id='word_1_532' title='bbox 287 3502 384 3544; x_wconf 90' lang='lat' dir='ltr'><strong>nec</strong></span> <span class='ocrx_word' id='word_1_533' title='bbox 411 3486 537 3542; x_wconf 78' lang='lat' dir='ltr'><strong>uliis</strong></span> <span class='ocrx_word' id='word_1_534' title='bbox 566 3500 664 3557; x_wconf 89' lang='lat' dir='ltr'><strong>pro</strong></span> <span class='ocrx_word' id='word_1_535' title='bbox 694 3485 911 3539; x_wconf 90' lang='lat' dir='ltr'><strong>nomine</strong></span> <span class='ocrx_word' id='word_1_536' title='bbox 933 3483 1144 3538; x_wconf 85' lang='lat' dir='ltr'><strong>Domini</strong></span> <span class='ocrx_word' id='word_1_537' title='bbox 1168 3483 1519 3538; x_wconf 88' lang='lat' dir='ltr'><strong>contristatur</strong></span> <span class='ocrx_word' id='word_1_538' title='bbox 1544 3482 1689 3551; x_wconf 87' lang='lat' dir='ltr'><strong>inju-</strong></span> 
     </span>
    </p>
   </div>
   <div class='ocr_carea' id='block_1_64' title="bbox 49 3574 1686 3649">
    <p class='ocr_par' dir='ltr' id='par_1_64' title="bbox 49 3574 1686 3649">
     <span class='ocr_line' id='line_1_64' title="bbox 49 3574 1686 3649; baseline -0.007 -9"><span class='ocrx_word' id='word_1_539' title='bbox 49 3584 203 3641; x_wconf 85' lang='lat' dir='ltr'><strong>riis?</strong></span> <span class='ocrx_word' id='word_1_540' title='bbox 232 3580 488 3649; x_wconf 90' lang='lat' dir='ltr'><strong>Denique</strong></span> <span class='ocrx_word' id='word_1_541' title='bbox 508 3576 817 3648; x_wconf 74' lang='lat' dir='ltr'><strong>gaudebant</strong></span> <span class='ocrx_word' id='word_1_542' title='bbox 843 3576 1219 3646; x_wconf 89' lang='lat' dir='ltr'><strong>apostolicum</strong></span> <span class='ocrx_word' id='word_1_543' title='bbox 1247 3574 1686 3641; x_wconf 87' lang='lat' dir='ltr'><strong>verberarentur,</strong></span> 
     </span>
    </p>
   </div>
   <div class='ocr_carea' id='block_1_65' title="bbox 48 3671 992 3739">
    <p class='ocr_par' dir='ltr' id='par_1_65' title="bbox 48 3671 992 3739">
     <span class='ocr_line' id='line_1_65' title="bbox 48 3671 992 3739; baseline -0.015 0"><span class='ocrx_word' id='word_1_544' title='bbox 48 3695 193 3739; x_wconf 90' lang='lat' dir='ltr'><strong>cum</strong></span> <span class='ocrx_word' id='word_1_545' title='bbox 229 3678 291 3731; x_wconf 88' lang='lat' dir='ltr'><strong>in</strong></span> <span class='ocrx_word' id='word_1_546' title='bbox 323 3688 598 3730; x_wconf 87' lang='lat' dir='ltr'><strong>carcerem</strong></span> <span class='ocrx_word' id='word_1_547' title='bbox 624 3671 992 3728; x_wconf 86' lang='lat' dir='ltr'><strong>truderentur.</strong></span> 
     </span>
    </p>
   </div>
   <div class='ocr_carea' id='block_1_66' title="bbox 137 3762 1693 3841">
    <p class='ocr_par' dir='ltr' id='par_1_66' title="bbox 137 3762 1693 3841">
     <span class='ocr_line' id='line_1_66' title="bbox 137 3762 1693 3841; baseline -0.008 -13"><span class='ocrx_word' id='word_1_548' title='bbox 137 3771 243 3827; x_wconf 66' lang='lat'><strong>45.</strong></span> <span class='ocrx_word' id='word_1_549' title='bbox 282 3768 464 3841; x_wconf 80' lang='lat' dir='ltr'><strong>(Vers.</strong></span> <span class='ocrx_word' id='word_1_550' title='bbox 492 3766 639 3836; x_wconf 71' lang='grc'>112.)</span> <span class='ocrx_word' id='word_1_551' title='bbox 670 3764 957 3821; x_wconf 82' lang='lat' dir='ltr'><strong>Exsultans</strong></span> <span class='ocrx_word' id='word_1_552' title='bbox 975 3764 1135 3835; x_wconf 88' lang='lat' dir='ltr'><strong>igitur</strong></span> <span class='ocrx_word' id='word_1_553' title='bbox 1158 3764 1209 3818; x_wconf 93' lang='lat' dir='ltr'><strong>in</strong></span> <span class='ocrx_word' id='word_1_554' title='bbox 1234 3762 1563 3819; x_wconf 87' lang='lat' dir='ltr'><strong>testimoniis</strong></span> <span class='ocrx_word' id='word_1_555' title='bbox 1587 3762 1693 3816; x_wconf 86' lang='lat' dir='ltr'><strong>Do-</strong></span> 
     </span>
    </p>
   </div>
   <div class='ocr_carea' id='block_1_67' title="bbox 56 3856 1691 3933">
    <p class='ocr_par' dir='ltr' id='par_1_67' title="bbox 56 3856 1691 3933">
     <span class='ocr_line' id='line_1_67' title="bbox 56 3856 1691 3933; baseline -0.007 -11"><span class='ocrx_word' id='word_1_556' title='bbox 56 3865 207 3923; x_wconf 90' lang='lat' dir='ltr'><strong>mini</strong></span> <span class='ocrx_word' id='word_1_557' title='bbox 256 3862 389 3933; x_wconf 79' lang='lat' dir='ltr'><strong>jure</strong></span> <span class='ocrx_word' id='word_1_558' title='bbox 410 3860 661 3916; x_wconf 88' lang='lat' dir='ltr'><strong>dicebat:</strong></span> <span class='ocrx_word' id='word_1_559' title='bbox 714 3857 1083 3913; x_wconf 80' lang='lat' dir='ltr'><strong>lnclinavicor</strong></span> <span class='ocrx_word' id='word_1_560' title='bbox 1125 3874 1294 3913; x_wconf 88' lang='lat' dir='ltr'><strong>meum</strong></span> <span class='ocrx_word' id='word_1_561' title='bbox 1332 3858 1399 3911; x_wconf 87' lang='lat' dir='ltr'><strong>ad</strong></span> <span class='ocrx_word' id='word_1_562' title='bbox 1422 3856 1691 3925; x_wconf 76' lang='lat' dir='ltr'><strong>faciendas</strong></span> 
     </span>
    </p>
   </div>
   <div class='ocr_carea' id='block_1_68' title="bbox 56 3949 1692 4033">
    <p class='ocr_par' dir='ltr' id='par_1_68' title="bbox 56 3949 1692 4033">
     <span class='ocr_line' id='line_1_68' title="bbox 56 3949 1692 4033; baseline -0.008 -16"><span class='ocrx_word' id='word_1_563' title='bbox 56 3961 312 4033; x_wconf 80' lang='lat' dir='ltr'><strong>iustitias</strong></span> <span class='ocrx_word' id='word_1_564' title='bbox 340 3966 456 4011; x_wconf 87' lang='lat' dir='ltr'><strong>tuas</strong></span> <span class='ocrx_word' id='word_1_565' title='bbox 477 3956 531 4011; x_wconf 88' lang='lat' dir='ltr'><strong>in</strong></span> <span class='ocrx_word' id='word_1_566' title='bbox 558 3964 839 4020; x_wconf 77' lang='lat' dir='ltr'><strong>teternnm,</strong></span> <span class='ocrx_word' id='word_1_567' title='bbox 900 3962 1110 4023; x_wconf 85' lang='lat' dir='ltr'><strong>prapter</strong></span> <span class='ocrx_word' id='word_1_568' title='bbox 1152 3952 1557 4007; x_wconf 86' lang='lat' dir='ltr'><strong>retributionem.</strong></span> <span class='ocrx_word' id='word_1_569' title='bbox 1591 3949 1692 4018; x_wconf 86' lang='lat' dir='ltr'><strong>Qui</strong></span> 
     </span>
    </p>
   </div>
   <div class='ocr_carea' id='block_1_69' title="bbox 60 4042 1693 4116">
    <p class='ocr_par' dir='ltr' id='par_1_69' title="bbox 60 4042 1693 4116">
     <span class='ocr_line' id='line_1_69' title="bbox 60 4042 1693 4116; baseline -0.009 -4"><span class='ocrx_word' id='word_1_570' title='bbox 60 4049 508 4112; x_wconf 85' lang='lat' dir='ltr'><strong>retributionem</strong></span> <span class='ocrx_word' id='word_1_571' title='bbox 553 4048 819 4103; x_wconf 89' lang='lat' dir='ltr'><strong>bonorum</strong></span> <span class='ocrx_word' id='word_1_572' title='bbox 847 4060 1075 4116; x_wconf 84' lang='lat' dir='ltr'><strong>operum</strong></span> <span class='ocrx_word' id='word_1_573' title='bbox 1098 4053 1284 4115; x_wconf 89' lang='lat' dir='ltr'><strong>sperat</strong></span> <span class='ocrx_word' id='word_1_574' title='bbox 1309 4059 1339 4099; x_wconf 88' lang='lat' dir='ltr'><strong>a</strong></span> <span class='ocrx_word' id='word_1_575' title='bbox 1364 4045 1500 4108; x_wconf 91' lang='lat' dir='ltr'><strong>Deo,</strong></span> <span class='ocrx_word' id='word_1_576' title='bbox 1531 4054 1583 4097; x_wconf 90' lang='lat' dir='ltr'><strong>et</strong></span> <span class='ocrx_word' id='word_1_577' title='bbox 1624 4042 1693 4098; x_wconf 91' lang='lat' dir='ltr'><strong>ad</strong></span> 
     </span>
    </p>
   </div>
   <div class='ocr_carea' id='block_1_70' title="bbox 62 4133 1693 4206">
    <p class='ocr_par' dir='ltr' id='par_1_70' title="bbox 62 4133 1693 4206">
     <span class='ocr_line' id='line_1_70' title="bbox 62 4133 1693 4206; baseline -0.012 0"><span class='ocrx_word' id='word_1_578' title='bbox 62 4162 200 4206; x_wconf 85' lang='lat' dir='ltr'><strong>eum</strong></span> <span class='ocrx_word' id='word_1_579' title='bbox 238 4142 511 4206; x_wconf 86' lang='lat' dir='ltr'><strong>festinat,</strong></span> <span class='ocrx_word' id='word_1_580' title='bbox 557 4140 783 4195; x_wconf 89' lang='lat' dir='ltr'><strong>inclinat</strong></span> <span class='ocrx_word' id='word_1_581' title='bbox 813 4152 908 4192; x_wconf 89' lang='lat' dir='ltr'><strong>cor</strong></span> <span class='ocrx_word' id='word_1_582' title='bbox 953 4152 1110 4193; x_wconf 91' lang='lat' dir='ltr'><strong>suum</strong></span> <span class='ocrx_word' id='word_1_583' title='bbox 1137 4179 1152 4201; x_wconf 90' lang='lat'><strong>,</strong></span> <span class='ocrx_word' id='word_1_584' title='bbox 1183 4147 1242 4191; x_wconf 92' lang='lat' dir='ltr'><strong>ut</strong></span> <span class='ocrx_word' id='word_1_585' title='bbox 1276 4135 1437 4191; x_wconf 89' lang='lat' dir='ltr'><strong>laeiat</strong></span> <span class='ocrx_word' id='word_1_586' title='bbox 1484 4133 1693 4189; x_wconf 88' lang='lat' dir='ltr'><strong>Christi</strong></span> 
     </span>
    </p>
   </div>
   <div class='ocr_carea' id='block_1_71' title="bbox 58 4224 1693 4313">
    <p class='ocr_par' dir='ltr' id='par_1_71' title="bbox 58 4224 1693 4313">
     <span class='ocr_line' id='line_1_71' title="bbox 58 4224 1693 4313; baseline -0.01 -18"><span class='ocrx_word' id='word_1_587' title='bbox 58 4237 351 4313; x_wconf 72' lang='lat' dir='ltr'><strong>justitias.</strong></span> <span class='ocrx_word' id='word_1_588' title='bbox 381 4233 513 4301; x_wconf 70' lang='lat' dir='ltr'><strong>Qute</strong></span> <span class='ocrx_word' id='word_1_589' title='bbox 534 4242 614 4287; x_wconf 93' lang='lat' dir='ltr'><strong>est</strong></span> <span class='ocrx_word' id='word_1_590' title='bbox 643 4229 1118 4298; x_wconf 84' lang='lat' dir='ltr'><strong>Christijustitia?</strong></span> <span class='ocrx_word' id='word_1_591' title='bbox 1150 4227 1279 4284; x_wconf 89' lang='lat' dir='ltr'><strong>Sine</strong></span> <span class='ocrx_word' id='word_1_592' title='bbox 1301 4242 1400 4281; x_wconf 92' lang='lat' dir='ltr'><strong>nos</strong></span> <span class='ocrx_word' id='word_1_593' title='bbox 1426 4267 1441 4290; x_wconf 95' lang='lat'><strong>,</strong></span> <span class='ocrx_word' id='word_1_594' title='bbox 1476 4224 1649 4295; x_wconf 91' lang='lat' dir='ltr'><strong>inquit</strong></span> <span class='ocrx_word' id='word_1_595' title='bbox 1678 4265 1693 4290; x_wconf 96' lang='lat'><strong>,</strong></span> 
     </span>
    </p>
   </div>
   <div class='ocr_carea' id='block_1_72' title="bbox 66 4317 1691 4398">
    <p class='ocr_par' dir='ltr' id='par_1_72' title="bbox 66 4317 1691 4398">
     <span class='ocr_line' id='line_1_72' title="bbox 66 4317 1691 4398; baseline -0.01 -9"><span class='ocrx_word' id='word_1_596' title='bbox 66 4330 326 4398; x_wconf 85' lang='lat' dir='ltr'><strong>implere</strong></span> <span class='ocrx_word' id='word_1_597' title='bbox 348 4340 588 4381; x_wconf 78' lang='lat' dir='ltr'><strong>.omuem</strong></span> <span class='ocrx_word' id='word_1_598' title='bbox 614 4324 884 4395; x_wconf 87' lang='lat' dir='ltr'><strong>justitiam</strong></span> <span class='ocrx_word' id='word_1_599' title='bbox 914 4363 929 4387; x_wconf 95' lang='lat'><strong>,</strong></span> <span class='ocrx_word' id='word_1_600' title='bbox 952 4336 1057 4393; x_wconf 90' lang='lat' dir='ltr'><strong>qua</strong></span> <span class='ocrx_word' id='word_1_601' title='bbox 1079 4329 1359 4390; x_wconf 87' lang='lat' dir='ltr'><strong>peccatum</strong></span> <span class='ocrx_word' id='word_1_602' title='bbox 1390 4317 1654 4374; x_wconf 84' lang='lat' dir='ltr'><strong>minuitur</strong></span> <span class='ocrx_word' id='word_1_603' title='bbox 1675 4358 1691 4385; x_wconf 94' lang='lat'><strong>,</strong></span> 
     </span>
    </p>
   </div>
   <div class='ocr_carea' id='block_1_73' title="bbox 66 4412 1694 4494">
    <p class='ocr_par' dir='ltr' id='par_1_73' title="bbox 66 4412 1694 4494">
     <span class='ocr_line' id='line_1_73' title="bbox 66 4412 1694 4494; baseline -0.01 -11"><span class='ocrx_word' id='word_1_604' title='bbox 66 4426 243 4494; x_wconf 86' lang='lat' dir='ltr'><strong>culpa</strong></span> <span class='ocrx_word' id='word_1_605' title='bbox 268 4421 489 4476; x_wconf 80' lang='lat' dir='ltr'><strong>laxatur</strong></span> <span class='ocrx_word' id='word_1_606' title='bbox 509 4416 729 4489; x_wconf 72' lang='lat' dir='ltr'><strong>(Matth.</strong></span> <span class='ocrx_word' id='word_1_607' title='bbox 757 4432 840 4482; x_wconf 86' lang='grc' dir='ltr'>ιιι,</span> <span class='ocrx_word' id='word_1_608' title='bbox 868 4415 981 4485; x_wconf 82' lang='lat' dir='ltr'><strong>l5).</strong></span> <span class='ocrx_word' id='word_1_609' title='bbox 1010 4415 1078 4471; x_wconf 87' lang='lat' dir='ltr'><strong>Et</strong></span> <span class='ocrx_word' id='word_1_610' title='bbox 1107 4414 1249 4471; x_wconf 83' lang='lat' dir='ltr'><strong>bene</strong></span> <span class='ocrx_word' id='word_1_611' title='bbox 1272 4414 1384 4481; x_wconf 93' lang='lat' dir='ltr'><strong>ait,</strong></span> <span class='ocrx_word' id='word_1_612' title='bbox 1413 4412 1694 4481; x_wconf 84' lang='lat' dir='ltr'><strong>Inclinavi;</strong></span> 
     </span>
    </p>
   </div>
   <div class='ocr_carea' id='block_1_74' title="bbox 67 4506 1692 4578">
    <p class='ocr_par' dir='ltr' id='par_1_74' title="bbox 67 4506 1692 4578">
     <span class='ocr_line' id='line_1_74' title="bbox 67 4506 1692 4578; baseline -0.008 -6"><span class='ocrx_word' id='word_1_613' title='bbox 67 4527 135 4573; x_wconf 88' lang='lat' dir='ltr'><strong>ut</strong></span> <span class='ocrx_word' id='word_1_614' title='bbox 164 4528 283 4570; x_wconf 88' lang='lat' dir='ltr'><strong>non</strong></span> <span class='ocrx_word' id='word_1_615' title='bbox 312 4511 384 4567; x_wconf 89' lang='lat' dir='ltr'><strong>sit</strong></span> <span class='ocrx_word' id='word_1_616' title='bbox 404 4510 497 4565; x_wconf 89' lang='lat' dir='ltr'><strong>tibi</strong></span> <span class='ocrx_word' id='word_1_617' title='bbox 527 4508 757 4565; x_wconf 92' lang='lat' dir='ltr'><strong>arduum</strong></span> <span class='ocrx_word' id='word_1_618' title='bbox 784 4516 947 4578; x_wconf 91' lang='lat' dir='ltr'><strong>atque</strong></span> <span class='ocrx_word' id='word_1_619' title='bbox 972 4506 1196 4563; x_wconf 83' lang='lat' dir='ltr'><strong>difficile</strong></span> <span class='ocrx_word' id='word_1_620' title='bbox 1218 4548 1233 4574; x_wconf 94' lang='lat'><strong>,</strong></span> <span class='ocrx_word' id='word_1_621' title='bbox 1283 4520 1405 4562; x_wconf 90' lang='lat' dir='ltr'><strong>cum</strong></span> <span class='ocrx_word' id='word_1_622' title='bbox 1455 4512 1692 4560; x_wconf 88' lang='lat' dir='ltr'><strong>mentem</strong></span> 
     </span>
    </p>
   </div>
   <div class='ocr_carea' id='block_1_75' title="bbox 76 4599 1693 4671">
    <p class='ocr_par' dir='ltr' id='par_1_75' title="bbox 76 4599 1693 4671">
     <span class='ocr_line' id='line_1_75' title="bbox 76 4599 1693 4671; baseline -0.007 -7"><span class='ocrx_word' id='word_1_623' title='bbox 76 4616 233 4663; x_wconf 88' lang='lat' dir='ltr'><strong>tuam</strong></span> <span class='ocrx_word' id='word_1_624' title='bbox 267 4600 431 4671; x_wconf 88' lang='lat' dir='ltr'><strong>quasi</strong></span> <span class='ocrx_word' id='word_1_625' title='bbox 452 4600 519 4656; x_wconf 88' lang='lat' dir='ltr'><strong>ad</strong></span> <span class='ocrx_word' id='word_1_626' title='bbox 542 4599 765 4656; x_wconf 88' lang='lat' dir='ltr'><strong>humilia</strong></span> <span class='ocrx_word' id='word_1_627' title='bbox 793 4609 849 4656; x_wconf 89' lang='lat' dir='ltr'><strong>et</strong></span> <span class='ocrx_word' id='word_1_628' title='bbox 877 4599 1032 4670; x_wconf 87' lang='lat' dir='ltr'><strong>plana</strong></span> <span class='ocrx_word' id='word_1_629' title='bbox 1064 4607 1369 4655; x_wconf 88' lang='lat' dir='ltr'><strong>convertas.</strong></span> <span class='ocrx_word' id='word_1_630' title='bbox 1398 4599 1503 4653; x_wconf 86' lang='lat' dir='ltr'><strong>Aut</strong></span> <span class='ocrx_word' id='word_1_631' title='bbox 1524 4606 1693 4663; x_wconf 87' lang='lat' dir='ltr'><strong>certe,</strong></span> 
     </span>
    </p>
   </div>
   <div class='ocr_carea' id='block_1_76' title="bbox 1797 3384 3348 3458">
    <p class='ocr_par' dir='ltr' id='par_1_76' title="bbox 1797 3384 3348 3458">
     <span class='ocr_line' id='line_1_76' title="bbox 1797 3384 3348 3458; baseline 0.004 -21"><span class='ocrx_word' id='word_1_632' title='bbox 1797 3384 2262 3453; x_wconf 84' lang='lat' dir='ltr'><strong>terpretationem,</strong></span> <span class='ocrx_word' id='word_1_633' title='bbox 2294 3386 2602 3455; x_wconf 91' lang='lat' dir='ltr'><strong>seriemque</strong></span> <span class='ocrx_word' id='word_1_634' title='bbox 2632 3402 2885 3442; x_wconf 82' lang='lat' dir='ltr'><strong>versuum</strong></span> <span class='ocrx_word' id='word_1_635' title='bbox 2912 3387 3002 3458; x_wconf 91' lang='lat' dir='ltr'><strong>qui</strong></span> <span class='ocrx_word' id='word_1_636' title='bbox 3032 3397 3348 3458; x_wconf 90' lang='lat' dir='ltr'><strong>sequuntur.</strong></span> 
     </span>
    </p>
   </div>
   <div class='ocr_carea' id='block_1_77' title="bbox 1862 3474 3390 3548">
    <p class='ocr_par' dir='ltr' id='par_1_77' title="bbox 1862 3474 3390 3548">
     <span class='ocr_line' id='line_1_77' title="bbox 1862 3474 3390 3548; baseline 0.006 -20"><span class='ocrx_word' id='word_1_637' title='bbox 1862 3475 1918 3529; x_wconf 76' lang='grc'><strong>2.</strong></span> <span class='ocrx_word' id='word_1_638' title='bbox 1940 3474 2003 3532; x_wconf 91' lang='lat' dir='ltr'><strong>Ut</strong></span> <span class='ocrx_word' id='word_1_639' title='bbox 2021 3478 2237 3531; x_wconf 88' lang='lat' dir='ltr'><strong>noveris</strong></span> <span class='ocrx_word' id='word_1_640' title='bbox 2257 3487 2439 3533; x_wconf 89' lang='lat' dir='ltr'><strong>autem</strong></span> <span class='ocrx_word' id='word_1_641' title='bbox 2456 3479 2741 3548; x_wconf 85' lang='lat' dir='ltr'><strong>mysticum</strong></span> <span class='ocrx_word' id='word_1_642' title='bbox 2762 3494 2881 3535; x_wconf 84' lang='lat' dir='ltr'><strong>esse</strong></span> <span class='ocrx_word' id='word_1_643' title='bbox 2894 3481 3104 3548; x_wconf 86' lang='lat' dir='ltr'><strong>audire,</strong></span> <span class='ocrx_word' id='word_1_644' title='bbox 3121 3491 3177 3535; x_wconf 92' lang='lat' dir='ltr'><strong>ut</strong></span> <span class='ocrx_word' id='word_1_645' title='bbox 3196 3480 3390 3537; x_wconf 88' lang='lat' dir='ltr'><strong>audias</strong></span> 
     </span>
    </p>
   </div>
   <div class='ocr_carea' id='block_1_78' title="bbox 1791 3568 3391 3641">
    <p class='ocr_par' dir='ltr' id='par_1_78' title="bbox 1791 3568 3391 3641">
     <span class='ocr_line' id='line_1_78' title="bbox 1791 3568 3391 3641; baseline 0.003 -19"><span class='ocrx_word' id='word_1_646' title='bbox 1791 3575 1847 3622; x_wconf 93' lang='lat' dir='ltr'><strong>et</strong></span> <span class='ocrx_word' id='word_1_647' title='bbox 1860 3568 2132 3639; x_wconf 89' lang='lat' dir='ltr'><strong>intelligas</strong></span> <span class='ocrx_word' id='word_1_648' title='bbox 2147 3569 2427 3639; x_wconf 85' lang='lat' dir='ltr'><strong>mysteria,</strong></span> <span class='ocrx_word' id='word_1_649' title='bbox 2444 3570 2726 3626; x_wconf 84' lang='lat' dir='ltr'><strong>deJudaeis</strong></span> <span class='ocrx_word' id='word_1_650' title='bbox 2739 3572 2998 3641; x_wconf 84' lang='lat' dir='ltr'><strong>scriptum</strong></span> <span class='ocrx_word' id='word_1_651' title='bbox 3014 3582 3096 3627; x_wconf 81' lang='lat' dir='ltr'><strong>est</strong></span> <span class='ocrx_word' id='word_1_652' title='bbox 3113 3589 3126 3625; x_wconf 94' lang='lat'><strong>:</strong></span> <span class='ocrx_word' id='word_1_653' title='bbox 3142 3574 3391 3627; x_wconf 79' lang='lat' dir='ltr'><strong>Aureau-</strong></span> 
     </span>
    </p>
   </div>
   <div class='ocr_carea' id='block_1_79' title="bbox 1792 3660 3391 3741">
    <p class='ocr_par' dir='ltr' id='par_1_79' title="bbox 1792 3660 3391 3741">
     <span class='ocr_line' id='line_1_79' title="bbox 1792 3660 3391 3741; baseline 0.003 -26"><span class='ocrx_word' id='word_1_654' title='bbox 1792 3660 2262 3734; x_wconf 85' lang='lat' dir='ltr'><strong>dietis(Esai.vt,9)</strong></span> <span class='ocrx_word' id='word_1_655' title='bbox 2275 3661 2418 3731; x_wconf 81' lang='lat' dir='ltr'><strong>;quia</strong></span> <span class='ocrx_word' id='word_1_656' title='bbox 2435 3664 2691 3735; x_wconf 84' lang='lat' dir='ltr'><strong>mysteria</strong></span> <span class='ocrx_word' id='word_1_657' title='bbox 2704 3664 3161 3735; x_wconf 87' lang='lat' dir='ltr'><strong>lcgisaudierunt,</strong></span> <span class='ocrx_word' id='word_1_658' title='bbox 3175 3667 3391 3741; x_wconf 69' lang='lat'><strong>1158</strong></span> 
     </span>
    </p>
   </div>
   <div class='ocr_carea' id='block_1_80' title="bbox 1792 3751 3389 3829">
    <p class='ocr_par' dir='ltr' id='par_1_80' title="bbox 1792 3751 3389 3829">
     <span class='ocr_line' id='line_1_80' title="bbox 1792 3751 3389 3829; baseline 0.004 -22"><span class='ocrx_word' id='word_1_659' title='bbox 1792 3751 1886 3807; x_wconf 87' lang='lat' dir='ltr'><strong>sed</strong></span> <span class='ocrx_word' id='word_1_660' title='bbox 1902 3768 2010 3806; x_wconf 90' lang='lat' dir='ltr'><strong>non</strong></span> <span class='ocrx_word' id='word_1_661' title='bbox 2028 3752 2431 3807; x_wconf 86' lang='lat' dir='ltr'><strong>intellexerunt.</strong></span> <span class='ocrx_word' id='word_1_662' title='bbox 2454 3752 2694 3809; x_wconf 85' lang='lat' dir='ltr'><strong>Undeait</strong></span> <span class='ocrx_word' id='word_1_663' title='bbox 2711 3754 2971 3811; x_wconf 83' lang='lat' dir='ltr'><strong>Dominus</strong></span> <span class='ocrx_word' id='word_1_664' title='bbox 2994 3774 3005 3810; x_wconf 95' lang='lat'><strong>:</strong></span> <span class='ocrx_word' id='word_1_665' title='bbox 3033 3756 3193 3823; x_wconf 83' lang='lat' dir='ltr'><strong>Audi,</strong></span> <span class='ocrx_word' id='word_1_666' title='bbox 3224 3775 3389 3829; x_wconf 83' lang='lat' dir='ltr'><strong>popu-</strong></span> 
     </span>
    </p>
   </div>
   <div class='ocr_carea' id='block_1_81' title="bbox 1794 3844 3390 3920">
    <p class='ocr_par' dir='ltr' id='par_1_81' title="bbox 1794 3844 3390 3920">
     <span class='ocr_line' id='line_1_81' title="bbox 1794 3844 3390 3920; baseline 0.006 -22"><span class='ocrx_word' id='word_1_667' title='bbox 1794 3844 1876 3898; x_wconf 87' lang='lat' dir='ltr'><strong>lus</strong></span> <span class='ocrx_word' id='word_1_668' title='bbox 1894 3855 2119 3911; x_wconf 85' lang='lat' dir='ltr'><strong>meus,et</strong></span> <span class='ocrx_word' id='word_1_669' title='bbox 2138 3844 2670 3916; x_wconf 82' lang='lat' dir='ltr'><strong>loquar(Psal.xux,</strong></span> <span class='ocrx_word' id='word_1_670' title='bbox 2689 3847 2885 3917; x_wconf 83' lang='lat' dir='ltr'><strong>7).Lex</strong></span> <span class='ocrx_word' id='word_1_671' title='bbox 2917 3850 3104 3920; x_wconf 90' lang='lat' dir='ltr'><strong>utique</strong></span> <span class='ocrx_word' id='word_1_672' title='bbox 3129 3850 3390 3920; x_wconf 86' lang='lat' dir='ltr'><strong>spiritalis</strong></span> 
     </span>
    </p>
   </div>
   <div class='ocr_carea' id='block_1_82' title="bbox 1793 3938 3392 4015">
    <p class='ocr_par' dir='ltr' id='par_1_82' title="bbox 1793 3938 3392 4015">
     <span class='ocr_line' id='line_1_82' title="bbox 1793 3938 3392 4015; baseline 0.006 -22"><span class='ocrx_word' id='word_1_673' title='bbox 1793 3947 1898 4003; x_wconf 90' lang='lat' dir='ltr'><strong>est,</strong></span> <span class='ocrx_word' id='word_1_674' title='bbox 1929 3938 2054 3993; x_wconf 90' lang='lat' dir='ltr'><strong>audi</strong></span> <span class='ocrx_word' id='word_1_675' title='bbox 2085 3954 2216 4009; x_wconf 88' lang='lat' dir='ltr'><strong>ergo</strong></span> <span class='ocrx_word' id='word_1_676' title='bbox 2245 3940 2588 4008; x_wconf 82' lang='lat' dir='ltr'><strong>spiritaliter.</strong></span> <span class='ocrx_word' id='word_1_677' title='bbox 2615 3939 2861 4012; x_wconf 83' lang='lat' dir='ltr'><strong>Denique</strong></span> <span class='ocrx_word' id='word_1_678' title='bbox 2888 3944 2979 4013; x_wconf 90' lang='lat' dir='ltr'><strong>qui</strong></span> <span class='ocrx_word' id='word_1_679' title='bbox 3001 3945 3160 4000; x_wconf 90' lang='lat' dir='ltr'><strong>scivit</strong></span> <span class='ocrx_word' id='word_1_680' title='bbox 3180 3945 3392 4015; x_wconf 87' lang='lat' dir='ltr'><strong>audire,</strong></span> 
     </span>
    </p>
   </div>
   <div class='ocr_carea' id='block_1_83' title="bbox 1791 4029 3391 4109">
    <p class='ocr_par' dir='ltr' id='par_1_83' title="bbox 1791 4029 3391 4109">
     <span class='ocr_line' id='line_1_83' title="bbox 1791 4029 3391 4109; baseline 0.009 -26"><span class='ocrx_word' id='word_1_681' title='bbox 1791 4030 1867 4084; x_wconf 91' lang='lat' dir='ltr'><strong>ait</strong></span> <span class='ocrx_word' id='word_1_682' title='bbox 1890 4047 1903 4084; x_wconf 93' lang='lat'><strong>:</strong></span> <span class='ocrx_word' id='word_1_683' title='bbox 1929 4029 2159 4084; x_wconf 83' lang='lat' dir='ltr'><strong>Audiam</strong></span> <span class='ocrx_word' id='word_1_684' title='bbox 2178 4031 2304 4100; x_wconf 87' lang='lat' dir='ltr'><strong>quid</strong></span> <span class='ocrx_word' id='word_1_685' title='bbox 2324 4033 2563 4101; x_wconf 86' lang='lat' dir='ltr'><strong>loquatur</strong></span> <span class='ocrx_word' id='word_1_686' title='bbox 2582 4033 2635 4087; x_wconf 91' lang='lat' dir='ltr'><strong>in</strong></span> <span class='ocrx_word' id='word_1_687' title='bbox 2662 4051 2742 4088; x_wconf 88' lang='lat' dir='ltr'><strong>me</strong></span> <span class='ocrx_word' id='word_1_688' title='bbox 2759 4033 3012 4092; x_wconf 78' lang='lat' dir='ltr'><strong>Dominus</strong></span> <span class='ocrx_word' id='word_1_689' title='bbox 3035 4035 3174 4093; x_wconf 82' lang='lat' dir='ltr'><strong>Deus</strong></span> <span class='ocrx_word' id='word_1_690' title='bbox 3215 4038 3391 4109; x_wconf 81' lang='lat' dir='ltr'><strong>(Psal.</strong></span> 
     </span>
    </p>
   </div>
   <div class='ocr_carea' id='block_1_84' title="bbox 1797 4124 3399 4199">
    <p class='ocr_par' dir='ltr' id='par_1_84' title="bbox 1797 4124 3399 4199">
     <span class='ocr_line' id='line_1_84' title="bbox 1797 4124 3399 4199; baseline 0.007 -21"><span class='ocrx_word' id='word_1_691' title='bbox 1797 4140 2004 4178; x_wconf 80' lang='lat' dir='ltr'><strong>Lxxxw</strong></span> <span class='ocrx_word' id='word_1_692' title='bbox 2027 4166 2042 4190; x_wconf 90' lang='lat'><strong>,</strong></span> <span class='ocrx_word' id='word_1_693' title='bbox 2073 4124 2153 4195; x_wconf 87' lang='lat'><strong>9),</strong></span> <span class='ocrx_word' id='word_1_694' title='bbox 2181 4125 2229 4179; x_wconf 89' lang='lat' dir='ltr'><strong>id</strong></span> <span class='ocrx_word' id='word_1_695' title='bbox 2264 4133 2348 4179; x_wconf 91' lang='lat' dir='ltr'><strong>est</strong></span> <span class='ocrx_word' id='word_1_696' title='bbox 2372 4167 2387 4192; x_wconf 92' lang='lat'><strong>,</strong></span> <span class='ocrx_word' id='word_1_697' title='bbox 2443 4140 2764 4194; x_wconf 83' lang='lat' dir='ltr'><strong>cognoscam</strong></span> <span class='ocrx_word' id='word_1_698' title='bbox 2792 4130 2917 4199; x_wconf 91' lang='lat' dir='ltr'><strong>quid</strong></span> <span class='ocrx_word' id='word_1_699' title='bbox 2966 4130 3177 4187; x_wconf 91' lang='lat' dir='ltr'><strong>locutus</strong></span> <span class='ocrx_word' id='word_1_700' title='bbox 3200 4132 3253 4187; x_wconf 91' lang='lat' dir='ltr'><strong>in</strong></span> <span class='ocrx_word' id='word_1_701' title='bbox 3309 4150 3399 4190; x_wconf 91' lang='lat' dir='ltr'><strong>me</strong></span> 
     </span>
    </p>
   </div>
   <div class='ocr_carea' id='block_1_85' title="bbox 1796 4214 3391 4296">
    <p class='ocr_par' dir='ltr' id='par_1_85' title="bbox 1796 4214 3391 4296">
     <span class='ocr_line' id='line_1_85' title="bbox 1796 4214 3391 4296; baseline 0.008 -27"><span class='ocrx_word' id='word_1_702' title='bbox 1796 4214 1959 4270; x_wconf 84' lang='lat' dir='ltr'><strong>fuerit</strong></span> <span class='ocrx_word' id='word_1_703' title='bbox 1990 4216 2153 4270; x_wconf 89' lang='lat' dir='ltr'><strong>Deus.</strong></span> <span class='ocrx_word' id='word_1_704' title='bbox 2200 4216 2435 4287; x_wconf 87' lang='lat' dir='ltr'><strong>Ideoque</strong></span> <span class='ocrx_word' id='word_1_705' title='bbox 2477 4218 2605 4274; x_wconf 89' lang='lat' dir='ltr'><strong>alibi</strong></span> <span class='ocrx_word' id='word_1_706' title='bbox 2642 4220 2754 4275; x_wconf 88' lang='lat' dir='ltr'><strong>ait:</strong></span> <span class='ocrx_word' id='word_1_707' title='bbox 2806 4221 3012 4288; x_wconf 80' lang='lat' dir='ltr'><strong>Quanta</strong></span> <span class='ocrx_word' id='word_1_708' title='bbox 3065 4226 3391 4296; x_wconf 84' lang='lat' dir='ltr'><strong>audiuimus,</strong></span> 
     </span>
    </p>
   </div>
   <div class='ocr_carea' id='block_1_86' title="bbox 1796 4308 3399 4387">
    <p class='ocr_par' dir='ltr' id='par_1_86' title="bbox 1796 4308 3399 4387">
     <span class='ocr_line' id='line_1_86' title="bbox 1796 4308 3399 4387; baseline 0.007 -24"><span class='ocrx_word' id='word_1_709' title='bbox 1796 4319 1844 4363; x_wconf 88' lang='lat' dir='ltr'><strong>et</strong></span> <span class='ocrx_word' id='word_1_710' title='bbox 1869 4309 2199 4381; x_wconf 84' lang='lat' dir='ltr'><strong>cognouimus</strong></span> <span class='ocrx_word' id='word_1_711' title='bbox 2226 4325 2287 4364; x_wconf 88' lang='lat' dir='ltr'><strong>ea</strong></span> <span class='ocrx_word' id='word_1_712' title='bbox 2320 4308 2493 4381; x_wconf 84' lang='lat' dir='ltr'><strong>(Psal.</strong></span> <span class='ocrx_word' id='word_1_713' title='bbox 2530 4327 2734 4381; x_wconf 79' lang='lat' dir='ltr'><strong>Lxxvtt,</strong></span> <span class='ocrx_word' id='word_1_714' title='bbox 2767 4314 2847 4384; x_wconf 81' lang='lat'><strong>5);</strong></span> <span class='ocrx_word' id='word_1_715' title='bbox 2884 4324 2939 4369; x_wconf 93' lang='lat' dir='ltr'><strong>ut</strong></span> <span class='ocrx_word' id='word_1_716' title='bbox 2970 4316 3399 4387; x_wconf 84' lang='lat' dir='ltr'><strong>comprehende-</strong></span> 
     </span>
    </p>
   </div>
   <div class='ocr_carea' id='block_1_87' title="bbox 1797 4401 3396 4469">
    <p class='ocr_par' dir='ltr' id='par_1_87' title="bbox 1797 4401 3396 4469">
     <span class='ocr_line' id='line_1_87' title="bbox 1797 4401 3396 4469; baseline 0.009 -15"><span class='ocrx_word' id='word_1_717' title='bbox 1797 4409 1881 4456; x_wconf 90' lang='lat' dir='ltr'><strong>ret</strong></span> <span class='ocrx_word' id='word_1_718' title='bbox 1912 4416 2019 4457; x_wconf 92' lang='lat' dir='ltr'><strong>non</strong></span> <span class='ocrx_word' id='word_1_719' title='bbox 2059 4401 2237 4458; x_wconf 89' lang='lat' dir='ltr'><strong>solum</strong></span> <span class='ocrx_word' id='word_1_720' title='bbox 2264 4402 2482 4458; x_wconf 86' lang='lat' dir='ltr'><strong>audisse</strong></span> <span class='ocrx_word' id='word_1_721' title='bbox 2536 4420 2633 4469; x_wconf 91' lang='lat' dir='ltr'><strong>se,</strong></span> <span class='ocrx_word' id='word_1_722' title='bbox 2684 4406 2778 4461; x_wconf 88' lang='lat' dir='ltr'><strong>sed</strong></span> <span class='ocrx_word' id='word_1_723' title='bbox 2821 4408 2985 4463; x_wconf 88' lang='lat' dir='ltr'><strong>etiam</strong></span> <span class='ocrx_word' id='word_1_724' title='bbox 3036 4408 3396 4469; x_wconf 81' lang='lat' dir='ltr'><strong>intellexisse.</strong></span> 
     </span>
    </p>
   </div>
   <div class='ocr_carea' id='block_1_88' title="bbox 1797 4491 3403 4567">
    <p class='ocr_par' dir='ltr' id='par_1_88' title="bbox 1797 4491 3403 4567">
     <span class='ocr_line' id='line_1_88' title="bbox 1797 4491 3403 4567; baseline 0.009 -20"><span class='ocrx_word' id='word_1_725' title='bbox 1797 4491 1968 4548; x_wconf 83' lang='lat' dir='ltr'><strong>Nemo</strong></span> <span class='ocrx_word' id='word_1_726' title='bbox 1988 4495 2131 4550; x_wconf 90' lang='lat' dir='ltr'><strong>enim</strong></span> <span class='ocrx_word' id='word_1_727' title='bbox 2159 4494 2459 4567; x_wconf 88' lang='lat' dir='ltr'><strong>cognoscit,</strong></span> <span class='ocrx_word' id='word_1_728' title='bbox 2481 4495 2582 4552; x_wconf 92' lang='lat' dir='ltr'><strong>nisi</strong></span> <span class='ocrx_word' id='word_1_729' title='bbox 2611 4498 2762 4567; x_wconf 88' lang='lat' dir='ltr'><strong>prius</strong></span> <span class='ocrx_word' id='word_1_730' title='bbox 2788 4499 3133 4556; x_wconf 80' lang='lat' dir='ltr'><strong>intellexerit.</strong></span> <span class='ocrx_word' id='word_1_731' title='bbox 3159 4502 3296 4559; x_wconf 85' lang='lat' dir='ltr'><strong>Audi</strong></span> <span class='ocrx_word' id='word_1_732' title='bbox 3317 4521 3403 4561; x_wconf 83' lang='lat' dir='ltr'><strong>er-</strong></span> 
     </span>
    </p>
   </div>
   <div class='ocr_carea' id='block_1_89' title="bbox 1797 4586 3396 4669">
    <p class='ocr_par' dir='ltr' id='par_1_89' title="bbox 1797 4586 3396 4669">
     <span class='ocr_line' id='line_1_89' title="bbox 1797 4586 3396 4669; baseline 0.012 -30"><span class='ocrx_word' id='word_1_733' title='bbox 1797 4600 1889 4656; x_wconf 90' lang='lat' dir='ltr'><strong>go,</strong></span> <span class='ocrx_word' id='word_1_734' title='bbox 1906 4602 1971 4641; x_wconf 89' lang='lat' dir='ltr'><strong>ne</strong></span> <span class='ocrx_word' id='word_1_735' title='bbox 1995 4586 2038 4641; x_wconf 90' lang='lat' dir='ltr'><strong>si</strong></span> <span class='ocrx_word' id='word_1_736' title='bbox 2062 4595 2114 4642; x_wconf 86' lang='lat' dir='ltr'><strong>te</strong></span> <span class='ocrx_word' id='word_1_737' title='bbox 2140 4587 2322 4643; x_wconf 89' lang='lat' dir='ltr'><strong>videat</strong></span> <span class='ocrx_word' id='word_1_738' title='bbox 2344 4589 2726 4660; x_wconf 85' lang='lat' dir='ltr'><strong>negligentem,</strong></span> <span class='ocrx_word' id='word_1_739' title='bbox 2742 4591 2922 4649; x_wconf 83' lang='lat' dir='ltr'><strong>veniat</strong></span> <span class='ocrx_word' id='word_1_740' title='bbox 2937 4593 3150 4657; x_wconf 87' lang='lat' dir='ltr'><strong>Petrus.</strong></span> <span class='ocrx_word' id='word_1_741' title='bbox 3169 4598 3396 4669; x_wconf 88' lang='lat' dir='ltr'><strong>arripiat</strong></span> 
     </span>
    </p>
   </div>
   <div class='ocr_carea' id='block_1_90' title="bbox 77 4678 3396 4768">
    <p class='ocr_par' dir='ltr' id='par_1_90' title="bbox 77 4678 3396 4768">
     <span class='ocr_line' id='line_1_90' title="bbox 77 4678 3396 4768; baseline 0.003 -16"><span class='ocrx_word' id='word_1_742' title='bbox 77 4694 353 4768; x_wconf 88' lang='lat' dir='ltr'><strong>quoniam</strong></span> <span class='ocrx_word' id='word_1_743' title='bbox 390 4693 654 4764; x_wconf 87' lang='lat' dir='ltr'><strong>sapientia</strong></span> <span class='ocrx_word' id='word_1_744' title='bbox 681 4693 863 4749; x_wconf 89' lang='lat' dir='ltr'><strong>carnis</strong></span> <span class='ocrx_word' id='word_1_745' title='bbox 903 4692 1007 4764; x_wconf 86' lang='lat' dir='ltr'><strong>legi</strong></span> <span class='ocrx_word' id='word_1_746' title='bbox 1031 4692 1126 4747; x_wconf 91' lang='lat' dir='ltr'><strong>Dei</strong></span> <span class='ocrx_word' id='word_1_747' title='bbox 1157 4706 1265 4747; x_wconf 92' lang='lat' dir='ltr'><strong>non</strong></span> <span class='ocrx_word' id='word_1_748' title='bbox 1309 4699 1395 4747; x_wconf 88' lang='lat' dir='ltr'><strong>est</strong></span> <span class='ocrx_word' id='word_1_749' title='bbox 1436 4689 1653 4746; x_wconf 90' lang='lat' dir='ltr'><strong>subdita</strong></span> <span class='ocrx_word' id='word_1_750' title='bbox 1676 4731 1693 4760; x_wconf 91' lang='lat'><strong>,</strong></span> <span class='ocrx_word' id='word_1_751' title='bbox 1722 4697 1774 4759; x_wconf 88' lang='lat' dir='ltr'><strong>D</strong></span> <span class='ocrx_word' id='word_1_752' title='bbox 1800 4678 2034 4749; x_wconf 64' lang='lat' dir='ltr'><strong>gladium</strong></span> <span class='ocrx_word' id='word_1_753' title='bbox 2054 4721 2069 4747; x_wconf 61' lang='grc' dir='ltr'><strong><em>ω</em></strong></span> <span class='ocrx_word' id='word_1_754' title='bbox 2102 4679 2386 4736; x_wconf 65' lang='grc' dir='ltr'><strong>εδδοίηάδι</strong></span> <span class='ocrx_word' id='word_1_755' title='bbox 2409 4681 2704 4737; x_wconf 63' lang='lat' dir='ltr'><strong>auriculam</strong></span> <span class='ocrx_word' id='word_1_756' title='bbox 2727 4692 2872 4739; x_wconf 63' lang='lat' dir='ltr'><strong>Nam</strong></span> <span class='ocrx_word' id='word_1_757' title='bbox 2898 4702 2912 4742; x_wconf 71' lang='grc' dir='ltr'>ε</span> <span class='ocrx_word' id='word_1_758' title='bbox 2942 4688 3089 4757; x_wconf 80' lang='grc' dir='ltr'><strong>(ιυοά</strong></span> <span class='ocrx_word' id='word_1_759' title='bbox 3118 4691 3396 4761; x_wconf 68' lang='lat' dir='ltr'><strong>superﬂuo</strong></span> 
     </span>
    </p>
   </div>
   <div class='ocr_carea' id='block_1_91' title="bbox 82 4782 1701 4855">
    <p class='ocr_par' dir='ltr' id='par_1_91' title="bbox 82 4782 1701 4855">
     <span class='ocr_line' id='line_1_91' title="bbox 82 4782 1701 4855; baseline -0.004 -10"><span class='ocrx_word' id='word_1_760' title='bbox 82 4789 307 4845; x_wconf 89' lang='lat' dir='ltr'><strong>videtur</strong></span> <span class='ocrx_word' id='word_1_761' title='bbox 330 4784 600 4842; x_wconf 86' lang='lat' dir='ltr'><strong>inclinare</strong></span> <span class='ocrx_word' id='word_1_762' title='bbox 623 4799 718 4840; x_wconf 92' lang='lat' dir='ltr'><strong>cor</strong></span> <span class='ocrx_word' id='word_1_763' title='bbox 742 4798 921 4847; x_wconf 89' lang='lat' dir='ltr'><strong>suum,</strong></span> <span class='ocrx_word' id='word_1_764' title='bbox 946 4784 1035 4855; x_wconf 90' lang='lat' dir='ltr'><strong>qui</strong></span> <span class='ocrx_word' id='word_1_765' title='bbox 1058 4783 1164 4855; x_wconf 85' lang='lat' dir='ltr'><strong>legi</strong></span> <span class='ocrx_word' id='word_1_766' title='bbox 1193 4782 1319 4839; x_wconf 86' lang='lat' dir='ltr'><strong>facit</strong></span> <span class='ocrx_word' id='word_1_767' title='bbox 1339 4797 1463 4839; x_wconf 92' lang='lat' dir='ltr'><strong>esse</strong></span> <span class='ocrx_word' id='word_1_768' title='bbox 1483 4782 1701 4852; x_wconf 89' lang='lat' dir='ltr'><strong>subjec-</strong></span> 
     </span>
    </p>
   </div>
   <div class='ocr_carea' id='block_1_92' title="bbox 84 4876 1700 4947">
    <p class='ocr_par' dir='ltr' id='par_1_92' title="bbox 84 4876 1700 4947">
     <span class='ocr_line' id='line_1_92' title="bbox 84 4876 1700 4947; baseline -0.004 -8"><span class='ocrx_word' id='word_1_769' title='bbox 84 4892 203 4939; x_wconf 90' lang='lat' dir='ltr'><strong>tum</strong></span> <span class='ocrx_word' id='word_1_770' title='bbox 228 4876 589 4936; x_wconf 80' lang='lat' dir='ltr'><strong>extollentem</strong></span> <span class='ocrx_word' id='word_1_771' title='bbox 640 4891 701 4932; x_wconf 90' lang='lat' dir='ltr'><strong>se</strong></span> <span class='ocrx_word' id='word_1_772' title='bbox 745 4876 995 4947; x_wconf 86' lang='lat' dir='ltr'><strong>corporis</strong></span> <span class='ocrx_word' id='word_1_773' title='bbox 1034 4891 1295 4944; x_wconf 89' lang='lat' dir='ltr'><strong>sensum,</strong></span> <span class='ocrx_word' id='word_1_774' title='bbox 1342 4876 1700 4947; x_wconf 88' lang='lat' dir='ltr'><strong>contuituque</strong></span> 
     </span>
    </p>
   </div>
   <div class='ocr_carea' id='block_1_93' title="bbox 87 4967 1700 5045">
    <p class='ocr_par' dir='ltr' id='par_1_93' title="bbox 87 4967 1700 5045">
     <span class='ocr_line' id='line_1_93' title="bbox 87 4967 1700 5045; baseline -0.005 -14"><span class='ocrx_word' id='word_1_775' title='bbox 87 4970 381 5045; x_wconf 82' lang='lat' dir='ltr'><strong>religionis</strong></span> <span class='ocrx_word' id='word_1_776' title='bbox 415 4967 661 5024; x_wconf 82' lang='lat' dir='ltr'><strong>inflectit.</strong></span> <span class='ocrx_word' id='word_1_777' title='bbox 709 4968 887 5038; x_wconf 83' lang='lat' dir='ltr'><strong>Atque</strong></span> <span class='ocrx_word' id='word_1_778' title='bbox 942 4967 1034 5023; x_wconf 89' lang='lat' dir='ltr'><strong>ille</strong></span> <span class='ocrx_word' id='word_1_779' title='bbox 1072 4967 1276 5023; x_wconf 86' lang='lat' dir='ltr'><strong>dudum</strong></span> <span class='ocrx_word' id='word_1_780' title='bbox 1322 4967 1593 5023; x_wconf 80' lang='lat' dir='ltr'><strong>extollens</strong></span> <span class='ocrx_word' id='word_1_781' title='bbox 1639 4981 1700 5023; x_wconf 89' lang='lat' dir='ltr'><strong>se</strong></span> 
     </span>
    </p>
   </div>
   <div class='ocr_carea' id='block_1_94' title="bbox 90 5058 1702 5130">
    <p class='ocr_par' dir='ltr' id='par_1_94' title="bbox 90 5058 1702 5130">
     <span class='ocr_line' id='line_1_94' title="bbox 90 5058 1702 5130; baseline -0.004 -9"><span class='ocrx_word' id='word_1_782' title='bbox 90 5064 295 5121; x_wconf 88' lang='lat' dir='ltr'><strong>frustra</strong></span> <span class='ocrx_word' id='word_1_783' title='bbox 324 5105 342 5130; x_wconf 92' lang='lat'><strong>,</strong></span> <span class='ocrx_word' id='word_1_784' title='bbox 369 5068 427 5115; x_wconf 84' lang='lat' dir='ltr'><strong>et</strong></span> <span class='ocrx_word' id='word_1_785' title='bbox 455 5058 667 5116; x_wconf 82' lang='lat' dir='ltr'><strong>inflatus</strong></span> <span class='ocrx_word' id='word_1_786' title='bbox 690 5068 871 5115; x_wconf 88' lang='lat' dir='ltr'><strong>mente</strong></span> <span class='ocrx_word' id='word_1_787' title='bbox 894 5060 1076 5116; x_wconf 86' lang='lat' dir='ltr'><strong>carnis</strong></span> <span class='ocrx_word' id='word_1_788' title='bbox 1104 5073 1215 5115; x_wconf 71' lang='lat' dir='ltr'><strong>suae</strong></span> <span class='ocrx_word' id='word_1_789' title='bbox 1243 5099 1258 5124; x_wconf 92' lang='lat'><strong>,</strong></span> <span class='ocrx_word' id='word_1_790' title='bbox 1291 5073 1412 5115; x_wconf 92' lang='lat' dir='ltr'><strong>cum</strong></span> <span class='ocrx_word' id='word_1_791' title='bbox 1436 5072 1497 5115; x_wconf 88' lang='lat' dir='ltr'><strong>se</strong></span> <span class='ocrx_word' id='word_1_792' title='bbox 1525 5058 1702 5114; x_wconf 88' lang='lat' dir='ltr'><strong>Immi-</strong></span> 
     </span>
    </p>
   </div>
   <div class='ocr_carea' id='block_1_95' title="bbox 96 5155 517 5223">
    <p class='ocr_par' dir='ltr' id='par_1_95' title="bbox 96 5155 517 5223">
     <span class='ocr_line' id='line_1_95' title="bbox 96 5155 517 5223; baseline -0.014 -9"><span class='ocrx_word' id='word_1_793' title='bbox 96 5160 195 5215; x_wconf 87' lang='lat' dir='ltr'><strong>Iiat</strong></span> <span class='ocrx_word' id='word_1_794' title='bbox 218 5199 233 5223; x_wconf 92' lang='lat'><strong>,</strong></span> <span class='ocrx_word' id='word_1_795' title='bbox 267 5155 517 5213; x_wconf 84' lang='lat' dir='ltr'><strong>inclinat.</strong></span> 
     </span>
    </p>
   </div>
   <div class='ocr_carea' id='block_1_96' title="bbox 168 5244 1700 5314">
    <p class='ocr_par' dir='ltr' id='par_1_96' title="bbox 168 5244 1700 5314">
     <span class='ocr_line' id='line_1_96' title="bbox 168 5244 1700 5314; baseline -0.003 -9"><span class='ocrx_word' id='word_1_796' title='bbox 168 5248 260 5305; x_wconf 67' lang='grc'><strong>46.</strong></span> <span class='ocrx_word' id='word_1_797' title='bbox 291 5244 605 5302; x_wconf 91' lang='lat' dir='ltr'><strong>Ilumiliavit</strong></span> <span class='ocrx_word' id='word_1_798' title='bbox 628 5244 775 5301; x_wconf 89' lang='lat' dir='ltr'><strong>enim</strong></span> <span class='ocrx_word' id='word_1_799' title='bbox 802 5253 857 5300; x_wconf 90' lang='lat' dir='ltr'><strong>et</strong></span> <span class='ocrx_word' id='word_1_800' title='bbox 879 5246 1071 5314; x_wconf 89' lang='lat' dir='ltr'><strong>ipsese</strong></span> <span class='ocrx_word' id='word_1_801' title='bbox 1097 5244 1345 5301; x_wconf 91' lang='lat' dir='ltr'><strong>Christus</strong></span> <span class='ocrx_word' id='word_1_802' title='bbox 1369 5261 1383 5311; x_wconf 93' lang='lat'><strong>;</strong></span> <span class='ocrx_word' id='word_1_803' title='bbox 1411 5252 1470 5299; x_wconf 91' lang='lat' dir='ltr'><strong>ut</strong></span> <span class='ocrx_word' id='word_1_804' title='bbox 1501 5258 1700 5300; x_wconf 91' lang='lat' dir='ltr'><strong>novum</strong></span> 
     </span>
    </p>
   </div>
   <div class='ocr_carea' id='block_1_97' title="bbox 103 5336 1702 5412">
    <p class='ocr_par' dir='ltr' id='par_1_97' title="bbox 103 5336 1702 5412">
     <span class='ocr_line' id='line_1_97' title="bbox 103 5336 1702 5412; baseline -0.003 -13"><span class='ocrx_word' id='word_1_805' title='bbox 103 5341 365 5399; x_wconf 87' lang='lat' dir='ltr'><strong>conderet</strong></span> <span class='ocrx_word' id='word_1_806' title='bbox 391 5338 827 5396; x_wconf 84' lang='lat' dir='ltr'><strong>Testamentum.</strong></span> <span class='ocrx_word' id='word_1_807' title='bbox 855 5336 989 5393; x_wconf 90' lang='lat' dir='ltr'><strong>Cum</strong></span> <span class='ocrx_word' id='word_1_808' title='bbox 1008 5339 1128 5412; x_wconf 90' lang='lat' dir='ltr'><strong>lego</strong></span> <span class='ocrx_word' id='word_1_809' title='bbox 1154 5339 1511 5412; x_wconf 87' lang='lat' dir='ltr'><strong>Evangeliun,</strong></span> <span class='ocrx_word' id='word_1_810' title='bbox 1540 5338 1702 5395; x_wconf 88' lang='lat' dir='ltr'><strong>audio</strong></span> 
     </span>
    </p>
   </div>
   <div class='ocr_carea' id='block_1_98' title="bbox 107 5480 1703 5609">
    <p class='ocr_par' dir='ltr' id='par_1_98' title="bbox 107 5480 1703 5609">
     <span class='ocr_line' id='line_1_98' title="bbox 107 5480 1703 5609; baseline -0.001 -70"><span class='ocrx_word' id='word_1_811' title='bbox 107 5484 213 5609; x_wconf 62' lang='lat' dir='ltr'><strong>aliia</strong></span> <span class='ocrx_word' id='word_1_812' title='bbox 232 5498 353 5541; x_wconf 89' lang='lat' dir='ltr'><strong>esse</strong></span> <span class='ocrx_word' id='word_1_813' title='bbox 375 5480 702 5551; x_wconf 89' lang='lat' dir='ltr'><strong>judicamus,</strong></span> <span class='ocrx_word' id='word_1_814' title='bbox 734 5496 897 5553; x_wconf 78' lang='lat' dir='ltr'><strong>quam</strong></span> <span class='ocrx_word' id='word_1_815' title='bbox 923 5481 1087 5552; x_wconf 90' lang='lat' dir='ltr'><strong>inepti</strong></span> <span class='ocrx_word' id='word_1_816' title='bbox 1118 5482 1398 5554; x_wconf 89' lang='lat' dir='ltr'><strong>cujusdam</strong></span> <span class='ocrx_word' id='word_1_817' title='bbox 1424 5480 1703 5554; x_wconf 87' lang='lat' dir='ltr'><strong>nugatoris</strong></span> 
     </span>
     <span class='ocr_line' id='line_1_99' title="bbox 109 5564 453 5609; baseline 0 0"><span class='ocrx_word' id='word_1_818' title='bbox 109 5572 139 5609; x_wconf 73' lang='grc' dir='ltr'><strong><em>Ω</em></strong></span> <span class='ocrx_word' id='word_1_819' title='bbox 163 5564 453 5609; x_wconf 88' lang='lat' dir='ltr'><strong>ossemata.</strong></span> 
     </span>
    </p>
   </div>
   <div class='ocr_carea' id='block_1_99' title="bbox 109 5564 453 5627">
    <p class='ocr_par' dir='ltr' id='par_1_99' title="bbox 109 5564 453 5627">
     <span class='ocr_line' id='line_1_100' title="bbox 109 5564 453 5627; baseline -0.003 -18"><span class='ocrx_word' id='word_1_820' title='bbox 109 5564 453 5627; x_wconf 86' lang='lat' dir='ltr'><strong>glossemata.</strong></span> 
     </span>
    </p>
   </div>
   <div class='ocr_carea' id='block_1_100' title="bbox 181 5646 1704 5720">
    <p class='ocr_par' dir='ltr' id='par_1_100' title="bbox 181 5646 1704 5720">
     <span class='ocr_line' id='line_1_101' title="bbox 181 5646 1704 5720; baseline -0.002 -16"><span class='ocrx_word' id='word_1_821' title='bbox 181 5659 206 5686; x_wconf 69' lang='grc' dir='ltr'><strong><em>κ</em></strong></span> <span class='ocrx_word' id='word_1_822' title='bbox 237 5647 386 5704; x_wconf 89' lang='lat' dir='ltr'><strong>Edit.</strong></span> <span class='ocrx_word' id='word_1_823' title='bbox 413 5648 569 5720; x_wconf 83' lang='lat' dir='ltr'><strong>Rom.</strong></span> <span class='ocrx_word' id='word_1_824' title='bbox 595 5647 719 5720; x_wconf 87' lang='lat' dir='ltr'><strong>sola</strong></span> <span class='ocrx_word' id='word_1_825' title='bbox 748 5688 762 5713; x_wconf 93' lang='lat'><strong>,</strong></span> <span class='ocrx_word' id='word_1_826' title='bbox 800 5646 1024 5720; x_wconf 82' lang='lat' dir='ltr'><strong>mihique</strong></span> <span class='ocrx_word' id='word_1_827' title='bbox 1050 5647 1189 5702; x_wconf 84' lang='lat' dir='ltr'><strong>dedit</strong></span> <span class='ocrx_word' id='word_1_828' title='bbox 1215 5648 1374 5720; x_wconf 87' lang='lat' dir='ltr'><strong>legem</strong></span> <span class='ocrx_word' id='word_1_829' title='bbox 1417 5655 1704 5720; x_wconf 63' lang='lat' dir='ltr'><strong>pracepto-</strong></span> 
     </span>
    </p>
   </div>
   <div class='ocr_carea' id='block_1_101' title="bbox 115 5718 1697 5790">
    <p class='ocr_par' dir='ltr' id='par_1_101' title="bbox 115 5718 1697 5790">
     <span class='ocr_line' id='line_1_102' title="bbox 115 5718 1697 5790; baseline -0.001 -17"><span class='ocrx_word' id='word_1_830' title='bbox 115 5735 225 5773; x_wconf 88' lang='lat' dir='ltr'><strong>rum</strong></span> <span class='ocrx_word' id='word_1_831' title='bbox 246 5736 473 5773; x_wconf 88' lang='lat' dir='ltr'><strong>suorum.</strong></span> <span class='ocrx_word' id='word_1_832' title='bbox 500 5719 607 5775; x_wconf 88' lang='lat' dir='ltr'><strong>Sed</strong></span> <span class='ocrx_word' id='word_1_833' title='bbox 643 5733 856 5783; x_wconf 87' lang='lat' dir='ltr'><strong>vocem,</strong></span> <span class='ocrx_word' id='word_1_834' title='bbox 879 5718 1060 5789; x_wconf 83' lang='lat' dir='ltr'><strong>legem,</strong></span> <span class='ocrx_word' id='word_1_835' title='bbox 1095 5718 1346 5790; x_wconf 57' lang='lat' dir='ltr'><strong>neque&#39;iu</strong></span> <span class='ocrx_word' id='word_1_836' title='bbox 1380 5718 1510 5773; x_wconf 89' lang='lat' dir='ltr'><strong>mss.</strong></span> <span class='ocrx_word' id='word_1_837' title='bbox 1542 5718 1697 5790; x_wconf 86' lang='lat' dir='ltr'><strong>ullis,</strong></span> 
     </span>
    </p>
   </div>
   <div class='ocr_carea' id='block_1_102' title="bbox 119 5789 1702 5861">
    <p class='ocr_par' dir='ltr' id='par_1_102' title="bbox 119 5789 1702 5861">
     <span class='ocr_line' id='line_1_103' title="bbox 119 5789 1702 5861; baseline 0.002 -18"><span class='ocrx_word' id='word_1_838' title='bbox 119 5806 285 5860; x_wconf 88' lang='lat' dir='ltr'><strong>neque</strong></span> <span class='ocrx_word' id='word_1_839' title='bbox 318 5792 368 5844; x_wconf 92' lang='lat' dir='ltr'><strong>in</strong></span> <span class='ocrx_word' id='word_1_840' title='bbox 411 5800 521 5846; x_wconf 92' lang='lat' dir='ltr'><strong>vet.</strong></span> <span class='ocrx_word' id='word_1_841' title='bbox 563 5790 692 5845; x_wconf 88' lang='lat' dir='ltr'><strong>edit.</strong></span> <span class='ocrx_word' id='word_1_842' title='bbox 722 5790 986 5844; x_wconf 87' lang='lat' dir='ltr'><strong>invenias.</strong></span> <span class='ocrx_word' id='word_1_843' title='bbox 1037 5790 1134 5845; x_wconf 84' lang='lat' dir='ltr'><strong>llic</strong></span> <span class='ocrx_word' id='word_1_844' title='bbox 1181 5806 1312 5861; x_wconf 88' lang='lat' dir='ltr'><strong>ergo</strong></span> <span class='ocrx_word' id='word_1_845' title='bbox 1354 5789 1702 5859; x_wconf 88' lang='lat' dir='ltr'><strong>subiutellige</strong></span> 
     </span>
    </p>
   </div>
   <div class='ocr_carea' id='block_1_103' title="bbox 121 5861 1696 5933">
    <p class='ocr_par' dir='ltr' id='par_1_103' title="bbox 121 5861 1696 5933">
     <span class='ocr_line' id='line_1_104' title="bbox 121 5861 1696 5933; baseline 0.003 -19"><span class='ocrx_word' id='word_1_846' title='bbox 121 5863 446 5929; x_wconf 85' lang='lat' dir='ltr'><strong>memoriam,</strong></span> <span class='ocrx_word' id='word_1_847' title='bbox 494 5877 614 5933; x_wconf 82' lang='lat' dir='ltr'><strong>quae</strong></span> <span class='ocrx_word' id='word_1_848' title='bbox 659 5862 711 5918; x_wconf 89' lang='lat' dir='ltr'><strong>in</strong></span> <span class='ocrx_word' id='word_1_849' title='bbox 749 5861 1030 5932; x_wconf 85' lang='lat' dir='ltr'><strong>superiore</strong></span> <span class='ocrx_word' id='word_1_850' title='bbox 1068 5862 1311 5918; x_wconf 90' lang='lat' dir='ltr'><strong>membro</strong></span> <span class='ocrx_word' id='word_1_851' title='bbox 1355 5861 1696 5933; x_wconf 84' lang='lat' dir='ltr'><strong>exprimitur.</strong></span> 
     </span>
    </p>
   </div>
   <div class='ocr_carea' id='block_1_104' title="bbox 1806 4771 3399 4848">
    <p class='ocr_par' dir='ltr' id='par_1_104' title="bbox 1806 4771 3399 4848">
     <span class='ocr_line' id='line_1_105' title="bbox 1806 4771 3399 4848; baseline 0.011 -21"><span class='ocrx_word' id='word_1_852' title='bbox 1806 4771 2007 4828; x_wconf 81' lang='lat' dir='ltr'><strong>habeas</strong></span> <span class='ocrx_word' id='word_1_853' title='bbox 2059 4788 2245 4829; x_wconf 89' lang='lat' dir='ltr'><strong>aurem</strong></span> <span class='ocrx_word' id='word_1_854' title='bbox 2292 4774 2569 4843; x_wconf 88' lang='lat' dir='ltr'><strong>corporis,</strong></span> <span class='ocrx_word' id='word_1_855' title='bbox 2619 4778 2709 4848; x_wconf 93' lang='lat' dir='ltr'><strong>qui</strong></span> <span class='ocrx_word' id='word_1_856' title='bbox 2760 4779 2948 4836; x_wconf 89' lang='lat' dir='ltr'><strong>audire</strong></span> <span class='ocrx_word' id='word_1_857' title='bbox 2998 4792 3054 4838; x_wconf 89' lang='lat' dir='ltr'><strong>et</strong></span> <span class='ocrx_word' id='word_1_858' title='bbox 3082 4787 3399 4847; x_wconf 83' lang='lat' dir='ltr'><strong>examinare</strong></span> 
     </span>
    </p>
   </div>
   <div class='ocr_carea' id='block_1_105' title="bbox 1805 4864 3403 4947">
    <p class='ocr_par' dir='ltr' id='par_1_105' title="bbox 1805 4864 3403 4947">
     <span class='ocr_line' id='line_1_106' title="bbox 1805 4864 3403 4947; baseline 0.012 -28"><span class='ocrx_word' id='word_1_859' title='bbox 1805 4880 1913 4919; x_wconf 88' lang='lat' dir='ltr'><strong>non</strong></span> <span class='ocrx_word' id='word_1_860' title='bbox 1937 4866 2175 4921; x_wconf 90' lang='lat' dir='ltr'><strong>noveris.</strong></span> <span class='ocrx_word' id='word_1_861' title='bbox 2202 4864 2272 4920; x_wconf 90' lang='lat' dir='ltr'><strong>Et</strong></span> <span class='ocrx_word' id='word_1_862' title='bbox 2300 4865 2535 4924; x_wconf 88' lang='lat' dir='ltr'><strong>fortasse</strong></span> <span class='ocrx_word' id='word_1_863' title='bbox 2562 4869 2816 4927; x_wconf 86' lang='lat' dir='ltr'><strong>virtutem</strong></span> <span class='ocrx_word' id='word_1_864' title='bbox 2842 4873 3037 4930; x_wconf 72' lang='lat' dir='ltr'><strong>animae</strong></span> <span class='ocrx_word' id='word_1_865' title='bbox 3061 4892 3165 4947; x_wconf 91' lang='lat' dir='ltr'><strong>qua</strong></span> <span class='ocrx_word' id='word_1_866' title='bbox 3196 4881 3403 4938; x_wconf 84' lang='lat' dir='ltr'><strong>exami-</strong></span> 
     </span>
    </p>
   </div>
   <div class='ocr_carea' id='block_1_106' title="bbox 1806 4960 3395 5047">
    <p class='ocr_par' dir='ltr' id='par_1_106' title="bbox 1806 4960 3395 5047">
     <span class='ocr_line' id='line_1_107' title="bbox 1806 4960 3395 5047; baseline 0.014 -37"><span class='ocrx_word' id='word_1_867' title='bbox 1806 4965 2008 5013; x_wconf 89' lang='lat' dir='ltr'><strong>nantur</strong></span> <span class='ocrx_word' id='word_1_868' title='bbox 2033 4972 2390 5030; x_wconf 66' lang='lat' dir='ltr'><strong>quaecumque</strong></span> <span class='ocrx_word' id='word_1_869' title='bbox 2417 4960 2711 5020; x_wconf 84' lang='lat' dir='ltr'><strong>audiuntur</strong></span> <span class='ocrx_word' id='word_1_870' title='bbox 2733 5006 2748 5031; x_wconf 91' lang='lat'><strong>,</strong></span> <span class='ocrx_word' id='word_1_871' title='bbox 2780 4967 3015 5025; x_wconf 89' lang='lat' dir='ltr'><strong>habeant</strong></span> <span class='ocrx_word' id='word_1_872' title='bbox 3042 4984 3395 5047; x_wconf 89' lang='lat' dir='ltr'><strong>amputatam,</strong></span> 
     </span>
    </p>
   </div>
   <div class='ocr_carea' id='block_1_107' title="bbox 1805 5052 3402 5142">
    <p class='ocr_par' dir='ltr' id='par_1_107' title="bbox 1805 5052 3402 5142">
     <span class='ocr_line' id='line_1_108' title="bbox 1805 5052 3402 5142; baseline 0.015 -36"><span class='ocrx_word' id='word_1_873' title='bbox 1805 5052 1895 5123; x_wconf 90' lang='lat' dir='ltr'><strong>qui</strong></span> <span class='ocrx_word' id='word_1_874' title='bbox 1923 5067 1985 5107; x_wconf 87' lang='lat' dir='ltr'><strong>ea</strong></span> <span class='ocrx_word' id='word_1_875' title='bbox 2014 5052 2297 5111; x_wconf 87' lang='lat' dir='ltr'><strong>altitudine</strong></span> <span class='ocrx_word' id='word_1_876' title='bbox 2323 5071 2428 5126; x_wconf 88' lang='lat' dir='ltr'><strong>qua</strong></span> <span class='ocrx_word' id='word_1_877' title='bbox 2454 5057 2714 5127; x_wconf 90' lang='lat' dir='ltr'><strong>scriptum</strong></span> <span class='ocrx_word' id='word_1_878' title='bbox 2743 5070 2865 5129; x_wconf 91' lang='lat' dir='ltr'><strong>est,</strong></span> <span class='ocrx_word' id='word_1_879' title='bbox 2920 5064 3109 5123; x_wconf 89' lang='lat' dir='ltr'><strong>audire</strong></span> <span class='ocrx_word' id='word_1_880' title='bbox 3136 5083 3242 5128; x_wconf 90' lang='lat' dir='ltr'><strong>non</strong></span> <span class='ocrx_word' id='word_1_881' title='bbox 3275 5086 3402 5142; x_wconf 87' lang='lat' dir='ltr'><strong>pos-</strong></span> 
     </span>
    </p>
   </div>
   <div class='ocr_carea' id='block_1_108' title="bbox 1804 5156 1953 5203">
    <p class='ocr_par' dir='ltr' id='par_1_108' title="bbox 1804 5156 1953 5203">
     <span class='ocr_line' id='line_1_109' title="bbox 1804 5156 1953 5203; baseline 0 -1"><span class='ocrx_word' id='word_1_882' title='bbox 1804 5156 1953 5203; x_wconf 89' lang='lat' dir='ltr'><strong>sunt.</strong></span> 
     </span>
    </p>
   </div>
   <div class='ocr_carea' id='block_1_109' title="bbox 1877 5241 3402 5320">
    <p class='ocr_par' dir='ltr' id='par_1_109' title="bbox 1877 5241 3402 5320">
     <span class='ocr_line' id='line_1_110' title="bbox 1877 5241 3402 5320; baseline 0.012 -21"><span class='ocrx_word' id='word_1_883' title='bbox 1877 5243 1928 5299; x_wconf 78' lang='grc'><strong>5.</strong></span> <span class='ocrx_word' id='word_1_884' title='bbox 1960 5241 2256 5313; x_wconf 85' lang='lat' dir='ltr'><strong>Meritoque</strong></span> <span class='ocrx_word' id='word_1_885' title='bbox 2286 5242 2427 5300; x_wconf 81' lang='lat' dir='ltr'><strong>hanc</strong></span> <span class='ocrx_word' id='word_1_886' title='bbox 2448 5245 2683 5303; x_wconf 88' lang='lat' dir='ltr'><strong>litteram</strong></span> <span class='ocrx_word' id='word_1_887' title='bbox 2707 5250 3089 5320; x_wconf 80' lang='lat' dir='ltr'><strong>ﬁrmamentum</strong></span> <span class='ocrx_word' id='word_1_888' title='bbox 3112 5256 3202 5313; x_wconf 90' lang='lat' dir='ltr'><strong>alii</strong></span> <span class='ocrx_word' id='word_1_889' title='bbox 3231 5258 3402 5318; x_wconf 88' lang='lat' dir='ltr'><strong>inter-</strong></span> 
     </span>
    </p>
   </div>
   <div class='ocr_carea' id='block_1_110' title="bbox 1806 5339 3403 5421">
    <p class='ocr_par' dir='ltr' id='par_1_110' title="bbox 1806 5339 3403 5421">
     <span class='ocr_line' id='line_1_111' title="bbox 1806 5339 3403 5421; baseline 0.013 -30"><span class='ocrx_word' id='word_1_890' title='bbox 1806 5339 2002 5409; x_wconf 91' lang='lat' dir='ltr'><strong>pretati</strong></span> <span class='ocrx_word' id='word_1_891' title='bbox 2050 5348 2209 5395; x_wconf 89' lang='lat' dir='ltr'><strong>sunt:</strong></span> <span class='ocrx_word' id='word_1_892' title='bbox 2258 5339 2403 5411; x_wconf 90' lang='lat' dir='ltr'><strong>quod</strong></span> <span class='ocrx_word' id='word_1_893' title='bbox 2455 5355 2576 5397; x_wconf 90' lang='lat' dir='ltr'><strong>cum</strong></span> <span class='ocrx_word' id='word_1_894' title='bbox 2622 5346 2905 5415; x_wconf 87' lang='lat' dir='ltr'><strong>superiore</strong></span> <span class='ocrx_word' id='word_1_895' title='bbox 2944 5350 3403 5421; x_wconf 86' lang='lat' dir='ltr'><strong>interpretatione</strong></span> 
     </span>
    </p>
   </div>
   <div class='ocr_carea' id='block_1_111' title="bbox 1807 5452 3403 5534">
    <p class='ocr_par' dir='ltr' id='par_1_111' title="bbox 1807 5452 3403 5534">
     <span class='ocr_line' id='line_1_112' title="bbox 1807 5452 3403 5534; baseline 0.012 -25"><span class='ocrx_word' id='word_1_896' title='bbox 1807 5452 2008 5534; x_wconf 64' lang='lat' dir='ltr'><strong>lterum</strong></span> <span class='ocrx_word' id='word_1_897' title='bbox 2041 5470 2174 5534; x_wconf 74' lang='lat' dir='ltr'><strong>mss.</strong></span> <span class='ocrx_word' id='word_1_898' title='bbox 2204 5470 2416 5534; x_wconf 75' lang='lat' dir='ltr'><strong>omnes,</strong></span> <span class='ocrx_word' id='word_1_899' title='bbox 2440 5468 2494 5514; x_wconf 90' lang='lat' dir='ltr'><strong>et</strong></span> <span class='ocrx_word' id='word_1_900' title='bbox 2516 5458 2811 5534; x_wconf 81' lang='lat' dir='ltr'><strong>edit.&#39;ant.,</strong></span> <span class='ocrx_word' id='word_1_901' title='bbox 2843 5466 3032 5534; x_wconf 73' lang='lat' dir='ltr'><strong>futura:</strong></span> <span class='ocrx_word' id='word_1_902' title='bbox 3056 5468 3215 5523; x_wconf 85' lang='lat' dir='ltr'><strong>instar</strong></span> <span class='ocrx_word' id='word_1_903' title='bbox 3239 5471 3403 5528; x_wconf 84' lang='lat' dir='ltr'><strong>beati-</strong></span> 
     </span>
    </p>
   </div>
   <div class='ocr_carea' id='block_1_112' title="bbox 1810 5525 3404 5598">
    <p class='ocr_par' dir='ltr' id='par_1_112' title="bbox 1810 5525 3404 5598">
     <span class='ocr_line' id='line_1_113' title="bbox 1810 5525 3404 5598; baseline 0.013 -20"><span class='ocrx_word' id='word_1_904' title='bbox 1810 5525 2002 5598; x_wconf 71' lang='lat' dir='ltr'><strong>tudinis</strong></span> <span class='ocrx_word' id='word_1_905' title='bbox 2024 5525 2307 5582; x_wconf 67' lang='lat' dir='ltr'><strong>exhibebat.</strong></span> <span class='ocrx_word' id='word_1_906' title='bbox 2344 5530 2498 5582; x_wconf 77' lang='lat' dir='ltr'><strong>llnm.</strong></span> <span class='ocrx_word' id='word_1_907' title='bbox 2534 5530 2667 5586; x_wconf 89' lang='lat' dir='ltr'><strong>edit.</strong></span> <span class='ocrx_word' id='word_1_908' title='bbox 2699 5525 2910 5589; x_wconf 46' lang='lat' dir='ltr'><strong>solaf...</strong></span> <span class='ocrx_word' id='word_1_909' title='bbox 2936 5537 3165 5592; x_wconf 73' lang='lat' dir='ltr'><strong>ltetitiam</strong></span> <span class='ocrx_word' id='word_1_910' title='bbox 3194 5525 3404 5598; x_wconf 68' lang='lat' dir='ltr'><strong>exhilii:-</strong></span> 
     </span>
    </p>
   </div>
   <div class='ocr_carea' id='block_1_113' title="bbox 1808 5596 3403 5679">
    <p class='ocr_par' dir='ltr' id='par_1_113' title="bbox 1808 5596 3403 5679">
     <span class='ocr_line' id='line_1_114' title="bbox 1808 5596 3403 5679; baseline 0.014 -31"><span class='ocrx_word' id='word_1_911' title='bbox 1808 5596 1915 5679; x_wconf 73' lang='lat' dir='ltr'><strong>bat.</strong></span> <span class='ocrx_word' id='word_1_912' title='bbox 1944 5597 2001 5653; x_wconf 89' lang='lat' dir='ltr'><strong>In</strong></span> <span class='ocrx_word' id='word_1_913' title='bbox 2028 5612 2240 5679; x_wconf 72' lang='lat' dir='ltr'><strong>cassum</strong></span> <span class='ocrx_word' id='word_1_914' title='bbox 2265 5615 2280 5663; x_wconf 91' lang='lat'><strong>;</strong></span> <span class='ocrx_word' id='word_1_915' title='bbox 2323 5601 2759 5679; x_wconf 83' lang='lat' dir='ltr'><strong>quandoquidem</strong></span> <span class='ocrx_word' id='word_1_916' title='bbox 2792 5621 2985 5662; x_wconf 89' lang='lat' dir='ltr'><strong>sensus</strong></span> <span class='ocrx_word' id='word_1_917' title='bbox 3016 5610 3067 5663; x_wconf 90' lang='lat' dir='ltr'><strong>in</strong></span> <span class='ocrx_word' id='word_1_918' title='bbox 3096 5611 3261 5679; x_wconf 90' lang='lat' dir='ltr'><strong>priori</strong></span> <span class='ocrx_word' id='word_1_919' title='bbox 3294 5596 3403 5671; x_wconf 76' lang='lat' dir='ltr'><strong>lec-</strong></span> 
     </span>
    </p>
   </div>
   <div class='ocr_carea' id='block_1_114' title="bbox 1808 5670 3400 5751">
    <p class='ocr_par' dir='ltr' id='par_1_114' title="bbox 1808 5670 3400 5751">
     <span class='ocr_line' id='line_1_115' title="bbox 1808 5670 3400 5751; baseline 0.012 -28"><span class='ocrx_word' id='word_1_920' title='bbox 1808 5670 1966 5751; x_wconf 72' lang='lat' dir='ltr'><strong>tione</strong></span> <span class='ocrx_word' id='word_1_921' title='bbox 1983 5670 2113 5724; x_wconf 89' lang='lat' dir='ltr'><strong>satis</strong></span> <span class='ocrx_word' id='word_1_922' title='bbox 2140 5679 2372 5751; x_wconf 66' lang='lat' dir='ltr'><strong>constat,</strong></span> <span class='ocrx_word' id='word_1_923' title='bbox 2402 5688 2522 5727; x_wconf 91' lang='lat' dir='ltr'><strong>cum</strong></span> <span class='ocrx_word' id='word_1_924' title='bbox 2544 5688 2648 5729; x_wconf 88' lang='lat' dir='ltr'><strong>vox</strong></span> <span class='ocrx_word' id='word_1_925' title='bbox 2700 5676 2860 5733; x_wconf 78' lang='lat' dir='ltr'><strong>instar</strong></span> <span class='ocrx_word' id='word_1_926' title='bbox 2903 5670 3228 5751; x_wconf 82' lang='lat' dir='ltr'><strong>exemplum,</strong></span> <span class='ocrx_word' id='word_1_927' title='bbox 3283 5670 3400 5743; x_wconf 87' lang='lat' dir='ltr'><strong>sive</strong></span> 
     </span>
    </p>
   </div>
   <div class='ocr_carea' id='block_1_115' title="bbox 1806 5740 2409 5813">
    <p class='ocr_par' dir='ltr' id='par_1_115' title="bbox 1806 5740 2409 5813">
     <span class='ocr_line' id='line_1_116' title="bbox 1806 5740 2409 5813; baseline 0.002 -19"><span class='ocrx_word' id='word_1_928' title='bbox 1806 5740 2095 5813; x_wconf 70' lang='lat' dir='ltr'><strong>imagini-tn</strong></span> <span class='ocrx_word' id='word_1_929' title='bbox 2124 5741 2409 5813; x_wconf 78' lang='lat' dir='ltr'><strong>signiticet.</strong></span> 
     </span>
    </p>
   </div>
   <div class='ocr_carea' id='block_1_116' title="bbox 1877 5810 3405 5887">
    <p class='ocr_par' dir='ltr' id='par_1_116' title="bbox 1877 5810 3405 5887">
     <span class='ocr_line' id='line_1_117' title="bbox 1877 5810 3405 5887; baseline 0.013 -23"><span class='ocrx_word' id='word_1_930' title='bbox 1877 5810 1903 5849; x_wconf 70' lang='grc' dir='ltr'>ι)</span> <span class='ocrx_word' id='word_1_931' title='bbox 1932 5813 2001 5865; x_wconf 90' lang='lat' dir='ltr'><strong>Ita</strong></span> <span class='ocrx_word' id='word_1_932' title='bbox 2033 5810 2399 5869; x_wconf 54' lang='lat' dir='ltr'><strong>mssfomnes.</strong></span> <span class='ocrx_word' id='word_1_933' title='bbox 2434 5815 2574 5871; x_wconf 63' lang='lat' dir='ltr'><strong>fidit.</strong></span> <span class='ocrx_word' id='word_1_934' title='bbox 2605 5825 2807 5887; x_wconf 89' lang='lat' dir='ltr'><strong>autem,</strong></span> <span class='ocrx_word' id='word_1_935' title='bbox 2839 5819 3013 5877; x_wconf 85' lang='lat' dir='ltr'><strong>Nolite</strong></span> <span class='ocrx_word' id='word_1_936' title='bbox 3041 5823 3270 5878; x_wconf 68' lang='lat' dir='ltr'><strong>eaultare</strong></span> <span class='ocrx_word' id='word_1_937' title='bbox 3285 5841 3405 5883; x_wconf 83' lang='lat' dir='ltr'><strong>cor-</strong></span> 
     </span>
    </p>
   </div>
   <div class='ocr_carea' id='block_1_117' title="bbox 1805 5896 2140 5940">
    <p class='ocr_par' dir='ltr' id='par_1_117' title="bbox 1805 5896 2140 5940">
     <span class='ocr_line' id='line_1_118' title="bbox 1805 5896 2140 5940; baseline -0.015 0"><span class='ocrx_word' id='word_1_938' title='bbox 1805 5899 1874 5940; x_wconf 84' lang='lat' dir='ltr'><strong>nu</strong></span> <span class='ocrx_word' id='word_1_939' title='bbox 1900 5896 2140 5939; x_wconf 83' lang='lat' dir='ltr'><strong>vestrum.</strong></span> 
     </span>
    </p>
   </div>
  </div>
