3982 6478
15 337 176 401 418

1146 304 1213 388 1N
1253 329 1586 395 restem!
1621 331 1835 395 exvm
1874 304 2259 396 eXrosmo.

3223 316 3360 401 uti

0 463 316 513 :vacuata
347 464 431 517 est
456 454 619 526 Legis
638 453 853 517 littera,
900 450 1166 523 spiritalis
1195 451 1316 523 ejus
1344 453 1660 510 intellectus
1687 456 1735 519 Α
1766 457 2009 517 ctorum,
2037 451 2106 507 de
2131 450 2330 521 quibus
2350 450 2613 523 scriptum
2641 462 2726 510 est
2754 472 2769 509 ;
2820 454 2889 509 In
2917 471 3119 512 omnem
3168 466 3362 514 terram

12 552 344 608 struitur.
379 549 550 620 Httjlts
571 546 952 604 commodonis
985 546 1233 602 meminit
1255 545 1418 603 David
1444 547 1497 602 in
1525 562 1659 617 qua-

0 643 367 718 lragesimo
381 645 542 700 tertio
557 644 789 715 psalmo,
814 642 1005 699 dicens
1030 660 1046 697 :
1076 640 1305 697 Posuisti
1323 658 1417 697 nos
1430 642 1485 696 in
1504 657 1660 711 para-

0 741 217 797 solam
242 740 518 811 gentibus,
543 740 936 795 commotionem
962 738 1149 810 capitis
1188 738 1239 791 in
1262 737 1481 809 populisl
1512 734 1657 790 l’sal.

0 848 192 897 .ust,
230 833 354 904 t5);
386 850 452 889 eo
479 833 627 905 quod
656 850 684 888 a
714 834 855 904 Lege
887 834 941 887 in
977 832 1330 902 Evangelium
1358 830 1572 904 “eo
1588 831 1660 885 sit

0 925 175 982 'ucta
211 929 542 997 coutmutio,
575 929 730 1000 quasi
754 927 1014 983 transitus
1037 926 1281 999 quidam.
1308 925 1364 980 lu
1401 930 1660 981 vicesimo

0 1029 229 1075 tutem
265 1032 323 1076 et
348 1020 525 1091 primo
554 1023 765 1091 psalmo
793 1061 811 1087 ,
842 1020 896 1075 in
925 1036 1034 1090 quo
1083 1022 1250 1074 totius
1304 1019 1659 1090 proplietatur

0 1114 220 1170 series
252 1113 551 1185 passionis,
586 1118 668 1172 sic
696 1114 890 1170 habet:
927 1113 1116 1170 Ouum
1143 1116 1232 1185 qui
1279 1115 1659 1188 conspiciebant

0 1224 124 1270 ne,
153 1207 586 1278 aspernabantur
606 1224 689 1263 me
708 1221 752 1263 et
784 1210 944 1264 locuti
972 1220 1089 1267 sunt
1114 1208 1286 1277 labiis,
1317 1219 1365 1264 et
1394 1220 1659 1265 mouerant

0 1310 218 1372 τωρωι.
252 1302 499 1372 Speravit
524 1301 579 1355 in
606 1299 850 1369 Domino,
879 1302 1061 1372 eripiat
1091 1318 1206 1357 enin
1225 1318 1245 1358 :
1270 1304 1471 1359 solum
1500 1305 1660 1374 faciat

0 1409 152 1448 sunt
185 1411 206 1465 ;
240 1395 490 1464 quoniam
515 1394 624 1449 vult
648 1410 763 1449 eum
790 1392 964 1467 (Psal.
993 1410 1116 1462 XXI,
1142 1398 1176 1452 8
1198 1404 1250 1450 ct
1270 1395 1348 1469 9).
1378 1394 1660 1451 Moverunt

0 1502 175 1558 ergo
210 1487 442 1552 Legem,
477 1503 599 1553 «tum
624 1486 913 1543 immobilis
938 1487 1256 1555 videbatur;
1282 1500 1339 1544 et
1368 1488 1492 1545 ideo
1535 1489 1659 1546 linis

0 1580 211 1653 Legis
240 1581 495 1639 Christus
521 1582 765 1638 intravit.

99 1674 174 1730 9-
222 1673 330 1743 Qui
370 1681 655 1730 moverunt
679 1675 860 1744 capita
890 1674 1151 1731 Pharisazi
1182 1674 1424 1740 fuerunt,
1455 1675 1508 1732 id
1532 1686 1613 1731 est
1640 1718 1657 1744 ,

0 1783 35 1821 ει
83 1769 349 1824 verit-nte
390 1768 543 1823 divisi
569 1784 584 1834 ;
616 1770 758 1825 unde
782 1779 840 1825 et
871 1770 923 1826 in
949 1771 1234 1827 veritatem
1268 1785 1372 1824 non
1406 1769 1661 1826 credide-

1765 543 1919 598 czioit
1936 559 2093 598 sonus
2120 559 2318 610 eorum,
2351 553 2399 598 et
2418 545 2470 599 in
2510 545 2641 616 ﬁnes
2667 546 2804 601 orbis
2842 557 2991 604 terra
3011 549 3163 605 verba
3185 567 3362 607 eorum

1763 635 1938 710 (Psal.
1977 654 2129 705 χγιιι,
2158 638 2261 710 5)?
2292 639 2430 712 Ergo
2461 641 2583 711 quia
2615 656 2814 697 cornua
2843 643 3030 713 gloria:
3055 657 3140 701 est
3166 644 3356 702 Eccle-

1761 731 1870 803 sia;
1898 731 2022 787 ideo
2045 732 2245 789 dicitur
2272 733 2327 788 in
2379 731 2655 791 Canticis:
2690 734 3015 808 Egredimini
3039 782 3053 796 .
3086 779 3101 796 .
3127 780 3141 793 .
3173 781 3186 795 .
3217 750 3265 795 et
3287 742 3363 795 ri-

1761 824 1875 879 dete
1898 841 2065 896 regem
2090 823 2423 887 Salomonem
2450 828 2502 881 in
2533 843 2754 896 corona,
2789 846 2892 899 qua
2936 833 3199 887 coronavit
3247 848 3364 888 eam

1762 929 1927 977 mater
1952 923 2066 994 ejus
2086 921 2141 976 in
2164 922 2247 974 die
2271 922 2595 990 sponsalium
2613 926 2743 995 ejus,
2772 927 2887 981 etin
2908 927 2992 981 die
3017 927 3360 994 iucunditatis

1763 1013 1931 1066 cordis
1959 1016 2073 1086 ejus
2096 1010 2267 1084 (Cant.
2299 1014 2418 1080 ttt,l
2438 1012 2509 1086 ί).
2535 1014 2615 1073 Ad
2644 1018 2854 1074 animos
2881 1020 3087 1075 dicitur
3104 1032 3208 1077 ute
3231 1036 3364 1091 guh

1762 1106 1956 1175 gustiis
1991 1105 2258 1178 ιιοιαι
2287 1106 2537 1163 claustris
2560 1119 2760 1167 exeant
2784 1114 3181 1181 corporalibus,
3207 1124 3365 1170 extra

1762 1201 2010 1270 corporis
2033 1201 2393 1271 cogitationes
2431 1212 2648 1266 exeant,
2675 1205 3023 1275 egrediantur
3041 1222 3071 1263 a
3098 1208 3363 1278 cupidita—

1764 1294 1930 1359 tibus,
1963 1304 2018 1350 et
2043 1310 2073 1349 a
2113 1296 2281 1361 curis,
2310 1302 2368 1352 et
2396 1312 2424 1348 ιι
2457 1297 2677 1353 caeteris
2704 1297 2885 1354 carnis
2903 1304 3063 1357 istius
3080 1300 3364 1358 allectian

1763 1397 1820 1440 et
1876 1386 2104 1443 lubricis
2144 1388 2508 1458 passionihus.
2542 1404 2704 1461 supra
2752 1391 3011 1447 mundum
3040 1394 3361 1460 ascendant,

1763 1479 1949 1534 dehoc
1970 1480 2170 1536 mundo
2187 1491 2403 1548 exeant,
2436 1481 2654 1538 Christo
2681 1493 2994 1551 occurrant,
3020 1495 3221 1556 parata:
3250 1488 3352 1542 ad—

1764 1575 1874 1631 sint
1925 1573 2137 1631 facibus
2193 1576 2508 1633 ardentibus
2574 1578 2901 1637 relucentes.
2974 1581 3138 1650 Quasi
3188 1584 3367 1654 angeli

1763 1669 1966 1725 Christi
1997 1669 2114 1726 hanc
2142 1671 2468 1740 loquuntur:
2501 1669 2615 1727 Non
2645 1676 2870 1744 potestis
2919 1675 3102 1732 videre
3149 1677 3370 1734 clarita-

1764 1771 1873 1819 tem
1919 1762 2071 1834 ejus,
2125 1766 2355 1836 gloriam
2375 1765 2516 1836 ejus,
2558 1768 2661 1822 nisi
2713 1767 3068 1839 egrediamini
3112 1769 3369 1831 humana

0 1877 21 1915 ι
40 1872 196 1916 unt.
226 1860 340 1916 Sed
368 1871 423 1917 et
452 1864 533 1916 sic
554 1871 733 1932 potest
762 1862 968 1933 accipi:
998 1862 1285 1918 Moverunt
1312 1875 1649 1931 caputsuum
1683 1862 1731 1924 Β
1757 1854 2059 1928 fragilitalis
2097 1874 2257 1915 cura!
2276 1898 2292 1927 ι
2327 1860 2453 1917 ﬁlii“
2507 1860 2868 1918 Πίθΐυεθιεηι·
2908 1864 3077 1932 Quasi
3130 1865 3313 1921 dicam
3341 1882 3357 1929 ;

0 1956 478 2027 Οιινὶςιιιιιι,οιιιιὶ
511 1958 563 2013 in
586 1973 686 2012 sua
717 1967 981 2014 venerat:
1022 1957 1118 2013 sed
1164 1966 1457 2013 moverunt
1494 1975 1619 2015 cum
1641 2001 1657 2025 ,

0 2051 172 2122 quia
194 2052 280 2105 sui
300 2067 426 2106 eum
451 2064 558 2106 non
584 2060 930 2121 receperunt.
959 2051 1663 2119 Ilovernmtautem,dicen-

8 2155 120 2200 tes
180 2161 198 2198 :
227 2142 375 2199 Tolle
396 2186 411 2209 ,
444 2144 586 2209 tolle,
612 2146 860 2219 cruciﬁge
884 2161 1000 2198 eant
1028 2143 1215 2218 (Joan,
1263 2161 1361 2201 ιιι
1385 2182 1401 2212 ,
1452 2146 1565 2216 lli).
1595 2146 1663 2203 Ει

6 2256 73 2295 ιιι
82 2247 343 2295 overunt
368 2249 531 2309 caput
543 2254 701 2293 suum
713 2281 726 2302 ,
739 2239 829 2309 qui
849 2254 1014 2294 altera
1029 2256 1123 2295 sua
1137 2255 1356 2297 movere
1381 2239 1659 2306 nolebant;

7 2349 167 2389 cum
227 2332 463 2405 ligareut
503 2348 670 2387 onera
703 2333 909 2403 gravia,
938 2342 995 2389 et
1016 2332 1140 2388 aliis
1161 2331 1661 2404 itupeuerentzlp-

11 2429 66 2483 si
90 2438 285 2483 autem
314 2428 499 2500 digito,
517 2429 709 2499 inquit,
738 2444 800 2483 ea
826 2444 1029 2483 movere
1056 2428 1237 2482 nolunt
1255 2427 1472 2500 (Matth.
1510 2443 1658 2495 χχιιι,

9 2519 112 2589 4).
155 2519 321 2587 Quod
354 2532 439 2575 cst
468 2519 756 2592 mysticum
787 2535 803 2588 ;
833 2523 958 2591 quia
989 2522 1292 2591 corporalis
1309 2523 1447 2576 ritus
1472 2520 1663 2576 obser-

11 2615 328 2668 vationem
373 2629 667 2685 numquam
702 2625 918 2671 mutare
961 2605 1289 2681 voluer’unt,
1315 2623 1372 2669 et
1410 2614 1658 2668 introdu-

18 2722 173 2763 cere
202 2708 541 2763 intellectum
568 2708 891 2778 spiritalem.
916 2708 1309 2781 ltigitumenim
1341 2724 1441 2779 pro
1468 2709 1662 2776 Spiritu

21 2799 288 2870 legimus
305 2840 320 2867 ,
344 2813 401 2855 ut
421 2802 527 2856 Lex
556 2802 836 2872 digituDei
855 2804 1065 2872 scripta
1087 2813 1170 2858 est
1190 2803 1211 2875 (
1233 2802 1387 2858 Deut.
1413 2819 1501 2869 ιι,
1530 2802 1663 2874 ιοσ),

25 2901 95 2950 et
125 2891 266 2948 ideo
292 2893 409 2949 Lex
450 2893 711 2965 spiritalis
736 2905 840 2950 est.
862 2894 1168 2951 Nolueruut
1211 2911 1343 2966 ergo
1367 2911 1537 2952 onera
1568 2904 1665 2952 sua

30 3001 286 3043 movere
313 3030 328 3053 ,
360 3002 484 3057 qua:
513 2996 643 3042 sunt
667 2986 859 3059 gravia
880 3029 896 3055 ,
920 2996 977 3043 et
1004 2988 1123 3044 leve
1146 2986 1349 3043 Christi
1370 2987 1557 3059 jugnm
1583 2996 1668 3043 at-

28 3096 157 3151 que
190 3094 333 3134 onus
364 3078 481 3149 ejus
504 3094 672 3133 suave
693 3079 989 3149 suscipere.

118 3173 226 3229 10.
260 3169 457 3226 Verum
486 3170 613 3240 quia
663 3170 850 3239 passio
870 3170 1172 3226 Salvaturis
1188 3186 1380 3226 omnes
1410 3172 1661 3237 redemit,

1762 1948 1901 2018 Quid
1929 1950 2200 2009 viventem
2249 1953 2390 2010 inter
2441 1966 2689 2012 mortuos
2728 1958 3018 2027 quaeritis?
3066 1957 3184 2015 Non
3224 1961 3367 2017 intra

1762 2042 1905 2098 hunc
1927 2045 2188 2102 mundum
2213 2047 2475 2117 qua-ritur
2494 2045 2766 2117 Christus,
2790 2050 2882 2120 qui
2901 2065 3065 2121 supra
3098 2053 3361 2108 mundum

1762 2152 1891 2195 suos
1920 2139 2094 2197 voluit
2120 2155 2241 2197 esse
2266 2141 2589 2213 discipulos.
2614 2143 2751 2212 Quae
2777 2152 3087 2204 estcorona
3137 2156 3239 2217 qua
3270 2164 3368 2204 co-

1761 2241 1989 2290 ronatur
2022 2235 2288 2303 Christus,
2320 2237 2424 2293 nisi
2450 2253 2652 2295 corona
2696 2239 2888 2310 gloria:
2909 2241 2933 2295 ἵ
2958 2240 3163 2313 Ioseph
3204 2258 3367 2300 coro-

1762 2344 1886 2383 nam
1912 2330 2100 2385 liabnit
2119 2331 2411 2396 castitatis,
2444 2334 2641 2390 Paulus
2664 2334 2888 2403 juStitia:
2917 2378 2934 2402 ,
2982 2336 3177 2393 Petrus
3219 2337 3369 2395 ﬁdei.

1762 2422 2109 2495 Singularum
2168 2427 2429 2484 virtutum
2460 2444 2682 2486 corona:
2706 2442 2852 2487 sunt.
2903 2432 3064 2490 Solus
3110 2434 3366 2493 Christus

1764 2516 1927 2574 habet
1963 2534 2220 2575 coronam
2247 2522 2455 2593 glorias,
2496 2540 2600 2594 qua
2639 2540 2765 2581 enm
2789 2526 3031 2583 Ecclesia
3061 2530 3366 2585 coronavit.

1765 2610 1822 2667 lu
1874 2611 1976 2667 hac
2017 2628 2217 2669 corona
2268 2631 2461 2672 omnes
2522 2632 2739 2674 coronat
2787 2629 2956 2685 sunt;
3004 2620 3127 2690 quia
3197 2621 3367 2692 gloria

1764 2722 1871 2761 non
1929 2706 2109 2778 portio
2157 2710 2322 2764 unius
2373 2724 2614 2779 coronae,
2660 2712 2760 2767 sed
2795 2713 3075 2783 praemium
3120 2714 3367 2770 omnium

1768 2816 2092 2857 COI'OllIﬂlln
2124 2813 2205 2857 εει
2215 2843 2230 2858 ο

1847 2890 1930 2946 l2.
1972 2891 2161 2949 Tertia
2190 2893 2483 2951 traditione
2525 2906 2813 2952 moverunt
2857 2907 3019 2968 caput
3043 2910 3223 2968 suum,
3258 2899 3365 2957 hoc

1769 2995 1853 3040 est
1879 2984 2154 3043 Christum
2182 3024 2197 3051 ,
2231 2989 2323 3059 qui
2359 2998 2446 3045 est
2482 3001 2651 3059 caput
2686 3007 2799 3048 suae
2829 2992 3025 3060 plebis.
3056 2993 3226 3066 Caput
3256 2999 3372 3070 ejus

1767 3092 1953 3136 aurum
1982 3079 2172 3151 cepitet
2214 3080 2391 3153 (Cant.
2417 3098 2482 3150 v,
2511 3084 2625 3153 ll).
2653 3083 2809 3141 Unde
2844 3087 2901 3143 et
2929 3086 3126 3158 Aquila
3159 3094 3368 3159 petram

1768 3189 1956 3229 aurum
2002 3174 2140 3231 dixit
2170 3193 2183 3230 :
2218 3175 2580 3248 Symmachus
2629 3179 2865 3250 lapidem
2914 3192 3141 3239 aureum
3168 3226 3182 3251 ,
3223 3184 3371 3255 quod

36 3281 163 3323 non
197 3264 501 3319 absurdum
530 3272 615 3320 est
662 3264 965 3333 intelligere
984 3264 1057 3319 ita
1100 3264 1199 3319 hos
1228 3264 1466 3320 movisse
1488 3264 1661 3333 capita
1689 3270 1735 3333 ρ
1768 3266 2042 3337 signiﬁcat
2065 3266 2315 3324 stabilem
2335 3306 2352 3335 ,
2383 3270 2821 3343 eminentemque
2850 3272 3198 3343 satrientiam.
3237 3278 3376 3332 Coro

34 3373 148 3416 sua
159 3399 176 3419 .
189 3356 335 3412 sicut
350 3346 618 3427 propheta
626 3357 714 3412 hat
728 3357 980 3427 princeps
993 3356 1086 3413 ille
1097 3356 1421 3429 Syuagogte:
1440 3355 1668 3425 Expedit

41 3469 223 3509 unum
245 3452 504 3507 hominem
527 3452 660 3507 ntori
686 3468 783 3524 pro
812 3453 1002 3523 populo
1022 3450 1210 3523 (loco.
1246 3468 1330 3518 χι,
1361 3452 1476 3525 5.0).
1503 3449 1667 3508 Aliud

45 3545 253 3601 dicere
282 3543 521 3609 volebat,
550 3542 696 3597 aliud
725 3542 1086 3614 signiﬁcabat.
1120 3543 1188 3598 Et
1220 3542 1306 3603 isti
1353 3543 1515 3598 aliter
1554 3558 1670 3598 mo-

48 3639 269 3695 vebant
297 3645 455 3702 caput
469 3636 625 3708 quasi
649 3636 997 3704 insultantes,
1011 3644 1070 3693 et
1087 3636 1233 3693 aliud
1251 3636 1666 3703 annuntiahant;

48 3734 186 3802 quia
246 3731 364 3803 ipse
400 3741 516 3788 erat
559 3732 656 3803 qui
701 3731 895 3800 venit,
954 3739 1013 3789 ut
1063 3731 1274 3802 pigrum
1318 3731 1450 3789 illud
1509 3741 1673 3804 atque

54 3837 347 3883 terrenum
394 3823 700 3896 principale
747 3824 1028 3881 hominum
1077 3835 1497 3889 commoveret,
1563 3841 1672 3896 quo

1769 3374 1870 3430 pus
1896 3357 2098 3416 Christi
2132 3359 2375 3417 Ecclesia
2407 3371 2512 3417 est.
2537 3362 2708 3433 Hujus
2736 3375 2897 3435 caput
2923 3382 3141 3431 aurum,
3171 3367 3223 3422 id
3250 3376 3338 3424 est
3360 3409 3376 3437 ,

1768 3452 2035 3522 sapientia
2077 3453 2316 3522 pretiosa
2348 3465 2661 3513 sanctorum
2691 3469 2805 3524 est,
2835 3458 2936 3515 hoc
2966 3470 3050 3516 est
3069 3503 3082 3525 ,
3116 3461 3216 3517 viri
3241 3461 3378 3532 justi

1769 3558 1929 3617 atque
1961 3547 2278 3615 plaudentes.
2314 3547 2495 3605 Crines
2523 3552 2638 3624 ejus
2666 3551 2854 3607 abietes
2902 3554 3066 3625 nigra
3088 3597 3100 3619 ,
3131 3556 3262 3609 sicut
3289 3573 3379 3612 co-

1770 3655 1869 3694 rax
1898 3638 2127 3713 (Ibid);
2160 3641 2228 3696 de
2272 3657 2382 3711 quo
2428 3642 2558 3698 alibi
2598 3642 2712 3709 ait;
2742 3643 3177 3712 Capillamentunt
3206 3657 3377 3717 tamn,

1772 3742 1828 3788 ut
1854 3749 1981 3803 grex
2017 3744 2283 3793 tantarum
2308 3735 2480 3807 (Cant.
2510 3752 2596 3803 vt,
2625 3735 2704 3808 4).
2741 3738 2869 3794 Ideo
2894 3741 3336 3811 capilhtncntum
3360 3784 3376 3810 ,

1774 3829 1900 3900 quia
1912 3830 2098 3884 .virtus
2114 3831 2353 3887 omnium
2382 3846 2640 3890 sensuum
2657 3832 2712 3887 in
2731 3835 2910 3903 capite
2928 3843 3034 3891 est.
3059 3836 3210 3891 Oculi
3231 3838 3382 3895 enim

53 3914 329 3975 evacuate
363 3917 749 3973 observatione
781 3916 975 3972 litterae
996 3958 1012 3983 ,
1046 3917 1364 3989 mysterium
1402 3932 1676 3988 qttzcrere-
1777 3922 2025 3993 sapientis
2049 3924 2104 3978 in
2133 3924 2305 3993 capite
2328 3924 2689 3995 ejus(Eccles.
2715 3941 2788 3992 tt,
2825 3925 2940 3999 l4).
2977 3928 3250 3986 Profunda
3279 3931 3385 4002 igi-

60 4026 188 4067 mus
219 4010 276 4064 in
304 4008 506 4065 verbis.
540 4006 699 4065 Unde
728 4009 841 4063 ait:
870 4008 1105 4067 Posuisti
1133 4026 1227 4067 nos
1266 4011 1319 4065 in
1377 4009 1677 4079 parabolam
1777 4022 1871 4069 tur
1899 4013 2186 4071 doctorum
2217 4014 2532 4085 prudentia,
2557 4032 2678 4086 qua}
2708 4026 2884 4085 potest
2908 4036 2969 4074 ea
3000 4035 3122 4091 qua:
3149 4023 3383 4079 obscura

56 4107 329 4181 gentibus,
358 4105 750 4163 commotionem
776 4107 963 4176 capitis
1007 4107 1058 4160 in
1072 4109 1282 4179 populis
1322 4106 1497 4177 (Psal.
1521 4124 1676 4173 χιιιι.
1780 4114 1910 4160 sunt
1931 4105 2197 4171 revelare,
2220 4113 2277 4162 et
2301 4107 2412 4161 alta
2431 4109 2645 4177 aperire
2666 4124 2949 4166 sensuum.
2974 4112 3043 4168 Et
3068 4113 3385 4184 hujusmo‘di

63 4201 186 4272 15).
220 4197 381 4267 Quod
408 4197 462 4254 in
492 4198 638 4254 bono
662 4199 849 4268 utique
888 4200 1186 4268 accipitur;
1215 4201 1340 4271 quia
1368 4200 1633 4271 praemisit
1660 4219 1675 4256 :
1782 4194 2151 4265 diaputatores
2178 4197 2359 4253 crines
2388 4196 2648 4255 Ecclesiae
2678 4209 2835 4268 sunt,
2866 4202 3008 4259 sicut
3035 4206 3166 4274 pulli
3193 4220 3387 4263 corvo-

63 4292 137 4347 Et
163 4294 224 4347 in
245 4295 480 4347 nationes
507 4291 801 4359 dispersisti
822 4290 1121 4365 nos(lbid.,
1153 4293 1267 4367 l2).
1290 4293 1528 4364 Dispersi
1553 4303 1684 4351 sunt
1785 4303 1937 4356 rum,
1965 4288 2160 4360 quibus
2192 4288 2452 4347 Dominus
2483 4305 2665 4351 escam
2687 4292 2780 4348 dat
2799 4332 2817 4362 ,
2844 4294 2988 4353 sicut
3014 4296 3168 4353 dedit
3197 4309 3390 4358 saneto

67 4388 220 4442 enim
247 4382 422 4440 Judmi
448 4400 465 4450 ;
498 4393 555 4445 ut
582 4384 825 4455 reliquiae
857 4400 1046 4441 eorum
1072 4386 1237 4442 salvae
1263 4386 1458 4443 tierent
1485 4403 1682 4447 secun-

71 4481 204 4537 dum
229 4478 553 4537 electionem
579 4478 803 4549 gratias:
828 4480 880 4535 in
912 4481 1226 4552 parabotam
1267 4492 1450 4540 ante."
1481 4485 1679 4555 posui;

77 4585 221 4630 utea
249 4587 373 4643 quas
411 4587 509 4642 per
549 4570 862 4643 parabolam
891 4572 1036 4631 dicta
1064 4583 1192 4635 sunt
1214 4615 1233 4642 ,
1265 4575 1508 4635 revelata
1559 4593 1682 4634 esse

1784 4382 1953 4439 Jacob
1981 4399 2008 4438 a
2036 4383 2322 4453 juventute
2359 4385 2508 4457 ejus,
2541 4395 2596 4443 et
2637 4401 2761 4443 etim
2810 4390 2973 4457 pavit.
3002 4390 3114 4447 llos
3154 4392 3296 4447 alios
3324 4409 3392 4452 ac

1787 4480 2085 4550 profundos
2112 4482 2357 4539 ubertate
2383 4481 2648 4540 doctrinae
2686 4483 2859 4553 pascit
2903 4483 3167 4542 Dominus
3192 4487 3392 4546 eteles-

1787 4573 1928 4633 libus
1959 4576 2340 4631 sacramentis.

78 4666 301 4723 illorum
326 4665 472 4723 exitu
500 4664 861 4733 disceremus,
885 4665 970 4723 vel
999 4681 1187 4727 eorum
1214 4671 1466 4737 exemplo
1493 4670 1681 4726 adtuo-
1709 4659 1758 4723 Β
1859 4668 1945 4724 l3.
1981 4666 2137 4725 Oculi
2164 4683 2368 4737 quoque
2388 4668 2503 4739 ejus
2528 4670 2661 4724 sicut
2683 4669 2937 4726 columba:
2954 4672 3133 4742 (Canta.
3165 4691 3196 4730 ν
3215 4717 3230 4743 ,
3259 4676 3348 4749 ιε)
3373 4696 3388 4734 :

81 4776 341 4817 ueremur
359 4774 555 4817 cavere
574 4760 879 4830 perﬁdiam.
928 4761 1079 4817 Tunc
1104 4764 1248 4821 enim
1280 4764 1537 4833 cognovit
1561 4779 1679 4817 ma-

80 4855 164 4926 gis
183 4855 480 4915 Hieremias
497 4853 739 4913 Judwam
757 4870 878 4915 esse
891 4854 1195 4912 deﬂendam
1213 4873 1228 4913 :
1250 4866 1311 4915 et
1337 4858 1460 4915 ideo
1490 4858 1684 4917 llieru-

84 4949 251 5005 salem
268 4958 482 5017 captam
505 4962 627 5005 esse
644 4957 772 5004 tunc
790 4948 1056 5019 temporis
1074 4948 1436 5019 prophetarit,
1464 4951 1684 5018 quando

86 5047 507 5118 Iledemptorem
530 5045 808 5116 proprium
824 5063 930 5101 non
946 5046 1171 5116 recepit.
1191 5047 1269 5101 Illi
1286 5046 1445 5116 igitur
1458 5047 1684 5103 insulta-

91 5149 197 5206 tur,
230 5144 297 5196 dc
327 5157 430 5212 qua
458 5140 660 5208 dicent,
697 5143 870 5212 inquit
903 5159 914 5195 :
943 5139 1071 5197 Htec
1100 5148 1171 5197 est
1200 5142 1449 5196 ciuitas...
1492 5142 1691 5198 univer-

91 5252 161 5291 sa:
184 5246 332 5291 terra:
359 5233 577 5306 (Tltren.
610 5250 668 5303 ιι,
724 5234 838 5307 15);
868 5250 934 5290 eo
963 5234 1107 5306 quod
1135 5234 1224 5293 ubi
1248 5243 1365 5291 erat
1390 5242 1518 5291 ante
1562 5234 1687 5291 ﬁdei

93 5329 421 5398 jucmiditas,
452 5328 529 5384 ibi
551 5344 694 5384 nunc
719 5328 791 5384 sit
818 5328 1121 5385 amaritudo
1143 5328 1424 5399 perﬁdiae:
1454 5328 1542 5385 vel
1568 5344 1689 5384 cer-

100 5430 150 5477 te
172 5421 438 5477 movendo
460 5424 628 5492 ‘caput
653 5436 833 5488 suum,
860 5422 1006 5479 etde
1026 5422 1405 5493 corporalibus
1433 5421 1498 5475 ad
1528 5421 1687 5494 spiri-

103 5515 220 5571 talia
248 5515 575 5572 transeundo
599 5525 877 5573 mereatur
900 5515 1125 5583 audire;
1155 5532 1278 5573 cum
1305 5515 1605 5574 crediderit
1632 5515 1688 5571 in

104 5605 389 5676 Christum,
418 5607 563 5680 quod
592 5623 795 5664 corona
825 5609 896 5665 sit
917 5608 1129 5678 glorite.

175 5700 260 5755 ll.
289 5702 421 5769 Qua:
461 5711 549 5756 est
573 5714 753 5756 autem
776 5712 986 5758 corona
1015 5700 1228 5773 glorise,
1274 5702 1380 5759 nisi
1396 5701 1691 5766 Ecclesia,

111 5804 223 5860 quae
248 5801 404 5862 caput
432 5806 587 5849 suum
615 5793 900 5866 Christum
929 5794 1195 5849 coronat?
1232 5790 1365 5866 Quae
1385 5794 1695 5867 jucunditas

115 5882 368 5946 universa:
382 5886 670 5953 terrae,nisi
686 5885 883 5944 domus
899 5885 1083 5959 populi
1096 5885 1410 5959 Christiani,
1432 5886 1551 5942 aula
1567 5900 1696 5941 san-

1788 4759 1928 4815 oculi
1956 4769 2082 4815 sunt
2105 4759 2239 4824 viri,
2264 4758 2514 4819 videlicet
2543 4761 2882 4830 spiritalibus
2898 4768 3077 4822 amati
3102 4760 3409 4839 sensibus,’

1789 4853 1878 4923 qui
1910 4851 1975 4909 ad
2011 4852 2238 4909 videnda
2268 4852 2522 4925 mysteria
2550 4866 2679 4913 eunt
2703 4858 2886 4926 acuti,
2916 4869 2972 4916 et
2996 4864 3173 4932 parati
3201 4865 3267 4919 ad
3294 4880 3394 4936 pta-

1792 4945 2053 5001 netranda
2080 4944 2377 5011 Scriptura?
2400 4955 2616 5007 secreta
2640 4949 2840 5010 divina:
2856 4993 2877 5021 ,
2908 4954 3218 5014 rationabili
3250 4957 3395 5017 lacte

1789 5038 2096 5110 fulgentes,
2140 5038 2192 5095 in
2234 5039 2433 5111 quibus
2475 5057 2584 5097 non
2614 5044 2686 5098 sit
2733 5044 2911 5116 aliqua
2954 5046 3065 5103 doli
3112 5051 3393 5116 maculosa

1788 5134 2035 5191 confusio
2058 5176 2073 5201 ,
2109 5134 2202 5190 sed
2234 5134 2499 5205 simplicis
2525 5136 2749 5194 allectus
2782 5156 2913 5210 pura
2945 5142 3001 5197 e‘t
3048 5138 3394 5205 immaculata

1787 5224 2094 5283 sinceritas.
2121 5225 2249 5282 ideo
2277 5227 2329 5282 in
2359 5243 2621 5300 aquarum
2649 5230 2983 5289 abundantia
3011 5233 3149 5291 lotas
3178 5236 3276 5297 has
3302 5256 3399 5296 co-

1789 5318 2002 5376 lumbas
2033 5321 2086 5374 iu
2120 5319 2262 5376 lacte
2291 5314 2614 5379 memoi‘avit
2638 5320 2867 5395 (lividi).

1863 5416 1954 5473 14.
1995 5415 2114 5472 Jam
2139 5428 2286 5473 certe
2312 5417 2533 5485 dentes,
2556 5427 2613 5473 et
2634 5432 2835 5489 genas,
2865 5428 2921 5476 et
2945 5422 3085 5476 sicut
3111 5425 3396 5485 coccinum

1786 5512 2104 5568 testiculum
2133 5510 2272 5564 labia
2320 5525 2537 5582 sponsa:
2578 5510 2757 5584 (Cant.
2789 5529 2872 5584 γι,
2906 5514 2999 5583 5),
3033 5516 3394 5591 intelligimus

1793 5603 1988 5658 auiutaa
2017 5616 2139 5658 esse
2166 5601 2429 5667 virtutes,
2458 5601 2859 5677 doctorumque
2882 5608 3230 5668 diversitates
3256 5630 3270 5667 :
3302 5615 3399 5684 qui

1795 5696 1881 5751 vel
1906 5695 2204 5766 spiritalem
2232 5694 2403 5750 tuenti
2429 5694 2747 5751 alimoniam
2773 5697 3184 5770 dispensatione
3210 5704 3407 5763 sedula

1798 5787 2211 5844 subministren‘t
2243 5803 2258 5841 :
2291 5786 2376 5842 vel
2416 5785 2804 5854 praedicatione
2846 5789 3144 5846 Dominican
3185 5796 3368 5857 crucis
3391 5839 3407 5864 ,

1800 5883 1940 5939 sicut
1985 5881 2134 5941 verbi
2177 5880 2411 5957 quadam
2463 5879 2605 5939 linea
2656 5882 2882 5957 alligent
2928 5882 3283 5944 audientem:
3318 5890 3409 5949 vel
