4104 6350
614 284 752 342 14ιῦ

1952 284 2201 344 SANCTI
2235 285 2564 344 AMBROSII

3773 296 3909 355 1416

607 401 836 460 modesti
865 416 931 457 ac
960 400 1292 469 verecundi,
1322 408 1379 457 et
1401 399 1705 471 juventutis
1734 400 1867 456 ﬂore
1909 401 2205 473 gratissimi
2233 409 2283 471 Α
2313 418 2449 457 uxor
2477 400 2799 458 charissima
2828 400 3078 475 qumdam
3118 404 3246 461 vita:
3274 406 3521 464 cohmres
3542 450 3559 476 ,
3592 419 3649 465 et
3689 424 3908 468 consor-

612 505 635 532 η
661 498 764 552 etsi
794 511 825 550 a
858 504 1088 550 tractatu
1121 494 1327 566 pudore
1354 505 1710 561 revocentur,
1751 492 1995 550 redoleat
2027 506 2205 549 tamen

609 588 664 645 in
693 588 778 644 his
803 586 939 644 odor
965 586 1206 653 Christi,
1229 597 1284 643 et
1312 585 1453 642 sicut
1479 587 1533 641 in
1566 601 1734 659 genas
1758 586 1910 657 quasi
1938 587 2004 642 de
2030 586 2207 653 capite

608 683 931 742 sacerdotali
969 682 1254 739 descendit
1299 694 1633 753 unguentum
1660 723 1676 749 ,
1709 682 1924 739 eluceat
1969 680 2206 752 pulchri-

609 779 740 834 tudo
783 777 1064 833 doctrinae.
1094 775 1166 831 Et
1208 776 1311 831 hoc
1360 785 1525 847 caput
1567 777 1738 831 movit
1785 775 2109 847 Synagoga;
2152 781 2209 829 et

604 870 729 927 ideo
777 870 1003 926 abstulit
1032 870 1294 926 Dominus
1336 869 1646 926 mirabilem
1691 868 2060 925 consiliarium
2086 910 2101 935 ,
2151 875 2207 923 et

606 965 926 1037 prudentem
954 964 1315 1021 architectum
1336 1005 1351 1031 ,
1388 964 1600 1037 1162
1631 972 1688 1019 et
1721 962 2024 1033 sapientem
2053 960 2204 1017 andi-

600 1064 812 1114 torem:
846 1056 1051 1127 Caput,
1088 1058 1304 1129 inquit,
1344 1066 1391 1113 et
1440 1056 1661 1112 caudam
1702 1056 1882 1129 (Esai.
1929 1071 1980 1111 ιιι
2006 1097 2021 1123 ,
2056 1055 2200 1126 14);

600 1154 855 1221 quoniam
903 1152 995 1223 qui
1041 1161 1205 1222 caput
1247 1165 1356 1207 non
1404 1161 1737 1216 tenuerunt,
1771 1150 2064 1205 novissima
2106 1146 2205 1203 ha-

599 1244 729 1302 bere
758 1262 863 1303 non
909 1254 1156 1318 possunt.
1188 1244 1295 1303 Sed
1335 1246 1447 1316 jam
1498 1261 1561 1302 ea
1605 1258 1729 1317 quae
1771 1258 1982 1301 annexa
2033 1251 2198 1312 sunt,

599 1337 1031 1394 consideremus.

673 1430 761 1486 15.
797 1429 977 1502 (Vers.
1005 1430 1157 1501 115.)
1180 1428 1399 1500 Iniquos
1428 1430 1550 1485 odio
1577 1429 1777 1486 habui:
1803 1439 1849 1485 et
1878 1431 2037 1502 legem
2060 1438 2202 1484 tuam

597 1522 780 1580 dilexi.
808 1521 838 1561 δ
870 1523 1082 1591 Quanto
1111 1538 1239 1594 erga
1273 1523 1561 1579 Dominum
1600 1538 1660 1580 se
1688 1522 1978 1596 protendat
2004 1522 2199 1578 alfectu

596 1626 819 1674 sanctus
866 1617 1129 1690 propheta
1180 1618 1346 1675 David
1395 1618 1499 1675 hoc
1544 1617 1818 1675 versiculo
1865 1616 2198 1685 declaravit;

595 1713 722 1783 quia
739 1727 861 1768 cum
882 1727 1013 1769 suos
1041 1712 1292 1770 inimicos
1320 1728 1660 1786 nequaquam
1688 1713 1757 1768 sit
1783 1721 2097 1783 persecutus
2117 1711 2201 1785 (ut

2313 495 2446 549 tium
2475 509 2766 552 commune
2794 497 3040 553 naturae?
3065 497 3202 566 Quid
3227 497 3427 556 fratres
3448 501 3640 557 iisdem
3670 504 3906 561 concreti

2311 585 2643 655 visceribus,
2676 599 2839 660 atque
2870 588 3086 645 formati
3115 590 3308 647 eodem
3341 602 3550 649 natura:
3580 593 3816 666 hospitio
3856 597 3907 651 in

2310 681 2454 737 hunc
2484 697 2640 738 usum
2669 684 2806 740 lucis
2833 686 3063 741 emissi?
3089 685 3309 743 Oderim
3348 702 3480 759 ergo
3513 690 3738 761 pignora
3782 689 3909 746 cha-

2310 775 2516 831 ritatis?
2544 776 2619 832 Ita
2651 777 2924 851 Evangelii
2954 779 3178 836 lenitate
3205 780 3440 852 rigorem
3469 782 3735 853 praedura:
3754 781 3909 854 Legis

2310 868 2576 937 inﬂectis,
2612 877 2671 923 ut
2707 886 2937 941 quorum
2977 870 3090 926 Lex
3134 872 3465 928 condemnat
3507 874 3769 944 injurias,
3814 890 3918 952 eo:

2308 978 2426 1019 rum
2464 974 2517 1019 tu
2558 964 2852 1037 Evangelio
2883 976 2976 1022 tuo
3002 967 3334 1024 condemnes
3359 970 3628 1040 gratiam?

2381 1059 2470 1114 17.
2514 1059 2683 1117 Video
2732 1061 3038 1120 istiusmodi
3088 1064 3379 1121 assertioni
3434 1081 3523 1123 me
3573 1068 3909 1141 respondere

2308 1167 2415 1209 non
2456 1168 2657 1224 posse:
2694 1155 2790 1211 sed
2840 1164 2895 1211 tu
2925 1197 2940 1223 ,
2975 1156 3203 1214 Domine
3227 1199 3242 1224 ,
3273 1159 3579 1229 responde;
3624 1177 3726 1219 nec
3763 1163 3910 1220 enim

2306 1246 2516 1319 indiges
2545 1258 2602 1303 ut
2640 1250 2954 1318 excuseris,
2982 1245 3010 1287 ιι
3042 1251 3135 1321 qui
3174 1266 3282 1307 non
3326 1252 3523 1321 eguisti
3567 1261 3627 1309 ut
3670 1254 3905 1313 diceres.

2307 1339 2676 1412 ReSpundebit
2702 1341 2864 1413 igitur
2890 1361 2904 1398 :
2939 1344 3122 1413 Egone
3150 1345 3457 1402 condemno
3486 1347 3785 1419 pietatem,
3819 1350 3911 1422 qui

2304 1434 2394 1490 odi
2425 1435 2806 1506 iniquitatem?
2836 1435 2951 1505 Ego
2983 1445 3235 1507 parentes
3280 1440 3539 1511 prtceipio
3569 1455 3675 1497 non
3716 1456 3911 1499 aman—

2303 1527 2434 1595 dos,
2461 1530 2552 1601 qui
2600 1528 2847 1585 inimicos
2888 1528 3093 1586 suadeo
3133 1529 3478 1602 diligendos?
3517 1531 3629 1590 Sed
3680 1549 3790 1590 non
3838 1535 3913 1589 le-

2302 1624 2466 1695 gisti:
2502 1621 2726 1697 Tempus
2764 1624 2977 1678 amandi
3004 1664 3018 1688 ,
3051 1633 3098 1678 et
3148 1634 3346 1692 tempus
3397 1626 3517 1680 odto
3558 1626 3824 1693 habendi,
3867 1634 3912 1682 et

2303 1725 2502 1790 tempus
2542 1716 2698 1782 belli,
2728 1726 2775 1771 et
2806 1726 3004 1787 tempus
3049 1717 3191 1788 pacis
3231 1715 3403 1790 (Eccl.
3437 1733 3533 1783 ιιι,
3561 1717 3653 1791 δγρ
3683 1719 3758 1776 De
3802 1735 3911 1790 quo

596 1818 721 1878 pote
757 1808 845 1878 qui
892 1817 949 1865 et
981 1808 1124 1881 regis
1163 1808 1324 1877 Saul,
1372 1824 1401 1863 a
1441 1809 1597 1879 cujus
1641 1808 1851 1865 insidiis
1894 1807 2196 1879 periculum
2227 1824 2274 1887 Β
2302 1809 2407 1867 huc
2452 1812 2582 1867 dicit
2618 1811 3026 1868 Ecclesiastes?
3054 1810 3245 1869 Nonne
3290 1812 3357 1869 de
3384 1828 3452 1869 eo
3499 1814 3644 1886 quod
3695 1815 3912 1871 ratione

592 1902 785 1959 salutis
813 1919 1009 1961 cavere
1043 1903 1132 1960 vix
1163 1913 1415 1976 poterat,
1449 1918 1550 1959 nec
1590 1903 1755 1958 vitam
1795 1901 2065 1974 putaverit
2102 1915 2199 1972 ap-

594 1995 882 2068 petendam
909 2040 925 2064 ,
955 2007 1011 2054 et
1050 2008 1281 2054 mortem
1309 1999 1661 2053 mstimaverit
1685 1996 2063 2053 vindicandam
2085 2038 2098 2059 .
2142 2005 2196 2051 et

592 2089 875 2161 parricidae
918 2090 1011 2146 filii
1059 2090 1387 2163 ingemuerit
1434 2091 1709 2147 interitum
1736 2132 1750 2156 ,
1799 2100 1856 2146 et
1900 2090 2192 2145 multorum

591 2184 1037 2256 persequentium
1065 2201 1126 2242 se
1157 2186 1378 2258 ﬂagitiis
1399 2187 1671 2257 appetitus
1700 2186 1999 2258 ignoverit,
2033 2192 2090 2240 ut
2116 2184 2195 2255 ip-

588 2291 651 2334 se
674 2278 755 2333 ait
789 2277 971 2351 (Psal.
997 2295 1103 2347 vn,
1136 2279 1231 2352 5).
1260 2281 1390 2352 quia
1421 2280 1590 2336 vicem
1627 2279 1840 2351 injurias
1870 2277 2194 2335 laedentibus

588 2384 697 2427 non
738 2371 1089 2443 rependerit)
1121 2371 1576 2444 praevaricatores
1604 2381 1786 2428 tamen
1832 2371 2029 2428 divina:
2058 2370 2194 2441 legis

587 2478 791 2521 exosos
820 2463 1102 2522 horrescat
1134 2485 1147 2520 :
1190 2467 1242 2522 in
1273 2482 1382 2538 quo
1428 2467 1621 2538 utique
1661 2476 1718 2522 et
1757 2466 2050 2523 clementia
2078 2482 2193 2522 mo—

586 2571 706 2613 rum
754 2557 914 2630 ejus,
965 2560 1437 2632 mansuetuduque
1485 2562 1742 2633 pietatis,
1787 2569 1844 2617 et
1896 2561 2192 2619 vehemens

582 2649 890 2709 dev0tiouis
940 2653 1182 2724 aperitur
1241 2653 1515 2721 intentio,
1574 2654 1873 2725 evangelici
1933 2654 2190 2726 praecepti

582 2747 916 2804 conveniens
935 2746 1238 2820 disciplinae
1256 2791 1272 2815 ,
1294 2765 1455 2821 quam
1484 2749 1804 2821 prophetico
1830 2749 2025 2822 spiritu
2051 2765 2185 2822 prae—

583 2840 819 2898 videbat.
868 2840 1083 2898 Etenim
1128 2842 1390 2900 Dominus
1421 2843 1580 2900 Jesus
1622 2852 1679 2899 et
1727 2855 2042 2901 nostrorum
2087 2844 2192 2900 ini-

582 2935 851 2992 micorum
880 2934 1234 2995 dilectionem
1261 2937 1422 2994 nobis
1448 2937 1811 3008 expetendam
1834 2953 1957 2995 esse
1986 2953 2191 3010 prtece-

583 3030 661 3100 pit
700 3027 915 3103 (Mattlt.
944 3046 1009 3095 v,
1038 3027 1132 3102 M)
1151 3074 1167 3097 ,
1200 3041 1255 3088 et
1283 3032 1379 3088 Dei
1412 3033 1599 3089 hostes
1620 3075 1635 3098 ,
1667 3035 1882 3090 etiamsi
1910 3034 2070 3091 nobis
2095 3044 2190 3090 aut

587 3131 917 3193 parentum,
960 3131 1056 3179 aut
1096 3123 1328 3181 filiorum
1353 3166 1367 3193 ,
1406 3134 1499 3181 aut
1522 3124 1759 3197 coniugii
1786 3127 2186 3199 germanitatis-

2301 1905 2562 1977 temporis
2591 1904 2721 1973 fiat;
2757 1916 2815 1961 ut
2842 1905 3053 1976 aliquos
3085 1906 3169 1978 pie
3197 1916 3250 1962 et
3275 1923 3462 1964 amare
3485 1919 3541 1964 et
3564 1908 3749 1963 odisse
3780 1925 3911 1981 pos-

2296 2002 2466 2055 simus
2505 2016 2520 2054 :
2566 2008 2622 2055 et
2646 2013 2782 2071 quos
2810 1998 3067 2055 dilexeris
3094 2041 3107 2060 .
3150 1999 3373 2067 odisse;
3415 2007 3471 2056 et
3509 2015 3648 2072 quos
3675 2000 3904 2070 oderis,

2303 2092 2513 2167 1163
2560 2107 2744 2148 amare
2788 2093 3112 2148 conveniat?
3151 2091 3267 2147 Non
3308 2108 3438 2164 ergo
3478 2104 3762 2164 parentum
3805 2096 3895 2150 in-

2296 2189 2409 2243 fudi
2455 2187 2577 2242 odia
2627 2188 2938 2256 pectoribus
2985 2186 3217 2243 liliorum
3248 2204 3262 2240 :
3294 2202 3393 2243 nec
3422 2187 3712 2259 coniugum
3742 2188 3902 2245 suasi

2294 2278 2508 2337 fastidia
2563 2282 2833 2338 mentibus
2896 2280 3234 2337 maritorum.
3296 2279 3553 2336 Naturam
3618 2282 3897 2353 interroga

2293 2375 2422 2446 quid
2462 2376 2774 2447 exegerim,
2808 2391 2933 2447 quae
2972 2374 3158 2447 utique
3186 2373 3429 2430 auctoris
3475 2363 3759 2429 arbitrium
3808 2390 3907 2445 ge-

2292 2469 2446 2525 nitali
2492 2469 2826 2541 singularum
2878 2467 3342 2525 necessitudinum
3403 2475 3633 2522 testatur
3679 2466 3904 2523 affectu.

2294 2564 2493 2619 Amare
2534 2563 2785 2633 patrihus
2817 2562 2959 2617 tilios
2989 2561 3074 2617 lex
3124 2572 3331 2617 natura:
3362 2569 3483 2615 est:
3519 2560 3729 2617 maritis
3769 2575 3908 2617 con-

2285 2654 2481 2727 juges,
2517 2656 2603 2711 lex
2641 2655 2830 2711 divina
2881 2663 2966 2712 est
2991 2696 3007 2721 ,
3039 2670 3161 2725 qua:
3201 2652 3438 2725 coniugii
3477 2652 3797 2709 charitatem
3846 2654 3905 2711 iu

2295 2762 2543 2806 naturam
2594 2750 2794 2816 vertit;
2829 2758 2887 2805 ut
2928 2749 3021 2804 ﬂat
3051 2764 3153 2804 una
3198 2763 3328 2804 caro
3368 2758 3426 2804 et
3465 2764 3603 2804 unus
3651 2748 3901 2818 Spiritus.

2291 2844 2523 2916 Diligere
2572 2843 2831 2900 fratribus
2875 2842 3077 2899 fratres
3126 2852 3332 2898 natura:
3383 2842 3742 2914 praerogativa
3770 2850 3900 2909 est,

2290 2955 2413 3012 qua:
2443 2937 2636 2995 eodem
2665 2937 2946 2994 domicilio
2970 2936 3062 2993 diu
3091 2935 3231 2993 fotos
3257 2934 3546 2993 assuefacit
3570 2934 3637 2991 ad
3666 2935 3901 3007 gratiam

2289 3034 2588 3090 charitatis.

2364 3127 2452 3183 18.
2494 3126 2611 3183 Νοιι
2641 3142 2772 3198 ergo
2800 3124 3260 3182 necessitudinum
3291 3125 3544 3181 intestina
3571 3124 3714 3181 bella
3743 3140 3902 3180 man-

579 3232 685 3288 que
727 3215 1129 3272 necessitudine
1169 3217 1528 3287 copulentur,
1573 3217 1700 3275 odio
1744 3219 2175 3291 prosequendos.
2207 3224 2251 3287 C
2284 3221 2404 3278 dari
2428 3263 2443 3287 ,
2473 3221 2567 3277 sed
2594 3220 2904 3277 illecebram
2950 3228 3254 3291 suspectam
3288 3220 3471 3276 habui.
3514 3219 3599 3276 An
3631 3236 3737 3275 non
3769 3219 3900 3290 iure

579 3308 670 3366 Sic
698 3309 844 3365 enim
873 3309 1135 3379 scriptum
1174 3319 1296 3368 est:
1328 3310 1390 3367 Si
1415 3312 1529 3384 quis
1552 3312 1744 3367 uenerit
1773 3312 1843 3366 ad
1870 3328 1983 3380 me,
2007 3323 2055 3367 et
2081 3329 2184 3367 non

580 3400 747 3457 oderit
788 3413 1019 3475 patrem,
1050 3412 1098 3460 et
1143 3412 1402 3472 matrem,
1442 3414 1490 3459 et
1532 3420 1779 3471 uxorem,
1812 3413 1861 3459 et
1911 3404 2051 3474 ﬁlios
2077 3447 2091 3472 ,
2135 3414 2183 3459 et

578 3496 767 3567 fratres
785 3539 802 3565 ,
829 3508 878 3552 et
905 3514 1139 3565 sorores,
1167 3499 1337 3554 adhuc
1359 3499 1515 3556 etiam
1536 3510 1584 3555 et
1615 3498 1843 3555 animam
1869 3516 2014 3555 suam
2036 3541 2051 3571 ,
2080 3516 2182 3555 non

578 3598 653 3645 est
683 3606 763 3644 me
792 3590 982 3661 dignus
1011 3589 1166 3664 (Luc.
1192 3606 1283 3647 xtv
1301 3633 1316 3659 ,
1341 3590 1458 3665 26).

655 3684 740 3740 16.
784 3683 940 3754 Quod
968 3685 1014 3742 si
1045 3669 1382 3756 quisotiosis
1409 3684 1641 3758 accipiat
1666 3688 1888 3744 auribus
1906 3686 2181 3755 ,‘fortasse

575 3775 762 3832 dicat:
795 3775 876 3833 Tu
918 3776 1146 3834 Domine
1190 3777 1357 3847 Jesu,
1393 3779 1570 3851 legem
1602 3780 1798 3838 dedisti
1826 3782 2011 3839 dicens
2042 3800 2054 3837 :
2085 3781 2182 3838 Di-

575 3867 678 3939 lige
724 3869 1007 3926 Dominum
1056 3871 1220 3927 Deum
1270 3881 1416 3928 tuum
1443 3916 1459 3942 ,
1492 3874 1651 3949 dilige
1695 3877 1991 3945 proximum
2034 3888 2179 3933 tuum

577 3960 758 4033 (Deut.
796 3978 870 4030 vt,
901 3963 993 4034 5);
1022 3973 1080 4021 et
1123 3975 1180 4019 ut
1212 3965 1466 4036 impleres
1503 3967 1643 4024 hanc
1687 3968 1901 4040 legem,
1938 3971 2132 4027 venisti
2163 3989 2176 4025 :

574 4053 759 4111 dixisti
793 4072 886 4126 per
911 4055 1150 4130 Legem:
1188 4057 1407 4116 Honora
1444 4073 1643 4134 patrem
1667 4073 1716 4119 et
1746 4073 1959 4120 matrem
1982 4063 2175 4138 (Leuit.

576 4163 674 4205 ιιι
699 4190 714 4216 ,
749 4149 876 4221 18);
906 4159 963 4207 et
1006 4151 1061 4207 in
1089 4151 1384 4224 Evangelio
1408 4155 1569 4226 jubcs
1600 4166 1658 4212 ut
1689 4167 1944 4229 parentes
1969 4158 2174 4215 oderim

572 4238 792 4313 (Matth.
834 4259 936 4313 xv,
968 4242 1060 4318 4).
1090 4244 1375 4314 Quomodo
1406 4248 1508 4306 sibi
1539 4251 1873 4308 conveniunt
1900 4254 2005 4308 ista
2034 4269 2176 4325 prte-

571 4334 771 4406 cepta?
802 4335 890 4394 Sic
920 4336 1067 4393 mitis
1096 4348 1150 4394 et
1192 4338 1413 4396 humilis
1437 4341 1604 4398 corde
1637 4343 1876 4400 venisti?
1900 4344 2018 4400 Non
2054 4361 2178 4413 pos-

570 4443 688 4485 sunt
735 4432 889 4487 salvo
936 4432 1155 4504 pietatis
1178 4432 1302 4504 jure
1340 4434 1523 4491 odisse
1572 4442 1780 4506 patrem
1808 4478 1824 4504 ,
1869 4439 1955 4494 cui
2002 4439 2177 4496 debeo

569 4521 712 4591 quod
741 4534 953 4581 creatus
982 4541 1134 4597 sum,
1168 4538 1191 4568 ε
1225 4536 1454 4585 matrem
1486 4530 1648 4602 longo
1675 4528 1863 4587 decent
1906 4532 2174 4589 mensium

2290 3325 2643 3387 suspectam;
2677 3330 2798 3370 cum
2846 3329 3075 3386 serpens
3100 3314 3192 3370 ille
3220 3314 3449 3371 callidus
3487 3326 3543 3371 et
3572 3323 3783 3371 astutus
3828 3317 3900 3371 ad

2283 3409 2682 3467 construendas
2730 3409 2988 3481 nequitia:
3031 3422 3142 3464 sua:
3177 3417 3354 3476 artes,
3401 3423 3509 3480 quo
3556 3409 3897 3479 incorrupta:

2285 3520 2349 3562 ac
2398 3504 2550 3561 rudis
2582 3511 2792 3560 natura:
2835 3502 2964 3559 dote
3013 3501 3293 3558 fundatum
3338 3501 3683 3573 primogeniti
3711 3500 3894 3557 Adam

2284 3599 2642 3658 labefactaret
2711 3598 3008 3663 affectum.
3072 3597 3322 3653 femineis
3386 3597 3557 3667 magis
3616 3596 3897 3655 illecebris

2284 3710 2447 3766 qttam
2480 3693 2595 3749 suis
2624 3692 2897 3749 commisit
2926 3692 3192 3748 venenis?
3232 3690 3416 3762 Itaque
3448 3689 3645 3746 femina
3672 3689 3849 3746 virum
3873 3733 3891 3756 ,

2282 3809 2441 3866 quem
2488 3806 2715 3863 serpens
2765 3800 2977 3847 tentare
3025 3805 3136 3845 non
3177 3802 3339 3844 ausus
3368 3796 3485 3853 est,
3516 3786 3638 3843 cibo
3677 3785 3793 3842 oris
3834 3796 3897 3843 et

2285 3889 2331 3941 vi
2364 3887 2566 3943 amoris
2595 3884 2852 3941 inﬂexum
2880 3924 2893 3948 ,
2926 3883 3076 3938 molli
3108 3882 3341 3954 quadam
3370 3890 3425 3936 et
3460 3880 3890 3937 conciliatricula

2285 3982 2487 4038 uxoriae
2528 3978 2839 4038 sedulitatis
2863 3976 3150 4034 aﬂ'ectione
3178 3975 3437 4030 traduxit.
3479 3972 3548 4029 Et
3574 3971 3749 4029 adhuc
3776 3973 3891 4028 Eva

2280 4075 2485 4131 liberos
2518 4089 2626 4130 non
2666 4071 2947 4137 habebat,
2987 4085 3218 4142 quorum
3268 4069 3472 4139 gratia,
3507 4076 3564 4122 ut
3602 4063 3775 4122 dulcis
3816 4065 3888 4121 ad

2281 4183 2525 4225 amorem
2545 4209 2561 4235 ,
2592 4166 2670 4222 ita
2695 4163 2872 4222 facilis
2899 4163 2966 4219 ad
2996 4163 3204 4234 lapsum
3227 4204 3240 4225 ,
3273 4161 3536 4233 plurimos
3577 4176 3605 4214 a
3636 4160 3891 4232 martyrii

2280 4262 2749 4319 consummatione
2788 4274 2935 4331 saepe
2963 4255 3274 4313 revocavit?
3321 4256 3563 4327 Denique
3598 4270 3744 4327 stepe
3788 4271 3887 4312 cn-

2280 4355 2602 4427 gnovimus,
2659 4353 2920 4426 quoniam
2968 4367 3132 4424 quem
3178 4348 3528 4406 formidolosa
3560 4349 3883 4404 carnilicum

2280 4464 2476 4522 pompa
2507 4465 2612 4505 non
2638 4449 2868 4515 terruit,
2897 4461 2998 4503 nec
3024 4445 3184 4502 divisi
3213 4444 3399 4501 lateris
3421 4443 3604 4500 sulcus
3632 4443 3883 4515 infregit,

2281 4557 2383 4599 nec
2409 4540 2663 4597 ardentes
2690 4539 2906 4595 lamina:
2930 4554 2960 4595 a
2983 4537 3329 4609 triumphalis
3353 4536 3677 4593 fortitudinis
3701 4536 3887 4607 rigore

567 4613 788 4673 fastidio
825 4619 896 4689 pii
925 4618 1088 4678 fretus
1117 4638 1286 4680 onera
1334 4633 1636 4693 portantem
1665 4668 1680 4694 ,
1722 4625 1810 4683 cui
1855 4625 1909 4682 in
1955 4626 2174 4683 absolu-
2200 4622 2258 4684 D
2283 4632 2558 4691 deducere
2599 4642 2925 4705 potuerunt,
2955 4647 3079 4689 eum
3128 4632 3269 4686 inter
3314 4645 3467 4687 sacra
3508 4631 3620 4701 jam
3654 4630 3880 4701 prtemia

568 4708 717 4767 tione
743 4710 867 4783 plus
897 4715 1119 4784 periculi
1145 4758 1161 4784 ,
1192 4718 1244 4773 in
1277 4718 1537 4777 dilatione
1568 4721 1690 4791 plus
1723 4721 1870 4777 taedii
1899 4730 2003 4779 est.
2028 4722 2167 4792 Quid

564 4802 864 4862 dulcissimi
898 4815 1176 4864 merentur
1208 4810 1304 4866 filii
1330 4853 1346 4878 ,
1380 4824 1438 4869 ut
1481 4829 1511 4868 a
1554 4823 1781 4884 paterno
1806 4814 2168 4872 excludantur

562 4912 784 4967 amore;
815 4916 938 4956 cum
961 4900 1033 4957 sit
1059 4901 1286 4974 impium
1317 4906 1454 4961 mori
1484 4904 1632 4962 nolle
1657 4923 1757 4978 pro
1782 4907 2006 4964 liberis?
2025 4908 2165 4977 Quid

635 5070 663 5099 ι
695 5060 853 5118 Rom.
884 5062 1051 5128 edit..
1077 5062 1173 5120 etsi
1220 5080 1253 5118 a
1280 5072 1419 5118 tactu
1450 5062 1647 5133 pudore
1687 5074 2008 5120 revocentur.
2054 5064 2165 5122 Me—

558 5130 666 5206 lius
691 5134 813 5190 alia:
838 5149 904 5190 ac
931 5150 1087 5202 mss.,
1118 5137 1211 5191 etsi
1237 5154 1270 5191 a
1291 5130 1513 5191 tractatu
1535 5177 1550 5201 ,
1578 5146 1683 5190 etc.
1710 5134 1970 5191 Tractare
1996 5136 2165 5206 siqui-

559 5203 683 5279 dem
713 5206 783 5262 ab
811 5206 1048 5279 antiquis
1086 5206 1341 5263 Patrihus
1367 5207 1763 5279 usurpabatur,
1812 5223 1911 5277 pro
1952 5203 2161 5263 sacram

557 5276 894 5350 scripturam
917 5276 984 5332 ad
1011 5280 1266 5350 populum
1287 5276 1582 5350 exponere.

628 5347 657 5426 ξ)
689 5348 834 5406 Edit.
863 5347 1056 5406 omnes
1070 5347 1097 5420 ,⁷
1118 5347 1624 5426 Quanta—Dominus
1663 5362 1836 5426 noster
1878 5353 2164 5426 perpendat

556 5418 837 5496 affectum,
888 5418 1096 5477 sanctus
1119 5418 1160 5496 ,ί
1184 5432 1289 5496 etc.
1335 5424 1465 5481 Mss.
1512 5424 1754 5494 aliquot,
1788 5418 1995 5492 Quanto
2039 5441 2160 5496 ergo

555 5493 810 5549 Dominus
836 5504 1008 5570 noster
1027 5494 1216 5570 pendat
1237 5494 1401 5570 (unus
1422 5538 1437 5563 ,
1462 5513 1553 5550 nos
1581 5493 1863 5570 perpendat
1886 5501 1903 5568 )
1928 5493 2118 5565 ηπεοιή
2143 5541 2155 5565 ,

552 5579 784 5633 sanctus,
812 5576 919 5623 etc.
946 5563 1164 5638 Optime
1185 5563 1275 5623 alii
1303 5568 1527 5632 decem,
1562 5563 1619 5622 tit
1638 5563 1693 5624 in
1722 5563 1892 5625 textu.

630 5649 653 5677 ο
694 5638 752 5694 In
798 5638 1122 5711 quibusdam
1178 5654 1310 5695 mss.
1362 5639 1598 5711 legitur,
1653 5657 1834 5711 novem
1881 5640 2157 5695 mensium.

554 5705 868 5839 ξ’(ῇι-ρὲιδιιώ.
914 5709 1133 5767 Clarum
1180 5713 1329 5768 enim
1371 5705 1456 5768 est
1500 5711 1670 5768 aliudi
1713 5712 1784 5769 ad
1822 5710 1958 5767 illud
2004 5712 2156 5784 Virg.

555 5796 657 5838 (⁸01.
690 5796 766 5838 42

774 5862 916 5917 Matri
939 5861 1086 5928 longa
1102 5862 1279 5919 decem
1304 5863 1517 5918 tulerant
1533 5863 1727 5918 fastidia
1752 5876 1969 5920 menses.

2276 4726 2632 4784 constitutum
2666 4726 2805 4784 uxor
2833 4736 3033 4784 tenera:
3058 4725 3264 4781 sobolis
3294 4725 3568 4781 oblatione
3597 4724 3884 4783 miserabi-

2276 4821 2341 4877 lis
2368 4820 2530 4878 unius
2560 4821 2812 4894 lacryma:
2840 4819 3190 4877 miseratione
3214 4817 3449 4888 decepit.
3494 4818 3726 4876 Samson
3750 4833 3885 4891 eap-

2276 4922 2362 4969 tus
2389 4920 2475 4970 est
2520 4928 2620 4986 per
2646 4928 2871 4970 uxorem
2896 4954 2912 4981 ,
2959 4909 3219 4983 numquid
3252 4920 3306 4966 tu
3353 4909 3579 4968 fortior?
3617 4910 3883 4969 Salomon

2270 5071 2529 5138 Quamvis
2578 5079 2762 5129 autem
2794 5071 2937 5127 hunc
2981 5080 3158 5142 poetae
3207 5086 3423 5127 versum
3469 5070 3538 5127 de
3592 5070 3883 5131 lunaribus

2271 5145 2551 5199 mensibus
2595 5144 3005 5213 intelligendum
3036 5159 3157 5198 csse
3183 5144 3429 5199 uonunlli
3463 5144 3662 5210 velint;
3693 5154 3878 5202 tamen

2274 5222 2459 5282 partus
2490 5215 2713 5287 legitimi
2743 5226 2954 5285 tempus
2982 5230 3102 5271 esse
3131 5231 3238 5272 non
3269 5216 3445 5271 solmn
3478 5230 3676 5287 nonum
3723 5232 3882 5275 meu-

2269 5300 2383 5340 sem
2412 5328 2427 5352 ,
2455 5285 2637 5360 sedet
2669 5285 2940 5360 decimum
2973 5298 3138 5358 atque
3168 5287 3515 5343 undecimum
3545 5286 3708 5343 ducet
3738 5288 3878 5360 Hip.

2271 5368 2520 5427 pocrates
2558 5359 2655 5431 lib.
2678 5358 2747 5413 de
2782 5369 2940 5429 partu
2968 5359 3297 5431 septimestri
3325 5370 3398 5431 et,
3422 5360 3737 5415 oetomestri
3759 5402 3773 5425 ,
3811 5358 3881 5418 ac

2271 5441 2389 5500 post
2418 5446 2542 5486 eum
2570 5429 2661 5484 alii
2696 5431 2990 5485 innumeri.
3018 5429 3187 5486 l‘unno
3218 5431 3356 5486 Plin.
3386 5430 3485 5487 lib.
3510 5445 3615 5498 vn,
3643 5446 3765 5500 cap.
3800 5433 3836 5488 5
3856 5475 3874 5498 ,

2270 5513 2431 5573 atque
2459 5501 2631 5573 Agell.
2661 5502 2754 5556 ιιι».
2783 5518 2838 5557 ιιι
2859 5545 2874 5569 ,
2899 5517 3023 5573 cap.
3058 5504 3123 5558 16
3147 5543 3161 5568 ,
3192 5503 3409 5557 tradunt
3440 5517 3626 5573 mense
3654 5502 3878 5561 decimo

2272 5572 2432 5647 tertio
2462 5582 2678 5647 partum
2710 5572 3051 5647 quandoque
3077 5575 3130 5629 in
3160 5575 3337 5647 lucem
3360 5573 3469 5631 edi.
3498 5572 3631 5647 Vide
3655 5590 3876 5647 quoque

2269 5645 2515 5716 Ulyssem
2542 5645 2952 5701 Albrovandum
2971 5687 2989 5714 ,
3018 5646 3082 5700 de
3110 5646 3353 5700 monstris
3372 5688 3389 5708 ,
3420 5661 3543 5715 pag.
3567 5645 3658 5702 50.

2338 5716 2364 5756 ἀ
2394 5717 2597 5773 Omnes
2628 5717 2757 5773 edit.
2800 5732 2922 5773 cum
2956 5732 3087 5774 mss.
3120 5734 3226 5773 uno
3267 5718 3352 5773 vel
3392 5719 3567 5773 altero
3590 5758 3607 5786 ,
3639 5718 3728 5789 qui
3767 5735 3875 5774 non

2267 5789 2453 5861 eguisti
2474 5798 2528 5844 ut
2557 5789 2816 5855 vinceres;
2840 5790 3031 5861 reliqui
3059 5789 3220 5847 codd.
3240 5831 3255 5857 ,
3282 5798 3337 5844 ut
3363 5790 3580 5843 diceres.
