3982 6482
9 352 165 408 Hi7
1221 351 1284 408 IN
1326 351 1650 410 PSALMUM
1687 349 1900 409 CXVIII
1939 347 2324 408 EXPOSITIO.
3282 341 3420 400 1H8

9 481 242 540 captus
299 479 402 527 est
450 471 522 528 in
581 485 749 528 uxore
776 512 792 538 ,
835 467 1093 540 numquid
1143 476 1200 523 tu
1242 469 1576 539 sapientior?
1624 468 1720 524 Ille
1747 469 2086 532 Aconverti.
2123 469 2231 523 Aut
2258 474 2408 522 certe
2448 464 2546 520 nisi
2589 464 2661 520 ita
2704 463 3034 538 accipiamus
3067 479 3082 518 :
3113 463 3238 532 quia
3280 465 3422 520 sicut

9 565 210 636 igitur
243 565 438 636 cujus
469 565 754 638 sapientia
786 563 916 620 totis
936 562 1244 620 celebratur
1273 561 1517 627 saeculis,
1551 559 1722 616 lactus
1824 562 1917 618 ille
1943 567 2033 631 qui
2067 577 2173 616 non
2203 561 2438 616 honorat
2485 567 2724 629 patrem,
2756 560 2974 628 iniquus
3002 565 3118 624 est,
3154 557 3295 612 idem
3337 564 3421 611 ta-

14 670 118 716 est
145 660 675 734 insipiens;quia
705 659 930 716 nimium
956 656 1162 713 amavit
1191 671 1436 713 uxorem.
1828 670 1950 711 men
1995 655 2293 710 secundum
2338 652 2469 708 illud
2517 666 2714 708 exesus
2744 659 2949 722 patrem
2978 649 3119 720 quod
3159 651 3421 720 scrip'um

112 775 222 831 19.
273 775 449 846 Quid
477 775 566 832 de
593 773 852 832 fratribus
878 772 1057 830 dicam
1080 773 1103 827 ρ
1132 771 1369 843 Expena
1398 779 1484 827 est
1513 770 1567 826 in
1593 769 1729 826 “be.
1827 757 1912 805 est
1939 766 1952 803 :
1990 747 2094 816 Qui
2120 765 2225 802 non
2252 748 2359 802 odit
2389 756 2612 846 patrem.
2637 755 2728 799 aut
2757 754 3058 799 matrem...
3083 752 3174 797 aut
3201 747 3423 814 fratres,

25 867 121 922 ris
151 875 221 923 et
257 843 605 940 Propheta:
627 867 824 924 domus
846 873 872 902 τι
894 862 1300 921 detestabiliora
1324 861 1538 930 oscula,
1567 875 1728 932 quam
1829 850 1920 896 αυτ
1964 856 2205 940 εονοτεδε
2231 851 2324 894 συί
2350 843 2577 894 animum
2607 856 2755 894 suam
2779 881 2793 905 ν
2825 855 2928 940 ξ’οη
2959 847 3120 940 Ρςπεξξί
3149 853 3288 940 mf“
3317 851 3426 890 ⁸⁸³⁸

25 960 180 1017 odia
211 976 368 1018 esse
390 930 696 1018 iraterna.
729 961 913 1030 Itaque
943 956 1290 1030 parricidium
1333 965 1486 1027 pater
1514 930 1729 1026 quidem
1832 935 2119 1030 άξεείραζω
2153 932 2306 1030 (Ριξεο
2335 950 2453 995 Χινο
2476 933 2609 1030 ξε),
2640 930 3124 1030 ῩῑῖεξιηΡιξάπδίιίθ
3155 931 3384 1030 {labi-3""
3414 947 3426 981 ε

31 1053 217 1110 acvit
239 1095 259 1121 ’
294 1053 417 1110 sed
474 1054 663 1127 magis
690 1062 775 1110 est
820 1023 1126 1124 ξηάίέηεωε
1166 1023 1450 1106 ίηεεειζηη,
1489 1023 1733 1119 Denique
1833 1029 1912 1127 sic
1947 1037 2002 1082 et
2049 1028 2150 1082 iste
2182 1027 2395 1097 iniquos
2422 1025 2549 1080 odio
2576 1024 2784 1127 habuit.
2811 1024 3016 1080 Eodem
3048 1023 3210 1078 modo
3238 1032 3293 1127 et
3334 1037 3432 1078 eos

36 1146 195 1203 licet
233 1147 616 1218 parricidam
640 1189 654 1214 ,
699 1160 1078 1218 percussorem
1117 1152 1300 1200 tamen
1334 1143 1524 1198 incesti
1573 1155 1733 1198 revo-

1881 1119 2068 1186 ierat,
2113 1134 2223 1190 quo
2266 1129 2472 1189 patrem
2522 1118 3008 1188 prmvaricantem,
3055 1125 3147 1172 aut
3195 1115 3429 1172 animam

43 1211 266 1297 ccubas“,
644 1211 649 1214 ⁷
702 1211 718 1218 ’
1834 1230 1987 1272 suam
2014 1233 2028 1270 :
2061 1214 2357 1286 przeferens
2386 1213 2638 1269 videlicet
2660 1215 2786 1268 vitae
2832 1211 2994 1284 hujus
3022 1213 3277 1268 suavitati
3307 1226 3432 1282 gra-

1839 1313 1966 1368 tiam
1996 1309 2219 1366 Christi.

1909 1405 2000 1462 2'5.
2045 1405 2224 1477 (Vers.
2273 1405 2422 1475 1M.)
2456 1403 2716 1476 Sequitur
2746 1420 2761 1457 :
2794 1403 3050 1478 Adjutor,
3093 1413 3141 1458 et
3177 1412 3439 1474 susceptor

1843 1515 1986 1554 meus
2022 1515 2074 1554 es
2119 1508 2172 1552 tu
2197 1515 2215 1552 :
2243 1509 2289 1552 et
2338 1497 2391 1551 in
2438 1496 2644 1552 verbum
2678 1508 2822 1550 tuum
2861 1512 3032 1564 spero.
3068 1495 3294 1565 Adjutor
3343 1510 3438 1564 per

1845 1595 2041 1666 Legem
2063 1637 2076 1661 ,
2107 1605 2391 1664 susceptor
2417 1608 2511 1662 per
2544 1591 2919 1660 Evangelinm.
2947 1589 3094 1658 Quis
3118 1588 3260 1652 Lege
3288 1588 3444 1658 adju-

1846 1690 1962 1756 vit,
1995 1690 2048 1744 in
2076 1705 2241 1744 carne
2287 1687 2566 1754 suscepit;
2597 1689 2721 1758 quia
2749 1686 3010 1756 scriptum
3041 1695 3165 1740 est:
3202 1682 3304 1738 Hic
3328 1700 3445 1757 pec-

1849 1793 1966 1838 cata
1993 1792 2167 1837 nostra
2195 1789 2402 1854 portat;
2430 1795 2475 1835 et
2503 1781 2620 1834 ideo
2645 1781 2698 1833 in
2727 1780 2930 1834 verbum
2959 1779 3070 1848 ejus
3091 1795 3244 1848 spero
3265 1781 3280 1837 t
3293 1776 3444 1832 Esai.

1777 1869 1822 1930 B
1849 1892 1938 1932 tht
1962 1919 1976 1942 ,
2000 1876 2080 1949 4).
2107 1876 2333 1933 Graccus
2361 1884 2538 1930 tamen
2566 1876 2822 1936 ἕπήλπισα
2853 1874 3043 1940 habet,
3077 1873 3221 1944 quod
3253 1883 3340 1928 cst
3363 1891 3450 1928 su-

1854 1973 2148 2046 persperavi
2172 1987 2192 2026 :
2219 1970 2362 2042 quod
2391 1969 2460 2026 de
2490 1986 2556 2025 eo
2596 1970 2793 2026 dicitur
2821 1970 2908 2039 qui
2951 1985 3169 2040 semper
3196 1968 3348 2025 addit
3382 1969 3451 2024 ad

1854 2065 2220 2136 sperandum;
2250 2071 2308 2118 et
2332 2079 2455 2118 cum
2485 2061 2790 2132 Speraverit
2826 2061 3060 2132 aliquid,
3107 2061 3300 2116 iterum
3330 2076 3456 2132 spe-

1855 2169 1969 2226 rat,
2015 2167 2070 2215 et
2098 2175 2195 2231 spe
2221 2158 2468 2230 proﬁcit,
2496 2157 2794 2214 extendens
2829 2171 2890 2212 se
2919 2171 3138 2228 semper
3177 2155 3244 2211 ad
3294 2171 3456 2229 supe-

1857 2254 2000 2310 riora
2019 2296 2033 2319 ,
2055 2251 2084 2292 δ
2115 2263 2169 2307 et
2194 2269 2256 2308 ea
2283 2269 2404 2324 quae
2434 2253 2694 2323 praeteriit
2717 2251 3066 2308 obliviscens.

1929 2349 2021 2405 94.
2061 2347 2295 2405 Pulchre
2334 2359 2512 2404 autem
2544 2348 2622 2403 ait
2654 2366 2665 2401 :
2701 2346 2765 2402 In
2795 2347 3001 2402 verbum
3042 2357 3188 2400 tuum
3216 2347 3454 2413 speravi,

1861 2443 1964 2498 hoc
2001 2452 2120 2508 est,
2149 2459 2256 2498 non
2284 2442 2338 2498 in
2371 2442 2666 2511 prophetas
2697 2441 2910 2509 speravi
2937 2483 2951 2506 ,
2984 2457 3090 2495 non
3122 2439 3178 2495 in
3209 2440 3406 2512 Legem
3441 2461 3452 2495 :

1859 2535 1954 2592 sed
1985 2537 2038 2590 in
2079 2537 2286 2590 verbum
2316 2545 2464 2589 tuum
2499 2535 2697 2605 speravi
2725 2576 2738 2600 ,
2773 2535 2874 2590 hoc
2905 2544 2988 2589 est
3013 2576 3028 2600 ,
3064 2533 3117 2588 in
3157 2534 3449 2589 a-lventum

1864 2640 2011 2686 tuum
2035 2649 2048 2698 ;
2081 2640 2138 2686 ut
2160 2631 2348 2687 venias
2369 2640 2425 2687 et
2448 2631 2712 2701 suscipias
2741 2639 3059 2700 peccatores
3078 2673 3092 2696 ,
3117 2629 3314 2685 delicta
3340 2645 3464 2684 con-

1864 2725 2069 2789 dones,
2100 2741 2257 2780 ovem
2304 2725 2501 2780 lassam
2547 2726 2654 2780 tuis
2697 2725 2750 2778 in
2794 2740 2955 2780 cruce
2995 2724 3240 2780 humeris
3287 2724 3465 2779 bonus

1868 2826 2054 2888 pastor
2084 2818 2350 2885 imponas.
2375 2817 2431 2872 Si
2462 2816 2584 2887 quis
2610 2827 2796 2884 sperat
2822 2817 2874 2871 in
2903 2817 3180 2872 Christum
3200 2857 3216 2884 ,
3245 2831 3468 2888 separa-

1869 2926 1930 2968 re
1954 2926 2014 2967 se
2042 2909 2204 2966 debet
2227 2924 2257 2964 a
2285 2910 2562 2964 consortio
2591 2908 2940 2980 perﬁdorum.

1940 3004 2032 3060 25.
2077 3002 2256 3073 (Vers.
2306 3002 2463 3075 Hii.)
2510 3002 2743 3072 Ideoque
2783 3003 2963 3059 dicit:
3017 3003 3277 3059 Discedite
3305 3021 3338 3059 a
3368 3021 3467 3068 me,

135 1360 250 1416 20.
299 1358 572 1434 Tempus
613 1359 776 1432 igitur
809 1357 1058 1423 amandi,
1093 1366 1293 1430 tempus
1324 1354 1443 1410 odio
1473 1351 1734 1416 habendi,

57 1457 188 1513 hoc
222 1463 326 1512 est
353 1499 372 1524 ,
412 1464 645 1526 tempus
695 1450 977 1525 martyrii,
1009 1449 1225 1523 quando
1277 1463 1338 1505 ea
1385 1461 1506 1519 quae
1552 1445 1736 1501 divina

65 1563 269 1618 sunt,
336 1549 514 1606 omni
565 1547 812 1604 charitati
875 1543 1334 1602 necessitudinum
1399 1538 1740 1612 prtefbrenda

73 1654 248 1701 sunt.
281 1643 541 1717 Tempus
566 1642 718 1708 belli,
743 1654 849 1712 quo
877 1641 1039 1696 etiam
1069 1637 1272 1694 bellum
1299 1649 1399 1706 pro
1418 1633 1618 1690 Christi
1647 1648 1744 1689 no-

78 1737 254 1794 mine
301 1735 554 1808 perﬁdis
597 1733 910 1806 pignoribus
951 1731 1267 1788 inferamus.
1303 1728 1529 1798 Tempus
1559 1728 1747 1798 pacis;

82 1832 228 1902 quia
261 1831 324 1884 in
359 1846 506 1902 pace
533 1830 677 1884 locus
705 1829 817 1900 ejus
839 1825 1009 1899 (Psat.
1038 1841 1213 1893 Lxxv,
1241 1824 1320 1896 5).
1354 1824 1598 1894 Denique
1627 1822 1744 1892 ipse

83 1928 143 1980 in
187 1924 528 1995 Evangelia
555 1923 835 1980 evidenter
862 1921 1114 1993 exposuit
1139 1936 1244 1991 qua
1277 1919 1488 1975 ratione
1527 1927 1746 1973 nostros

88 2019 438 2076 debeamus
470 2017 682 2084 odisse,
716 2017 942 2073 dicens:
978 2016 1079 2084 Qui
1107 2014 1275 2088 diligit
1306 2023 1502 2084 patrem
1527 2023 1617 2068 aut
1639 2028 1750 2067 ma-

90 2124 238 2168 trem
267 2113 405 2186 plus
431 2129 590 2185 quant
615 2128 694 2167 me
714 2154 728 2178 ,
759 2127 863 2166 non
884 2112 956 2165 ett
983 2127 1062 2164 me
1090 2110 1276 2181 dignus
1297 2107 1515 2182 (Matth.
1543 2123 1574 2162 x
1591 2149 1606 2173 ,
1631 2106 1748 2178 37).

96 2207 236 2264 Non
266 2207 428 2262 dixit
462 2205 714 2279 indignos
739 2221 896 2272 esse,
925 2203 1014 2276 qui
1043 2211 1297 2275 parentes
1323 2216 1452 2257 suos
1482 2201 1751 2272 diligunt:

99 2301 211 2359 sed
246 2317 359 2359 eos
395 2300 657 2373 indignos
687 2300 794 2366 ait,
816 2299 910 2371 qui
941 2299 1060 2369 plus
1087 2305 1339 2368 parentes
1391 2311 1552 2367 quam
1591 2294 1752 2351 Chri-

105 2407 270 2454 stum
320 2395 592 2468 dilignnt.
641 2396 698 2452 Si
736 2393 881 2451 enim
922 2392 1048 2450 ideo
1095 2391 1392 2449 deferimus
1437 2390 1757 2463 parentibus

109 2506 389 2548 amorem
416 2533 436 2560 ,
484 2491 613 2563 quia
653 2498 857 2546 nostra:
891 2486 1260 2560 generationis
1299 2493 1551 2541 auctores
1580 2491 1710 2539 sunt
1742 2499 1757 2538 ι

114 2594 345 2658 quanto
380 2585 562 2658 magis
587 2582 865 2641 Christum
893 2596 1079 2638 amare
1110 2579 1371 2636 debemus
1399 2579 1489 2649 qui
1518 2578 1758 2650 ipsorum

119 2686 216 2734 est
247 2687 460 2734 auctor
485 2676 813 2748 parentum?
840 2676 932 2732 lsti
987 2673 1258 2730 dederunt
1284 2671 1430 2744 quod
1471 2685 1579 2728 non
1611 2681 1765 2743 pote-

123 2769 299 2827 statis
325 2770 556 2835 est,sed
585 2769 870 2825 ministerii
893 2768 977 2824 sui
1004 2787 1018 2824 :
1040 2767 1288 2824 Christus
1309 2765 1480 2822 donat
1499 2765 1761 2831 salutem,

134 2865 240 2936 qui
277 2873 582 2934 parentum
610 2863 875 2920 beneﬁcia
912 2869 1223 2918 conservat.

215 2979 319 3036 21.
371 2978 610 3036 Pulchre
648 2988 828 3036 autem
855 2978 993 3035 dixit
1025 2996 1037 3032 :
1072 2975 1290 3048 Iniquos
1321 2976 1441 3031 odio
1471 2974 1665 3041 habui,
1699 2975 1772 3029 le-

139 3090 268 3147 gem
297 3083 480 3127 autem
508 3082 647 3127 tuam
678 3071 875 3136 dilexi;
901 3070 1028 3142 quia
1047 3069 1095 3126 si
1119 3069 1293 3141 legem
1325 3083 1602 3135 amamus,
1625 3066 1772 3124 odis-

1881 3097 2116 3170 maligni,
2147 3107 2194 3150 et
2237 3095 2506 3151 scrutabor
2533 3096 2779 3150 mandata
2806 3094 2906 3150 Dei
2952 3097 3072 3152 mei.
3104 3097 3271 3167 Cujus
3301 3096 3473 3153 versi-

143 3182 210 3222 se
230 3165 509 3223 debemus
531 3165 880 3262 ξ’δῨθτΫτξθδ
909 3163 1074 3235 legis’
1096 3165 1202 3262 qui
1217 3163 1474 3235 operibus
1497 3163 1610 3262 silis
1635 3177 1773 3234 pm"
1873 3163 2317 3246 culitestimOIIio
2344 3189 2704 3260 signiﬁcatur,
2737 3190 2860 3260 quia
2903 3189 2992 3246 ubi
3019 3163 3323 3262 malignitas
3351 3198 3436 3246 est
3459 3233 3474 3255 ,

145 3271 313 3332 cepta
355 3258 573 3333 1165
616 3259 748 3330 legis
795 3257 1131 3330 impugnant.
1162 3257 1390 3315 Grazcus
1438 3258 1632 3314 melius
1673 3270 1768 3313 eos

1881 3283 1949 3339 ibi
1977 3281 2223 3339 custodia
2249 3283 2626 3339 mandatorum
2653 3283 2958 3339 cmlemium
2989 3299 3110 3340 esse
3138 3300 3244 3337 non
3274 3284 3475 3354 possit;

148 3363 210 3410 et
241 3352 475 3424 proprie
501 3351 832 3425 nuncupavit
852 3351 1064 3417 dicens,
1093 3351 1771 3430 παρανόμουςεπαράνομος

153 3449 322 3507 exlex
354 3457 616 3514 vocatur,
642 3447 768 3518 quia
799 3456 957 3503 extra
989 3445 1164 3518 legem
1191 3454 1294 3502 est.
1329 3447 1439 3502 llos
1468 3460 1598 3518 ergo
1625 3446 1769 3513 odit,

155 3541 253 3614 qui
287 3543 343 3598 in
381 3543 502 3613 lege
530 3541 732 3598 Christi
762 3549 876 3608 est,
909 3541 1032 3610 quia
1063 3539 1201 3611 legis
1233 3541 1484 3596 mandata
1516 3555 1623 3597 non
1655 3556 1772 3597 ser-

160 3646 318 3694 vant.
353 3636 474 3694 Non
507 3636 682 3692 solum
710 3637 854 3693 enim
887 3637 976 3707 qui
1023 3637 1194 3708 legem
1228 3637 1436 3702 nescit,
1469 3637 1565 3694 sed
1609 3638 1770 3694 etiam

160 3730 258 3788 ille
285 3733 380 3803 qui
416 3747 522 3787 non
551 3731 662 3803 agit
690 3730 992 3788 secundum
1019 3731 1226 3802 legem,
1258 3746 1451 3788 exsors
1482 3733 1615 3804 legis
1647 3739 1768 3798 est;

165 3823 293 3892 quia
324 3820 451 3877 Non
492 3822 755 3877 auditores
786 3821 1006 3896 tegis...
1036 3823 1125 3876 sed
1168 3823 1388 3894 {actores
1427 3821 1556 3893 legis
1581 3822 1775 3892 iustiﬁ-

166 3914 427 3970 cabuntur
451 3912 626 3987 (Rom.
655 3929 724 3982 ιι,
757 3910 870 3984 15).
900 3911 1205 3984 Redarguit
1252 3929 1339 3970 me
1370 3914 1488 3985 ipse
1530 3913 1697 3968 David
1727 3914 1778 3969 si

172 4010 333 4066 aliter
383 4007 705 4080 intelligam.
753 4007 1040 4075 Quomodo
1091 4007 1305 4078 iniquos
1346 4007 1597 4062 homines
1647 4004 1778 4062 ode-

172 4111 291 4169 rat,
323 4102 413 4173 qui
445 4102 773 4174 parricidam
816 4102 984 4157 lilium
1030 4101 1452 4156 commendabat
1499 4100 1775 4172 praeliato-

1881 4121 2078 4177 Iesus:
2113 4119 2374 4175 Discedite
2406 4138 2439 4174 a
2479 4137 2559 4176 me
2589 4137 2762 4175 omnes
2808 4121 3019 4194 1165
3062 4123 3151 4186 qui
3195 4127 3486 4194 aperainini

176 4195 354 4260 ribus:
386 4209 457 4249 ne
477 4208 601 4250 eum
629 4192 824 4264 ³¹Ῐ⁴1¹¹ί³
851 4193 1165 4249 “ﬁdem”
1190 4192 1290 4261 Qui
1317 4193 1444 4248 sal“
1471 4193 1613 4264 "3835
1635 4207 1780 4248 "‘0"
1878 4214 2198 4284 iniquitatem
2225 4213 2448 4285 (Matth.
2472 4229 2565 4280 vn,
2588 4213 2722 4284 23);
2756 4192 3020 4270 ίδὶῖξθῖιᾌ
3062 4192 3244 4270 Venite
3272 4218 3342 4270 ad
3377 4235 3476 4286 me,

182 4296 291 4343 tem
323 4289 487 4344 etiam
513 4287 807 4344 vindicavit
837 4286 893 4344 in
923 4303 1046 4344 eum
1076 4328 1092 4355 ,
1124 4287 1214 4358 qui
1243 4302 1272 4343 a
1303 4301 1363 4344 se
1393 4286 1660 4344 nuntiavit
1689 4300 1775 4342 oc-

1881 4322 2057 4362 omnes
2083 4308 2171 4380 qui
2201 4306 2444 4362 laboratis
2473 4317 2520 4362 et
2550 4308 2748 4361 onerati
2773 4308 2892 4362 estis
2933 4307 3158 4378 (Matth.
3213 4326 3269 4366 x1
3294 4353 3309 4378 ,
3339 4311 3435 4384 28)
3461 4353 3475 4378 ,

181 4377 396 4434 Cisulll?
1884 4416 1990 4458 non
2026 4377 2213 4473 utique
2248 4402 2583 4474 malignitate
2613 4403 2844 4470 mentis,
2880 4402 2976 4459 sed
3007 4377 3321 4461 inﬁrmitate
3359 4377 3474 4462 car-

254 4493 349 4549 2'2.
395 4493 537 4566 Ergo
566 4508 675 4551 non
723 4494 942 4566 iniquos
972 4494 1251 4565 homines,
1298 4496 1395 4553 sed
1425 4495 1637 4566 iniquos
1665 4510 1782 4553 ser-
1882 4497 1967 4552 nis
1995 4496 2203 4553 onerati
2231 4515 2244 4553 :
2272 4497 2511 4564 onerati,
2542 4495 2760 4567 inquam
2779 4539 2792 4564 ,
2825 4496 2986 4553 alieni
3017 4497 3338 4556 haereditate
3363 4516 3483 4570 pec-

186 4602 374 4644 tnones
399 4587 611 4644 oderat.
642 4587 882 4659 Denique
917 4605 930 4642 :
965 4585 1208 4659 Iniquus,
1237 4587 1408 4653 dixit,
1439 4588 1559 4642 odio
1588 4588 1776 4656 habui,
1883 4589 2012 4645 cali.
2037 4589 2438 4645 Laborantibus
2478 4588 2741 4644 subvenio
2770 4609 2782 4643 :
2826 4589 3187 4647 fraudulentis
3218 4595 3482 4662 prodesse

190 4696 296 4737 non
322 4679 558 4749 addidit,
587 4681 753 4736 viros.
789 4681 992 4738 Deinde
1014 4696 1138 4736 cum
1165 4680 1309 4738 dicat
1335 4681 1494 4738 .lesus
1521 4681 1573 4736 in
1603 4681 1778 4738 Evau-
1804 4663 1856 4724 Ῑ)
1885 4697 1991 4737 ηοη
2019 4681 2224 4748 debeo,
2255 4696 2323 4736 ne
2349 4681 2597 4750 pluribus
2627 4691 2880 4737 noceant.
2911 4683 3018 4739 llos
3050 4700 3207 4754 ptrna
3261 4702 3483 4758 compe-

190 4775 326 4847 gelio
353 4792 366 4829 :
395 4772 611 4845 Diligite
642 4775 876 4830 inimicos
906 4784 1097 4830 vestros
1136 4773 1350 4845 (Matth.
1379 4791 1444 4842 v,
1473 4774 1564 4846 Η)
1586 4818 1601 4843 ,
1633 4775 1780 4832 dicat
1887 4785 2002 4831 seat
2029 4792 2043 4828 :
2070 4773 2193 4829 illos
2217 4773 2468 4829 emendet
2497 4775 2688 4841 gratia.
2709 4775 2909 4831 Malitia
2941 4779 3085 4834 enim
3120 4779 3240 4836 fons
3274 4787 3484 4853 peccati

1875 3376 1941 3432 In
1963 3377 2265 3432 ntalevolam
2285 3376 2433 3432 enim
2463 3377 2690 3430 animum
2717 3392 2818 3429 non
2839 3378 3000 3430 intrat
3027 3377 3284 3448 sapientia
3309 3377 3467 3450 (Sap.

1874 3487 1926 3536 ι,
1958 3471 2053 3539 4).
2082 3469 2151 3526 Et
2196 3470 2360 3526 alibi:
2401 3471 2642 3537 Quwrent
2673 3486 2752 3524 me
2783 3470 2907 3524 mali
2931 3511 2945 3536 ,
2982 3481 3030 3525 et
3077 3488 3178 3525 non
3215 3473 3477 3528 invenient

1876 3562 2060 3637 (Prov.
2088 3579 2134 3628 ι,
2167 3563 2282 3632 28).
2312 3561 2626 3631 Simplicem
2671 3571 2908 3618 mentem
2931 3604 2946 3628 ,
2979 3579 3170 3632 purum
3211 3579 3274 3620 ac
3305 3565 3475 3621 defat-

1875 3665 2050 3712 catum
2083 3655 2322 3710 animum
2354 3653 2531 3725 diligit
2558 3652 2807 3710 Christus
2831 3696 2845 3718 ,
2882 3669 2982 3710 nec
3015 3665 3190 3724 potest
3218 3656 3479 3714 immacu-

1877 3747 2000 3803 latae
2026 3749 2209 3804 virtuti
2259 3748 2428 3804 ullum
2479 3763 2600 3804 cum
2649 3748 2942 3804 maculosis
2991 3760 3013 3787 ο
3056 3751 3474 3809 contubernium

1876 3857 1998 3899 esse
2040 3841 2276 3912 ﬂagitiis.
2307 3841 2474 3909 Odit,
2528 3841 2764 3911 refugit,
2819 3851 3142 3912 aspernatur
3179 3846 3430 3916 contagia
3459 3888 3475 3912 ,

1877 3934 1968 4006 qui
1998 3933 2168 3989 dicit:
2203 3932 2399 3989 Discite
2433 3951 2465 3987 a
2509 3949 2589 3988 me
2629 3934 2750 4004 quia
2780 3935 2917 3988 mitis
2962 3953 3077 3990 sunt
3119 3935 3336 4007 (Matth.
3381 3953 3434 3992 xl
3462 3980 3479 4003 ,

1877 4026 1992 4098 29).
2027 4028 2286 4097 Malignos
2318 4026 2574 4096 repellit,
2625 4025 2936 4082 laborantes
2982 4040 3159 4084 vocat.
3190 4029 3332 4084 Dicit
3372 4031 3482 4086 illis

191 4868 481 4938 Apostolus
513 4885 526 4922 :
558 4865 852 4922 Benedicite
885 4883 972 4922 eos
1010 4867 1101 4938 qui
1145 4877 1522 4939 persequuntur
1559 4883 1646 4924 vos
1675 4909 1690 4935 ,
1733 4875 1780 4922 et

194 4965 345 5020 nolite
375 4961 681 5018 maledicere
727 4959 904 5033 (Rom.
935 4976 1010 5016 xu
1031 5003 1044 5026 ,
1077 4959 1197 5032 14),
1232 4962 1507 5033 quomodo
1557 4976 1784 5018 excusa-

196 5068 338 5115 retur
367 5057 473 5113 iste
521 5054 602 5111 vir
646 5055 746 5110 sub
783 5055 1090 5125 evangelica
1129 5055 1318 5112 vivens
1362 5055 1649 5127 disciplina
1674 5099 1688 5124 ,
1733 5054 1782 5111 si

197 5151 404 5222 iniquos
433 5147 680 5204 homines
707 5147 950 5204 odisset?
979 5147 1089 5205 Nisi
1123 5149 1395 5220 intelligas
1421 5149 1562 5220 quod
1589 5149 1782 5223 iniqui-

201 5251 354 5299 tatem
381 5243 508 5297 odto
536 5239 869 5305 habuit,non
897 5254 992 5296 eos
1019 5240 1133 5310 qui,
1163 5241 1264 5296 etsi
1291 5250 1652 5312 operarentur
1682 5242 1783 5298 ini-

201 5339 495 5410 quitatem,
547 5342 766 5405 possent
814 5343 994 5389 tamen
1037 5334 1349 5406 evangelica
1397 5335 1782 5406 praedicatione

269 5488 294 5515 ει
327 5475 468 5530 Edit.
494 5487 712 5537 omnes,
743 5471 1122 5528 detestabiliora
1159 5473 1354 5529 inimici
1384 5474 1650 5529 oscula....
1677 5472 1788 5529 Ita-

207 5565 293 5617 que
323 5544 840 5619 [ratricittiuin._l\lss.
860 5586 874 5612 ,
903 5544 1573 5619 fletestabiiiiora(osculu....
1608 5543 1789 5616 Itaque

211 5615 555 5690 parricidium.
585 5615 802 5690 Optime
822 5658 836 5679 ,
859 5615 1136 5690 siquidem
1166 5617 1251 5690 hic
1288 5617 1478 5690 inceSti
1506 5615 1788 5690 Ammonis

213 5686 528 5746 essecranda
551 5689 735 5743 oscula
757 5687 1127 5758 designantur.
1153 5686 1223 5742 At
1263 5691 1444 5756 paucis
1467 5688 1786 5758 interiectis,

216 5777 334 5818 mss.
363 5775 553 5815 novem
574 5799 588 5823 ,
622 5758 868 5834 οεηίίιιιε⁸
880 5756 1198 5834 parricidam
1226 5759 1397 5829 luget,
1424 5756 1792 5834 (percussorem

219 5843 372 5887 tamen
402 5839 602 5886 revocat
627 5831 826 5885 incesti.
850 5830 1040 5886 Melius
1066 5829 1157 5884 alii
1183 5839 1342 5900 atque
1369 5829 1499 5888 edit.
1521 5873 1535 5896 ,
1569 5830 1792 5900 Denique

218 5904 322 5960 licet
369 5901 716 5974 parricidam,
753 5909 859 5956 etc.
903 5901 1108 5956 Sensus
1147 5904 1292 5957 enim
1335 5912 1420 5959 est
1439 5901 1790 5969 Absalonem,

653 5996 926 6058 Panos.
972 5995 1115 6057 XV.

1889 4878 2010 4927 est:
2042 4871 2198 4936 culpa
2226 4867 2554 4923 inﬁrmitatis
2591 4877 2676 4923 est
2720 4869 2923 4940 lapsus.
2956 4870 3034 4926 Illi
3071 4871 3247 4930 debeo
3285 4878 3485 4935 subve-

1890 4961 2046 5029 nire,
2091 4961 2182 5032 qui
2212 4959 2461 5014 laborat:
2510 4959 2664 5014 illum
2712 4961 2875 5016 etiam
2913 4963 3096 5020 odisse
3136 4967 3226 5036 qui
3257 4967 3481 5040 decipit.

1889 5055 2054 5112 Malas
2081 5055 2243 5126 igitur
2270 5054 2613 5124 operationes
2657 5055 2893 5123 repellit.
2940 5055 3072 5110 Nam
3106 5059 3206 5112 nisi
3242 5060 3312 5115 ita
3341 5065 3485 5120 acci-

1885 5150 2035 5222 pias,
2067 5148 2281 5204 videtur
2306 5147 2490 5203 dicere
2517 5165 2532 5202 :
2565 5147 2840 5204 Discedite
2868 5164 2897 5202 a
2928 5165 3048 5217 me;
3095 5153 3218 5221 quia
3251 5159 3484 5216 mundus

1886 5257 2043 5312 sum,
2083 5241 2208 5312 quia
2250 5255 2416 5312 purus
2456 5254 2596 5295 sum.
2626 5239 2740 5296 lluc
2772 5239 3068 5310 pharismus
3097 5243 3343 5313 dicebat,
3388 5252 3485 5307 sed

1887 5334 2250 5406 reprehensus
2277 5348 2309 5388 a
2335 5331 2553 5388 Christo
2577 5344 2682 5388 est.
2706 5331 2824 5388 Non
2851 5349 2982 5404 ergo
3013 5333 3288 5406 Propheta
3315 5340 3446 5397 dicit
3473 5363 3485 5396 ε

1891 5474 2137 5551 quamvis
2184 5471 2406 5526 fratrem
2437 5469 2730 5551 parricidio
2773 5473 3118 5540 sustulisset,
3153 5487 3330 5533 tamen
3363 5483 3488 5551 quia

1893 5549 2156 5602 incestum
2190 5557 2504 5611 necaverat,
2539 5545 2589 5599 in
2617 5545 2792 5600 aulam
2822 5560 2944 5600 e~se
2978 5559 3307 5602 revocatum.

1965 5616 1993 5656 δ
2022 5617 2276 5672 Nonnulli
2325 5632 2494 5685 niss.,
2535 5627 2582 5672 et
2629 5635 2687 5673 ea
2729 5633 2844 5687 qua:
2891 5629 3238 5688 praetereunt,
3284 5623 3494 5680 obtivis.

1896 5707 2034 5745 cens.

1973 5773 1995 5801 ο
2032 5761 2174 5817 Edit.
2207 5760 2328 5815 Ani.
2381 5761 2503 5815 lira.
2548 5770 2598 5814 et
2646 5760 2804 5814 Rom.
2849 5776 2969 5814 eum
3013 5759 3226 5814 duobus
3273 5767 3495 5824 omnino

1897 5847 2053 5900 mss.,
2083 5831 2468 5888 contubernium
2497 5847 2641 5888 esse:
2675 5832 2876 5902 ﬂagitia
2903 5832 3040 5895 odit,
3075 5840 3182 5884 etc.
3216 5831 3338 5887 Gill.
3374 5852 3498 5895 cum

1899 5905 2052 5970 aliis,
2076 5917 2134 5960 ut
2167 5904 2220 5959 in
2251 5911 2421 5958 textu.

2867 5995 2907 6058 8
