4104 6350
465 262 607 325 1419

1814 257 2061 316 εΑΝυτι
2098 255 2421 317 Αωωιοδιι

3637 250 3775 314 1430

466 380 702 437 Mundus
723 393 844 439 sum
865 417 882 447 ,
919 377 1017 436 sed
1044 418 1059 447 ,
1090 377 1197 434 Cor
1244 376 1493 432 mundum
1528 389 1647 430 creo
1691 373 1749 429 in
1784 388 1886 441 me,
1930 372 2072 429 Deus
2102 376 2150 440 Α
2175 389 2338 431 cusso
2363 393 2376 429 :
2407 374 2548 445 Quid
2575 375 2669 431 tibi
2699 373 2926 447 prodest
2953 374 3162 446 iustitia
3193 382 3282 430 tua
3308 390 3322 442 ;
3356 383 3411 431 tu
3438 382 3620 431 tamen
3649 391 3775 447 spe-

468 473 647 547 (Psal.
682 490 741 539 ι,
771 470 882 546 12).

543 568 635 624 26.
666 566 849 639 (Vers.
881 564 1036 633 116.)
1067 564 1298 635 Ideoque
1328 563 1571 634 relegato
1599 558 1878 619 consortio
1921 560 2077 615 mali-

473 678 702 737 gnorum
725 700 740 728 ,
775 664 930 733 quasi
960 660 1052 732 qui
1081 668 1210 715 ante
1241 657 1543 729 permixtus
1582 656 1691 738 illis
1731 654 1936 726 suscipi
1970 669 2077 710 non

477 764 662 825 posset
692 770 721 809 a
751 752 1021 820 Domino,
1068 750 1237 806 dicit:
1282 749 1505 823 Suscipe
1542 765 1622 804 me
1658 747 1939 803 secundum
1976 747 2080 801 eto-

475 850 659 922 quium
700 858 879 914 tuum,
920 855 972 901 et
1011 846 1218 900 uiuant:
1248 854 1295 899 et
1334 859 1436 898 non
1478 842 1768 912 confundas
1793 857 1875 897 me
1901 839 1965 895 ab
1988 850 2079 896 e5:-

475 942 790 1014 spectatione
815 956 946 996 mea.
974 938 1033 996 Si
1072 938 1205 995 vivit
1240 938 1332 1010 qui
1374 937 1429 992 in
1467 939 1591 993 sinu
1629 944 1714 992 est
1755 933 2081 1006 patriarcha:

476 1038 744 1103 Abrahae,
776 1043 837 1090 ut
862 1033 954 1089 ille
982 1031 1223 1088 Lazarus
1252 1046 1498 1102 pauper;
1541 1036 1745 1101 quanto
1785 1028 1960 1100 magis
2002 1027 2084 1084 vi-

481 1130 564 1184 vit
593 1127 686 1199 qui
717 1125 1013 1198 suscipitur
1043 1140 1075 1181 a
1104 1123 1368 1180 Christo?
1393 1122 1681 1192 Quomodo
1709 1122 1856 1178 enim
1903 1128 2087 1192 potest

486 1236 594 1277 non
626 1220 680 1276 in
715 1229 981 1276 aeternum
1016 1218 1208 1275 vivere
1233 1260 1248 1285 ,
1279 1232 1439 1289 quem
1466 1217 1798 1288 sempiterna
1826 1216 1938 1273 vita
1965 1231 2083 1271 sus-

482 1314 666 1386 cepit,
702 1328 863 1385 quem
894 1322 1065 1370 totum
1092 1312 1200 1368 sibi
1241 1310 1490 1367 Christus
1519 1309 1848 1381 assumpsit,
1879 1309 1971 1379 qui
2004 1316 2087 1364 to—

487 1398 759 1467 tusVerbi
796 1417 917 1475 est,
947 1408 1105 1480 cujus
1140 1408 1250 1462 vita
1288 1404 1612 1463 abscondita
1650 1413 1737 1461 est
1772 1404 1829 1459 in
1866 1402 2088 1459 Christo

486 1503 660 1561 Jesu?
692 1501 797 1560 Sed
827 1512 882 1559 et
911 1502 999 1574 qui
1042 1502 1096 1557 in
1134 1501 1260 1556 sinu
1300 1499 1531 1556 Abrahae
1568 1500 1759 1566 sedet,
1796 1505 2089 1568 susceptus

484 1611 516 1651 a
546 1594 765 1653 Christo
796 1602 898 1650 est.
934 1586 1294 1649 Intolerandte
1323 1605 1502 1648 autem
1530 1590 1977 1663 praesumptionis
2012 1589 2089 1645 vi-

485 1689 708 1748 deretur
746 1688 930 1744 dicere
977 1688 1128 1755 Deo,
1177 1686 1401 1758 Suscipe
1441 1702 1559 1754 me,
1609 1685 1712 1741 nisi
1761 1684 2087 1756 promissum

2177 483 2269 533 ra,
2315 483 2423 525 non
2462 468 2678 525 deficiat
2724 467 2858 525 fides
2900 477 3011 524 tua.
3048 469 3109 525 Si
3139 469 3262 540 quis
3290 471 3436 525 dicat
3465 468 3602 525 tibi:
3631 467 3777 538 Quid

2180 560 2275 617 tibi
2315 563 2629 635 quotidiana
2668 560 3208 634 profuere‘jejunia:
3247 564 3375 636 quid
3406 560 3627 620 castitas
3652 578 3777 619 cor-

2182 654 2362 724 p0ris,
2398 654 2573 724 pudor
2603 656 2849 712 mentis?
2880 657 3017 713 Ecce
3046 657 3189 713 sicut
3217 656 3455 729 injustus
3480 668 3535 715 et
3580 658 3781 728 impius

2181 745 2496 802 vulneratus
2523 762 2604 803 es.
2637 747 2755 805 Non
2784 747 3009 805 deﬁciat
3044 748 3185 807 ﬁdes
3224 757 3333 806 tua.
3376 749 3513 806 Nam
3559 750 3782 807 etiamsi

2183 836 2431 896 infirmus
2459 854 2549 908 es,
2604 840 2780 898 ﬁdelis
2808 850 2991 899 tamen
3020 843 3287 900 sollicitus
3309 853 3396 901 est
3422 856 3519 914 pro
3545 853 3600 900 te
3620 844 3787 900 Chri-

2184 939 2319 987 stus.
2349 932 2487 989 Dicit
2506 933 2575 990 ad
2605 934 2911 1006 discipulos
2939 950 3069 993 suos
3093 954 3107 990 :
3136 935 3271 991 Date
3294 937 3403 993 illis
3424 950 3515 993 vos
3552 938 3783 993 mdis.

2184 1039 2305 1080 care
2334 1024 2561 1098 (Matth.
2592 1042 2686 1084 XIV
2708 1068 2725 1094 ,
2755 1027 2865 1099 16)
2893 1068 2908 1096 ,
2940 1046 3011 1085 ne
3039 1028 3296 1087 deﬁciant
3324 1031 3379 1086 in
3406 1031 3516 1087 via.
3550 1030 3578 1069 ι»
3606 1031 3787 1088 [labes

2185 1120 2546 1190 apostolicum
2572 1123 2785 1191 cibum,
2818 1123 3082 1181 manduca
3112 1124 3298 1193 illum,
3326 1132 3382 1181 et
3406 1142 3513 1180 non
3540 1125 3785 1196 deficies.

2186 1211 2343 1267 Illum
2393 1223 2521 1269 ante
2568 1215 2871 1285 manduca,
2926 1225 2985 1273 ut
3029 1226 3215 1288 postea
3265 1218 3453 1275 venias
3490 1217 3562 1274 ad
3601 1219 3786 1275 cibum

2186 1298 2427 1372 Christi,
2478 1305 2545 1363 ad
2595 1307 2778 1364 cibum
2829 1310 3079 1380 corporis
3128 1310 3437 1380 Dominici,
3481 1312 3551 1367 ad
3599 1312 3793 1383 epulas

2190 1397 2565 1469 Sacramenti,
2596 1400 2664 1456 ad
2694 1400 2827 1457 illud
2858 1403 3109 1473 poculum
3140 1420 3249 1476 quo
3279 1404 3518 1461 fidelium
3552 1406 3791 1462 inebria-

2193 1498 2281 1546 tur
2310 1490 2540 1548 allectus
2570 1510 2585 1560 ;
2614 1503 2676 1549 ut
2714 1494 2959 1551 laetitiam
2997 1496 3184 1551 induat
3215 1497 3283 1553 de
3312 1497 3637 1555 remissione
3668 1513 3797 1570 pec-

2191 1590 2437 1641 catorum
2463 1629 2478 1655 ,
2509 1602 2666 1643 curas
2700 1590 2887 1644 saeculi
2913 1587 3072 1659 hujus
3093 1631 3108 1658 ,
3136 1598 3343 1647 metum
3386 1592 3609 1660 mortis,
3644 1592 3799 1649 solli-

2193 1678 2571 1754 citudinesque
2628 1683 2888 1756 deponat;
2939 1685 3050 1741 Hac
3102 1701 3233 1758 ergo
3283 1684 3550 1744 ebrietate
3594 1701 3799 1758 corpus

486 1783 606 1854 ejus
634 1782 958 1854 adjungeret
980 1822 997 1849 ,
1031 1780 1135 1837 hoc
1163 1788 1281 1837 est:
1314 1776 1387 1836 Ut
1422 1779 1525 1835 hoc
1560 1777 1922 1846 auderemus,
1969 1777 2087 1847 ipse
2115 1772 2163 1834 Β
2192 1788 2298 1828 non
2332 1773 2562 1841 titubat,
2592 1774 2689 1831 sed
2718 1777 2988 1850 resurgit:
3022 1780 3234 1835 animus
3276 1794 3382 1836 non
3427 1779 3798 1849 confunditur,

488 1879 707 1944 fecisti,
752 1888 844 1935 tuo
886 1888 940 1934 te
980 1876 1351 1949 chirographo
1396 1874 1790 1941 convenimus,
1859 1872 1951 1943 qui
1996 1887 2094 1927 no-

488 1984 663 2028 strum
704 1971 1127 2042 chirographum
1170 1968 1469 2025 sustulisti.
1516 1966 1626 2022 Nos
1650 1965 1879 2022 fecimus
1917 1962 2097 2020 chiro-

486 2066 755 2137 graphnm
787 2065 978 2120 mortis
1000 2106 1016 2131 ,
1049 2073 1104 2118 tu
1133 2062 1401 2133 scripsisti
1431 2060 1859 2131 chirographum
1892 2061 2041 2113 vitae.

555 2146 799 2228 27.Ergo
829 2170 937 2211 non
967 2154 1272 2211 confundas
1304 2153 1371 2209 ab
1401 2152 1817 2223 exspectatione
1842 2165 1943 2206 sua
1980 2162 2099 2205 ser-

492 2251 679 2307 vulum
711 2260 861 2306 tuum
883 2291 900 2317 ,
933 2250 1059 2320 quia
1087 2248 1140 2303 in
1171 2257 1223 2305 te
1250 2260 1452 2318 spero;
1485 2260 1614 2316 spes
1640 2245 1787 2301 enim
1817 2257 1926 2299 non
1967 2255 2100 2297 eon-

492 2344 688 2415 fundit.
724 2342 793 2399 Et
826 2343 873 2397 si
921 2341 1263 2405 tribulamur,
1309 2338 1630 2411 patientiam
1674 2336 2096 2402 subministras,

496 2447 556 2491 ut
586 2437 729 2491 ferre
759 2434 1071 2506 possimus;
1102 2441 1161 2489 ut
1188 2432 1314 2503 quia
1343 2439 1397 2485 te
1427 2437 1712 2500 exspecto,
1761 2443 1869 2484 non
1912 2425 2099 2497 oppri-

496 2544 615 2584 mar
645 2525 1056 2583 infirmitatibus
1079 2567 1093 2590 ,
1139 2539 1247 2580 non
1280 2522 1631 2579 succumbam
1663 2518 2057 2576 tentationibus
2081 2556 2098 2583 ,

501 2639 611 2680 non
655 2618 865 2693 alilgiar
918 2620 1208 2692 procellis,
1252 2619 1307 2674 in
1335 2617 1534 2689 quibus
1574 2625 1660 2672 est
1700 2614 1979 2687 probanda
2011 2626 2103 2684 ps-

500 2717 730 2782 tientia,
763 2724 821 2771 ut
853 2715 1105 2786 probatio
1130 2718 1517 2781 consequatur,
1551 2724 1678 2780 quae
1717 2722 1868 2779 spem
1907 2705 2104 2764 confir-

496 2819 609 2865 mat
637 2818 693 2866 et
718 2808 978 2877 roborat,
1008 2820 1131 2878 qua:
1156 2819 1271 2860 non
1299 2800 1627 2867 confundit;
1661 2802 1764 2855 hoc
1786 2808 1870 2856 est
1895 2816 1908 2853 :
1936 2798 2105 2855 Fran-

495 2906 673 2976 gimur
702 2902 1018 2973 frequenter
1053 2898 1336 2954 laberibus
1357 2938 1373 2965 ,
1409 2894 1702 2965 fatigamur
1729 2911 1742 2949 :
1775 2894 1821 2949 si
1846 2907 1976 2964 spes
2002 2893 2105 2948 de-

497 2998 606 3067 sit,
634 2992 1037 3061 confundimur,
1062 3002 1119 3050 et
1145 3001 1254 3047 tota
1283 2999 1465 3047 mente
1493 2990 1795 3046 turbamur.
1828 2988 1937 3045 Sed
1962 2998 2104 3055 esto,

503 3091 613 3145 sint
643 3087 807 3158 aliqui
839 3080 962 3142 duri
993 3083 1062 3139 ad
1096 3083 1313 3139 labores
1334 3123 1349 3149 ,
1384 3080 1524 3137 lirmi
1565 3080 1634 3135 ad
1666 3079 1896 3150 injurias
1927 3078 2107 3149 perfe-

2198 1866 2293 1922 sed
2321 1877 2696 1926 consecratur.

2268 1960 2360 2017 29.
2393 1962 2574 2035 (Vers.
2608 1956 2761 2038 117.)
2797 1965 3098 2039 Sequitur:
3130 1969 3333 2040 Adjuua
3361 1986 3473 2037 nte,
3508 1969 3717 2043 inquit,
3746 1981 3799 2026 et

2198 2054 2372 2112 salvus
2409 2073 2540 2112 ero:
2583 2066 2633 2114 et
2674 2059 2962 2116 meditabor
2987 2062 3394 2133 justiﬁcationes
3433 2072 3550 2119 tuas
3577 2080 3797 2136 semper.

2196 2148 2303 2218 Qui
2346 2159 2569 2219 sperat,
2612 2152 2897 2223 prmsumit
2930 2153 3107 2227 juvari
3136 2174 3148 2209 :
3181 2156 3273 2213 ubi
3308 2167 3489 2215 autem
3520 2156 3804 2229 adjumen-

2202 2254 2313 2299 tum
2346 2245 2476 2311 Dei,
2508 2245 2583 2302 ibi
2611 2257 2823 2304 certum
2853 2249 3047 2305 salutis
3087 2251 3374 2308 auxilium.
3416 2252 3594 2322 Supra
3623 2251 3800 2307 dixit:

2202 2330 2425 2409 Adjutor
2450 2342 2498 2394 el
2522 2350 2784 2412 susceptor
2805 2356 2946 2397 meus
2973 2359 3026 2398 es
3054 2352 3111 2397 tu
3137 2342 3294 2416 (Sup.
3319 2359 3367 2398 υ.
3396 2342 3520 2415 112)
3545 2363 3557 2397 ε
3584 2344 3677 2400 hic
3704 2345 3809 2400 ile-

2192 2433 2323 2486 ‘rum
2346 2432 2527 2501 juvari
2573 2434 2745 2505 petit,
2792 2434 2950 2507 quasi
2989 2433 3174 2492 dicat:
3218 2436 3350 2493 Sine
3378 2437 3687 2493 cessatione
3716 2452 3806 2492 me

2204 2524 2422 2596 adjuva.
2471 2520 2588 2582 Non
2636 2520 2771 2582 mihi
2810 2527 2943 2583 satis
2983 2537 3068 2584 est
3114 2528 3259 2600 quod
3304 2529 3559 2599 poposci,
3606 2528 3804 2585 iterum

2198 2614 2331 2689 peto
2361 2629 2420 2676 ut
2449 2618 2635 2675 salvus
2666 2620 2812 2676 fiam.
2845 2620 2942 2677 Hic
2980 2637 3090 2678 non
3132 2638 3322 2693 magna
3345 2664 3361 2690 ,
3404 2639 3512 2678 non
3552 2638 3681 2679 vera
3722 2632 3839 2679 est-

2196 2711 2349 2768 ’salus
2380 2729 2391 2765 :
2429 2721 2552 2793 tu‘ne
2582 2711 2766 2768 salvus
2796 2728 2912 2780 ero,
2944 2729 3069 2770 cum
3100 2712 3257 2771 fuero
3290 2714 3345 2770 in
3373 2715 3651 2786 paradiso,
3683 2730 3806 2772 cum

2207 2807 2391 2863 vivere
2430 2822 2651 2878 coepero
2694 2808 2837 2864 inter
2873 2806 3080 2865 electos
3124 2818 3248 2864 tuos
3287 2809 3548 2881 angelos,
3576 2825 3700 2865 cum
3733 2810 3812 2865 la-

2208 2912 2379 2973 queos
2408 2904 2575 2958 terra!
2602 2899 2763 2973 hujus
2791 2908 3044 2959 evasero.

2276 2997 2369 3054 3i).
2390 2997 2509 3054 Sed
2536 3010 2610 3053 ne
2641 2996 2783 3054 forte
2814 2992 2987 3068 adjuti
3025 2996 3081 3055 in
3115 2996 3539 3055 necessitatibus
3559 3042 3575 3067 ,
3620 3008 3810 3070 postea

2204 3089 2265 3144 in
2294 3090 2577 3161 prosperis
2608 3090 2772 3161 positi
2796 3090 3136 3163 negligimus
3158 3133 3173 3159 ,
3207 3090 3368 3147 docet
3398 3106 3499 3147 nos
3526 3091 3813 3147 immemo-

489 3180 699 3237 Ὺθιιύδε
726 3199 738 3233 ε
769 3179 814 3234 εἱ
847 3192 1001 3247 silem
1033 3172 1248 3231 αυίθτθε
1268 3215 1284 3240 ν
1316 3188 1423 3229 ηοη
1455 3178 1639 3244 Ροῑθει
1680 3180 1941 3244 Ρθτβθιυθ
1987 3169 2179 3231 θθεθὈ
2208 3190 2301 3237 res
2324 3180 2716 3239 beneficiorum
2740 3184 3049 3240 caelestium
3076 3184 3416 3254 nequaquam
3442 3198 3565 3240 esse
3582 3183 3813 3253 debere,

502 3276 788 3348 patientia.
828 3273 947 3345 Ipsa
985 3269 1247 3343 patientia
1284 3282 1390 3324 non
1428 3267 1716 3338 probatur,
1755 3267 1802 3321 si
1837 3264 1973 3320 ﬁdes
2017 3262 2110 3320 de-

502 3370 606 3436 sit,
637 3367 794 3439 cnjus
828 3364 982 3421 radix
1012 3379 1140 3434 spes
1171 3372 1274 3418 est.
1308 3361 1443 3429 Qua:
1475 3361 1620 3417 enim
1654 3368 1831 3430 potest
1860 3358 2111 3429 probatio

507 3477 665 3528 esse,
694 3459 798 3516 nisi
833 3474 930 3529 pro
973 3450 1179 3513 Christi
1222 3454 1444 3509 nomine
1484 3453 1572 3508 vel
1614 3450 1955 3508 incommoda
1978 3493 1994 3519 ,
2026 3450 2112 3507 vel

504 3554 744 3628 pericula
776 3552 1029 3608 universa
1060 3547 1381 3605 sustineas?
1410 3545 1540 3601 Ideo
1570 3559 1701 3616 spes
1729 3554 1816 3600 est
1842 3543 1959 3599 sola
1989 3558 2111 3614 qua:

503 3659 751 3707 nostrum
808 3661 915 3701 non
963 3641 1248 3700 confundit
1305 3639 1583 3696 affectum.
1642 3637 1748 3695 Ubi
1800 3648 1887 3694 est
1941 3653 2111 3708 spes,

505 3740 867 3816 apostolicum
909 3736 1077 3794 illud:
1125 3734 1276 3791 Foris
1314 3750 1503 3807 pugna:
1530 3775 1545 3801 ,
1586 3733 1729 3787 intus
1771 3733 1986 3787 timores
2024 3729 2112 3803 (ll

511 3836 632 3893 Cor.
666 3851 771 3901 vn,
796 3836 851 3905 5)
871 3876 886 3901 .
919 3846 1117 3896 nocere
1147 3846 1251 3885 non
1282 3837 1540 3901 possunt.

582 3928 678 3987 28.
712 3938 737 3965 τι
765 3926 882 3983 Alia
916 3923 1290 3995 interpretatio
1322 3921 1480 3977 habet
1508 3938 1521 3975 :
1559 3920 1683 3976 Non
1711 3920 2012 3976 erubescere
2036 3924 2117 3991 {a-

516 4028 648 4081 cias.
674 4006 793 4081 Non
821 4000 1111 4080 erubescet
1132 4018 1223 4091 qui
1253 4027 1437 4090 Sperat
1464 4018 1518 4072 in
1546 4016 1844 4072 Christum.
1876 4015 2003 4071 Ideo
2025 4014 2118 4087 qui

517 4114 660 4178 bene
708 4124 927 4190 sperat,
978 4114 1144 4171 dicit:
1195 4111 1263 4166 In
1295 4121 1341 4167 te
1388 4109 1631 4180 conﬁdo,
1682 4126 1784 4163 non
1828 4108 2121 4165 erubescam

518 4210 695 4285 (Psal.
726 4227 875 4278 xxtv,
902 4207 983 4280 ἢ).
1016 4209 1080 4262 Et
1106 4207 1246 4262 bene
1291 4204 1402 4270 ait,
1449 4202 1712 4272 Conﬁdo;
1760 4201 1927 4257 robur
1974 4200 2118 4256 enim

520 4307 641 4379 spei
672 4314 872 4362 nostrae
892 4345 910 4372 ,
940 4313 995 4358 et
1023 4301 1274 4372 qumdam
1308 4296 1583 4368 sperantis
1625 4295 1925 4350 auctoritas
1954 4293 2123 4349 confi-

520 4401 702 4459 dentia
733 4407 838 4456 est.
870 4392 1039 4466 Spera
1067 4394 1235 4466 igitur
1262 4405 1500 4462 semper,
1533 4398 1588 4444 et
1618 4402 1783 4443 nemo
1824 4396 1875 4442 te
1917 4387 1986 4442 ab
2024 4401 2124 4442 ex-

454 4533 465 4542 -
522 4494 859 4567 spectatione
887 4487 1193 4546 confundit.
1232 4483 1581 4556 Exspectatio
1614 4489 1797 4538 nostra
1829 4483 1936 4537 vita
1967 4488 2125 4535 aeter-

2207 3273 2310 3330 sed
2330 3273 2588 3329 meditaﬁ
2617 3275 3042 3345 Wheatione's
3072 3275 3287 3332 Domitii
3312 3292 3327 3343 ;
3358 3283 3418 3330 ut
3447 3286 3502 3332 ct
3529 3292 3653 3332 cum
3686 3276 3816 3333 boni

2200 3368 2398 3439 cperis
2438 3367 2646 3440 aliquid
2687 3368 3012 3436 fecerimus,
3054 3382 3277 3442 semper
3320 3379 3503 3426 tamen
3544 3371 3593 3426 ei
3626 3372 3821 3427 nostra

2206 3468 2440 3534 peccata
2472 3466 2769 3531 fateamur;
2803 3465 2922 3521 haec
2948 3465 3092 3522 enim
3120 3474 3204 3521 est
3229 3464 3545 3535 justilicatio
3572 3462 3816 3521 Domini.

2218 3556 2462 3629 Denique
2511 3557 2764 3630 pharistei
2816 3572 2923 3614 non
2974 3556 3408 3630 justillcaverum
3463 3557 3671 3625 Deum,
3726 3560 3821 3629 qui

2206 3648 2482 3719 baptizari
2512 3650 2783 3720 baptismo
2811 3649 3147 3720 poenitentiae
3178 3648 3470 3706 noluerunt
3500 3648 3668 3719 (Luc.
3699 3664 3779 3705 vn
3804 3692 3819 3718 ,

2219 3740 2355 3815 50).
2390 3757 2411 3783 ιε
2444 3742 2592 3815 Ergo
2632 3744 2726 3800 ille
2771 3742 3064 3815 jttstificat,
3109 3756 3271 3817 quem
3315 3746 3543 3800 suorum
3589 3744 3825 3815 poenitet

2217 3834 2565 3890 delictorum.
2594 3836 2771 3903 Quem
2801 3836 2944 3892 enim
2978 3838 3237 3907 poenitet,
3279 3835 3591 3903 confitetar,
3640 3845 3695 3891 ut
3735 3844 3824 3892 est

2218 3924 2353 3982 illud
2380 3944 2393 3980 :
2445 3927 2558 3982 Tibi
2596 3929 2696 3983 soli
2737 3930 2942 4000 peccavi
2964 3971 2978 3996 ,
3008 3939 3056 3984 et
3092 3930 3286 3984 malum
3312 3940 3487 3985 eorum
3518 3941 3564 3984 te
3591 3932 3692 4001 feci
3713 3948 3731 3996 ;
3763 3940 3821 3985 ut

2223 4020 2522 4091 iustiﬁceris
2551 4021 2605 4075 in
2632 4021 2951 4076 sermonibus
2989 4022 3089 4077 tuis
3118 4023 3138 4094 (
3165 4020 3312 4077 Psal.
3338 4034 3410 4089 1.,
3440 4020 3535 4095 6).
3581 4021 3824 4093 Ideoque

2225 4111 2556 4169 Pnblieanus
2580 4115 2755 4185 magis
2779 4114 3110 4185 justiticatus
3140 4112 3311 4172 exivit
3340 4128 3372 4172 e
3402 4115 3610 4186 templo
3639 4114 3657 4185 (
3683 4114 3817 4171 Luc.

2223 4219 2355 4259 xvut
2374 4245 2389 4271 ,
2420 4204 2543 4277 ﬂ);
2576 4206 2702 4277 quin
2733 4206 3043 4263 Pharisaeus
3069 4220 3130 4263 se
3159 4200 3485 4278 justiﬂeabat
3508 4251 3524 4275 ,
3552 4216 3679 4264 Sua‘s
3730 4208 3826 4279 ju-

2226 4299 2402 4355 stitias
2460 4299 2847 4370 praedicando:
2907 4302 3235 4357 Puhlicanus
3286 4311 3465 4357 autem
3490 4301 3830 4373 justificabat

2228 4393 2436 4459 Deum,
2486 4394 2804 4466 iniquitates
2852 4397 3100 4467 proprias
3136 4396 3480 4453 confitendo.
3526 4397 3677 4468 Ergo
3728 4397 3827 4468 qui

2231 4485 2523 4542 meditatur
2559 4487 2977 4557 justiﬂcationes
3006 4489 3265 4554 Dom-ini,
3306 4502 3528 4561 semper
3567 4488 3828 4545 humilia-

523 4565 591 4646 na
617 4595 721 4643 est.
754 4582 1107 4655 Esspectatio
1134 4586 1344 4647 nostra,
1372 4592 1596 4649 regnum
1629 4575 1758 4641 Dei,
1789 4574 2118 4645 Angelorum
2144 4565 2202 4626 ‘D
2229 4590 2335 4637 tur.
2370 4580 2485 4638 Non
2516 4581 2681 4638 hodie
2710 4582 3047 4649 humiliatur,
3089 4594 3146 4640 et
3192 4594 3317 4639 cras
3365 4582 3677 4640 excitatur:
3727 4583 3828 4640 sed

523 4680 862 4739 consortium
887 4717 900 4741 ,
946 4674 1360 4732 benedictiones
1398 4679 1523 4726 sunt
1562 4664 1858 4739 spiritales.
1905 4665 2119 4739 1166

514 4770 693 4845 Spera
738 4767 1000 4841 quotidie.
1043 4762 1235 4821 Finem
1283 4764 1387 4818 ista
1430 4778 1518 4818 res
1556 4776 1669 4817 non
1711 4760 1910 4824 habet,
1948 4758 2124 4815 nescit

525 4865 791 4925 inducias.
825 4863 996 4934 Spera
1023 4859 1188 4915 etiam
1235 4856 1444 4927 positus
1487 4856 1540 4911 in
1588 4854 1853 4911 adversis.
1900 4854 1957 4910 Si
2003 4854 2126 4923 quis

516 4956 671 5017 'dicat
695 4958 791 5014 tibi
823 4955 1000 5027 aliqua
1033 4951 1175 5009 forte
1202 4943 1665 5006 necessitudinum
1688 4946 1984 5003 amissione
2004 4962 2126 5019 per-

599 5152 624 5180 τι
672 5138 800 5197 Mss.
848 5136 1019 5193 ferme
1056 5134 1123 5189 ad
1175 5146 1338 5201 unum
1369 5149 1381 5185 :
1415 5128 1535 5185 Alia
1574 5129 1973 5202 interpretatio:
2002 5129 2127 5184 Non

529 5214 786 5272 erubescet
818 5211 905 5281 qui
931 5217 1105 5279 sperat
1135 5205 1187 5259 in
1216 5203 1498 5259 Christum.

601 5305 631 5345 ιι
674 5300 1029 5372 Apostolicum
1072 5294 1240 5352 cibum
1257 5302 1447 5372 “vocat
1472 5288 1813 5372 _Antbrosius
1840 5289 2125 5372 .leetiones

531 5362 1041 5443 sacrae'Scripturze
1080 5384 1217 5443 giras
1242 5362 1609 5443 _Eucltaristi:e
1651 5362 1948 5443 sumptioni
1990 5378 2128 5443 prte-

522 5432 824 5507 in'itumdas
854 5432 1059 5497 monet.
1082 5432 1170 5494 ‘Ex
1192 5438 1287 5492 ‘his
1318 5442 1481 5506 porro
1521 5449 1640 5507 qua:
1669 5432 1863 5507 subdit
1901 5435 2080 5507 verbis
2106 5450 2119 5487 :

529 5504 845 5592 inﬁrnms'es
873 5557 886 5570 .
918 5554 931 5567 .
965 5553 978 5567 .
1008 5552 1021 5566 .
1048 5510 1236 5565 metunt
1275 5504 1462 5592 inertis
1508 5504 1985 5592 sollicitudinesque
2027 5504 2119 5588 tle-

526 5577 707 5667 ptitrat.
742 5629 755 5643 .
789 5627 801 5640 .
834 5628 848 5642 .
874 5592 1063 5657 corpus
1119 5596 1220 5636 non
1250 5581 1453 5667 titubet,
1488 5578 1577 5667 sled
1603 5577 1827 5667 resurgit
1852 5593 1873 5643 ;
1896 5591 2009 5667 porr
2039 5577 2120 5667 in-

536 5646 629 5719 viti
662 5646 1081 5722 adducimur,ut
1112 5661 1356 5707 sanetum
1392 5646 2119 5722 Ductoremde’Eucharistia

532 5716 1052 5804 tatnqtiatnviatieo
1101 5725 1344 5804 locutum
1395 5721 1562 5804 fuisse
1611 5716 2122 5804 suspicemur..l‘iec

530 5789 680 5864 inalc'
702 5803 929 5860 forsitan
960 5801 1014 5856 in
1055 5795 1379 5869 suspicionis
1421 5790 1891 5849 confirmationem
1929 5789 2123 5847 adduci

2226 4687 2446 4745 semper
2485 4673 2707 4729 immitis
2742 4674 2911 4731 corde
2939 4683 3002 4731 et
3040 4674 3188 4730 mitis
3214 4672 3413 4731 snecta
3440 4686 3551 4731 est.
3576 4664 3713 4731 *f’lus
3742 4683 3832 4730 est

2228 4776 2408 4822 autem
2439 4780 2673 4837 sempen
2698 4782 2866 4839 quam
2892 4766 2981 4823 die
3010 4782 3073 4823 ac
3092 4776 3258 4825 noete
3279 4809 3293 4836 ,
3325 4766 3410 4824 vel
3437 4776 3545 4825 tota
3566 4768 3699 4834 die;
3727 4767 3832 4824 hoc

2231 4859 2375 4916 enim
2406 4875 2566 4930 supra
2601 4870 2813 4932 tempus
2840 4870 2943 4917 est.
2985 4860 3134 4933 Ergo
3162 4862 3249 4918 vel
3286 4862 3432 4919 inter
3467 4863 3695 4936 angelos
3731 4877 3832 4918 an-

2232 4963 2551 5010 numeratns
2579 4954 2730 5011 dicas
2754 4963 2976 5028 oportet
2996 4955 3416 5027 jusriflcatienes
3458 4957 3553 5013 Dei
3584 4963 3825 5029 semper,

2232 5145 2413 5211 potest
2442 5138 2521 5205 is,
2552 5138 2661 5211 qui
2674 5138 2835 5211 abeo
2860 5136 3112 5211 laudatur
3135 5137 3419 5210 Evangelii
3436 5140 3630 5202 locus.
3662 5154 3825 5211 quem

2230 5207 2367 5262 alios
2395 5207 2694 5264 etiaanP.
2724 5208 2795 5280 de
2822 5209 3019 5264 viatico
3050 5207 3435 5280 interpretatos
3477 5207 3709 5268 constat.
3737 5212 3830 5269 Sic

2230 5279 2374 5333 enim
2410 5281 2632 5335 llieron.
2667 5281 2720 5334 in
2748 5279 2938 5335 Matth.
2967 5295 3087 5349 cap.
3121 5279 3228 5336 xv:
3266 5280 3388 5337 Non
3416 5283 3521 5337 vult
3561 5282 3714 5338 Jesus
3742 5284 3829 5337 di-

2230 5351 2429 5425 mittere
2447 5354 2695 5425 jejunus,
2749 5368 2811 5405 ne
2846 5352 3087 5422 deﬁciant
3134 5355 3189 5406 in
3214 5355 3318 5407 via.
3348 5353 3681 5409 Periclitatur
3703 5372 3828 5425 ergo

2228 5422 2318 5564 71ιὶ
2337 5422 2664 5505 ρὶηεέοειεδιὶ
2692 5439 2825 5494 pane
2851 5428 2918 5477 ad
2945 5433 3175 5496 optatam
3201 5427 3522 5481 mansionem
3561 5422 3828 5497 pervenire

2254 5502 2469 5561 estmat,
2504 5502 2611 5550 etc.

2254 5502 2437 5548 'estt'nat
2455 5537 2469 5561 ,
2504 5502 2611 5550 etc.

2299 5594 2321 5624 ο
2354 5584 2555 5656 Otnnes
2582 5585 2739 5653 edit.,
2775 5584 2911 5656 Ergo
2938 5586 3028 5641 ille
3055 5586 3401 5656 justiﬂcatstr.
3430 5587 3638 5644 Omnes
3668 5602 3825 5654 Iussu,

2225 5651 2367 5730 Ergo
2396 5655 2483 5710 ille
2504 5651 2783 5731 justi/lcet.
2813 5651 3111 5714 Commode
3130 5701 3146 5725 ,
3176 5651 3223 5713 si
3260 5669 3438 5714 riterite
3484 5651 3833 5731 suppleveris

2230 5743 2419 5784 vocem
2446 5769 2459 5794 ,
2494 5729 2677 5795 Deum,
2708 5744 2828 5801 quae
2858 5731 3131 5801 superiori
3165 5731 3390 5801 periodo
3420 5729 3777 5803 exprimitur.
