4104 6350
322 290 462 348 "Si

1434 297 1500 356 IN
1539 295 1874 359 PSALMUM
1909 293 2122 356 CXVIII
2159 296 2548 356 EXPOSITIO.

3483 304 3515 364 1
3524 307 3632 366 4η

318 423 376 472 et
405 417 554 471 illam
584 429 746 488 quam
780 415 1011 488 adeptus
1038 433 1098 475 es
1127 419 1356 492 gloriam
1383 463 1396 486 ,
1427 437 1536 480 non
1570 425 1676 480 luis
1715 425 1927 484 meritis
1953 422 2008 483 Α
2031 421 2289 478 minatur.
2336 421 2493 480 Unde
2536 429 2592 477 et
2626 420 2759 478 ille:
2801 421 2993 478 Vim
3030 429 3077 477 ει
3115 423 3356 480 mulieres
3393 426 3592 498 faciunt
3612 471 3626 493 ,

317 521 567 579 arroges,
595 509 692 565 sed
720 509 920 567 divinae
945 511 1283 569 miserationi
1311 529 1528 587 semper
1553 518 1827 585 ascribas;
1856 534 1927 576 ne

317 602 419 658 tibi
445 603 694 659 dicatur:
733 606 874 673 Quid
913 617 1082 662 autem
1133 609 1287 664 habes
1323 612 1458 681 quod
1497 629 1598 668 non
1639 614 1927 685 accepisti?

323 694 386 751 Si
411 708 583 751 autem
609 699 889 771 accepisti,
920 700 1044 771 quid
1073 701 1317 772 gloriaris
1355 707 1503 774 quasi
1542 723 1645 760 non
1671 708 1926 780 acceperis

319 786 394 858 (Il
409 787 531 843 Cor.
545 805 629 858 tv,
646 789 727 862 7)?
747 790 935 848 Omnis
952 793 1125 848 enims
1141 803 1393 850 creatura
1410 811 1766 868 quaecumque
1787 798 1925 854 bona

319 882 728 954 habet,accepit
742 900 771 940 a
791 885 1030 954 Christo,
1051 888 1138 958 qui
1154 888 1321 944 totius
1332 898 1415 946 est
1431 898 1622 946 auctor
1634 899 1922 946 creaturae.

402 981 613 1053 1167
643 981 731 1036 51.
766 981 958 1056 (Vers.
994 983 1152 1054 lll8.)
1185 983 1468 1053 Sprevisti,
1501 985 1705 1055 inquit,
1752 1001 1927 1040 omnes

315 1073 413 1142 qui
442 1073 714 1129 discedunt
743 1087 775 1128 α
796 1075 1259 1148 justilicationibus
1287 1077 1388 1131 tuis
1413 1094 1430 1143 ;
1458 1078 1580 1148 quia
1617 1077 1800 1148 iniqua
1842 1093 1930 1132 co-

319 1168 504 1238 gitatio
531 1185 730 1224 eorum.
759 1168 949 1225 Omnis
978 1170 1246 1240 superbus
1272 1170 1585 1226 immundus
1611 1179 1694 1226 cst
1719 1169 1775 1225 in
1799 1185 1929 1226 con-

319 1277 513 1334 specm
547 1265 788 1332 Domini;
813 1267 937 1337 quia
966 1283 1076 1322 non
1091 1275 1273 1338 potest
1301 1281 1402 1338 per
1432 1264 1740 1336 superbiam
1769 1280 1925 1320 suam

317 1359 594 1417 mundare
635 1372 891 1434 peccata,
939 1362 1032 1434 qui
1083 1362 1357 1432 arroganti
1395 1361 1596 1431 spiritu
1643 1368 1931 1416 coacervat

317 1467 594 1510 errorem.
639 1453 877 1526 Ideoque
913 1454 1194 1526 spernitur
1233 1464 1396 1526 atque
1434 1453 1774 1524 despicitur,
1804 1452 1926 1523 quia

320 1549 607 1622 despectui
635 1548 802 1606 habet
824 1547 1009 1606 divina
1041 1547 1314 1606 mandata.
1347 1547 1497 1605 Bene
1527 1559 1707 1604 autem
1764 1546 1927 1602 coele-

321 1643 427 1699 stis
453 1653 708 1700 servatur
753 1644 1115 1716 praerogativa
1147 1642 1497 1708 clementiae;
1544 1641 1667 1712 quia
1715 1639 1925 1695 nullum

323 1735 578 1810 repellit.
610 1735 710 1795 sed
740 1739 1067 1810 quicumque
1114 1737 1393 1793 noluerint
1439 1744 1656 1806 peccata
1707 1734 1926 1805 propria

2029 515 2241 587 inquit,
2277 525 2572 588 apostatare
2600 514 2795 587 (Eccli.
2825 526 2916 570 χιι
2942 557 2955 582 ,
2983 513 3074 587 2).
3101 515 3354 572 Cavenda
3383 533 3512 590 ergo
3545 520 3628 575 in-

2029 612 2242 667 centiva
2267 620 2320 666 et
2341 612 2607 668 lenocinia
2630 611 2984 679 delictorum,
3011 626 3078 667 ne
3104 612 3157 666 in
3183 611 3360 667 scelus
3383 625 3628 684 vergant.

2031 705 2423 760 Praevaricator
2453 713 2635 761 autem
2675 705 2842 761 latine
2873 714 2926 761 et
2965 714 3335 777 transgressor
3364 717 3589 764 vocatur
3615 727 3629 775 ;

2029 815 2097 856 eo
2120 799 2263 870 quod
2289 815 2317 854 a
2344 801 2461 871 lege
2487 800 2699 856 Domini
2729 808 2969 856 transeat
2995 801 3061 856 ad
3085 815 3355 868 errorem,
3380 811 3434 858 et
3456 810 3633 876 trans-

2027 894 2308 966 grediatur
2337 895 2589 951 mandata
2613 895 2858 952 coelestia
2879 937 2894 962 ,
2925 895 3012 951 cui
3035 896 3235 952 dictum
3263 906 3347 952 est
3368 906 3428 952 ut
3446 897 3628 953 adhze.

2027 998 2145 1044 real
2175 989 2405 1044 Domino
2431 989 2546 1045 Deo
2571 1005 2671 1044 suo
2699 989 2883 1060 (Deut.
2915 1006 2979 1056 x,
3006 989 3120 1064 ΩΟ).
3155 987 3444 1047 Adhaereto
3472 992 3634 1062 igitur

2025 1079 2308 1137 individuo
2341 1096 2558 1152 semper
2584 1082 2780 1138 all‘ectu
2808 1100 2821 1149 ;
2850 1097 2919 1137 ne
2942 1090 2994 1138 te
3022 1082 3090 1137 ab
3128 1091 3194 1138 eo
3233 1084 3315 1139 vis
3356 1084 3463 1139 ulla
3506 1097 3633 1154 pos-

2031 1179 2100 1232 sit
2129 1178 2388 1233 evellere.
2420 1177 2478 1233 Si
2506 1176 2632 1247 quid
2660 1191 2878 1243 rarum,
2909 1178 2953 1231 si
2981 1178 3108 1247 quid
3139 1178 3512 1234 intermissum
3542 1179 3636 1233 ad-

2029 1270 2310 1325 versarius
2333 1269 2568 1335 viderit,
2589 1271 2775 1325 statim
2803 1283 2863 1326 se
2891 1270 3133 1325 immittit
3161 1270 3213 1325 in
3242 1280 3433 1341 pectus
3457 1279 3512 1327 et
3538 1285 3637 1326 cor

2031 1371 2182 1418 tuum
2205 1381 2218 1430 ;
2244 1372 2301 1418 ut
2324 1371 2374 1418 te
2394 1365 2594 1434 laqueo
2613 1373 2796 1421 teneat
2816 1379 2927 1420 sua:
2949 1365 3178 1432 fraudis,
3199 1374 3254 1421 et
3275 1367 3486 1422 hostilis
3513 1365 3637 1420 vin-

2024 1455 2155 1510 culo
2179 1457 2468 1527 potestatis
2495 1457 2730 1512 innexus
2749 1499 2764 1521 ,
2798 1472 2828 1512 a
2853 1458 3143 1514 devotione
3173 1458 3492 1514 retraharis.
3524 1458 3633 1515 Sed
3684 1499 3689 1502 τ

2033 1563 2145 1605 non
2185 1549 2334 1607 solus
2373 1549 2465 1606 ille
2503 1552 2888 1622 praevaricator
2923 1560 3040 1616 est,
3071 1550 3164 1622 qui
3197 1551 3502 1621 posthabita
3531 1552 3638 1608 Ec-

2031 1643 2196 1700 clesia
2215 1641 2308 1712 ,ad
2329 1645 2505 1700 cultus
2536 1647 2933 1717 transgreditur
2960 1645 3229 1702 idolorum
3263 1663 3276 1699 :
3308 1645 3403 1702 sed
3423 1647 3638 1720 1168

2033 1739 2194 1793 etiam
2223 1739 2551 1811 quicumque
2578 1740 2738 1812 Legis
2765 1741 3016 1796 mandata
3048 1755 3153 1796 non
3197 1748 3399 1797 servat.
3449 1742 3640 1798 Omnis

321 1831 612 1899 confiteri,
637 1833 740 1904 ipsi
769 1829 1054 1888 discedunt
1081 1845 1111 1887 a
1142 1831 1370 1886 Domino
1402 1829 1511 1886 Deo
1539 1839 1746 1885 nostro.
1776 1826 1930 1884 Deni-
1962 1830 2006 1889 Β
2035 1844 2165 1904 ergo
2194 1844 2468 1904 peccator,
2499 1835 2910 1906 pravaricator.
2935 1833 3238 1892 Undeillud
3265 1853 3276 1888 :
3306 1835 3488 1890 Omnis
3509 1851 3641 1907 pm—

320 1941 432 1997 que
457 1925 549 1984 ille
580 1924 856 1991 discessit,
889 1925 981 1996 qui
1009 1939 1232 1997 peregre
1265 1923 1566 1996 profectus,
1597 1937 1757 1978 omne
1785 1920 1929 1993 quod

317 2031 612 2090 acceperat
638 2035 665 2074 a
695 2029 881 2090 patre,
913 2018 1035 2074 tidei
1063 2028 1116 2074 et
1138 2018 1326 2091 gratiae
1353 2017 1739 2091 patrimonium
1771 2016 1931 2072 dissi-

325 2115 491 2185 pavit.
537 2113 602 2170 Et
631 2116 755 2186 quia
787 2129 910 2169 eum
951 2113 1268 2171 discessisse
1310 2112 1588 2185 pmnituit,
1630 2122 1818 2184 postea
1848 2123 1932 2168 est

323 2223 610 2278 regressus
640 2207 706 2262 ad
737 2215 979 2280 patrem,
1001 2221 1160 2278 quem
1189 2208 1481 2280 reliquerat
1499 2223 1621 2264 cum
1649 2215 1927 2277 peccatum

321 2301 609 2372 proprium
643 2300 816 2356 nollet
843 2299 1113 2357 conﬁteri.
1155 2300 1273 2357 Non
1302 2317 1433 2373 ergo
1461 2301 1750 2358 intervallo
1783 2301 1931 2356 loco-

323 2409 452 2448 rum
487 2393 630 2450 Deus
670 2393 1015 2465 relinquitur,
1045 2393 1140 2449 sed
1177 2395 1445 2466 pravitate
1477 2410 1716 2461 morum,
1749 2402 1805 2450 et
1839 2393 1931 2450 de—

318 2486 602 2543 formitate
628 2498 931 2559 gestorum.
963 2489 1205 2545 Discedit
1231 2505 1258 2543 a
1288 2489 1539 2556 Domino,
1568 2490 1658 2561 qui
1691 2505 1750 2546 se
1779 2488 1932 2545 clon-

323 2591 414 2652 gut
459 2582 668 2648 abeo,
719 2582 1172 2653 quemadmodum
1224 2583 1406 2638 audita
1458 2584 1746 2655 prcesentia
1793 2584 1928 2653 Dei,

323 2672 499 2729 Adam
529 2673 699 2730 latere
725 2675 994 2745 cupiebat.
1025 2675 1132 2733 Sed
1161 2676 1449 2733 discedens
1477 2695 1504 2732 a
1535 2677 1763 2734 Domino
1789 2680 1934 2733 salu-

327 2775 436 2821 tem
457 2767 658 2822 habcre
687 2782 792 2822 non
821 2775 1066 2837 poterat;
1088 2771 1619 2840 quoniamscriptum
1645 2781 1725 2826 est
1754 2789 1766 2825 :
1799 2771 1933 2829 Ecce

328 2860 417 2928 qui
465 2858 706 2931 clangunt
748 2876 802 2914 se
845 2862 933 2915 abs
955 2869 1004 2914 te
1025 2902 1038 2926 ,
1084 2864 1319 2932 peribunt
1351 2862 1372 2934 (
1402 2861 1545 2918 Psal.
1582 2878 1764 2930 xxvii,
1795 2861 1863 2918 72
1886 2865 1928 2936 ).

329 2954 708 3026 Unusquisque
729 2955 892 3027 igitur
913 2957 1024 3014 suis
1046 2956 1237 3012 studiis
1260 2972 1381 3012 sese
1404 2967 1494 3012 aut
1511 2958 1703 3028 jungit,
1730 2967 1822 3013 aut
1842 2972 1930 3014 se-

325 3049 760 3118 parat.Deuique
775 3065 932 3119 quam
957 3049 1243 3120 plcrOSque
1267 3064 1363 3105 nec
1386 3049 1629 3105 locorum
1653 3050 1930 3105 intervalla

321 3153 611 3198 Sccet‘nant
632 3187 646 3210 ,
679 3143 764 3198 vel
797 3142 1020 3197 finitima
1053 3155 1106 3198 et
1134 3143 1311 3198 vicina
1341 3152 1692 3210 conuectant,
1727 3143 1930 3199 indicio

2035 1929 2279 1984 uaricatio
2311 1970 2323 1982 .
2360 1971 2370 1983 .
2411 1972 2424 1984 .
2448 1931 2648 2001 justam
2691 1930 2880 2002 accipit
2918 1930 3386 1985 remunerationem
3434 1932 3456 2002 (
3475 1927 3638 1984 Hebr.

2035 2036 2108 2088 ιι,
2137 2020 2214 2093 2).
2242 2020 2451 2077 Nomen
2475 2037 2765 2079 commune
2783 2066 2798 2090 ,
2827 2023 2922 2079 sed
2945 2023 3167 2079 diversa
3195 2023 3385 2079 merita
3413 2023 3643 2080 delicto-

2032 2127 2153 2166 rum
2179 2130 2195 2180 ;
2225 2121 2280 2168 et
2307 2114 2480 2182 pretia
2507 2127 2641 2185 ergo
2667 2115 2881 2172 diversa
2908 2115 3209 2185 culparum.

2106 2203 2196 2259 54.
2226 2205 2364 2274 Quid
2393 2205 2497 2262 sibi
2523 2207 2640 2262 vult
2669 2207 2815 2279 quod
2838 2208 2913 2262 ait
2938 2226 2950 2262 :
2982 2208 3286 2264 Peccotores
3310 2219 3477 2265 terrm.
3502 2209 3643 2265 Sunt

2036 2313 2164 2368 ergo
2192 2306 2246 2352 et
2272 2298 2396 2354 coeli
2427 2309 2771 2369 peccatores,
2791 2301 2932 2364 sicut
2960 2301 3050 2356 ille
3072 2301 3162 2372 qui
3187 2303 3260 2356 ait
3285 2319 3296 2355 :
3317 2300 3496 2369 Pater,
3522 2318 3644 2372 pec-

2037 2390 2147 2444 cari
2170 2391 2226 2444 in
2255 2390 2439 2446 caelum
2462 2434 2475 2454 ,
2499 2401 2548 2445 et
2579 2409 2752 2447 coram
2779 2404 2825 2447 te
2853 2393 3006 2467 (Luc.
3032 2408 3124 2457 xv,
3142 2393 3258 2464 21).
3284 2395 3421 2450 Sunt
3441 2395 3531 2467 qui
3555 2397 3641 2450 di-

2035 2490 2162 2536 cant
2187 2482 2313 2552 quia
2340 2482 2385 2537 is
2411 2483 2504 2554 qui
2533 2483 2773 2542 coeleStia
2801 2500 2910 2540 non
2939 2495 3121 2541 servat
3149 2487 3365 2542 oracula
3389 2527 3405 2555 ,
3433 2503 3642 2558 prreva-

2035 2577 2239 2633 ricator
2275 2587 2363 2633 est
2405 2579 2551 2634 caeli.
2587 2589 2610 2618 ο
2641 2577 2746 2635 Sed
2779 2580 2896 2635 sive
2925 2580 3064 2648 hoc,
3107 2582 3223 2636 sive
3271 2582 3396 2652 quia
3445 2582 3644 2637 minuit

2036 2670 2266 2746 gratiam
2293 2685 2453 2741 quam
2482 2671 2696 2742 accepit
2720 2686 2750 2726 e
2773 2673 2914 2728 coelo
2933 2713 2947 2738 ,
2971 2687 3130 2742 quam
3163 2673 3399 2742 Spiritus
3424 2684 3643 2729 sanctus

2037 2763 2231 2818 iul’udit
2259 2781 2271 2816 :
2302 2761 2416 2818 sive
2443 2765 2564 2835 quia
2593 2764 2712 2818 avis
2736 2765 2858 2821 coeli
2889 2765 3093 2833 factus,
3120 2781 3226 2821 non
3255 2766 3422 2823 debes
3449 2768 3502 2822 in
3531 2778 3640 2824 ter-

2038 2871 2153 2910 ram
2192 2856 2376 2912 redire
2406 2856 2475 2912 de
2502 2857 2659 2912 coelo.
2694 2856 2748 2911 ln
2778 2858 2978 2913 ccelum
3010 2871 3140 2928 ergo
3168 2872 3362 2929 peccas
3386 2901 3402 2926 ,
3437 2860 3483 2914 si
3515 2860 3639 2915 costi

2031 2952 2213 3013 incola
2245 2951 2439 3007 coelum
2469 2951 2768 3021 relinquas.
2801 2951 3094 3007 Diversitas
3121 2952 3283 3023 igitur
3308 2962 3392 3008 est
3421 2966 3634 3010 eorum.

2037 3043 2141 3100 Alii
2175 3052 2488 3110 peccatores
2511 3043 2657 3109 C(B'Ii,
2690 3043 2780 3098 alii
2814 3053 3126 3113 peceatores
3155 3052 3316 3100 terra
3342 3053 3492 3101 sunt.

2109 3138 2200 3194 35.
2235 3135 2301 3190 In
2331 3137 2596 3190 matutinis
2619 3177 2632 3200 ,
2664 3135 2872 3208 inquit,
2906 3137 3276 3207 interﬁciebam
3317 3154 3492 3194 omnes
3521 3156 3640 3210 pec-

323 3248 408 3292 est
437 3238 560 3306 quia
586 3247 713 3292 sunt
744 3238 985 3309 plerique
1028 3239 1080 3292 in
1123 3253 1354 3308 corpore
1394 3238 1516 3303 siti,
1547 3240 1637 3309 qui
1674 3241 1923 3310 peregri-

2035 3239 2242 3287 catores
2269 3241 2421 3287 terra:
2449 3229 2620 3302 (Psal.
2653 3245 2711 3298 c,
2742 3230 2820 3303 8).
2854 3231 3140 3298 Quomodo
3165 3247 3304 3288 unus
3328 3248 3523 3290 omnes
3558 3234 3639 3290 in-

325 3341 524 3385 nautur
549 3347 579 3385 a
609 3345 876 3402 corpore,
904 3340 960 3386 et
986 3331 1186 3386 adsunt
1215 3332 1327 3388 Deo
1353 3347 1368 3396 ;
1399 3341 1455 3385 ut
1481 3331 1576 3386 ille
1604 3332 1693 3400 qui
1725 3331 1926 3388 dicenti

323 3429 472 3483 Deo:
523 3428 685 3494 Quem
723 3427 970 3481 mittam?
999 3427 1318 3498 respondit:
1346 3425 1482 3481 Ecce
1523 3444 1636 3500 ego,
1678 3428 1820 3481 mitte
1847 3444 1928 3481 me

319 3518 496 3590 (Esai.
524 3537 574 3575 vt
594 3561 607 3586 ,
632 3520 710 3591 8).
740 3520 914 3576 Audet
942 3529 997 3575 et
1023 3519 1219 3574 Paulus
1247 3519 1445 3574 adesse
1477 3521 1608 3588 Deo,
1640 3521 1762 3590 quia
1792 3519 1927 3575 nihil

319 3613 375 3667 iu
418 3627 478 3668 se
518 3621 718 3684 praeter
757 3612 940 3668 carnis
986 3612 1269 3667 materiam
1314 3611 1532 3668 videbat
1576 3626 1697 3667 esse
1733 3627 1928 3684 corpo-

319 3725 498 3764 reum.
525 3705 794 3763 Exivitet
836 3705 967 3762 Cain
1013 3723 1040 3760 a
1084 3707 1222 3762 facie
1261 3707 1390 3774 Dei,
1436 3716 1747 3777 postquam,
1777 3721 1927 3762 com-

317 3802 489 3856 misso
541 3799 877 3872 parricidio,
939 3799 1233 3871 gerendam
1295 3809 1641 3870 peccatorum
1699 3808 1922 3856 Suorum

318 3893 698 3966 penitentiam
727 3907 834 3947 non
866 3893 1094 3963 putavit.

391 3985 484 4041 59..
519 3995 545 4023 ﬂ
579 3985 748 4042 Recte
778 3993 956 4041 autem
989 3985 1101 4040 ait:
1135 3985 1216 4039 Ad
1252 3986 1469 4040 nihilum
1496 3985 1755 4041 deduxisti
1785 4003 1922 4056 prcc-

317 4082 655 4136 earicatores.
695 4079 813 4134 Non
851 4086 1168 4151 peccatores
1206 4078 1374 4147 dixit,
1407 4079 1503 4135 sed
1536 4079 1922 4150 praevaricato-

313 4191 426 4231 res.
470 4175 604 4230 Nam
636 4191 759 4246 qua:
791 4175 945 4231 nobis
975 4189 1102 4246 spes
1129 4174 1308 4242 foret,
1341 4175 1559 4245 quando
1588 4190 1778 4230 omnes
1820 4174 1923 4230 sub

314 4279 543 4342 peccato
569 4270 794 4326 sumus?
819 4269 992 4326 Etiam
1022 4268 1154 4324 illud
1183 4269 1408 4339 pulchre
1433 4286 1445 4322 :
1478 4268 1666 4322 Omnes
1695 4268 1762 4322 ad
1789 4269 1923 4322 uilli-

311 4367 423 4420 lum
454 4365 719 4420 deduxisti
747 4365 1175 4436 prwvaricatorcs.
1205 4362 1327 4419 Sive
1355 4362 1444 4417 ille
1470 4362 1622 4417 dives
1648 4361 1755 4428 sit,
1789 4361 1922 4417 nihil

313 4461 396 4516 illi
436 4459 644 4515 divitiae
684 4475 797 4515 sua:
825 4469 1093 4530 prosunt:
1127 4456 1242 4513 sive
1283 4459 1615 4523 honoratus,
1663 4455 1798 4509 nihil
1840 4454 1922 4509 di--

311 4553 531 4624 gnitas:
566 4552 683 4606 sive
724 4558 952 4622 potens,
1006 4549 1141 4605 nihil
1187 4547 1450 4619 potentia.
1495 4546 1603 4603 Sed
1647 4545 1792 4601 aliud
1836 4556 1921 4602 est

2033 3323 2284 3381 terlicere
2310 3331 2523 3395 poterat
2549 3334 2864 3394 peccatores
2892 3325 3097 3381 terrae?
3117 3325 3225 3382 Sed
3252 3327 3298 3381 si
3322 3326 3640 3384 consideres

2026 3418 2231 3489 justum
2249 3461 2264 3485 ,
2293 3417 2378 3472 cui
2404 3432 2509 3472 nox
2536 3418 2847 3488 praecessit,
2869 3417 2990 3473 dies
3010 3419 3502 3490 appropinquavit;
3538 3435 3634 3490 po-

2029 3521 2113 3568 tes
2142 3511 2333 3567 videre
2362 3510 2637 3582 quomodo
2665 3511 2952 3566 exoriente
2985 3511 3080 3565 tibi
3123 3513 3240 3567 sole
3275 3511 3534 3582 iustitiae,
3567 3514 3637 3570 de

2030 3607 2151 3663 luce
2181 3606 2406 3677 vigilans
2448 3603 2746 3661 interficias
2784 3603 3023 3659 fomenta
3061 3607 3244 3660 omnia
3277 3606 3632 3662 delictorum.

2031 3698 2249 3755 Utinam
2277 3698 2411 3754 mihi
2443 3698 2649 3768 aspiret
2677 3697 2797 3753 haec
2822 3698 2995 3768 gratia
3018 3739 3033 3764 ,
3060 3705 3123 3751 ut
3166 3698 3346 3768 gladio
3383 3700 3635 3770 spiritali.

2031 3797 2122 3866 qui
2153 3805 2237 3851 est
2268 3795 2494 3850 verbum
2541 3793 2671 3857 Dei,
2718 3793 2787 3849 ab
2829 3793 3072 3848 Ecclesia
3115 3793 3331 3847 Domini
3367 3793 3638 3849 incentiva

2031 3890 2282 3944 universa
2311 3887 2514 3958 possim
2545 3885 2763 3940 abolere
2786 3885 3072 3949 vitiorum,
3097 3892 3153 3939 et
3179 3891 3393 3940 terrena
3417 3885 3639 3942 auferre

2031 3983 2230 4039 delicta
2251 4023 2267 4050 ,
2300 3981 2500 4052 quibus
2531 3982 2584 4035 in
2618 3981 2828 4035 foveam
2871 3979 3162 4050 quamdam
3209 3980 3400 4036 lubrici
3445 3982 3638 4052 pracci-

2028 4079 2271 4147 pitamur
2308 4075 2515 4130 erroris
2541 4115 2555 4138 ,
2598 4081 2656 4126 ut
2694 4071 2763 4126 de
2801 4072 3019 4127 civitate
3052 4071 3147 4127 Dei
3188 4073 3496 4141 expellatur
3535 4075 3640 4130 ini‘

2029 4167 2254 4238 quitatis
2283 4175 2563 4235 operator.
2591 4161 2799 4217 Civitas
2827 4162 2928 4217 Dei
2961 4162 3200 4218 Ecclesia
3232 4173 3312 4218 est
3342 4182 3354 4218 :
3387 4164 3634 4221 Ecclesia

2029 4274 2235 4332 corpus
2268 4269 2357 4316 est
2394 4257 2620 4314 Christi.
2666 4255 2865 4312 Peccat
2900 4257 2954 4310 in
2994 4257 3192 4312 coelum
3216 4298 3230 4322 ,
3261 4257 3354 4327 qui
3391 4258 3634 4316 caelestis

2028 4355 2269 4411 civitatis
2313 4353 2437 4425 jura
2490 4350 2860 4418 contaminat,
2904 4361 2959 4405 et
3001 4351 3330 4406 immaculati
3383 4352 3635 4423 corporis

2027 4449 2199 4505 violat
2224 4445 2568 4503 sanctitatem
2597 4457 2820 4499 suorum
2848 4443 3156 4499 colluvione
3179 4442 3458 4499 vitiorum.

2100 4541 2189 4597 56.
2223 4540 2289 4595 Et
2320 4539 2444 4595 vide
2473 4554 2542 4594 ne
2571 4538 2708 4592 forte
2746 4538 2855 4592 sint
2883 4538 2974 4608 qui
3005 4536 3131 4594 caeli
3158 4546 3209 4592 et
3243 4545 3408 4594 terra».
3435 4554 3631 4611 pecca-

310 4648 789 4716 pracvaricatorem
833 4658 952 4700 esse
991 4643 1356 4700 discedentem
1390 4655 1418 4695 a
1443 4639 1924 4712 justilicationibus
1951 4636 2002 4696 D
2027 4647 2176 4692 tores
2208 4637 2340 4691 sint.
2369 4634 2502 4690 Nam
2533 4634 2722 4704 utique
2751 4633 2918 4687 Adam
2945 4647 3068 4688 eum
3100 4633 3152 4686 in
3181 4633 3432 4702 paradiso
3459 4644 3630 4703 esset,

311 4739 412 4796 Dei
436 4759 449 4794 :
473 4739 620 4796 aliud
652 4739 1120 4811 praevaricatorem
1151 4749 1273 4792 esse
1304 4745 1482 4791 teme.
1514 4729 1650 4789 Illud
1677 4733 1914 4805 gravius,

310 4837 420 4891 hoc
449 4835 646 4891 levius.

387 4925 476 4984 33.
509 4921 694 5003 (Vers.
729 4921 880 4997 “9.)
905 4923 1140 4996 Ideoque
1167 4921 1194 4961 δ
1221 4921 1466 4992 subjecta
1496 4933 1566 4976 ne
1594 4929 1645 4974 te
1673 4918 1912 4986 turbent,

309 5024 440 5081 vide
465 5043 480 5091 ;
513 5040 638 5080 nam
669 5021 899 5092 subjecit
925 5019 1011 5075 his
1039 5037 1050 5073 :
1083 5016 1514 5073 Prwvaricatores
1542 5015 1788 5070 mstimavi
1815 5029 1919 5068 om-

308 5139 408 5177 nes
443 5130 738 5192 peccatores
780 5127 926 5173 terra:
959 5133 976 5171 :
1014 5127 1283 5188 propterea
1323 5114 1482 5169 dilexi
1512 5111 1802 5167 testimonia
1831 5119 1919 5163 tua

303 5215 536 5285 semper.
586 5213 756 5268 Recte
806 5205 1191 5282 praevaricator
1233 5206 1449 5273 dicitur,
1483 5205 1572 5276 qui
1613 5202 1841 5259 discedit
1888 5217 1915 5255 a

302 5305 568 5365 Domino.
591 5305 832 5377 Denique
870 5319 1043 5376 grmce
1082 5318 1110 5359 a
1153 5299 1483 5358 discedendo
1527 5307 1770 5369 apostata
1823 5310 1920 5351 no-

394 5512 417 5539 ⁸
448 5503 605 5556 Rom.
637 5494 769 5555 edit.
803 5497 916 5552 sola
944 5514 957 5562 ;
995 5495 1147 5552 Recte
1177 5503 1347 5566 autem
1373 5491 1486 5566 ait:
1522 5485 1768 5566 Sprevisti
1797 5501 1910 5566 erit»

307 5592 410 5629 nes
430 5575 510 5642 qui
539 5571 809 5627 discedunt
836 5586 866 5623 a
885 5558 1350 5641 jtt'stificationibus
1377 5563 1486 5617 suis
1511 5576 1528 5614 :
1569 5559 1644 5614 vel
1685 5567 1740 5612 ut
1769 5558 1861 5612 alii
1893 5573 1910 5612 :

308 5645 404 5701 Ad
429 5646 678 5710 nihilum,
711 5654 816 5712 etc.
1273 5709 1281 5712 ,
1614 5705 1624 5712 ,
1840 5702 1850 5711 .

390 5715 422 5755 δ
449 5701 828 5772 Επᾱεῐῐι’ρὰἰι.
877 5712 1062 5778 Rom.,
1108 5709 1381 5776 superiora
1414 5721 1491 5784 ne_
1519 5705 1757 5768 turbent,
1802 5701 1917 5784 vide

307 5786 775 5860 quid,etc.__Vet.
817 5792 1038 5860 autem,
1085 5797 1149 5837 ac
1195 5796 1326 5836 mss.
1375 5787 1440 5860 ut_
1477 5778 1530 5860 in
1579 5786 1766 5836 texta,
1813 5778 1919 5860 nisi

307 5850 547 5932 quodin
578 5858 706 5915 edit.
739 5867 794 5914 et
823 5856 1030 5927 aliquot
1058 5868 1189 5910 mss.
1224 5862 1303 5918 te,
1336 5850 1627 5915 omittitur,
1660 5861 1764 5903 nec
1809 5859 1918 5899 non

2027 4731 2270 4789 caelestis
2300 4740 2452 4786 erat:
2488 4737 2608 4800 post
2640 4729 2850 4799 lapsum
2879 4736 3060 4784 autem
3105 4739 3353 4785 terrenus
3397 4741 3480 4787 est
3520 4731 3631 4789 fac-

2031 4835 2117 4880 tus
2140 4869 2154 4892 ,
2190 4833 2244 4879 et
2285 4822 2354 4879 de
2391 4823 2648 4894 paradiso
2686 4822 2953 4892 expulsus
2990 4830 3076 4878 est
3113 4830 3171 4877 et
3211 4825 3435 4894 eiectus.
3473 4825 3629 4883 Unde

2032 4926 2085 4973 ct
2115 4915 2409 4988 Apostolus
2440 4914 2516 4969 ait
2542 4931 2556 4967 :
2591 4913 2801 4968 Primus
2831 4915 2984 4968 homo
3010 4915 3074 4968 de
3099 4923 3242 4970 terra
3268 4925 3518 4985 terrenus,
3549 4935 3629 4973 se-

2031 5014 2233 5068 cundus
2259 5013 2410 5067 homo
2442 5011 2506 5064 de
2560 5011 2684 5065 ctelo
2715 5010 2928 5064 ccclesiis
2959 5009 3020 5083 (Ι
3046 5009 3166 5065 Cor.
3200 5026 3292 5077 xv,
3320 5011 3447 5082 i7).
3479 5011 3631 5083 ΑΙ)λί-

2029 5111 2206 5165 ciatur
2236 5123 2366 5177 ergo
2388 5122 2417 5161 a
2441 5106 2596 5160 nobis
2619 5104 2796 5175 imago
2825 5105 3026 5160 terreni
3053 5146 3066 5171 ,
3091 5104 3425 5174 suscipiatur
3450 5106 3630 5180 imago

2030 5202 2294 5269 caelestis,
2317 5215 2421 5256 non
2441 5198 2562 5254 luco
2577 5211 2862 5268 expressa,
2898 5211 3005 5253 non
3033 5197 3194 5265 ceris,
3219 5213 3324 5252 non
3347 5199 3626 5258 coloribus

2029 5296 2371 5362 adumbrata,
2392 5293 2487 5349 sed
2505 5291 2771 5358 moribus,
2794 5291 2846 5346 in
2870 5306 2974 5362 qua
2989 5290 3242 5347 Christus
3263 5307 3323 5349 se
3345 5304 3622 5365 agnoscat.

2022 5482 2146 5553 quid
2167 5523 2180 5542 ,
2211 5495 2310 5548 pro
2337 5496 2458 5534 nam
2476 5523 2492 5546 ,
2527 5477 2835 5553 exhibetur.

2100 5565 2122 5592 ο
2158 5553 2298 5608 Edit.
2334 5568 2563 5617 omnes;
2599 5551 2704 5607 Sed
2734 5551 2837 5604 sive
2864 5549 2990 5613 hoc,
3033 5548 3140 5601 sive
3166 5547 3297 5602 illud
3333 5549 3434 5615 sit,
3477 5568 3504 5604 e
3541 5551 3628 5604 di.

2019 5641 2167 5680 verso
2195 5641 2352 5679 unum
2377 5624 2735 5698 signiﬁcamus
2767 5630 3086 5693 peccatorum
3111 5660 3127 5686 ,
3169 5619 3390 5698 alterum
3424 5637 3626 5698 prteva.

2023 5699 2293 5754 ricatorem
2316 5738 2332 5764 ,
2364 5691 2520 5767 quia,
2551 5705 2661 5750 etc.
2691 5691 2894 5767 Verum
2921 5707 3084 5767 quam
3113 5691 3448 5748 resecuimus
3488 5693 3625 5750 laci-

2025 5770 2170 5825 niam
2192 5813 2205 5838 ,
2237 5782 2300 5825 ea
2333 5763 2386 5825 iu
2413 5767 2669 5825 omnibus
2693 5780 2831 5822 mss.
2858 5763 3259 5820 desiderantur.
