4104 6350
500 267 641 325 “‘25

1833 264 2079 322 SANCTI
2120 264 2440 324 AMBROSII

3669 268 3802 326 “2i

569 387 659 440 37.
693 381 877 454 (Vers.
911 379 1064 454 £20.)
1098 379 1311 452 Conﬁge
1341 381 1499 436 clavis
1527 396 1557 433 a
1590 382 1770 435 timore
1799 388 1887 434 tuo
1930 397 2106 435 carnes
2133 384 2189 444 Α
2213 382 2472 451 validum,
2506 392 2561 439 et
2590 383 2804 440 acutius
2843 382 2989 440 omni
3020 383 3201 455 gladio
3243 384 3556 440 acutissimo
3578 426 3593 451 ,
3632 400 3803 456 usque

498 500 674 548 meas;
708 501 739 536 ιι
761 480 981 555 judiciis
1017 481 1151 534 enim
1190 481 1292 533 tuis
1333 479 1496 533 timui.
1526 477 1628 547 Qui
1670 478 1845 549 diligit
1888 478 2100 533 Domini

497 576 812 635 testimonia
839 617 853 641 ,
887 574 1112 646 conﬁgit
1140 574 1311 628 clavis
1340 587 1534 628 carnes
1564 586 1693 627 suas
1714 613 1727 638 ,
1760 573 1940 626 sciens
1970 572 2095 641 quia

494 683 655 730 vetus
686 672 851 727 homo
882 686 1013 725 suus
1055 686 1177 723 cum
1209 667 1428 723 Christo
1459 666 1709 722 conlisus
1745 665 1894 720 cruci
1940 665 2095 719 luxu-

497 766 633 821 riam
666 765 915 821 destruat
945 762 1166 827 carnis;
1203 776 1270 815 ne
1301 760 1627 830 cupiditates
1665 758 1783 828 ejus
1830 756 2095 813 indomito

495 859 710 916 fervore
754 857 1070 922 lasciviant,
1118 871 1187 910 ne
1226 854 1382 911 radix
1418 853 1661 908 avaritiae
1690 862 1714 890 ει
1744 852 2097 924 serpentibus

494 968 555 1008 se
585 950 773 1005 fundat
804 948 1099 1005 radicibus.
1132 945 1359 1019 Conlige
1386 962 1515 1018 ergo
1542 946 1710 1003 clavis
1732 988 1745 1013 ,
1781 955 1835 1001 et
1877 945 2097 1001 destrue

496 1042 735 1099 fomenta
770 1041 1020 1112 peccati:
1056 1040 1321 1096 moriatur
1350 1040 1402 1094 in
1435 1055 1598 1094 carne
1630 1048 1720 1092 tua
1762 1037 1939 1093 omnis
1981 1036 2098 1091 ille-

493 1139 655 1194 cehra
730 1137 1055 1193 delictorum
1113 1152 1128 1191 :
1185 1136 1496 1191 libertatem
1542 1133 1775 1205 vagandi
1826 1132 2097 1203 cupiditas

493 1231 833 1302 voluptatum
863 1231 1011 1285 cruci
1040 1228 1201 1284 alﬁxa
1231 1244 1335 1283 non
1364 1228 1580 1285 habeat.
1613 1228 1707 1283 Est
1736 1228 1955 1299 quidam
1987 1227 2098 1282 cla-

497 1341 598 1381 vus
626 1325 889 1397 spiritalis
915 1368 930 1391 ,
964 1325 1053 1395 qui
1088 1324 1330 1395 patibulo
1360 1323 1539 1379 crucis
1570 1323 1874 1379 Dominica:
1913 1322 2098 1393 alligat

494 1419 594 1473 has
623 1434 841 1474 Carnes.
877 1418 943 1472 Et
971 1416 1205 1473 fortasse
1234 1418 1343 1472 sint
1374 1432 1568 1472 carnes
1594 1415 1843 1487 quaedam
1876 1418 2095 1479 animte,

490 1512 633 1568 sicut
662 1526 863 1580 corpus
890 1519 975 1567 est
1003 1510 1216 1564 animai.
1241 1508 1444 1565 Carnes
1473 1510 1669 1564 animae
1695 1516 1823 1563 sunt
1852 1508 2098 1563 carnales

493 1606 876 1678 cogitationes.
912 1603 1161 1675 Conligat
1206 1604 1303 1659 has
1346 1618 1539 1659 carnes
1579 1603 1742 1658 timur
1785 1602 1998 1657 Domini
2044 1612 2098 1657 et

485 1700 818 1770 iudiciorum
862 1700 1019 1769 ejus,
1067 1709 1120 1754 et
1160 1698 1412 1753 servituti
1451 1696 1681 1767 redigat.
1715 1696 1868 1765 Quod
1902 1696 1947 1751 si
1978 1711 2097 1751 car-

492 1807 591 1848 nes
623 1792 739 1847 ista:
768 1790 1023 1860 rejiciunt
1051 1790 1234 1846 clavos
1264 1789 1431 1843 divini
1466 1789 1679 1845 timoris
1704 1830 1720 1855 ,
1756 1786 1898 1842 haud
1932 1786 2096 1843 dubie

2206 475 2273 531 ad
2304 476 2628 533 divisionem
2677 478 2895 550 quidem
2944 476 3139 533 animae
3161 519 3176 543 ,
3208 494 3270 533 ac
3319 478 3580 549 spiritus,
3613 485 3804 534 ~artus-

2201 585 2341 641 que,
2372 579 2425 627 et
2468 571 2655 626 intima
2712 580 3005 640 penetrans
3053 571 3439 628 medullarum.
3491 573 3586 629 Est
3634 573 3803 630 durus

2201 677 2330 733 ergo
2375 664 2526 721 zelus
2568 664 2877 734 charitatis,
2912 666 3005 737 qui
3037 682 3147 721 non
3196 666 3353 722 cedat
3405 666 3625 734 inferis;
3678 684 3802 724 cum

2202 770 2302 825 pro
2333 756 2426 811 Dei
2458 756 2577 812 zelo
2608 758 2977 829 unusquisque
3006 773 3105 813 nec
3131 759 3246 813 suis
3278 768 3483 829 pareat.
3514 759 3610 816 His
3636 760 3805 817 clavis

2200 849 2479 907 charitatis
2522 852 2831 924 conﬁgatur
2874 853 3051 908 anima
3084 864 3275 909 nostra
3321 863 3376 909 et
3404 869 3533 910 caro
3574 863 3757 913 nostra
3784 897 3801 923 ,

2200 950 2260 998 ut
2288 952 2345 999 et
2388 944 2503 1014 ipsa
2556 945 2741 1001 dicat:
2774 945 2909 1012 Quia
2938 947 3204 1002 vulnerata
3250 948 3505 1003 charitate
3547 966 3639 1020 ego
3685 967 3803 1006 sunt

2202 1036 2378 1107 (Cant.
2409 1054 2462 1105 v,
2490 1037 2570 1111 8).
2604 1039 2779 1097 liabet
2809 1056 2939 1113 ergo
2960 1041 3178 1096 clavum
3209 1057 3364 1097 suum
3394 1041 3631 1099 cbaritas
3665 1062 3677 1099 :
3708 1043 3805 1100 ha-

2198 1132 2293 1189 bet
2341 1133 2576 1203 gladium
2627 1150 2821 1203 suum,
2865 1151 2973 1206 quo
3016 1137 3198 1191 anima
3254 1135 3593 1194 vulneratur.
3647 1140 3803 1198 Felix

2198 1226 2290 1298 qui
2338 1228 2444 1284 hoc
2487 1229 2669 1298 gladio
2716 1230 2982 1287 meruerit
3027 1231 3324 1287 vulnerari.
3358 1231 3489 1289 Haec
3528 1244 3655 1290 sunt
3685 1236 3803 1293 vul-

2201 1336 2331 1377 nera
2378 1337 2497 1393 quze
2555 1324 2756 1379 osculis
2822 1325 3189 1395 praeferuntur
3242 1345 3256 1381 :
3319 1327 3543 1384 Utiliora
3589 1332 3803 1387 vulnera

2200 1417 2375 1479 amici,
2398 1434 2553 1488 quam
2568 1418 2862 1473 voluntaria
2888 1422 3064 1476 oscula
3085 1422 3283 1477 inimici
3306 1421 3491 1496 (Prov.
3521 1441 3693 1495 xxvn,
3718 1426 3796 1498 6).

2272 1509 2361 1565 40.
2406 1510 2499 1565 His
2547 1527 2649 1567 nos
2695 1512 3009 1569 vulneribus
3056 1514 3382 1582 oﬁ'eramus,
3430 1517 3631 1588 quibus
3678 1518 3802 1589 qui-

2200 1618 2431 1674 cumque
2463 1615 2707 1660 mortuus
2734 1605 2930 1675 fuerit,
2961 1618 3189 1664 mortem
3233 1619 3454 1681 gustare
3504 1626 3608 1666 non
3648 1619 3801 1683 pote-

2200 1698 2287 1751 rit.
2335 1696 2485 1752 Talis
2529 1698 2672 1753 enim
2700 1713 2890 1754 eorum
2934 1715 3080 1755 mors
3105 1743 3118 1763 ,
3149 1702 3238 1771 qui
3271 1702 3561 1758 Dominum
3602 1718 3801 1775 seque-

2202 1787 2417 1857 bantur,
2444 1787 2472 1827 ι)
2503 1788 2573 1845 de
2602 1790 2796 1860 quibus
2825 1791 3027 1847 dictum
3061 1801 3145 1848 est
3179 1811 3193 1847 :
3224 1793 3362 1849 Sunt
3389 1795 3551 1867 aliqui
3578 1795 3644 1852 de
3683 1797 3799 1851 istis

491 1884 733 1940 dicitur:
769 1882 891 1938 Non
922 1883 1237 1954 permanebit
1263 1883 1477 1953 spiritus
1508 1898 1648 1935 meus
1677 1882 1731 1935 in
1756 1881 1835 1934 his
1868 1880 2094 1934 homini-
2128 1885 2176 1945 B
2202 1882 2487 1936 astantibus
2532 1882 2620 1953 qui
2666 1900 2769 1938 non
2799 1885 3078 1957 gustabunt
3126 1896 3372 1954 mortem,
3405 1888 3569 1943 donec
3594 1889 3802 1944 videant

492 1982 611 2046 bus;
633 1980 879 2049 quoniam
908 1995 1087 2032 carnes
1114 1987 1233 2031 sunt
1276 1975 1430 2049 (Gen.
1456 1962 1545 2041 γι,
1570 1976 1651 2043 5).
1684 1974 1797 2030 Nisi
1827 1974 1989 2045 igitur
2016 1972 2097 2027 af-

494 2077 729 2147 ligantur
768 2072 919 2129 cruci
981 2071 1066 2128 ha:
1106 2086 1339 2137 carnes,
1386 2080 1441 2125 et
1492 2069 1706 2142 1169
1752 2069 2097 2138 conﬁgantur

488 2168 657 2224 clavis
693 2184 722 2220 a
766 2166 959 2221 timore
992 2164 1087 2220 Dei
1129 2163 1331 2229 nostri,
1379 2178 1488 2218 non
1532 2161 1870 2232 permanebit
1916 2161 1968 2216 in
2012 2160 2094 2216 his

492 2264 716 2333 Spiritus
750 2261 864 2317 Dei.

557 2358 647 2414 58.
691 2356 844 2412 Sicut
872 2362 999 2410 sunt
1020 2353 1194 2410 aculei
1248 2353 1491 2415 timoris.
1526 2352 1728 2424 quibus
1769 2352 2091 2422 compungi-

491 2468 611 2509 mur
640 2469 655 2508 :
689 2454 759 2507 ita
787 2459 914 2506 sunt
941 2450 1080 2506 elavi
1114 2448 1347 2513 timoris,
1379 2448 1574 2519 quibus
1605 2445 1947 2517 conﬁgimur.
1990 2443 2094 2513 Qui

488 2545 902 2617 compungitur,
936 2544 1246 2599 excitatur:
1289 2542 1382 2614 qui
1429 2542 1753 2612 conﬁgitur,
1806 2538 2095 2596 mortiﬁca-

484 2652 605 2712 tur;
639 2653 698 2697 ut
728 2649 951 2712 peccato
978 2639 1230 2706 deﬁciat,
1260 2638 1370 2694 Deo
1402 2638 1567 2691 vivat.
1598 2635 1668 2691 Ut
1711 2636 1951 2691 sciamus
1996 2649 2093 2688 au-

486 2746 599 2793 tem
648 2736 832 2791 clavos
858 2733 1129 2805 spiritales
1174 2746 1331 2799 esse,
1365 2730 1529 2785 etiam
1572 2728 1776 2784 stimuli
1819 2716 2094 2799 Spiritales

486 2839 633 2893 sunt,
663 2829 732 2885 de
757 2828 952 2898 quibus
980 2826 1242 2896 scriptum
1274 2834 1356 2879 est
1393 2841 1405 2876 :
1441 2821 1642 2876 Durum
1673 2821 1765 2874 tibi
1795 2829 1872 2874 est
1907 2819 2091 2874 adver-

486 2940 576 2978 sus
603 2920 868 2976 stimulum
899 2919 1169 2973 calcitrare
1197 2916 1337 2989 (Act.
1360 2932 1436 2983 Ix,
1469 2915 1548 2986 5).
1579 2914 1693 2969 Hoc
1713 2912 1933 2969 stimulo
1958 2912 2096 2968 Pau-

490 3015 575 3069 lus
602 3013 913 3067 stimulatus
941 3010 1181 3066 surrexit
1209 3026 1241 3065 e
1269 3019 1435 3073 terra,
1462 3015 1517 3063 et
1540 3023 1598 3062 se
1620 3006 1853 3071 levavit,
1880 3014 1939 3061 ut
1961 3020 2095 3061 con-

486 3114 800 3163 versaretur
849 3105 902 3158 in
947 3102 1107 3159 caelo.
1155 3099 1413 3155 Couﬁxus
1458 3108 1544 3154 est
1590 3098 1763 3153 clavis
1811 3096 2093 3167 apostolus

486 3202 755 3265 Thomas,
807 3206 869 3252 ut
915 3196 1166 3252 diceret:
1203 3192 1325 3248 Nisi
1371 3191 1548 3246 videro
1597 3191 1651 3245 in
1699 3190 1931 3244 manibus
1979 3189 2093 3260 ejus

491 3295 688 3363 ﬁxurus
735 3292 996 3346 clavorum
1020 3330 1034 3354 ,
1064 3297 1114 3343 et
1144 3287 1347 3341 mittam
1375 3285 1593 3356 digitum
1621 3298 1789 3337 meum
1838 3282 1891 3336 in
1923 3280 2092 3334 locum
2118 3280 2165 3345 ς,

485 3387 751 3441 clavorum
795 3382 981 3457 (Joan.
1016 3397 1114 3447 xx,
1144 3377 1263 3451 25).
1293 3375 1442 3433 Clavi
1492 3385 1651 3433 erant
1686 3375 1844 3430 bona:
1883 3371 2091 3444 cupidi-

490 3483 655 3538 tatis:
687 3480 824 3536 clavi
865 3486 1025 3534 erant
1068 3475 1170 3533 etsi
1225 3489 1332 3530 non
1404 3471 1663 3543 perfectae
1708 3469 1868 3535 lidei,
1910 3477 2091 3524 tamen

493 3574 619 3631 ﬁdei
643 3577 977 3630 incrementa
1004 3568 1323 3641 quaerentis.

562 3668 654 3725 59.
699 3666 793 3721 His
832 3662 1117 3735 conﬁgitur
1161 3660 1367 3728 clavis,
1398 3660 1490 3731 qui
1534 3657 1754 3716 Christo
1799 3655 2095 3714 commori-

498 3772 615 3828 tur,
647 3770 707 3817 ut
733 3775 856 3817 cum
881 3758 1096 3815 Christo
1150 3762 1416 3828 resurgat.
1445 3754 1541 3810 His
1571 3752 1865 3824 conﬁgitur
1894 3750 2089 3823 clavisj,

491 3856 585 3928 qui
634 3854 1111 3911 mortiﬁcationem
1172 3850 1385 3905 Domini
1430 3848 1560 3906 .lesu
1607 3848 1660 3903 in
1706 3862 1939 3917 corpore
1993 3861 2094 3901 suo

491 3957 692 4020 portat.
726 3947 820 4004 His
864 3945 1039 4001 clavis
1084 3943 1406 4014 conﬁgitur,
1441 3943 1533 4014 qui
1581 3949 1819 3997 meretur
1865 3938 2091 4007 audire,

492 4041 852 4099 dicenteJesu
877 4057 890 4094 :
927 4039 1071 4093 Pone
1100 4054 1179 4092 me
1206 4047 1260 4091 ut
1288 4036 1615 4110 signaculum
1642 4036 1695 4089 in
1726 4050 1814 4089 cor
1841 4044 2007 4101 tuum,
2040 4043 2096 4087 ιιι

490 4136 723 4205 sigillum
772 4134 823 4187 in
873 4130 1139 4187 brachium
1188 4142 1369 4195 tuum;
1394 4132 1517 4200 quia
1549 4128 1719 4183 valida
1746 4137 1821 4183 est
1864 4137 1919 4183 ut
1959 4144 2095 4182 mors

493 4230 723 4283 charitas
744 4270 758 4293 ,
793 4227 955 4281 durus
985 4225 1117 4279 sicut
1162 4224 1315 4296 inferi
1358 4222 1498 4278 zelus
1545 4221 1726 4293 (Cant.
1760 4238 1875 4289 vin,
1902 4220 1980 4292 6).
2012 4218 2096 4275 In-

495 4322 599 4394 ﬁge
643 4336 773 4393 ergo
822 4319 1025 4390 pectori
1079 4327 1170 4373 tuo
1214 4324 1271 4372 et
1310 4316 1460 4372 cordi
1488 4325 1581 4369 tuo
1626 4316 1728 4370 hoc
1758 4314 2093 4386 signaculum

494 4414 759 4482 cruciﬁxi,
789 4412 955 4483 iuﬁge
981 4421 1036 4467 et
1062 4408 1286 4465 brachio
1318 4416 1444 4463 tuo:
1478 4415 1537 4461 ut
1560 4421 1723 4476 opera
1752 4414 1840 4460 tua
1874 4414 2097 4475 peccato

499 4518 707 4565 mortua
754 4508 881 4563 sint.
912 4506 1054 4561 Nihil
1093 4506 1146 4560 in
1189 4502 1275 4558 his
1318 4501 1566 4558 criminis
1593 4500 1921 4566 reviviscat,
1959 4497 2096 4554 nihil

494 4602 702 4658 erroris
728 4609 995 4672 resurgat.
1028 4598 1279 4654 Fortasse
1311 4597 1453 4652 hanc
1479 4594 1773 4667 imaginem
1816 4593 1956 4650 elavi
1987 4606 2093 4647 non

2200 1971 2399 2029 Filium
2428 1975 2651 2030 hominis
2700 1978 2981 2033 venientem
3006 1979 3059 2033 in
3086 1995 3247 2052 regno
3276 1998 3371 2035 suo
3415 1980 3633 2052 (Matth.
3667 1999 3759 2039 xvr
3780 2025 3796 2052 ,

2196 2065 2312 2138 28).
2347 2068 2542 2123 Merito
2575 2068 2769 2125 Petrus
2817 2085 2927 2125 non
2974 2071 3197 2127 timebat
3225 2072 3365 2129 hanc
3398 2084 3661 2141 mortem;
3689 2093 3796 2133 non

2201 2160 2426 2217 timebat
2476 2162 2621 2217 enim
2651 2162 2743 2234 qui
2783 2161 3028 2228 dicebat,
3062 2164 3185 2235 quia
3216 2166 3317 2221 etsi
3363 2176 3645 2235 oporteret
3673 2185 3796 2225 eum

2197 2272 2295 2328 pro
2322 2254 2541 2311 Christo
2573 2257 2708 2313 mori
2730 2298 2746 2324 ,
2777 2273 2882 2313 non
2916 2274 3038 2313 eum
3072 2261 3408 2330 relinqueret
3450 2272 3544 2317 aut
3574 2271 3801 2336 negaret

2198 2349 2413 2422 (Matth.
2447 2367 2599 2418 xxvr,
2629 2352 2745 2421 55).
2778 2352 3054 2409 Tollamus
3098 2369 3229 2425 ergo
3278 2370 3495 2412 crucem
3540 2356 3754 2413 Domini
3781 2401 3794 2421 ,

2195 2460 2316 2515 qua:
2362 2444 2600 2516 conﬁgat
2649 2461 2839 2501 carnes
2888 2456 3144 2515 nostras,
3196 2434 3473 2517 peccatum
3526 2449 3792 2507 destruat.

2197 2536 2291 2592 Est
2325 2537 2487 2592 timor
2517 2537 2607 2609 qui
2639 2538 2864 2609 conligit
2904 2552 3101 2594 carnes
3130 2556 3141 2592 :
3174 2537 3298 2594 Nisi
3327 2542 3441 2611 quis
3472 2541 3649 2597 tulerit
3678 2560 3799 2598 cru-

2196 2645 2305 2683 cem
2352 2647 2529 2696 suum,
2565 2640 2612 2685 ct
2656 2643 2863 2685 secutus
2894 2648 2974 2686 mc
3019 2632 3208 2703 fuerit,
3243 2649 3343 2687 non
3388 2644 3463 2689 est
3504 2651 3585 2689 me
3613 2636 3798 2709 dignus

2197 2721 2413 2793 (Matth.
2446 2740 2507 2792 χ,
2538 2723 2651 2797 38).
2686 2723 2786 2781 ille
2812 2726 2957 2780 enim
3003 2724 3198 2795 dignus
3244 2726 3334 2797 qui
3382 2726 3545 2784 habet
3588 2727 3797 2785 Christi

2199 2817 2480 2883 timorem;
2529 2826 2587 2873 ut
2633 2816 2913 2890 cruciﬁgat
2968 2818 3179 2890 1170
3223 2819 3445 2875 carnale
3490 2833 3794 2892 peccatum.

2197 2911 2351 2967 Hunc
2406 2912 2653 2969 timorem
2698 2913 2943 2984 sequitur
2990 2912 3263 2977 cbaritas,
3308 2930 3427 2984 qua:
3480 2916 3798 2987 consepulta

2195 3018 2318 3059 cum
2379 3002 2599 3059 Christo
2649 3020 2757 3059 non
2811 3003 3099 3060 divellatur
3142 3020 3171 3058 a
3227 3004 3482 3075 Christo,
3534 3011 3801 3065 moriatur

2199 3098 2251 3152 in
2314 3098 2563 3167 Christo,
2630 3100 2983 3158 attumuletur
3044 3099 3297 3170 Christo,
3366 3112 3619 3177 resurgat
3675 3120 3799 3162 cum

2196 3190 2434 3249 Christo.

2547 3330 2775 3389 SERMO
2816 3331 3117 3393 DECIMUS
3163 3334 3452 3394 SEXTUS.

2884 3453 2944 3509 ιτ.
2988 3450 3110 3505 Ain.

2272 3562 2321 3616 Ι.
2365 3559 2557 3631 incipit
2602 3561 2781 3618 littera
2827 3562 3039 3619 decima
3071 3571 3223 3619 sexta
3266 3563 3397 3630 Ain,
3432 3563 3587 3635 cujus
3629 3560 3804 3622 inter-

2198 3656 2429 3728 pretatio
2458 3666 2573 3723 est,
2612 3656 2808 3713 Oculus
2830 3699 2846 3726 ,
2874 3658 2990 3715 sive
3040 3662 3180 3730 fons.
3207 3671 3228 3697 ο
3271 3658 3475 3716 Oculus
3522 3660 3691 3716 utitur
3722 3661 3804 3717 vi-

2195 3751 2358 3808 dendi
2389 3767 2614 3809 munere
2644 3770 2659 3808 :
2690 3752 2782 3808 sed
2820 3767 2965 3821 saepe
3008 3752 3261 3810 videmus
3287 3768 3351 3810 ea
3395 3769 3517 3825 quae
3554 3755 3803 3826 compla-

2196 3853 2323 3902 cent
2346 3887 2359 3911 ,
2393 3856 2447 3901 et
2477 3861 2622 3917 saepe
2664 3862 2785 3916 quae
2832 3846 3120 3917 diSplicent
3148 3866 3163 3908 ς
3196 3862 3295 3903 nec
3341 3848 3394 3903 in
3446 3863 3513 3903 eo
3544 3850 3687 3904 oculi
3718 3858 3805 3906 est

2197 3938 2285 3995 vel
2315 3939 2468 4009 culpa
2498 3940 2580 3994 vel
2614 3939 2856 4010 probitas
2884 3955 2981 4010 pro
3002 3955 3191 3997 eorum
3216 3939 3479 4011 qualitate
3501 3957 3622 4013 qua:
3648 3941 3805 3999 vide-

2196 4031 2302 4099 rit;
2336 4032 2476 4088 oculi
2522 4041 2606 4088 est
2634 4032 2777 4088 enim
2804 4032 3045 4089 ofﬁcium
3086 4033 3338 4091 nuntiare
3387 4034 3537 4105 quod
3576 4034 3799 4092 viderit.

2199 4125 2295 4182 Est
2324 4141 2454 4181 sane
2485 4125 2567 4182 vel
2594 4124 2801 4181 oﬁ‘ensa
2831 4125 2915 4182 vel
2940 4126 3137 4197 gratia,
3167 4125 3214 4181 si
3236 4134 3330 4181 aut
3352 4126 3654 4183 delectetur
3675 4142 3804 4184 sua-

2197 4220 2355 4275 vibus
2378 4262 2394 4288 ,
2423 4229 2519 4275 aut
2543 4219 2847 4276 offendatur
2873 4220 3139 4277 adversis.
3177 4219 3303 4277 Ideo
3330 4221 3645 4292 frequenter
3665 4236 3801 4278 ocu-

2199 4312 2283 4367 lus
2311 4312 2702 4382 suppliciorum
2745 4313 2942 4370 dicitur
2960 4355 2977 4381 ,
3006 4313 3196 4371 oculus
3226 4315 3543 4370 tentationis
3564 4356 3581 4380 .
3608 4316 3800 4371 oculus

2201 4405 2379 4472 inedi,
2413 4406 2604 4463 oculus
2627 4406 2845 4474 vitulus,
2882 4407 3070 4465 oculus
3098 4406 3501 4479 generationis,
3534 4417 3625 4465 aut
3676 4408 3799 4465 fons

2200 4497 2586 4567 generationis.

2270 4590 2326 4646 ‘2.
2369 4591 2623 4663 Legimus
2645 4594 2697 4648 in
2726 4593 3021 4665 Evangelio
3052 4594 3177 4665 quia
3217 4594 3525 4664 baptizabat
3561 4594 3805 4653 Joannes

497 4697 673 4753 solum
722 4694 966 4759 timoris,
1001 4692 1095 4747 sed
1136 4693 1297 4747 etiam
1348 4689 1636 4747 charitatis
1680 4688 1940 4759 afﬁgunt;
1972 4686 2097 4757 quia
2123 4677 2179 4739 D
2204 4681 2259 4738 in
2291 4683 2481 4739 Enuon
2530 4682 2707 4755 (Joan.
2743 4701 2822 4752 ιιι,
2846 4684 2965 4756 25).
3018 4685 3208 4741 Enuon
3240 4686 3458 4742 oculum
3499 4687 3799 4759 supplicio-

499 4788 675 4843 valida
708 4797 790 4842 est
816 4795 872 4840 ut
903 4799 1049 4839 mors
1078 4784 1345 4847 cbaritas,
1376 4781 1547 4836 durus
1571 4781 1711 4836 sicut
1739 4779 1896 4835 inferi
1925 4778 2094 4835 zelus.

500 4883 619 4939 Non
652 4892 704 4937 te
735 4895 867 4951 ergo
896 4876 1134 4933 oﬁ‘endut
1162 4876 1365 4931 duritia
1393 4876 1700 4940 clavorum,
1733 4874 1859 4945 quia
1890 4884 1973 4929 est
2002 4872 2102 4929 du-

500 4979 621 5035 ritia
666 4974 950 5032 charitatis
982 4990 995 5026 :
1028 4987 1127 5027 nec
1164 4969 1376 5026 validus
1414 4969 1691 5024 clavorum
1739 4968 1922 5039 rigor,
1972 4968 2099 5040 quia

498 5069 675 5125 valida
702 5077 785 5124 est
814 5065 975 5122 etiam
1005 5063 1242 5120 cbaritas
1277 5061 1419 5117 sicut
1454 5075 1622 5115 mors.
1658 5060 1908 5116 Charitas
1950 5061 2095 5115 enim

498 5164 711 5233 culpam
741 5171 795 5217 et
822 5160 1002 5214 omnia
1050 5168 1269 5226 peccata
1317 5154 1653 5210 mortiﬁcat:
1694 5152 1933 5209 cbaritas
1956 5154 2099 5211 sicut

500 5256 696 5314 mortis
726 5255 869 5310 ictus
894 5251 1175 5307 interimit.
1213 5248 1455 5319 Denique
1481 5246 1744 5301 morimur
1774 5244 1991 5316 ﬂagitiis
2017 5254 2099 5300 at-

497 5366 604 5421 que
632 5354 885 5419 peccato,
918 5344 1047 5400 dum
1098 5342 1309 5397 Domini
1340 5339 1593 5396 mandata
1635 5337 1930 5410 diligimus.
1958 5337 2101 5394 Cha-

495 5445 630 5499 ritas
656 5450 738 5496 est
767 5439 943 5505 Deus,
987 5435 1225 5493 cbaritas
1254 5435 1351 5491 Dei
1397 5435 1625 5490 verbum
1672 5442 1793 5502 est,
1831 5432 1975 5504 quod
2015 5444 2100 5491 est

569 5616 595 5643 ει
622 5606 758 5661 Octo
785 5616 943 5666 mss.,
973 5597 1281 5669 serpentinis
1317 5614 1371 5651 se
1407 5596 1588 5668 fundat
1624 5596 1903 5651 radicibus.
1936 5596 2089 5652 Toli-

499 5680 623 5735 dem
653 5677 785 5741 alii,
816 5681 869 5730 et
895 5682 1107 5727 cuncta:
1134 5670 1267 5741 edit.
1296 5669 1450 5725 nobis
1475 5679 1800 5741 congruunt.

572 5750 597 5788 ιι
623 5739 813 5803 Petrus
857 5743 1095 5809 scilicet,
1121 5740 1355 5797 Jacobus
1384 5749 1441 5797 et
1479 5740 1748 5805 Joannes,
1775 5740 1867 5809 qui
1890 5739 2089 5795 Christi

494 5816 976 5891 Transligurationi
1026 5813 1365 5882 interfuere,
1417 5820 1475 5867 ut
1533 5812 1746 5884 plenius
1789 5810 2091 5883 explicatur

2204 4792 2321 4832 rtnn
2350 4775 2687 4848 interpretati
2716 4785 2861 4833 sunt.
2897 4777 3084 4849 Itaque
3123 4794 3283 4833 nemo
3322 4779 3473 4834 venit
3498 4778 3564 4833 ad
3595 4778 3804 4849 baptis-

2204 4888 2374 4939 mum,
2400 4872 2501 4929 nisi
2530 4872 2620 4943 qui
2651 4872 2924 4929 desiderat
2950 4873 3051 4927 sibi
3072 4873 3287 4944 propria
3318 4883 3538 4943 peccata
3567 4872 3803 4939 dimitti,

2203 4983 2431 5038 quorum
2480 4967 2743 5038 supplicia
2773 4967 2938 5023 corde
2993 4967 3217 5037 provido
3256 4966 3658 5037 perhorrescat.
3692 4966 3802 5021 ita-

2201 5077 2308 5132 que
2333 5061 2459 5117 licet
2506 5060 2695 5116 oculus
2742 5060 3132 5131 suppliciorum
3158 5060 3404 5125 dicatur,
3450 5058 3805 5132 praevidentis

2202 5164 2287 5210 est
2324 5163 2502 5209 tamen
2542 5154 2836 5226 supplicia,
2884 5169 2992 5209 non
3032 5154 3355 5209 sustinentis
3386 5170 3399 5208 :
3430 5153 3557 5208 licet
3595 5152 3805 5223 baptis-

2204 5264 2349 5304 mum
2393 5248 2727 5317 pmnitentize
2775 5247 2972 5303 habeat
3012 5246 3248 5319 aliquam
3306 5247 3375 5304 de
3411 5246 3800 5318 suppliciorum

2202 5342 2549 5412 susceptione
2573 5340 2936 5397 tolerantiam.
2968 5340 3121 5396 Oculi
3150 5349 3236 5397 est
3260 5351 3320 5396 ut
3343 5340 3590 5398 intuendi
3617 5340 3802 5398 ofﬁcio

2203 5437 2458 5509 fungatur
2484 5455 2497 5492 :
2527 5446 2677 5492 tuum
2708 5446 2793 5493 est
2821 5451 3020 5519 cavere
3044 5435 3190 5509 quod
3218 5436 3442 5493 videris.

2200 5598 2339 5655 infra
2368 5600 2421 5655 in
2450 5599 2581 5655 Luc.
2613 5616 2687 5667 tx,
2710 5599 2800 5654 27.
2824 5648 2830 5661 ,

2274 5684 2294 5710 ε
2328 5672 2416 5727 Sic
2442 5685 2632 5727 omnes
2654 5687 2785 5729 mss.
2815 5671 3015 5730 Contra
3067 5688 3196 5731 vero
3226 5673 3383 5740 edit.,
3413 5672 3579 5731 Oculo
3606 5675 3801 5730 utimur

2197 5742 2405 5799 videndi
2432 5760 2657 5798 munere.
3585 5750 3607 5756 ’“
