3982 6482
99 446 279 505 1125

1255 444 1323 499 ΙΝ
1362 442 1697 501 ΡὸΑωιυΜ
1734 444 1948 501 CXVIII
1991 444 2372 504 ISXPOSI'I‘IO.

3312 450 3453 506 Ηξὸ

195 564 261 615 5.
315 561 557 633 Denique
584 570 637 615 ct
661 560 850 615 oculus
882 560 1201 614 tentatiouis
1238 557 1467 623 dicitur;
1495 560 1621 630 quia
1651 574 1748 632 pcr
1774 574 1825 636 Α
1852 560 2111 615 auxilium
2142 577 2388 634 quaerere
2436 562 2685 619 maritale
2730 565 3011 635 compulsa
3056 574 3173 629 est;
3201 563 3333 619 dicit
3361 564 3457 619 tibi

105 653 364 711 oculum
412 668 555 722 schc
598 662 887 709 tentamur.
924 649 1128 707 Oculus
1174 650 1476 707 meretricis
1523 650 1748 722 laqueus

102 744 429 802 amatoris.
463 745 569 802 Sed
617 746 805 801 oculus
835 744 969 800 nihil
1019 743 1321 817 delinquit;
1355 744 1588 816 ideoque
1627 744 1750 800 Sal-

108 839 357 894 vatoris
400 838 667 893 sententia
714 837 874 908 plena
916 837 1141 908 justitia:
1177 848 1291 904 est,
1335 838 1609 893 dicentis:
1647 838 1749 905 Qui

109 928 335 984 viderit
365 929 633 984 mulierem
659 929 728 982 ad
756 928 1227 1001 concupiscendum
1259 944 1392 993 eam,
1405 930 1522 999 jam
1547 929 1750 984 adulte-

104 1025 266 1078 rauit
324 1040 437 1078 eam
484 1025 537 1078 in
585 1023 740 1079 corde
783 1039 878 1078 suo
919 1023 1131 1094 (Matth.
1166 1040 1219 1090 v,
1245 1022 1362 1094 ‘28).
1392 1022 1510 1079 Non
1562 1024 1744 1079 dixit:

108 1116 233 1185 Qui
271 1116 479 1173 viderit
502 1117 809 1185 mulierem,
835 1116 928 1172 sed
954 1122 1023 1171 ad
1045 1117 1507 1185 concupiscendum
1530 1117 1746 1172 viderit.

110 1208 379 1265 Oculum
403 1210 663 1279 absolvit,
689 1219 926 1265 mentem
955 1209 1157 1279 ligavit.
1183 1206 1292 1263 Nec
1315 1208 1451 1263 dixit
1478 1226 1489 1261 :
1522 1208 1749 1264 Adulte—

112 1303 282 1359 ravit
309 1317 433 1359 eam
461 1302 514 1359 in
538 1304 718 1371 oculo,
744 1303 840 1360 sed
871 1304 924 1358 in
955 1303 1129 1358 corde.
1164 1301 1223 1358 In
1252 1303 1412 1359 oculo
1441 1303 1589 1359 visus
1633 1314 1747 1370 est,

120 1394 188 1453 in
222 1395 404 1451 corde
430 1405 732 1466 peccatum.

206 1490 267 1545 4.
312 1488 515 1546 Oculus
566 1489 711 1546 haedi
752 1490 842 1561 qui
889 1489 957 1545 ad
1006 1487 1283 1545 sinistram
1333 1497 1449 1554 est;
1497 1488 1641 1561 quod
1685 1504 1749 1546 ea

122 1598 264 1655 quae
307 1582 501 1641 dextra
528 1594 688 1652 sunt,
719 1595 972 1655 peccator
1001 1583 1188 1641 videre
1233 1600 1340 1640 non
1372 1588 1563 1655 possit.
1610 1585 1751 1641 San-

123 1684 261 1732 ctus
293 1686 477 1732 autem
506 1676 676 1733 dicit:
709 1675 1054 1732 Providebam
1090 1675 1372 1731 Dominum
1398 1678 1451 1730 in
1479 1687 1750 1749 conspectu

124 1786 253 1825 meo
282 1786 524 1841 semper;
554 1772 798 1841 quoniam
838 1788 870 1825 a
899 1771 1096 1826 dextris
1140 1780 1213 1826 est
1241 1770 1405 1837 mihi,
1440 1787 1503 1826 ne
1525 1788 1751 1826 commo-

123 1881 261 1919 vear
296 1865 475 1938 (Psal.
510 1882 610 1932 xv,
644 1866 724 1939 8).
755 1867 821 1922 Et
850 1865 1017 1923 Petro
1064 1875 1255 1921 sancto
1304 1866 1554 1935 apostolo
1579 1910 1592 1930 ,
1624 1881 1747 1921 cum

1854 654 2114 711 Dominus
2162 676 2174 711 :
2238 658 2434 727 Venite,
2479 659 2800 727 disputemus
2850 660 3048 731 (Esaia:
3076 678 3115 727 ι,
3151 659 3263 732 l8).
3312 659 3452 728 Quia

1845 748 2100 821 judicasti
2130 750 2349 808 viduam
2370 794 2385 819 ,
2417 753 2609 809 oculus
2638 762 2761 808 tuus
2789 754 2909 809 l'ous
2937 756 3124 826 gratiae
3151 755 3246 809 tibi
3280 752 3456 809 factus

1848 854 1953 900 est.
1981 844 2175 899 Vidisti
2205 847 2404 901 nudum
2434 862 2634 917 corpus
2666 847 2843 918 inopis
2866 848 3051 919 jacere
3072 846 3457 911 defuncti,non

1850 940 2171 1010 prteteristi,
2206 949 2263 995 ut
2294 942 2383 996 ille
2430 942 2520 1013 qui
2553 944 2841 1012 exponitur
2890 944 2940 998 in
2972 943 3264 1013 Evangelio
3292 941 3458 1013 (Luc.

1851 1050 1911 1099 x,
1938 1036 2001 1090 ’51
2034 1046 2079 1089 et
2108 1035 2177 1089 52
2202 1040 2243 1107 ).
2276 1036 2533 1091 sacerdos
2583 1045 2745 1107 atque
2802 1038 2962 1093 levita
2996 1056 3008 1090 :
3050 1036 3144 1093 sed
3189 1036 3453 1091 continuo

1850 1125 2167 1193 miseratus,
2218 1127 2511 1197 sepultura:
2548 1128 2757 1182 solatiis
2798 1128 3065 1183 tradidisti
3109 1146 3122 1181 :
3172 1128 3455 1199 generavit

1850 1217 1950 1273 tibi
1978 1219 2173 1275 oculus
2201 1221 2485 1276 materiam
2512 1220 2927 1291 redemptionis.

1923 1314 1976 1368 7.
2016 1312 2217 1369 Contra
2266 1315 2310 1368 si
2354 1314 2624 1385 aspiciens
2653 1329 2839 1383 agrum
2885 1314 3073 1384 pupilli
3104 1315 3279 1370 vineis
3329 1328 3463 1369 con—

1850 1407 2051 1474 situm,
2085 1408 2265 1462 laetum
2309 1408 2621 1478 segetibus,
2664 1407 2981 1463 nemoribus
3030 1409 3335 1474 umbrosis,
3368 1417 3463 1462 aut

1851 1503 2031 1560 ﬂuviis
2078 1504 2526 1571 decurrentibus,
2568 1512 2662 1559 aut
2710 1503 2947 1559 fontibus
2994 1504 3462 1568 scaturientibus,

1851 1609 1943 1654 aut
1968 1599 2210 1669 riparum
2257 1598 2513 1654 herbosis
2552 1612 2831 1654 amoenum
2866 1596 3072 1662 thoris,
3116 1606 3172 1653 et
3222 1597 3465 1652 avaritiae

1851 1693 2060 1754 facibus
2086 1707 2351 1749 accensus
2412 1692 2734 1748 transtulisti
2785 1701 2995 1763 patrum
3028 1691 3262 1759 limites,
3304 1699 3470 1759 atque

1852 1786 1906 1842 in
1938 1788 2340 1859 possessionem
2364 1786 2701 1843 indefensam
2733 1785 3014 1857 improbus
3044 1782 3251 1840 irruisti
3286 1800 3299 1836 :
3334 1796 3467 1837 ocu-

1854 1882 1939 1937 lus
1968 1891 2093 1937 tuus
2127 1880 2221 1937 tibi
2266 1881 2459 1936 mortis
2484 1889 2762 1952 perpetuac
2806 1880 2997 1934 acerba
3029 1876 3332 1950 generavit.
3367 1874 3465 1929 Vi-

125 1968 254 2013 tota
286 1969 451 2015 nocte
473 1960 605 2014 nihil
636 1960 908 2031 cepisset,
937 1971 995 2014 ut
1022 1959 1255 2031 legimus
1286 1961 1339 2015 in
1369 1960 1687 2030 Evangelio,
1717 1976 1747 2015 a

1861 1978 1991 2033 cinae
2040 1976 2215 2031 vidua:
2263 1977 2385 2046 jura
2424 1974 2711 2031 temerasti
2749 1996 2761 2029 ;
2794 1974 3018 2045 coegisti
3066 1988 3187 2028 eam
3217 1987 3341 2043 qua:
3368 1982 3468 2029 aut

121 2051 428 2109 Salvatore
496 2053 702 2109 dictum
764 2064 848 2110 est
880 2073 892 2108 :
928 2054 1079 2109 Mitte
1129 2056 1183 2109 in
1240 2054 1503 2111 dexteram
1550 2066 1750 2126 portent

119 2147 334 2220 navigii
362 2149 492 2203 retia
538 2146 719 2221 (Joan.
753 2166 876 2217 xxt,
906 2148 987 2221 6).
1015 2150 1200 2221 Itaque
1250 2151 1422 2207 fretus
1467 2152 1749 2224 imperatis

122 2240 481 2308 ctelestibus,
504 2243 653 2299 misit
678 2244 831 2311 retia,
859 2253 915 2300 et
941 2243 1236 2315 plurimum
1267 2246 1498 2316 piscium
1522 2262 1750 2318 congre-

124 2334 316 2404 gavit.
350 2334 407 2390 ln
435 2336 653 2391 sinistra
687 2352 791 2392 nox
821 2346 940 2394 erat
971 2355 984 2391 :
1016 2338 1068 2393 in
1095 2337 1319 2395 dextera
1344 2338 1511 2396 divini
1536 2354 1746 2397 sermo-

122 2428 225 2483 nis
249 2437 275 2464 η
305 2428 574 2485 claritudo
598 2429 837 2501 fulgebat
864 2431 1080 2487 diurna.

210 2521 267 2576 5.
310 2520 409 2577 Est
438 2533 493 2578 et
513 2524 705 2579 oculus
746 2524 931 2579 vitula:
958 2543 969 2577 :
1000 2525 1143 2596 quod
1195 2543 1349 2597 reque
1378 2528 1446 2583 ad
1487 2536 1747 2599 peccato-

125 2631 231 2673 res
280 2616 551 2686 refertur;
583 2620 709 2690 quia
759 2620 901 2676 sicut
936 2618 1050 2691 jugi
1082 2620 1199 2677 loro
1244 2622 1429 2678 vitulae
1468 2622 1750 2679 attrahunt

124 2710 500 2782 iniquitates,
552 2728 660 2769 non
710 2712 1087 2783 dirumpentes
1148 2730 1322 2786 neque
1368 2716 1750 2772 abscindentcs

132 2805 424 2875 propriqu
452 2845 467 2869 ,
496 2805 591 2860 sed
626 2806 787 2877 longo
836 2805 1114 2861 trahentes
1161 2806 1287 2862 fune
1331 2818 1632 2878 peccatum.
1664 2807 1751 2863 Iu-

132 2897 353 2953 domita
392 2899 537 2954 enim
584 2898 749 2955 vitula
778 2914 905 2956 sero
934 2901 1291 2965 mansuescit,
1328 2912 1382 2958 et
1410 2901 1578 2957 trahit
1601 2904 1749 2971 lora,

136 3006 255 3048 non
281 2992 543 3064 suscipit;
566 2993 691 3063 quia
719 2993 1008 3065 impatiens
1031 3003 1115 3049 est
1144 2995 1357 3050 tenendi
1386 3015 1398 3049 :
1430 3005 1484 3051 et
1506 3011 1614 3067 quo
1635 2996 1753 3052 diu-

137 3091 255 3141 tius
286 3086 546 3152 traxerit,
574 3100 642 3141 eo
662 3084 895 3157 amplius
918 3086 1235 3153 impeditur.

222 3177 276 3232 6.
316 3176 516 3233 Oculus
561 3191 777 3249 quoque
804 3178 1205 3250 generationis,
1238 3188 1330 3234 aut
1358 3180 1477 3236 fons
1523 3195 1751 3251 genera-

138 3268 319 3326 tionis
379 3270 608 3337 dicitur;
673 3272 798 3342 quia
858 3286 925 3327 ex
970 3272 1250 3326 oculorum
1316 3282 1611 3343 conspectu
1658 3282 1753 3329 aut

1853 2068 2101 2125 dolorem
2130 2085 2320 2133 suum,
2348 2077 2440 2123 aut
2486 2068 2747 2139 pudorem
2796 2066 3020 2121 secretis
3059 2064 3243 2119 clausa
3278 2061 3461 2133 parie-

1852 2161 1999 2217 tibus
2026 2160 2213 2217 l'overc
2244 2160 2500 2226 deberet,
2532 2159 2785 2231 prosilire
2812 2160 2865 2214 iu
2894 2158 3205 2230 publicum,
3241 2156 3461 2211 invere-

1851 2254 2081 2311 cundius
2108 2270 2268 2326 quam
2305 2255 2560 2324 injustius
2591 2254 2802 2324 litigare
2837 2269 2852 2307 :
2884 2252 3075 2308 oculus
3118 2259 3243 2306 tuus
3270 2258 3467 2320 partus

1852 2348 2151 2420 iniquitatis
2182 2357 2265 2402 est
2294 2349 2485 2403 iactus.
2517 2346 2711 2402 Vidisti
2744 2345 2958 2415 inepem
2987 2345 3225 2415 superbo
3255 2341 3452 2407 oculo,

1851 2453 1909 2499 ct
1956 2443 2247 2499 insatiabili
2295 2440 2460 2498 corde
2494 2460 2508 2497 :
2539 2441 2836 2512 despexisti
2877 2455 3100 2511 precem
3151 2436 3406 2510 pauperis
3444 2456 3458 2493 :

1854 2546 1908 2591 et
1934 2550 2097 2606 quem
2130 2535 2384 2591 misereri
2412 2534 2701 2599 debueras,
2731 2548 2853 2588 cum
2885 2532 3098 2587 fastidio
3129 2530 3422 2601 prtetcristi
3448 2549 3460 2584 :

1855 2629 2047 2684 oculus
2075 2637 2198 2683 tuus
2230 2629 2351 2683 lous
2384 2626 2480 2683 tibi
2509 2625 2611 2681 fuit
2636 2635 2693 2681 et
2716 2628 2869 2695 origo
2895 2624 3122 2696 peccati.

1926 2722 1982 2777 8.
2024 2720 2261 2792 Ideoque
2309 2720 2451 2775 oculi
2499 2719 2573 2774 tui
2619 2734 2725 2773 non
2756 2716 2868 2785 lupi
2897 2706 3037 2771 oculi
3068 2715 3179 2770 sint
3201 2756 3215 2782 ,
3242 2724 3293 2769 et
3325 2714 3463 2769 insi-

1854 2812 2054 2867 diantis
2101 2812 2167 2866 ad
2220 2812 2496 2882 praedam,
2544 2810 2640 2866 scd
2689 2810 2830 2864 sicut
2860 2820 2881 2846 ο
2933 2808 3158 2878 Sponsae
3204 2807 3404 2861 dicitur
3448 2825 3461 2859 :

1858 2903 2008 2959 Oculi
2039 2906 2114 2959 tui
2144 2915 2327 2978 stagna
2356 2906 2407 2958 in
2436 2903 2659 2961 Esebon.
2690 2904 2745 2957 in
2777 2903 2940 2973 portis
2970 2902 3096 2971 ﬁlia:
3126 2901 3404 2955 multorum
3442 2917 3459 2954 :

1854 3012 2005 3052 nares
2051 3006 2150 3049 tum
2192 2996 2320 3049 sicut
2371 2994 2528 3047 turris
2575 2991 2761 3046 Libani
2811 2992 2988 3063 (Cant.
3022 3006 3118 3055 vtt,
3146 2988 3226 3061 4).
3259 2989 3462 3058 Stagna

1854 3090 1906 3146 in
1941 3087 2160 3145 Esebon
2188 3086 2314 3157 quid
2346 3098 2460 3152 est,
2494 3087 2598 3142 nisi
2629 3086 2680 3141 in
2706 3085 3124 3156 cogitationibus
3156 3082 3463 3139 rationabi-

1855 3183 1997 3239 libus
2024 3180 2341 3247 abundatia,
2372 3196 2491 3250 qum
2519 3190 2603 3236 est
2630 3180 2681 3234 in
2715 3181 2885 3251 portis
2918 3180 3201 3246 Ecclesiae,
3229 3178 3318 3236 cui
3350 3194 3467 3233 tne-

1854 3278 1959 3333 rito
2003 3276 2245 3333 defertur
2296 3273 2585 3330 multitudo
2632 3272 2934 3328 doctrinm?
2962 3273 3101 3328 Filia
3134 3273 3281 3327 enim
3321 3272 3464 3326 mul-

143 3365 327 3431 hona,
352 3374 443 3419 aut
468 3363 695 3420 adversa
723 3374 1075 3436 generantur.
1111 3363 1303 3420 Vidisti
1346 3364 1589 3420 mulieris
1631 3366 1752 3436 pul-
1777 3386 1821 3449 ρ
1857 3378 2063 3434 torum,
2105 3369 2456 3440 plurimarum
2507 3366 2879 3422 doctrinarum
2929 3366 3222 3436 posteritas
3268 3364 3466 3420 eﬂ‘ecta

141 3457 552 3525 chritudinem,
607 3457 841 3513 laudasti
910 3458 1134 3514 artiﬁcis
1200 3470 1751 3529 opus,veuustatem

150 3552 364 3625 1171
398 3561 605 3607 natura:
637 3569 650 3605 :
680 3552 964 3622 generatio
995 3551 1144 3620 lidei,
1178 3551 1484 3608 devotionis
1510 3561 1597 3609 est
1632 3569 1754 3623 par-

147 3658 261 3701 tus.
304 3644 600 3701 Contentus
648 3644 798 3701 fuisti
843 3645 1031 3702 formae
1077 3646 1308 3711 decore,
1337 3645 1365 3684 δ
1410 3662 1516 3702 non
1558 3661 1755 3703 census

148 3737 479 3803 ambitione,
513 3738 791 3809 sumpsisti
837 3739 892 3793 in
924 3754 1188 3807 uxorem,
1220 3740 1405 3810 genuit
1433 3741 1573 3795 ﬁlios
1620 3740 1754 3795 libe-

151 3830 367 3887 ralioris
394 3831 582 3901 gratia:
612 3848 627 3886 :
656 3832 846 3887 oculus
877 3832 971 3886 tibi
1021 3832 1118 3886 fuit
1155 3833 1437 3903 generatio
1467 3848 1758 3904 prospero—

150 3941 298 3981 rum.
326 3920 743 3995 Contemplatus
772 3940 831 3981 es
858 3940 1068 3981 sat-ram
1094 3926 1330 3997 puellam
1350 3970 1365 3994 ,
1402 3928 1600 3998 pressit
1627 3942 1754 3983 ocu—

152 4018 239 4076 los
290 4028 405 4075 tuos
449 4031 690 4091 augustae
735 4021 1037 4076 reverentia
1087 4020 1395 4075 castitatis:
1449 4021 1754 4097 praedicasti

156 4116 440 4171 Dominum
484 4114 708 4181 Iesum,
766 4116 857 4185 qui
902 4114 1128 4169 Scnilcm
1179 4113 1423 4170 dedisset
1468 4116 1519 4169 itt
1572 4115 1757 4169 adole-

158 4211 400 4265 scentula
447 4219 606 4267 :ctate
626 4209 979 4281 gravitatem,
1036 4208 1545 4279 immaculatamque
1589 4209 1753 4263 vitam

161 4301 305 4357 inter
349 4302 589 4357 inﬁrmas
634 4313 742 4358 tam
785 4302 1004 4379 lubrica:
1042 4301 1207 4372 hujus
1245 4301 1428 4356 carnis
1472 4301 1755 4357 illecebras

164 4395 409 4450 humanis
459 4394 745 4451 infudisset
787 4394 1072 4452 alleclibus
1118 4413 1133 4450 :
1178 4395 1300 4450 l’ons
1342 4395 1607 4450 bonorum
1647 4404 1751 4450 est.

165 4488 351 4546 Vidisti
396 4491 764 4558 possessiones
810 4488 1174 4561 pupillorum,
1227 4504 1332 4542 non
1382 4488 1447 4542 ad
1488 4487 1748 4542 invaden-

165 4585 314 4649 dum,
341 4583 432 4640 sed
460 4583 525 4638 ad
560 4582 813 4638 tuendum
848 4602 861 4636 :
893 4595 947 4638 et
980 4581 1217 4653 paternis
1245 4581 1553 4652 ingemuisti
1581 4580 1751 4636 visce-

168 4677 348 4741 ribus,
379 4676 425 4730 si
456 4674 581 4747 quid
631 4675 909 4732 advertisti
938 4675 1005 4731 de
1033 4675 1257 4730 minoris
1291 4674 1591 4730 commodis
1631 4688 1754 4730 esse

1856 3472 1959 3527 est,
1994 3462 2145 3532 cujus
2172 3475 2332 3517 nares
2363 3462 2499 3515 odor
2524 3470 2606 3515 est
2634 3458 3033 3514 sacriﬁciorum
3072 3458 3297 3513 ﬂoribus
3342 3472 3463 3513 om-

1857 3556 2015 3611 nibus
2043 3566 2328 3627 praestans.
2358 3553 2499 3623 Quid
2526 3554 2670 3608 enim
2697 3551 2901 3607 Christi
2930 3552 3098 3608 odore
3134 3552 3424 3607 sublimius
3450 3593 3468 3614 .

1856 3652 1945 3721 qui
1988 3650 2240 3705 abolebat
2289 3648 2463 3704 thuris
2512 3647 2884 3717 ﬂagrantiam?
2930 3645 3132 3702 Oculus
3178 3660 3309 3712 ergo
3359 3646 3465 3702 iste

1857 3744 2133 3815 provideat
2183 3759 2301 3814 quae
2351 3745 2526 3798 l'utura
2590 3751 2763 3797 sunt:
2797 3752 2851 3797 et
2902 3741 2945 3794 si
2990 3739 3217 3795 adversa
3251 3740 3467 3813 1172

1857 3837 2143 3893 imminere
2182 3836 2524 3907 praeviderit,
2557 3835 2685 3891 ﬂetu
2714 3833 3080 3906 lacrymisque
3121 3834 3369 3890 emollire
3405 3848 3473 3887 ac

1858 3933 2107 4003 mitigare
2134 3948 2241 3986 non
2269 3931 2503 3987 desinat.

1930 4025 1984 4079 9.
2027 4024 2152 4079 Ideo
2204 4024 2505 4079 Hieremias
2549 4023 2601 4076 in
2649 4022 2965 4091 captivitate
3027 4020 3203 4091 gentis
3266 4016 3473 4073 ludam

1859 4116 2103 4187 positus,
2152 4114 2390 4169 futuram
2441 4114 2745 4184 praevidens
2805 4121 3081 4182 perpetua:
3144 4109 3478 4180 captivitatis

1859 4222 2153 4263 terumnam
2173 4249 2189 4273 ,
2220 4222 2377 4277 quam
2410 4205 2653 4278 perﬁdia:
2684 4206 2858 4277 pretio
2888 4204 3203 4259 Judteorutn
3234 4201 3468 4273 populus

1859 4301 2098 4357 habebat
2140 4303 2454 4367 exsolvere,
2487 4301 2701 4356 dicebat
2750 4301 2803 4355 in
2840 4299 3077 4354 Threnis
3105 4298 3205 4352 sub
3251 4296 3350 4351 hac
3375 4311 3470 4351 ea-

1858 4398 1981 4453 dem
2012 4396 2191 4452 littera
2221 4415 2233 4451 :
2260 4396 2327 4450 In
2375 4396 2471 4451 hoc
2497 4413 2587 4467 ego
2617 4396 2739 4468 ﬂeo,
2772 4395 2908 4449 oculi
2940 4394 3041 4448 mei
3057 4393 3405 4461 religaverunt
3430 4409 3464 4445 (ι

1856 4492 1981 4561 ﬂetu
2000 4492 2141 4561 ;quia
2168 4492 2419 4562 elongavit
2448 4509 2479 4545 a
2506 4507 2585 4545 me
2608 4491 2697 4561 qui
2728 4506 2806 4543 me
2832 4487 3199 4545 consolabatur
3225 4484 3459 4558 (Thren.

1856 4599 1897 4651 ι,
1931 4584 1997 4640 l5
2025 4596 2074 4639 et
2106 4584 2217 4656 16).
2249 4584 2365 4640 Non
2410 4585 2573 4654 igitur
2603 4583 2893 4639 abductum
2940 4596 2999 4636 se
3040 4594 3162 4636 esse
3191 4579 3259 4634 de
3292 4579 3457 4634 terris

1857 4678 1969 4732 suis
1999 4677 2253 4743 dolebat,
2284 4676 2379 4731 sed
2408 4693 2438 4731 a
2467 4676 2686 4734 Christo
2715 4675 2971 4745 populum
3002 4672 3419 4743 relinquendum
3444 4714 3461 4737 ,

171 4772 461 4843 neglectum
490 4789 501 4823 :
532 4770 775 4841 repulisti
818 4786 940 4825 eum
971 4769 1061 4839 qui
1106 4768 1241 4823 lines
1267 4768 1385 4838 ejus
1410 4768 1631 4824 volebat
1670 4769 1755 4823 in-
1781 4778 1832 4838 1)
1858 4769 2392 4839 consolationemque
2442 4767 2640 4823 futurzn
2702 4767 2825 4822 vita:
2875 4766 3133 4821 cernebat
3180 4765 3457 4819 amissam.

173 4864 357 4920 vadere
389 4882 401 4917 :
428 4863 682 4933 judicasti
713 4863 915 4933 pupillo
945 4882 958 4918 :
986 4862 1175 4917 oculus
1199 4871 1319 4917 tuus
1352 4861 1473 4917 fons
1510 4862 1608 4916 tibi
1651 4862 1756 4918 fuit

175 4966 227 5013 et
251 4958 391 5028 origo
432 4956 677 5027 justitiae.
707 4956 967 5011 Judicasti
1016 4955 1191 5010 vidum
1224 4956 1395 5027 (sicut
1421 4955 1567 5009 enim
1614 4956 1755 5009 mala

177 5049 449 5114 drachma,
483 5064 593 5103 non
639 5047 899 5103 drachma
933 5069 947 5104 :
980 5048 1059 5106 sic
1089 5048 1287 5103 malum
1314 5047 1580 5117 judicium
1602 5089 1616 5113 ,
1648 5063 1755 5103 non

182 5144 350 5213 utique
372 5140 633 5211 judicium
654 5140 695 5210 ),
726 5140 981 5211 judicasti
1001 5156 1131 5212 ergo
1152 5141 1289 5197 sicut
1310 5141 1491 5212 justus
1506 5150 1561 5196 et
1584 5141 1759 5198 bonus

178 5235 329 5306 judex
360 5252 370 5287 :
406 5235 587 5288 vidisti
616 5246 990 5305 usurpatorem
1019 5234 1358 5303 improbum,
1391 5234 1485 5305 qui
1526 5236 1759 5291 maritali

184 5327 367 5383 auxilio
394 5328 708 5383 destitutam
727 5368 741 5392 ,
776 5342 928 5381 suam
959 5325 1194 5396 praedam
1220 5334 1436 5397 putaret
1465 5344 1478 5380 :
1510 5327 1764 5399 iniquita-

188 5432 286 5477 tem
314 5436 413 5477 non
445 5436 631 5491 passus
661 5436 720 5476 es
755 5438 766 5473 :
801 5418 970 5474 tulisti
1000 5418 1295 5475 indefensa:
1321 5434 1505 5490 opem,
1538 5435 1646 5492 quo
1667 5419 1765 5476 ad-

185 5514 288 5584 juta
316 5513 582 5587 praesidio,
614 5512 878 5570 inoll'ensa
899 5526 1064 5581 opera
1085 5512 1348 5568 castitatis
1376 5512 1638 5581 exercuit,
1664 5529 1765 5571 nec

259 5689 283 5716 ’λ
301 5678 445 5743 Mss.,
473 5676 728 5733 claritudo
753 5677 1022 5739 diuturna,
1051 5688 1173 5742 quae
1204 5672 1364 5728 lectio
1409 5672 1624 5728 delendi
1675 5688 1770 5743 po-

196 5761 307 5816 test,
334 5751 375 5805 si
401 5753 688 5814 diuturna,
722 5763 817 5817 pro
855 5747 1125 5801 consmnti
1163 5759 1227 5799 ac
1270 5747 1491 5817 perenni
1538 5760 1770 5815 usurpe-

199 5831 308 5878 tur:
336 5822 419 5877 hic
443 5831 621 5876 tamen
650 5827 929 5891 prrestare
952 5818 1201 5891 videntur
1227 5817 1493 5873 editiones
1512 5857 1527 5885 ,
1566 5826 1625 5871 ut
1649 5832 1770 5873 cum

199 5894 347 5965 priori
384 5888 755 5965 membrojiat
779 5888 1087 5945 antithesis.

264 5962 286 6000 ι’
313 5964 508 6036 Scripti
554 5962 770 6019 codices
816 5966 1014 6031 magno
1056 5972 1281 6016 numero
1308 6001 1321 6027 ,
1376 5976 1479 6015 non
1524 5974 1771 6015 accensus

1866 4863 1991 4918 Haec
2039 4873 2120 4918 est
2164 4878 2291 4918 vere
2324 4863 2554 4918 dolenda
2585 4862 2870 4934 captivitas
2892 4903 2907 4928 ,
2936 4876 3056 4931 quae
3082 4869 3303 4915 aeternae
3350 4872 3454 4928 spe

1864 4957 2114 5013 libertate
2164 4958 2369 5029 privata
2418 4958 2723 5014 videbatur.
2769 4957 2892 5012 Alio
2942 4971 3157 5027 quoque
3198 4954 3319 5008 loco
3363 4952 3468 5006 sub

1866 5051 1965 5107 hac
1984 5052 2171 5107 eadem
2187 5052 2362 5109 littera
2385 5053 2634 5124 repetivit
2649 5053 2701 5107 in
2720 5051 3167 5118 Threnis,diccns
3187 5067 3202 5104 :
3223 5050 3479 5105 Dominus

1866 5160 1982 5215 qua:
2010 5146 2269 5217 cogitavit,
2298 5148 2691 5212 consummauit,
2720 5144 2928 5199 verbum
2955 5159 3104 5197 suum
3145 5143 3286 5214 quod
3325 5157 3477 5195 man-

1870 5236 2009 5291 darit
2052 5254 2084 5291 a
2111 5238 2288 5292 diebus
2319 5240 2564 5308 antiquis.
2596 5237 2895 5304 Destruxit,
2924 5246 2972 5291 et
3008 5253 3109 5290 non
3135 5234 3398 5305 pepercit,
3424 5242 3479 5288 et

1872 5330 2155 5401 ltctiﬁcavit
2184 5350 2337 5405 super
2368 5344 2415 5387 te
2444 5333 2740 5398 inimicum,
2770 5342 2816 5386 et
2846 5330 3092 5386 exultavit
3117 5345 3276 5383 cornu
3306 5328 3473 5382 tribu-

1874 5422 2030 5477 lantis
2071 5434 2120 5477 te
2162 5423 2380 5491 (Thren.
2416 5443 2474 5493 ιι,
2510 5426 2621 5497 l7).
2668 5423 2858 5480 Nonne
2906 5423 3187 5479 evidenter
3234 5420 3473 5476 futurum

1871 5516 2133 5589 judicium
2156 5516 2356 5577 Christi
2406 5518 2932 5587 annuntiatur,sicut
2962 5519 3014 5573 in
3040 5516 3248 5588 psalmo
3262 5530 3478 5585 quoque

1876 5677 2174 5735 ambitione.
2204 5680 2395 5736 Melius
2424 5680 2537 5745 alii,
2563 5696 2627 5735 ac
2647 5680 2804 5742 edit.,
2835 5676 2953 5732 Non
2974 5691 3157 5730 census
3177 5670 3474 5750 ambitione.

1877 5750 1973 5806 Est
1998 5751 2142 5806 enim
2186 5752 2291 5807 hoc
2331 5753 2450 5808 loco
2478 5770 2659 5808 census
2681 5794 2695 5817 ,
2725 5761 3020 5821 proventus
3048 5761 3207 5816 quem
3245 5754 3479 5811 quisque

1877 5822 2153 5878 annuatim
2181 5841 2211 5879 e
2238 5824 2670 5893 possessionibus
2700 5823 2946 5893 percipit.

1954 5907 1975 5932 θ
2011 5895 2197 5965 Magna
2230 5888 2352 5967 pars
2382 5911 2535 5961 tuss.,
2570 5888 2932 5963 sicut-Sponsa
2960 5888 3169 5943 dicitur.
