4104 6350
514 375 652 434 1427

1843 375 2093 436 SANCTI
2131 377 2464 440 AMBROSII

3680 383 3815 441 MSS

511 493 770 564 praetenti
815 493 1079 552 declarari
1131 502 1334 550 certum
1367 501 1467 550 est.
1498 491 1701 548 Oculus
1741 502 1892 563 ergo
1917 493 2114 564 μυωνὶει
2137 495 2187 567 ᾼ
2219 495 2318 565 plis
2351 512 2687 569 nequaquam
2717 512 2778 554 se
2803 497 3106 554 fortitudini
3145 513 3256 554 suac
3287 497 3460 554 credit
3489 517 3501 553 :
3533 497 3627 554 sed
3657 510 3812 556 cauta

512 587 639 645 deat
677 603 806 660 quae,
829 597 1056 649 ventura
1087 599 1214 648 sunt
1239 631 1252 656 ,
1285 597 1340 644 et
1365 603 1428 644 ea
1469 596 1564 642 aut
1593 586 1906 658 profusione
1933 587 2111 659 lacry.

513 699 749 752 malunt,
782 692 876 740 aut
902 683 1106 742 erroris
1135 683 1477 743 correctione
1500 681 1841 752 detorqueat.
1875 681 2115 751 Denique

514 776 822 835 Hieremias
843 775 1042 841 ﬂebat;
1072 776 1198 846 quia
1240 775 1438 832 malam
1484 788 1703 828 causam
1733 772 1914 843 impiae
1941 773 2116 843 plebis

512 876 860 940 susceperat,
891 883 1012 940 quae
1040 867 1284 939 perﬁdia)
1314 866 1610 938 pertinacia
1638 867 1919 938 proprium
1950 881 2116 938 nega.

512 961 606 1023 bat
633 972 933 1020 auctorem.

584 1054 673 1112 it).
709 1054 889 1127 (Vers.
921 1054 1070 1127 121.)
1113 1053 1281 1109 David
1328 1062 1510 1114 autem
1558 1053 1876 1125 prophetico
1919 1053 2115 1125 spiritu

506 1145 768 1216 judicium
815 1146 1124 1216 prmvidens
1169 1145 1403 1212 Christi,
1434 1147 1491 1208 in
1512 1163 1620 1218 quo
1653 1163 1816 1209 nemo
1851 1147 2115 1203 innocens

512 1239 944 1310 periclitabitur;
987 1255 1152 1297 nemo
1196 1240 1493 1303 sceleratus
1522 1242 1736 1309 eludet,
1777 1242 1916 1300 bona
1944 1240 2113 1297 fretus

513 1335 848 1392 conscientia
896 1335 1068 1393 dicit:
1115 1333 1244 1396 Feci
1280 1335 1544 1406 judicium
1595 1349 1642 1392 et
1690 1337 1944 1407 iustitiam
1992 1353 2009 1390 :
2053 1352 2116 1390 ne

512 1431 690 1488 tradas
717 1445 796 1484 me
838 1429 1137 1487 nocentibus
1165 1445 1263 1484 me.
1298 1429 1414 1488 Non
1449 1431 1602 1501 quasi
1646 1429 1917 1502 gloriosus
1943 1444 2010 1486 ac
2034 1430 2115 1484 in~

513 1524 699 1579 solens
723 1537 782 1578 se
812 1521 929 1592 ipse
956 1520 1164 1587 laudat,
1196 1536 1320 1578 cum
1348 1521 1530 1591 utique
1560 1523 1767 1593 peritus
1794 1523 1949 1592 legis,
1981 1521 2117 1577 alte-

515 1614 626 1672 rius
658 1615 830 1685 magis
853 1628 1014 1684 quam
1041 1615 1264 1684 proprio.
1291 1628 1388 1670 ore
1428 1629 1865 1686 unumquemque
1893 1614 2117 1668 laudan-

513 1705 642 1766 dum
674 1721 796 1764 esse
843 1721 952 1762 non
984 1704 1425 1776 ignoraret.Non
1448 1748 1465 1773 ,
1499 1706 1746 1777 inquam,
1783 1716 1806 1741 ιι
1853 1704 2116 1776 przedica-

515 1808 689 1854 tarum
717 1800 976 1869 iactantia
1002 1810 1085 1856 est
1109 1799 1194 1858 hic
1219 1799 1331 1856 ulla
1362 1799 1620 1856 virtutum
1647 1843 1662 1867 ,
1692 1799 1788 1856 sed
1811 1800 1932 1854 vitae
1962 1800 2116 1856 inno—

2217 587 2490 656 humilitas
2518 592 2757 648 divinum
2787 594 2890 649 sibi
2919 593 3192 664 precando
3233 594 3487 650 adsciscit
3515 595 3770 650 auxilium
3792 635 3814 660 ,

2215 693 2408 752 petens
2433 702 2503 741 ne
2533 687 2776 743 tradatur
2805 688 3146 744 nocentibus.

2288 777 2377 834 12.
2421 778 2538 834 Scit
2577 779 2724 836 enim
2767 788 3047 836 auctorem
3097 795 3218 836 esse
3268 781 3572 853 principem
3617 783 3808 840 mundi

2216 869 2461 924 omnium
2507 870 2858 927 delictorum.
2906 872 3028 944 Ipse
3076 872 3384 929 individuos
3434 875 3814 945 proximorum

2216 959 2417 1017 irarum
2444 963 2680 1018 stimulis
2706 949 2968 1020 excitatos
2996 966 3196 1021 scindit
3224 966 3454 1022 allectus
3478 986 3490 1021 :
3521 969 3639 1039 ipse
3664 969 3818 1026 llam-

2217 1068 2362 1109 mam
2413 1055 2663 1110 accendit
2695 1056 2934 1114 libidinis
2965 1076 2979 1111 :
3015 1058 3132 1128 ipse
3163 1058 3346 1115 adolet
3381 1061 3626 1116 avaritia:
3665 1063 3821 1134 cupi-

2217 1145 2450 1214 ditates;
2482 1155 2542 1202 ut
2573 1163 2682 1220 quo
2714 1149 2836 1219 plus
2873 1151 3218 1222 rapuerimus
3240 1195 3256 1219 ,
3287 1152 3522 1222 amplius
3562 1155 3820 1225 requira-

2220 1257 2340 1296 mus
2372 1259 2384 1295 :
2419 1241 2534 1312 ipse
2577 1245 2818 1314 suggerit
2861 1253 2916 1300 et
2955 1245 3229 1300 ministrat
3259 1245 3494 1302 fomenta
3533 1249 3760 1304 luxuriae
3793 1268 3808 1305 :

2219 1335 2337 1405 ipse
2360 1333 2480 1388 odia
2507 1345 2812 1406 exasperat,
2838 1346 2892 1391 et
2914 1337 3219 1392 immodica:
3246 1339 3486 1394 studium
3500 1341 3819 1400 ambitionis

2220 1427 2542 1484 inﬂammat.
2573 1427 2732 1497 Quod
2759 1429 2948 1485 vitium
2970 1431 3227 1496 blandum
3256 1431 3310 1486 in
3331 1431 3583 1499 exordio,
3605 1447 3810 1490 szevum

2218 1522 2276 1579 in
2301 1537 2561 1592 processu
2581 1562 2596 1589 ,
2640 1538 2738 1579 nec
2770 1523 3023 1580 fraternae
3051 1526 3433 1594 germanitatis.
3465 1526 3643 1597 patuit
3684 1542 3822 1583 con-

2220 1616 2574 1683 temptatione
2595 1617 2862 1672 revocari.
2898 1617 3031 1673 Dum
3055 1619 3204 1675 dolet
3231 1619 3336 1674 sibi
3365 1620 3551 1689 gratiae
3578 1619 3822 1678 ccclesiis

2219 1708 2454 1763 ambitur
2485 1708 2710 1766 fratrem
2749 1725 2872 1766 esse
2904 1711 3222 1781 praelatum,
3258 1712 3328 1767 de
3371 1711 3644 1770 sacrificio
3684 1728 3816 1784 pro-

2219 1801 2385 1857 cessit
2405 1799 2474 1856 ad
2503 1802 2874 1872 parricidium.
2908 1807 3202 1862 Auctorem
3223 1804 3387 1875 igitur
3413 1806 3822 1863 incontinentiae

514 1894 689 1950 centis
733 1893 964 1950 assertio
999 1893 1124 1964 iure
1169 1905 1535 1963 praasumpta;
1565 1909 1633 1951 ne
1657 1893 1851 1965 dignus
1881 1894 2116 1950 mstima-
2146 1892 2196 1954 B
2221 1895 2495 1952 diabolum
2521 1910 2645 1953 esse
2667 1898 2962 1966 Apostolus
2983 1897 3180 1955 docet:
3214 1896 3296 1953 Ne
3317 1908 3469 1954 tentet
3489 1915 3576 1954 vos
3597 1911 3821 1970 prapter

513 1999 666 2047 retur
689 1989 782 2060 qui
815 1999 1038 2060 propter
1063 1988 1247 2060 gravia
1280 1997 1502 2058 peccata
1526 1990 1560 2044 'a
1594 1989 1820 2050 Domino
1847 1988 2118 2058 relinque-

515 2090 700 2148 retur,
731 2092 785 2138 et
835 2082 1146 2140 nocentium
1190 2081 1442 2151 potestati
1495 2082 1823 2140 traderetur.
1866 2080 2117 2142 Defensio

515 2185 599 2230 est
634 2174 816 2244 igitur,
853 2189 960 2229 non
1011 2172 1350 2244 arrogantia,
1385 2173 1601 2243 quando
1642 2189 1750 2238 non
1796 2170 2115 2228 excellentia

515 2267 695 2339 aliqua
726 2267 947 2330 honoris
992 2266 1292 2324 assumitur
1311 2308 1325 2332 ,
1355 2266 1450 2323 sed
1481 2265 1836 2323 formidabilis
1873 2279 2116 2328 :erumna

517 2360 882 2430 propulsatur.
917 2359 1154 2432 Denique
1178 2359 1372 2422 Petrus
1413 2359 1515 2417 hoc
1541 2374 1746 2430 genere
1783 2357 2116 2415 defensionis

513 2458 683 2512 utitur
728 2457 959 2513 dicens:
995 2455 1127 2512 Ecce
1173 2472 1266 2512 nos
1314 2456 1618 2526 reliquimus.
1657 2455 1834 2518 omnia
1863 2466 1910 2510 et
1957 2455 2117 2511 secuti

514 2566 689 2604 sumus
720 2559 767 2603 te
804 2566 822 2603 :
851 2550 974 2618 quid
1018 2564 1142 2622 ergo
1179 2549 1275 2602 erit
1314 2549 1459 2612 nobis
1501 2545 1717 2618 (Matth.
1747 2561 1862 2611 xu,
1895 2545 2025 2617 27)?
2054 2544 2114 2602 In

516 2656 628 2712 quo.
647 2645 694 2698 si
723 2639 851 2704 dicti
879 2641 1185 2710 arrogantis
1209 2640 1431 2698 decolor
1456 2640 1651 2711 aliquis
1681 2655 1864 2698 naevus
1893 2638 2112 2706 fuisset,

516 2751 626 2792 non
657 2743 866 2794 tantum
913 2735 1102 2806 gratim
1142 2734 1212 2790 de
1263 2733 1472 2797 Domini
1513 2732 1810 2796 Salvatoris
1845 2730 2114 2787 sententia

517 2829 794 2886 retulisset
819 2828 984 2902 (Ibid.
1011 2827 1138 2899 28);
1170 2835 1228 2884 ut
1260 2843 1368 2885 non
1415 2827 1592 2886 solum
1627 2827 1849 2888 minime
1876 2824 2112 2882 subdeno

516 2921 617 2977 dus
643 2922 756 2992 ipse
795 2921 998 2993 iudicio
1020 2963 1036 2986 ,
1061 2921 1157 2978 sed
1190 2921 1354 2982 etiam
1395 2919 1734 2989 iudicaturus
1773 2920 1845 2976 de
1881 2920 2112 2976 aliorum

520 3016 726 3072 meritis
755 3017 872 3086 ipse
901 3016 1258 3074 nuntiaretur.
1291 3015 1478 3084 Neque
1507 3015 1653 3070 enim
1703 3015 1756 3068 in
1797 3013 2029 3083 iudicio,
2065 3013 2111 3068 si

518 3109 636 3178 quis
687 3109 1011 3165 innocentiae
1055 3123 1167 3166 suae
1217 3108 1429 3164 tuendae
1473 3109 1642 3177 gratia
1671 3149 1684 3172 ,
1716 3106 1846 3178 quid
1897 3106 2113 3162 fecisset

518 3202 774 3272 aperiret,
808 3203 872 3258 ad
897 3201 1213 3272 iactantiam
1245 3203 1424 3272 potius
1452 3216 1612 3272 quam
1645 3201 1710 3266 ad
1736 3199 2108 3256 defensionem

2221 1990 2647 2045 incontinentiam
2689 2001 2912 2046 vestram
2949 1991 3003 2063 (Ι
3047 1990 3168 2046 Cor.
3204 2008 3308 2057 vn,
3354 1992 3440 2060 5).
3473 1991 3820 2049 Incentorem

2220 2098 2438 2153 quoque
2463 2083 2708 2138 avaritite
2732 2083 2904 2153 ipsum
2935 2098 3058 2140 esse
3081 2082 3336 2154 legimus,
3368 2084 3584 2142 dicente
3602 2083 3774 2143 Paulo
3797 2101 3814 2139 ε

2226 2173 2327 2242 Qui
2355 2174 2533 2236 uolunt
2571 2175 2752 2238 diuites
2780 2176 2894 2243 ﬁeri
2913 2218 2925 2240 ,
2958 2176 3195 2232 incidunt
3221 2176 3656 2244 intentationem,
3684 2189 3729 2232 et
3758 2178 3817 2238 in

2222 2266 2461 2336 laqueum
2490 2266 2761 2337 diaboli“
2793 2267 2932 2324 Tim.
2967 2284 3050 2334 vi,
3083 2267 3162 2338 9).
3197 2267 3265 2326 Et
3294 2269 3422 2326 alibi
3455 2288 3468 2323 :
3503 2268 3820 2339 Mortiﬁcate

2223 2374 2343 2429 ergo
2371 2358 2596 2412 membra
2627 2368 2792 2414 vestra
2822 2376 2937 2430 qua
2963 2371 3086 2416 sunt
3124 2378 3278 2432 super
3321 2374 3515 2417 terram
3539 2404 3554 2428 ,
3592 2363 3820 2435 fornica-

2223 2449 2436 2515 tionem,
2462 2451 2864 2521 inmtunditiam,
2895 2452 3180 2520 libidinem,
3215 2456 3677 2527 concupiscentiam
3705 2473 3819 2511 ma—

2221 2543 2344 2608 lam,
2376 2553 2423 2598 et
2447 2546 2751 2614 avaritiam,
2793 2562 2907 2617 qua:
2928 2557 3000 2608 est
3029 2547 3326 2612 idololatria
3348 2548 3574 2618 (Coloss.
3602 2565 3692 2616 tu,
3724 2551 3817 2622 5},

2221 2637 2278 2694 ln
2311 2638 2400 2700 his
2416 2638 2562 2698 enim
2591 2638 2791 2700 diaboli
2817 2640 3156 2706 voluntatem
3182 2641 3410 2700 facimus
3431 2685 3444 2709 ,
3478 2651 3532 2698 et
3560 2645 3813 2715 exsequi-

2223 2746 2346 2786 tnur
2389 2739 2718 2801 potestatem
2737 2773 2756 2799 ,Α
2784 2733 2876 2803 qui
2909 2749 3007 2803 per
3032 2734 3211 2790 carnis
3241 2735 3400 2796 istius
3428 2733 3696 2806 desideria
3729 2737 3814 2790 in-

2220 2823 2498 2888 centivum
2527 2839 2642 2881 sua:
2669 2825 2873 2884 fraudis
2894 2837 3171 2898 cperatur.

2297 2920 2384 2975 15.
2427 2922 2840 2990 Quemcumque
2865 2936 2997 2992 ergo
3039 2922 3092 2980 in
3135 2922 3394 2984 vitiorum
3433 2935 3654 2984 suorum
3693 2937 3815 2993 μειερ

2219 3015 2468 3069 sessione
2498 3014 2796 3084 repererit,
2826 3023 3097 3084 tamquam
3123 3014 3417 3081 obnoxium
3444 3029 3544 3071 suo
3563 3015 3672 3087 iuri
3699 3017 3816 3072 viu-

2218 3107 2377 3170 dicat.
2441 3106 2782 3164 Adulterium
2826 3107 2948 3177 quis
3003 3106 3162 3173 facit,
3217 3107 3489 3174 luitur-iam
3547 3118 3810 3176 exercet,

2215 3199 2394 3262 aliena
2418 3198 2637 3270 diripit;
2667 3199 2844 3268 portio
2875 3199 3078 3262 diaboli
3102 3208 3186 3254 est
3217 3218 3230 3264 :_
3265 3198 3492 3271 pudicus
3521 3207 3726 3268 autem,
3761 3210 3816 3266 et

516 3310 694 3352 causae
744 3294 949 3354 dictum
989 3294 1367 3358 testimaretur.
1422 3293 1583 3356 Aliud
1640 3303 1724 3349 est
1782 3292 2002 3364 dignum
2051 3308 2111 3356 se
2139 3290 2184 3354 C
2216 3296 2532 3362 continens,
2556 3305 2612 3358 et
2640 3296 2973 3359 misericors.
3007 3292 3216 3363 Christi
3259 3295 3438 3365 portio,
3479 3305 3582 3351 est.
3611 3294 3814 3352 Christi

517 3389 740 3458 praemio
770 3387 956 3446 dicere
976 3430 992 3456 ,
1020 3387 1168 3444 aliud
1199 3387 1480 3458 indignum
1506 3387 1721 3456 injuria.

587 3481 678 3536 ll.
720 3480 785 3535 Et
813 3487 993 3536 tamen
1038 3480 1131 3535 ille
1172 3480 1290 3550 ipse
1334 3480 1694 3552 philosophiae
1749 3495 2020 3546 summus,
2055 3489 2115 3542 ut

514 3575 700 3642 aiunt,
729 3573 1016 3642 magister,
1045 3588 1168 3632 cum
1200 3582 1584 3640 accusaretur,
1617 3574 1978 3646 interrogatus
2006 3589 2109 3644 qua

514 3667 731 3733 tandem
761 3683 918 3738 poena
949 3684 1008 3724 se
1039 3669 1259 3737 dignum
1289 3677 1522 3738 putaret,
1546 3668 1894 3739 respondisse
1917 3669 2104 3736 fertur,

512 3760 541 3800 ι’
571 3771 627 3817 ιιι
658 3762 710 3821 in
743 3760 1011 3832 Prytaneo
1042 3760 1258 3832 publico
1305 3761 1548 3832 quotidie
1576 3762 1826 3818 convivio
1868 3760 2110 3831 suscipe-

512 3863 684 3908 retur.
717 3852 812 3908 llle
843 3854 1103 3908 honorem
1137 3856 1437 3925 usurpavit,
1475 3866 1495 3894 ε
1521 3853 1608 3910 hic
1639 3855 1892 3924 prmcavit
1913 3870 2110 3912 terum-

512 3940 684 4006 nam}
715 3945 805 4000 ille
831 3946 1059 4017 gloriam
1088 3947 1388 4017 arrogavit,
1423 3947 1510 4003 hic
1539 3947 1895 4010 humilitatem
1927 3963 2110 4003 serva-

509 4039 605 4094 vit.
633 4037 765 4094 Nam
806 4053 926 4108 quae
957 4039 1129 4112 maior
1159 4054 1280 4095 esse
1327 4040 1534 4112 1173
1573 4039 1844 4100 humilitas
1888 4051 2104 4112 potest,

510 4147 671 4204 quam
714 4141 773 4194 ut
811 4133 1063 4192 conscius
1086 4132 1189 4194 sibi
1221 4132 1411 4203 iudicii
1439 4145 1493 4190 et
1514 4134 1738 4206 juStitia:
1767 4145 2063 4196 reservata:
2088 4180 2104 4204 ,

510 4224 651 4286 tradi
683 4226 939 4295 potestati
981 4225 1184 4292 diaboli
1226 4229 1540 4284 vereretur?
1566 4229 1849 4288 Hominem
1898 4245 1957 4296 se
1985 4246 2107 4296 esse

507 4320 782 4391 cognovit,
806 4320 981 4391 impar
1005 4320 1108 4378 sibi
1138 4320 1335 4386 bellum
1378 4323 1663 4386 adversum
1706 4323 1964 4394 spiritalia
2010 4341 2106 4386 ne-

506 4415 690 4482 quitiae
715 4415 769 4476 in
809 4415 1125 4479 cmlestibus
1157 4433 1171 4470 :
1202 4424 1412 4485 raptum
1441 4416 1592 4470 novit
1625 4416 1812 4480 Enoch
1854 4433 2005 4490 esse,
2037 4434 2106 4476 ne

508 4507 714 4569 malitia
763 4517 998 4573 mutaret
1037 4523 1133 4563 cor
1172 4507 1292 4578 eius.
1323 4524 1336 4563 :
1368 4506 1481 4572 Noe
1524 4507 1865 4576 inebriatum,
1895 4509 1996 4572 Lot
2024 4512 2104 4565 inv

507 4609 804 4666 cestatum.
850 4602 1185 4662 sacerdotem
1232 4601 1464 4674 primum
1512 4603 1688 4674 ipsum
1735 4603 1917 4662 Aaron
1977 4621 2101 4664 cum

2217 3405 2350 3459 ergo
2390 3403 2603 3445 servum
2653 3389 2756 3448 sibi
2805 3405 2910 3444 non
2953 3397 3131 3457 potest
3179 3389 3486 3456 vindicare,
3526 3387 3628 3442 nisi
3671 3385 3815 3443 forte

2213 3483 2468 3552 illapsum
2503 3482 2557 3538 in
2594 3482 2723 3537 vitia
2751 3481 3178 3552 deprehenderit
3230 3499 3242 3535 :
3279 3497 3380 3537 nec
3423 3491 3548 3538 tunc
3592 3481 3812 3554 quidem

2217 3573 2495 3639 vindicat,
2555 3574 2651 3628 sed
2690 3582 2960 3644 tamquam
3013 3590 3172 3638 suum
3225 3573 3324 3641 sibi
3361 3574 3498 3632 tradi
3548 3576 3808 3644 postulat.

2214 3665 2342 3727 Ideo
2389 3681 2520 3737 ergo
2565 3665 2697 3722 dicit
2731 3666 2898 3722 David
2929 3683 2940 3720 :
2976 3663 3102 3720 Feci
3119 3666 3385 3737 judicium
3433 3676 3482 3720 et
3512 3666 3806 3736 justitiam,

2215 3770 2405 3820 nonut
2434 3771 2674 3831 arroget,
2713 3760 2807 3815 sed
2839 3768 3090 3825 excuset;
3125 3775 3192 3814 ne
3220 3760 3373 3831 quasi
3416 3769 3668 3830 peccator
3713 3762 3812 3814 de-

2212 3862 2424 3919 Seratur
2442 3868 2473 3908 a
2493 3850 2731 3908 Christo.
2759 3853 3020 3922 Exemplo
3049 3855 3119 3908 sit
3141 3853 3298 3908 nobis
3319 3854 3617 3923 apostolica
3650 3854 3809 3908 lectio

2211 3960 2372 4016 quam
2399 3945 2469 4000 ob
2496 3960 2611 4001 rem
2645 3947 3020 4016 unusquisque
3053 3945 3316 4004 tradatur.
3349 3944 3504 4002 Illum
3539 3947 3681 4012 enim
3714 3947 3808 4019 qni

2211 4053 2437 4098 uxorem
2467 4039 2634 4109 patris
2658 4038 2864 4106 hahuit,
2894 4039 3126 4110 quiasic
3142 4048 3402 4109 cperatus
3423 4047 3530 4112 est,
3555 4035 3580 4072 ά
3609 4038 3806 4096 tradidi

2209 4140 2436 4198 satanas,
2465 4130 2598 4188 dicit
2620 4129 2912 4202 Apostolus
2939 4131 2992 4202 (Ι
3027 4129 3148 4190 Cor.
3179 4146 3232 4196 v,
3262 4128 3297 4190 4
3321 4140 3370 4186 ct
3397 4130 3458 4203 5)
3493 4147 3506 4184 :
3541 4144 3648 4184 non
3672 4145 3806 4200 ergo

2208 4231 2354 4280 esset
2384 4222 2635 4290 traditus,
2669 4224 2773 4278 nisi
2803 4239 2970 4296 opera
3002 4223 3224 4280 iecisset
3252 4223 3478 4279 diaboli.
3513 4222 3668 4279 Unde
3694 4241 3804 4279 non

2207 4317 2484 4372 immerito
2533 4325 2750 4372 recusat
2801 4318 3068 4388 propheta
3119 4316 3444 4372 nocentibus
3492 4316 3662 4382 tradi,
3710 4317 3804 4388 qui

2205 4409 2404 4481 allegat
2451 4425 2558 4468 non
2603 4409 2806 4474 diaboli
2837 4426 3001 4482 Opera
3052 4427 3111 4466 se
3149 4411 3375 4478 fecisse,
3408 4409 3504 4466 sed
3556 4409 3799 4478 Cbri~ti;

2205 4502 2451 4570 Christus
2483 4505 2628 4560 enim
2658 4503 2788 4563 dicit
2832 4523 2845 4558 :
2874 4503 3118 4561 Judicatc
3145 4505 3380 4577 pupillo,
3433 4514 3482 4560 el
3512 4505 3803 4578 justi/irate

2202 4599 2409 4658 viduam
2433 4596 2601 4667 (Esai.
2637 4613 2686 4665 ι,
2717 4599 2832 4671 17).
2861 4599 2974 4656 Hoc
2993 4609 3078 4656 est
3105 4614 3234 4672 ergo
3267 4618 3279 4652 :
3315 4597 3442 4653 Feci
3462 4596 3720 4670 judicium
3751 4606 3801 4652 et

507 4695 672 4755 Maria
725 4711 915 4757 sorore
965 4706 1228 4754 tentatum
1252 4740 1267 4765 ,
1318 4698 1481 4767 lepra:
1545 4698 1771 4762 maculis
1819 4712 2097 4769 aspersam
2125 4686 2178 4748 D
2194 4693 2492 4767 justitiam,
2524 4691 2578 4748 in
2601 4693 2807 4765 iudicio
2847 4709 2955 4748 non
2985 4692 3288 4762 contempsi
3321 4705 3615 4762 pauperem
3640 4732 3656 4757 ,
3687 4705 3798 4748 non

505 4789 726 4847 Mariam
755 4787 1011 4859 primum,
1041 4798 1181 4860 post,
1215 4789 1516 4852 absolutam
1550 4807 1562 4844 :
1593 4791 1813 4862 Moysen
1856 4808 1991 4863 pene
2016 4794 2097 4849 in-

506 4890 874 4949 ternecatum,
935 4882 1037 4936 nisi
1095 4882 1512 4938 circumcisione
1558 4881 1656 4946 lilii
1723 4893 1778 4940 et
1828 4884 2094 4956 ejusmodi

502 4976 781 5047 sanguinis
824 4974 1037 5039 fusione
1079 4975 1320 5046 Sephora
1363 4975 1559 5038 mulier
1586 4975 1703 5045 eius
1745 4992 1906 5036 omne
1935 4981 2004 5036 ab
2031 4995 2097 5038 eo

501 5068 800 5140 periculum
844 5067 1165 5138 depulisset,
1193 5067 1290 5126 His
1316 5068 1477 5138 igitur
1521 5070 1883 5136 commonims
1911 5087 2100 5130 eum-

571 5215 598 5245 α
629 5207 772 5262 Edit.
804 5220 1027 5278 omnes,
1061 5204 1416 5276 prwdicatoris
1445 5206 1706 5278 jactantia
1743 5215 1815 5260 est
1857 5208 1940 5260 hic
1983 5210 2094 5266 ulla

496 5283 758 5351 virtutum.
811 5276 938 5332 Mss.
987 5278 1335 5351 complures;
1383 5276 1746 5351 pricdictarum
1796 5281 2089 5351 jactontia,

496 5361 605 5410 etc.
636 5349 824 5406 Melius
853 5360 1030 5410 tamen
1052 5348 1141 5410 alii
1170 5348 1429 5417 quinque,
1458 5359 1514 5415 ut
1538 5350 1587 5418 in_
1613 5348 1890 5410 contentu.

565 5423 594 5501 ξ)
624 5421 749 5501 Mss.
790 5420 1023 5501 aliquot,
1057 5428 1113 5471 nt
1155 5419 1220 5501 in‘
1247 5420 1468 5501 prandio
1495 5419 1720 5501 pubiico.
1755 5423 1884 5492 Alii,
1931 5436 2091 5501 atque

493 5495 646 5556 edit.,
677 5499 732 5543 ut
783 5492 835 5543 in
866 5489 1147 5560 Prytaneo.
1181 5489 1390 5544 Puchre
1417 5491 1467 5544 id
1490 5489 1742 5558 quidem;
1790 5489 1906 5549 erat
1943 5489 2087 5551 enim

494 5561 970 5637 Prytaneuslocus
992 5560 1235 5637 Athenis,
1265 5561 1354 5615 ubi
1376 5573 1589 5637 sumptu
1619 5563 1833 5637 publico
1860 5566 1927 5622 de
1951 5567 2085 5637 Rep.

491 5631 834 5699 bencmeriti,
859 5649 923 5688 ac
951 5631 1287 5702 publicorum
1317 5631 1672 5688 certaminum
1706 5635 1944 5693 victores
1973 5631 2088 5695 ale-

493 5715 709 5764 bantur.
758 5705 870 5759 Hoc
917 5715 1095 5759 autem
1139 5718 1457 5774 responsum
1517 5707 1657 5774 apud
1711 5707 1986 5764 Platonem
2039 5712 2093 5766 in

492 5776 740 5855 apologis
797 5776 1038 5855 Socratis
1084 5775 1156 5829 lta
1192 5775 1381 5855 legere
1423 5785 1545 5855 est:
1576 5780 1618 5833 si
1661 5774 1753 5833 οὖν
1778 5776 1858 5836 διῖ
1873 5803 1935 5855 με
1963 5785 2093 5840 κατὰ

495 5847 552 5907 τὸ
576 5850 761 5906 δίκαιον
789 5859 881 5910 τῆς
901 5851 1043 5914 ἀξίας
1087 5851 1331 5920 τιμᾶσθαι
1354 5891 1368 5915 ,
1400 5847 1585 5925 τούτου
1639 5847 1882 5925 τιμῶμαιί
1903 5862 1995 5925 τῆς
2042 5855 2090 5911 ἐν

501 5934 794 5999 Πρυτανείῳ
814 5930 1088 5989 σιτήσεως.
1115 5926 1291 5982 Adisis
1316 5927 1479 5982 etiam
1493 5923 1668 5982 Cicer.
1687 5923 1779 5982 lib.
1803 5941 1818 5980 ι
1849 5924 1912 5982 de
1936 5924 2087 5986 Orat.

2207 4787 2452 4858 oppressi
2501 4786 2722 4844 viduam
2746 4828 2761 4856 ,
2811 4800 3098 4858 personam
3139 4785 3319 4841 divitis
3347 4800 3452 4844 non
3495 4785 3712 4854 recepi,
3743 4785 3797 4844 in

2204 4883 2456 4940 omnibus
2486 4882 2746 4953 operibus
2762 4882 3031 4954 iustitiam
3057 4882 3351 4940 reservavi.

2276 4979 2364 5042 14.
2406 4977 2606 5042 Judicii
2653 4976 2776 5034 finis
2821 4976 3028 5047 iustitia
3059 4985 3162 5042 est.
3212 4976 3268 5032 In
3323 4976 3496 5032 altero
3547 4977 3795 5034 veritatis

2204 5075 2446 5134 custodia
2475 5117 2489 5143 ,
2523 5073 2578 5129 in
2608 5073 2781 5129 altero
2820 5071 3030 5136 fructus
3078 5080 3162 5128 est
3202 5070 3475 5143 aequitatis
3511 5089 3524 5126 :
3566 5079 3794 5142 utraque

2273 5224 2295 5252 ο
2327 5212 2470 5268 Edlt.
2508 5210 2630 5266 Am.
2683 5224 2966 5263 aerumnam
3008 5218 3242 5280 precatus
3282 5218 3378 5261 est.
3430 5207 3554 5280 Era.
3601 5218 3657 5280 et
3695 5207 3792 5263 alii

2197 5285 2646 5342 emendarunt....
2680 5280 2983 5349 deprecatus
3002 5279 3097 5335 est.
3123 5279 3237 5335 Non
3271 5280 3430 5344 male,
3472 5279 3517 5333 si
3539 5279 3620 5334 vel
3654 5295 3793 5334 unus

2197 5371 2380 5418 emss.
2425 5353 2829 5423 astipularetur.
2875 5353 2964 5414 Sic
3012 5352 3174 5416 etiam
3225 5350 3362 5410 infra
3401 5365 3652 5406 sermone
3699 5351 3787 5423 i7,

2196 5444 2348 5495 num,
2385 5426 2478 5494 2‘2,
2520 5421 2650 5490 edit.
2703 5423 2921 5491 habent,
2969 5423 3137 5494 Quam
3155 5426 3279 5496 jure
3305 5433 3541 5496 precatus
3566 5433 3669 5483 est,
3699 5421 3788 5494 ubi

2199 5516 2328 5554 mss.
2377 5498 2543 5565 Quam
2582 5496 2697 5563 inre
2744 5495 3003 5564 prwcavit.
3046 5495 3198 5562 Quoi]
3235 5504 3462 5566 utroque
3498 5495 3616 5548 loco
3659 5510 3791 5549 con—

2197 5573 2357 5628 cinne
2399 5570 2501 5623 dici
2542 5582 2700 5622 nemo
2739 5583 2845 5621 non
2874 5567 3073 5622 videat.

2271 5660 2298 5698 ἀ
2338 5660 2540 5717 Omnes
2562 5658 2692 5714 edit.
2726 5658 2940 5713 tradidit
2967 5667 3167 5713 satana:
3190 5657 3488 5730 Apostolus.
3522 5657 3648 5712 Mss.
3675 5673 3783 5714 non

2201 5733 2453 5806 pauci.
2477 5741 2533 5786 ut
2555 5731 2678 5806 dicit
2708 5730 3004 5806 Apostolus.
3040 5729 3143 5806 Alii
3176 5729 3390 5802 partim,
3422 5730 3557 5797 tradi
3586 5739 3785 5806 satana

2197 5801 2321 5860 dicit
2350 5802 2632 5874 Apostolus
2666 5819 2683 5858 .'
2709 5801 2928 5874 partim,
2957 5801 3183 5868 tradidi,
3208 5814 3314 5859 etc.
3341 5816 3567 5875 quorum
3593 5801 3782 5866 lectio.

2199 5892 2322 5937 nem
2355 5877 2440 5935 hic
2465 5875 2795 5942 arbitramur
2824 5875 3278 5962 anteponendam.
