4104 6350
515 354 642 410 1431

1892 343 2134 403 SANCTI
2172 344 2495 403 AMBROSII

3680 337 3822 394 ΗΞὲ

520 470 829 542 praevidens
871 469 1053 525 futura
1092 468 1354 539 supplicia
1400 476 1785 538 peccatorum,
1814 463 2583 536 gerendamAabundantia,
2644 468 2735 524 ubi
2783 469 3065 537 Christus;
3135 482 3194 527 ut
3248 488 3402 529 mens
3452 473 3681 529 humana
3731 490 3825 529 re-

521 562 806 620 annuntiet
849 561 1249 635 paenitentiam.
1285 559 1686 615 Demonstravit
1714 556 1860 614 hunc
1897 558 2115 615 oculum

518 657 762 729 Baptista
798 654 1037 712 Joannes
1062 655 1249 710 dicens
1282 671 1296 708 :
1330 650 1608 707 Generatio
1646 652 1936 724 viperarum
1963 694 1976 715 ,
2002 652 2122 724 quis

524 750 746 805 ostendit
770 749 909 803 vobis
933 750 1111 819 fugere
1137 745 1198 799 ab
1235 744 1314 799 ira
1340 746 1597 799 ventura?
1625 740 1808 798 Facite
1858 760 1981 818 ergo
2008 748 2123 814 [ru-

528 852 639 899 ctus
665 843 851 913 dignas
877 840 1188 914 paenitentia:
1210 837 1373 909 (Luc.
1406 854 1492 905 ιιι,
1524 839 1552 890 7
1585 848 1632 892 et
1662 837 1740 907 8).
1784 836 1866 892 Ad
1916 836 2122 906 baptis-

523 950 669 991 mum
702 935 843 989 enim
874 932 1100 989 Joannis
1150 932 1434 999 veniebat,
1480 934 1571 1001 qui
1622 930 1859 985 habebat
1900 930 2119 986 oculum

523 1028 915 1099 suppliciorum
948 1044 962 1080 :
996 1026 1061 1080 ad
1091 1023 1299 1080 Christi
1338 1033 1520 1078 autem
1568 1022 1888 1093 baptismum
1931 1024 2119 1091 venit,

522 1122 610 1191 qui
643 1120 788 1174 videt
808 1119 1059 1187 gratiam.
1091 1117 1189 1173 Hie
1219 1118 1365 1172 enim
1408 1118 1598 1172 oculus
1626 1127 1710 1172 est
1738 1132 1901 1188 quem
1935 1117 2119 1172 Domi-

522 1216 660 1270 niea:
683 1214 955 1286 passionis
985 1215 1175 1269 umbra
1206 1222 1387 1268 tuetur
1427 1222 1481 1268 et
1503 1215 1761 1284 protegit.
1799 1214 1956 1268 Aliud
1990 1227 2123 1284 ergo

524 1305 761 1373 Ennon,
796 1306 942 1361 aliud
992 1304 1117 1361 Ain.
1168 1306 1225 1361 In
1280 1306 1473 1363 Eunon
1529 1307 1833 1377 baptizatur
1872 1305 2125 1361 conscius

519 1401 771 1471 gravium
800 1400 1120 1455 delictorum
1157 1419 1170 1453 :
1200 1402 1292 1472 qui
1321 1410 1504 1456 autem
1544 1416 1737 1470 purum
1767 1400 1986 1455 oculum
2024 1398 2122 1453 lia-

521 1494 635 1557 bet,
668 1491 898 1563 gratiam
923 1492 1151 1562 suscipit
1178 1493 1505 1564 spiritalem.
1542 1492 1608 1547 Et
1640 1490 1975 1563 imperfecta:
2011 1489 2123 1545 for-

524 1599 671 1643 tasse
698 1590 896 1643 animae
926 1587 1120 1643 oculos
1163 1588 1555 1658 suppliciorum
1584 1597 1667 1642 est
1710 1604 1722 1640 :
1762 1586 1976 1658 1176
2001 1600 2126 1655 per-

526 1680 683 1736 f‘eettc
713 1692 894 1735 autem
931 1680 1118 1735 oculus
1164 1681 1459 1751 gratiarum
1492 1689 1577 1735 est
1606 1678 1797 1752 purior
1822 1691 1985 1749 atque
2009 1677 2123 1732 sin-

525 1774 705 1829 cerior
728 1816 743 1841 ,
796 1773 887 1844 qui
919 1772 1257 1845 significatur
1296 1772 1397 1828 hac
1426 1773 1605 1828 littera
1631 1814 1647 1840 ,
1690 1772 1757 1827 ad
1806 1786 1968 1842 quam
1996 1770 2126 1842 justi

2226 554 2361 626 pleri
2392 560 2594 630 cupiat.
2626 559 2735 616 Has
2772 563 2885 618 sitit
2916 580 3083 635 aquas
3129 580 3356 634 cervus,
3388 582 3525 638 quas
3570 584 3690 623 cum
3731 568 3825 623 hi-

2226 648 2396 718 berit,
2428 652 2585 708 sitire
2613 670 2723 709 non
2753 658 2940 725 possit.
2968 657 3079 713 Has
3108 674 3278 731 aquas
3307 660 3475 716 sitivit
3503 661 3775 732 Propheta
3804 704 3822 727 ,

2225 759 2348 799 cum
2380 744 2556 801 dixit:
2591 748 2765 803 Sitivit
2794 751 2850 805 in
2890 760 2938 806 te
2977 754 3153 808 anima
3193 770 3305 808 mea
3348 753 3531 826 (Psal.
3576 771 3696 820 xu,
3728 753 3825 828 '5).

2226 837 2391 895 Sedet
2419 854 2551 912 ergo
2595 841 2841 899 Christus
2883 860 3049 917 super
3089 847 3477 913 abundantiam
3520 864 3830 918 aquarum,

2226 944 2279 989 et
2323 949 2487 1005 super
2534 938 2945 1007 plenitudinem.
2974 950 3000 977 ει
3032 942 3099 997 Ει
3129 942 3252 998 ideo
3287 944 3376 1014 qui
3415 944 3724 1015 baptizatur
3770 944 3827 999 in

2227 1027 2388 1094 lacte,
2420 1028 2552 1084 dicit
2594 1049 2606 1084 :
2653 1030 2719 1085 Et
2749 1049 2842 1087 nos
2874 1051 3047 1089 omnes
3075 1034 3139 1089 de
3168 1036 3494 1107 plenitudine
3528 1039 3639 1109 ejus
3677 1052 3833 1092 acce-

2239 1122 2413 1192 pimus
2445 1124 2625 1195 (Joan.
2660 1141 2708 1191 ι,
2760 1128 2867 1199 16).
2902 1127 3058 1185 Unde
3100 1140 3156 1186 et
3203 1131 3394 1186 oculus
3439 1133 3834 1203 suppliciorum

2229 1232 2339 1271 non
2386 1217 2600 1275 alienus
2649 1228 2733 1275 est
2782 1221 2849 1276 ab
2897 1222 3169 1291 Ecclesia;
3199 1226 3325 1293 quia
3370 1225 3475 1281 etsi
3526 1225 3837 1295 baptizabat

2227 1309 2468 1366 Joannes
2496 1311 2547 1367 in
2582 1313 2797 1379 Ennon,
2829 1315 3139 1386 baptizabat
3163 1318 3321 1389 juxta
3355 1318 3524 1375 Salim
3547 1361 3562 1387 ,
3594 1321 3682 1375 ubi
3711 1330 3835 1375 erat

2228 1418 2488 1474 aquarum
2516 1404 2867 1474 abundantia,
2898 1409 3185 1466 duodecim
3231 1413 3409 1467 latntes
3433 1454 3448 1478 ,
3497 1421 3553 1468 et
3601 1423 3826 1485 septua-

2228 1498 2374 1568 ginta
2408 1498 2715 1555 Palmarum
2748 1504 2969 1559 arbores
3001 1504 3180 1577 (Joan.
3218 1522 3309 1574 ιιι,
3340 1507 3461 1579 25).

2299 1591 2391 1645 22.
2437 1592 2549 1649 Hos
2572 1594 2751 1651 fontes
2785 1597 2948 1653 habet
2978 1599 3215 1655 Ecclesia
3240 1644 3253 1665 ,
3288 1601 3393 1656 hoc
3424 1610 3508 1658 est
3530 1644 3544 1669 ,
3575 1603 3628 1656 in
3658 1602 3837 1658 veteri

2230 1684 2581 1743 Testamento
2604 1687 2888 1747 duodecim
2932 1692 3271 1761 patriarchas
3292 1736 3307 1761 ,
3342 1702 3397 1748 et
3434 1694 3486 1748 in
3519 1709 3660 1750 novo
3691 1694 3835 1750 duo-

2231 1779 2409 1836 decim
2454 1782 2751 1853 apostolos.
2801 1783 3035 1855 Ideoque
3078 1784 3283 1840 dictum
3322 1794 3405 1841 est
3440 1804 3453 1841 :
3487 1786 3554 1840 In
3600 1786 3838 1842 Ecclesia

524 1867 696 1924 forma
722 1867 1004 1938 dirigitur;
1031 1868 1153 1938 quia
1179 1868 1496 1938 imperfecta
1524 1868 1729 1938 peccati
1755 1865 2126 1921 tantummodo
2157 1886 2205 1947 Β
2232 1873 2591 1930 benedicamus
2617 1875 2894 1931 Dominum
2922 1876 3088 1932 Deum
3113 1878 3176 1932 de
3202 1879 3428 1950 fontibus
3459 1878 3627 1935 Israel
3652 1878 3834 1951 (Psal.

520 1962 786 2032 judicium
817 1961 1095 2017 declinare
1124 1960 1424 2027 desiderat,
1452 1962 1692 2032 perlecta
1718 1974 1848 2015 vero
1870 1958 2123 2014 meritum

522 2056 676 2127 regni
717 2044 965 2112 caelestis
994 2055 1302 2127 acquirere.
1349 2055 1739 2110 Praesumimus
1772 2064 1953 2109 tamen
1982 2051 2128 2123 quod

526 2159 817 2219 utrumque
844 2150 1058 2205 oculum
1088 2165 1189 2204 una
1223 2149 1403 2204 anima
1435 2148 1653 2215 habeat,
1682 2156 1735 2203 et
1756 2146 1972 2202 oculum
2001 2162 2131 2218 sup-

527 2244 815 2315 pliciorum
842 2288 856 2311 ,
891 2253 945 2299 et
975 2244 1191 2299 oculum
1234 2243 1424 2314 gratia:
1457 2261 1471 2297 :
1505 2243 1704 2296 laevum
1746 2240 1970 2296 oculum
2004 2254 2130 2310 sup-

531 2339 851 2410 pliciorum,
881 2339 1163 2394 dexterum
1204 2338 1426 2409 gratiae;
1458 2337 1584 2408 quia
1616 2351 1725 2391 non
1760 2351 1791 2390 a
1833 2334 2010 2407 primo
2037 2333 2133 2388 ho-

531 2433 706 2489 mines
736 2441 962 2503 possunt
992 2446 1113 2487 esse
1142 2430 1397 2500 perfecti,
1434 2429 1527 2485 sed
1554 2443 1651 2501 per
1683 2442 1996 2500 processum
2026 2427 2134 2482 vir—

534 2530 664 2583 tutis
688 2528 1013 2583 ascendunt.
1044 2530 1186 2583 Ante
1209 2528 1371 2598 igitur
1395 2540 1728 2597 unaquaeque
1756 2524 1939 2579 anima
1976 2523 2131 2594 quasi

532 2622 600 2677 ad
634 2621 960 2692 baptismum
1011 2619 1236 2676 Joannis
1286 2621 1468 2686 venit;
1513 2629 1571 2674 ut
1618 2622 1909 2690 praemittat
1954 2617 2132 2689 paeni-

536 2718 762 2773 tentiam
806 2716 1131 2773 delictorum
1177 2724 1275 2772 :et
1322 2716 1375 2771 in
1427 2730 1686 2787 processu
1736 2712 1993 2785 paulatim
2043 2710 2135 2766 ubi

535 2822 752 2883 peccata
781 2829 877 2868 sua
908 2811 1223 2877 deﬂeverit,
1258 2811 1485 2882 spiritali
1533 2810 1717 2865 abluta
1767 2808 2091 2879 baptismate
2118 2848 2132 2872 ,

535 2907 741 2963 Christi
784 2907 983 2978 accipit
1029 2916 1451 2961 sacramentum.
1508 2902 1666 2960 Unde
1718 2902 1931 2958 videtur
1974 2910 2030 2957 et
2080 2900 2134 2955 in

532 2999 770 3057 Cantieis
796 2998 1147 3054 Canticorum
1176 2998 1422 3053 Ecclesia
1448 2996 1750 3067 praedicari,
1775 2995 1861 3049 cui
1884 2994 2089 3049 dicitur
2119 3012 2131 3046 :

537 3092 640 3149 Car
688 3102 920 3147 nostrum
967 3092 1147 3163 cepisti
1172 3133 1186 3157 ,
1216 3107 1365 3145 soror
1390 3106 1502 3143 mea
1530 3089 1757 3161 Sponsa,
1788 3103 1875 3142 cor
1904 3098 2137 3141 nostrum

541 3187 719 3259 cepisti
749 3191 853 3241 uno
898 3185 960 3240 ab
991 3186 1157 3241 oculis
1186 3185 1287 3239 tuis
1320 3180 1497 3254 (Cant.
1523 3198 1593 3248 tv,
1628 3182 1710 3253 9);
1740 3193 1797 3236 ut
1822 3183 1923 3236 iste
1946 3180 2137 3236 oculus

2234 1985 2408 2035 LXV",
2437 1970 2551 2041 27).
2588 1970 2682 2026 His
2714 1970 2949 2027 fontibus
2972 1981 3098 2028 ante
3128 1972 3472 2045 perfunditur
3494 1976 3840 2046 quicumque

2232 2062 2431 2117 Christi
2464 2065 2720 2136 mysteria
2757 2076 3103 2121 sacrosancta
3132 2067 3518 2138 consequitur;
3554 2068 3641 2123 isti
3683 2068 3838 2123 enim

2234 2157 2407 2211 fontes
2438 2172 2503 2212 ex
2535 2166 2742 2213 :eterno
2783 2158 2933 2214 fonte
2978 2168 3262 2215 manantes
3285 2201 3299 2225 ,
3335 2169 3449 2215 toto
3479 2160 3612 2215 orbe
3650 2160 3831 2215 ﬂuxe-

2236 2257 2380 2304 runt.
2420 2247 2520 2305 Ubi
2549 2250 2637 2304 isti
2666 2248 2865 2316 fontes,
2896 2250 2970 2306 ibi
3000 2252 3248 2307 ascensio
3277 2253 3602 2308 animarum.
3625 2253 3839 2325 n77

2238 2344 2482 2415 Denique
2504 2343 2670 2400 Salim
2696 2345 3038 2416 interpretati
3071 2355 3218 2413 sunt,
3246 2346 3430 2417 Ipsum
3450 2349 3834 2402 ascendentem.

2236 2434 2331 2491 Ille
2358 2437 2505 2492 enim
2548 2452 2676 2493 vere
2722 2438 2997 2507 ascendit,
3032 2439 3121 2509 qui
3164 2440 3383 2511 propria
3414 2451 3634 2512 peccata
3668 2440 3841 2511 depo-

2238 2529 2336 2583 nit.
2389 2528 2501 2583 Hoc
2548 2529 2711 2600 igitur
2759 2532 2930 2585 verbo
2963 2531 3343 2602 puriﬁcatoriae
3393 2531 3844 2588 sanctificationis

2238 2634 2368 2676 usus
2395 2623 2740 2691 exprimitur.
2775 2622 2930 2679 Unde
2958 2624 3123 2680 etiam
3154 2624 3291 2681 bene
3320 2624 3374 2681 in
3400 2624 3640 2681 Canticis
3674 2626 3841 2681 Cltri-

2238 2724 2354 2771 stus
2384 2716 2514 2771 dicit
2542 2716 2608 2771 ad
2641 2716 2942 2773 Ecclesiam
2986 2736 2997 2771 :
3036 2717 3221 2772 Dentes
3253 2719 3327 2772 tui
3354 2719 3484 2773 sicut
3507 2736 3630 2790 grex
3664 2729 3843 2775 tonsa-

2239 2825 2376 2875 rum,
2399 2824 2513 2880 qua:
2542 2810 2878 2865 ascenderunt
2920 2827 2953 2864 a
2977 2810 3180 2865 lavacro
3198 2853 3211 2877 ,
3243 2826 3358 2880 qua:
3396 2828 3568 2866 omnes
3596 2813 3843 2883 gemellos

2242 2912 2451 2969 creant,
2482 2912 2526 2957 et
2554 2904 2837 2975 infecunda
2857 2920 2959 2959 non
2990 2913 3062 2958 est
3089 2905 3144 2958 in
3168 2906 3242 2960 eis
3271 2902 3449 2976 (Cant.
3477 2920 3551 2973 tv,
3580 2904 3660 2978 2).
3683 2905 3843 2973 Quod

2241 2994 2424 3066 specie
2456 3004 2614 3052 tenus
2635 2996 2704 3053 de
2733 2998 2911 3069 capris
2932 2996 3151 3066 dicitur,
3179 2998 3406 3070 mystice
3431 3006 3612 3054 autem
3643 2997 3711 3054 de
3742 2998 3842 3055 Ec-

2240 3090 2423 3147 clesiae
2451 3106 2634 3163 grege.

2313 3183 2407 3241 25.
2447 3185 2556 3243 Nec
2589 3188 2718 3243 vilia
2751 3186 2847 3243 tibi
2876 3185 3171 3242 videantur
3200 3186 3303 3242 ista
3346 3185 3627 3242 animalia.
3680 3186 3847 3243 Deni-

537 3281 727 3352 gratiac
771 3281 875 3346 sit,
909 3282 1001 3351 qui
1043 3280 1245 3335 Christi
1289 3278 1392 3335 sibi
1440 3278 1743 3349 pleniorem
1788 3276 2138 3347 acquisiverit
2167 3284 2211 3347 ρ
2244 3294 2351 3351 que
2378 3280 2501 3335 audi
2532 3296 2653 3352 quae
2680 3280 2748 3337 de
2786 3281 2871 3336 his
2898 3288 3118 3336 sanctus
3151 3280 3392 3350 loquitur
3433 3278 3708 3350 Spiritus:
3742 3279 3842 3334 Ca~

534 3373 879 3432 charitatem.

609 3469 702 3527 20.
746 3470 1000 3540 Plerique
1032 3479 1212 3525 tamen
1245 3469 1347 3524 hoc
1378 3468 1500 3524 loco
1527 3468 1803 3539 accipiunt
1828 3466 1965 3522 duos
2010 3481 2139 3523 ocu—

551 3569 635 3623 los
686 3567 994 3623 Εςοιεςὶίετ
1040 3582 1204 3621 ιιιιιιηι
1248 3566 1337 3636 qui
1372 3566 1597 3637 mySIica
1645 3564 1856 3632 videat,
1906 3564 2137 3619 alterum

538 3663 627 3735 qui
654 3660 912 3723 moralia;
941 3674 1007 3713 eo
1036 3658 1179 3730 quod
1208 3668 1393 3713 Sancta
1420 3658 1659 3713 Ecclesia
1685 3672 1791 3712 non
1819 3657 1994 3711 solum
2023 3671 2140 3711 mo-

537 3756 736 3812 raliutn
770 3764 951 3809 teneat
971 3754 1312 3824 disciplinam
1332 3794 1348 3819 ,
1378 3754 1472 3808 sed
1500 3753 1662 3807 etiam
1686 3751 1925 3807 cmlestis
1947 3750 2141 3807 doceat

540 3858 758 3905 secreta
788 3848 1054 3919 mysterii.
1090 3846 1246 3903 Unde
1290 3846 1493 3901 dictum
1523 3858 1606 3901 est
1632 3846 1699 3901 de
1740 3862 1801 3900 ea
1833 3864 1846 3899 :
1875 3844 2025 3899 Oculi
2066 3846 2142 3899 tui

540 3944 675 3998 sicut
701 3940 971 4001 coluntbte.
1005 3954 1153 3996 extra
1174 3942 1576 3995 taciturnitatem
1616 3949 1758 3993 tuam
1797 3940 1815 4001 (
1832 3936 1995 4001 Ibid.,
2025 3938 2092 4010 1)
2121 3981 2137 4008 ,

545 4037 688 4108 quod
719 4047 772 4092 et
802 4036 1118 4103 Spiritaliter
1146 4035 1347 4099 videat,
1371 4046 1424 4089 et
1451 4035 1661 4089 noverit
1691 4044 1903 4104 tempus
1927 4033 2141 4088 tacendi

536 4145 681 4197 esse,
712 4140 766 4186 et
798 4144 1013 4199 tempus
1055 4129 1347 4199 loquendi;
1380 4138 1436 4182 ut
1468 4132 1517 4183 in
1551 4137 1794 4197 tempore
1824 4141 2137 4183 sermonem

540 4243 700 4285 suum
730 4226 1006 4297 proferat,
1039 4244 1106 4281 ne
1129 4227 1539 4297 importunitate
1562 4225 1819 4297 loquendi
1853 4235 2140 4298 peccatum

540 4322 714 4394 possit
744 4323 1043 4376 incurrere.

612 4416 705 4472 2|.
750 4416 925 4470 llabet
951 4430 1083 4484 ergo
1114 4413 1301 4468 oculos
1332 4412 1598 4468 columbae
1625 4412 1690 4467 ad
1722 4413 2139 4469 similitudinem

539 4507 779 4574 Christi;
814 4508 938 4579 quia
970 4518 1023 4563 et
1056 4509 1124 4563 de
1154 4507 1273 4578 ipso
1303 4506 1498 4561 lectum
1535 4516 1621 4561 est
1651 4522 1663 4559 :
1698 4504 1852 4559 Oculi
1893 4508 1968 4561 tui
2010 4508 2142 4561 sicut

539 4600 789 4655 columbae
831 4616 987 4667 super
1016 4600 1390 4654 abundantiam
1429 4615 1677 4671 aquarum
1721 4598 1840 4653 folle
1876 4599 1930 4653 in
1978 4599 2136 4665 lacte,

2244 3372 2607 3439 pillamentum
2635 3385 2779 3430 tuum
2815 3383 2870 3428 ut
2916 3389 3043 3445 grex
3092 3384 3394 3440 tonsarum,
3443 3388 3560 3443 quin
3604 3372 3848 3427 revelata

2240 3476 2361 3521 sunt
2388 3484 2419 3521 a
2441 3477 2611 3522 monte
2625 3466 2849 3523 Galaad.
2876 3467 3067 3523 Dentes
3094 3468 3171 3521 tui
3192 3476 3247 3520 ut
3268 3482 3393 3539 grex
3415 3476 3705 3532 tonsarum,
3728 3483 3847 3536 qua

2241 3563 2581 3619 ascenderunt
2611 3564 2675 3618 de
2698 3564 2908 3617 lavacro
2940 3560 3128 3633 (Cant.
3151 3578 3228 3627 vt,
3257 3560 3291 3615 4
3321 3572 3368 3615 et
3397 3562 3475 3633 7).
3512 3559 3670 3617 Vides
3696 3561 3843 3633 quod

2243 3654 2298 3709 in
2327 3655 2451 3710 altis
2478 3670 2613 3725 grex
2647 3655 2751 3710 iste
2783 3655 3060 3726 pascitur,
3107 3656 3283 3711 audax
3328 3655 3381 3710 in
3410 3664 3616 3711 monte.
3650 3653 3845 3726 Itaque

2242 3748 2333 3803 ubi
2366 3748 2491 3803 aliis
2524 3748 2821 3820 przecipitia
2842 3792 2857 3817 ,
2908 3749 2982 3805 ibi
3015 3750 3199 3821 capris
3243 3750 3449 3805 nullum
3496 3748 3840 3822 periculum:

2242 3842 2335 3897 ubi
2364 3842 2487 3897 aliis
2516 3842 2818 3914 periculum
2840 3886 2855 3909 ,
2882 3844 2952 3898 ibi
2984 3844 3166 3915 gregis
3194 3842 3352 3914 hujus
3382 3842 3742 3909 alimentum,
3769 3843 3841 3900 ibi

2243 3935 2399 3991 cibus
2447 3934 2690 4001 dulcior,
2743 3936 2816 3991 ibi
2872 3936 3080 3991 fructus
3128 3936 3377 3992 electior.
3436 3936 3768 4007 Spectantur
3812 3953 3841 3992 a

2244 4028 2555 4101 pastoribus
2585 4028 2699 4084 suis
2730 4028 2958 4086 dumosa
2999 4030 3069 4086 de
3099 4046 3232 4101 rupe
3268 4029 3611 4102 pendentes:
3652 4030 3727 4086 ibi
3761 4031 3845 4086 lu-

2244 4138 2440 4196 porum
2472 4123 2723 4179 incursus
2743 4138 2866 4179 esse
2894 4138 3000 4179 non
3032 4132 3283 4194 possunt,
3314 4124 3386 4179 ibi
3411 4122 3655 4179 fecunda:
3681 4123 3842 4178 arbo-

2244 4235 2334 4275 res
2378 4220 2611 4275 lructum
2644 4219 2913 4289 integrum
2953 4217 3386 4275 subministrant.
3430 4216 3672 4274 Cernere
3714 4217 3843 4273 licet

2244 4313 2399 4369 uberi
2429 4313 2569 4369 lacte
2585 4312 2852 4369 distentas
2870 4328 3032 4384 super
3060 4322 3299 4369 teneram
3324 4312 3569 4368 sobolem
3599 4320 3841 4367 materna

2246 4407 2447 4476 pietate
2489 4405 2769 4461 sollicitas.
2820 4405 2948 4462 ldeo
2992 4407 3158 4477 elegit
3205 4420 3298 4461 eas
3343 4404 3579 4477 Spiritus
3623 4414 3843 4461 sanctus

2244 4499 2442 4570 quibus
2470 4510 2670 4556 castum
2701 4500 3037 4556 venerabilis
3074 4500 3333 4556 Ecclesia:
3362 4508 3731 4570 compararet.

2317 4592 2407 4646 24.
2452 4594 2519 4647 Et
2558 4603 2616 4648 ut
2656 4594 2884 4667 mystice
2911 4593 3097 4649 audias
3129 4612 3142 4648 :
3188 4594 3631 4665 capillamentum
3680 4592 3842 4648 Verbi

536 4692 763 4748 sedentis
790 4708 945 4761 super
971 4694 1346 4764 plenitudinem
1378 4692 1552 4764 (Cant.
1585 4708 1638 4759 v,
1672 4691 1782 4765 12).
1812 4692 2056 4765 Baptizat
2087 4696 2138 4749 in
2168 4692 2221 4752 D
2246 4698 2331 4743 est
2366 4688 2596 4745 altitudo
2626 4700 2679 4743 et
2719 4688 3012 4745 eminentia
3044 4688 3292 4760 quaedam
3333 4687 3601 4758 iustarum
3630 4686 3840 4742 anima-

539 4783 683 4841 lacte
714 4782 1012 4849 Dominus,
1042 4784 1093 4838 id
1123 4793 1242 4846 est,
1289 4784 1341 4839 in
1385 4786 1723 4840 sinceritate.
1776 4785 1840 4841 Et
1874 4787 1960 4841 isti
2010 4796 2139 4841 sunt

539 4879 632 4949 qui
666 4892 793 4932 vere
821 4875 1162 4947 baptizautur
1191 4876 1244 4930 in
1272 4875 1432 4941 lacte,
1464 4876 1555 4946 qui
1582 4875 1700 4932 sine
1729 4877 1855 4931 dolo
1881 4878 2133 4945 credunt,

540 4979 598 5025 et
626 4985 815 5040 puram
851 4970 1009 5023 fidem
1051 4968 1335 5034 deferunt,
1373 4976 1433 5021 ut
1464 4970 1867 5024 immaculatam
1912 4971 2139 5027 induant

538 5062 788 5132 gratiam.
817 5061 943 5117 Ideo
964 5061 1194 5116 candida
1218 5061 1431 5131 Sponsa
1458 5060 1709 5115 ascendit
1729 5062 1796 5115 ad
1822 5061 2096 5118 Christum
2120 5082 2132 5128 ;

538 5159 662 5225 quia
693 5157 744 5210 in
774 5156 911 5211 lacte
953 5155 1223 5225 baptizata
1263 5163 1366 5211 est.
1398 5153 1523 5210 Iden
1555 5156 1821 5210 mirantur
1861 5171 1980 5211 eam
2017 5156 2137 5211 Vir-

537 5260 686 5304 tutes
740 5261 793 5304 et
861 5248 1204 5315 Potestates,
1253 5250 1544 5308 dicentes:
1578 5249 1709 5316 Qua:
1756 5260 1829 5304 est
1879 5250 1986 5305 [nec
2026 5268 2139 5323 qua’

538 5342 773 5397 ascendit
809 5342 1047 5396 deatbata
1078 5340 1256 5415 (Cant.
1290 5358 1418 5411 vm,
1451 5342 1547 5412 7)?
1575 5348 1717 5398 Ante
1748 5344 2024 5414 paululum
2052 5344 2138 5399 di-

536 5436 730 5504 cebat,
767 5434 936 5508 Nigra
982 5453 1096 5490 sum
1143 5434 1318 5507 (Cant.
1354 5453 1401 5499 ι,
1428 5436 1484 5509 4)
1520 5454 1533 5489 :
1564 5453 1707 5491 nunc
1746 5438 1993 5493 dealbata
2023 5452 2140 5494 cer—

538 5530 688 5584 nitur
714 5570 729 5596 ,
779 5538 834 5583 et
877 5528 1123 5584 ascendit
1148 5529 1215 5583 ad
1247 5529 1468 5597 cmlum,
1502 5538 1557 5585 et
1583 5530 1763 5585 innixa
1798 5530 1893 5585 Dei
1922 5530 2137 5597 Verbo,

533 5621 645 5678 alla
700 5622 811 5693 jam
864 5629 1129 5693 penetrat.
1189 5621 1298 5679 Nec
1366 5622 1636 5680 immerito
1698 5622 1811 5678 illic
1876 5638 2135 5694 aquarum

611 5776 638 5803 ⁸
677 5766 751 5820 Ita
794 5780 926 5820 mss.
968 5764 1396 5833 quatuordecim.
1446 5762 1626 5819 Editio
1669 5761 1828 5816 Rom.
1869 5762 2020 5829 sola,
2064 5760 2132 5817 Et

536 5837 655 5891 ideo
677 5839 765 5908 qui
796 5838 1023 5907 baptizat
1043 5840 1096 5893 in
1117 5855 1271 5910 aqua.
1298 5837 1427 5891 Alite
1448 5835 1656 5910 etlil_.et
1682 5835 1790 5889 duo
1810 5849 1952 5910 mss.
1984 5847 2134 5891 utra-

536 5925 642 5980 que
674 5905 879 5965 omissa
910 5905 1172 5980 lectione,
1193 5910 1310 5965 voci
1340 5908 1707 5981 plenitudinem
1738 5905 2073 5978 suhjungunt
2113 5926 2127 5961 :

2246 4796 2398 4848 rum,
2446 4780 2704 4851 quoniam
2751 4795 2948 4837 sensus
2986 4782 3249 4852 sapientis
3292 4780 3344 4835 in
3384 4780 3563 4851 capite
3594 4780 3733 4851 ejus.
3782 4778 3840 4833 In

2242 4873 2531 4931 altitudine
2552 4874 2697 4929 enim
2728 4875 3078 4946 cogitationis
3102 4874 3354 4929 humana:
3377 4883 3584 4929 certum
3614 4882 3699 4929 est
3720 4887 3843 4929 esse

2245 4968 2593 5039 sapientiam.
2628 4969 2693 5023 Et
2721 4968 3179 5038 quemadmodum
3210 4966 3506 5023 tondentur
3533 4982 3750 5037 capra),
3784 4976 3845 5022 ut

2246 5063 2520 5135 superﬂua
2563 5062 2841 5133 deponant
2871 5081 2884 5115 :
2928 5063 3002 5116 ita
3032 5063 3197 5117 etiam
3227 5072 3502 5118 tonsarum
3535 5062 3840 5117 animarum

2245 5172 2491 5228 gregem,
2525 5157 2627 5212 hoc
2650 5166 2754 5224 est,
2781 5157 3073 5212 multarum
3101 5156 3405 5211 animarum
3430 5155 3658 5211 virtutes
3678 5155 3842 5211 habet

2245 5260 2432 5305 sancta
2466 5249 2711 5306 Ecclesia
2733 5294 2748 5318 ,
2784 5252 2835 5305 in
2867 5264 2977 5319 quo
3006 5264 3170 5321 grege
3212 5249 3348 5305 nihil
3392 5250 3571 5321 possis
3596 5248 3623 5288 δ
3657 5250 3842 5305 insen-

2245 5345 2404 5400 sibile
2460 5344 2738 5415 reperire,
2786 5344 2922 5399 nihil
2981 5345 3349 5415 superfluum;
3400 5344 3658 5415 quoniam
3708 5344 3841 5400 fides

2246 5440 2524 5509 sapientes
2549 5438 2696 5506 fecit,
2717 5438 2979 5510 spiritalis
3000 5451 3178 5494 autem
3202 5439 3375 5508 gratia
3397 5439 3464 5494 ab
3481 5439 3628 5494 omni
3652 5453 3840 5510 super-

2246 5530 2478 5587 fluorum
2506 5531 2627 5586 labe
2650 5531 2949 5587 mundavit.

2318 5624 2412 5681 25.
2454 5622 2646 5680 Merito
2677 5624 2841 5696 igitur
2868 5625 3124 5682 revelata:
3165 5634 3293 5680 sunt
3323 5626 3519 5681 anima:
3544 5625 3836 5697 justorum,

2242 5762 2467 5838 Unde_et
2495 5778 2789 5838 noscntttes
2820 5764 2884 5817 de
2910 5765 3232 5837 plenitudine
3254 5768 3370 5838 ejus
3391 5767 3704 5836 accepimus.

2308 5833 2335 5873 ιι
2380 5833 2788 5909 Insensibile,_id
2818 5833 2919 5909 est,
2953 5852 2979 5889 a
3009 5852 3169 5909 sensu
3198 5833 3458 5909 sapientis
3488 5833 3747 5905 alienum,
3782 5850 3838 5893 ιιι

2237 5900 2348 5963 lota
2380 5904 2553 5964 series
2576 5904 2839 5963 orati‘onls
2860 5900 3118 5964 declarat.
