3982 6482
37 373 42 410 ‘.
60 355 198 413 4⁸55

1209 349 1272 408 ΙΝ
1314 352 1640 411 PSALMUM
1680 349 1888 410 CXVIII
1929 351 2310 414 EXPOSITIO.

3269 367 3408 422 ΗΜ

35 493 91 535 et
121 479 436 537 revelata:
457 494 487 535 a
511 475 1044 545 monteGalaad,hoc
1058 486 1206 543 est,a
1231 473 1708 545 transmigratione
1735 476 1786 536 Λ
1883 474 1977 531 29.
2021 475 2088 531 Hi
2114 475 2310 533 dentes
2337 491 2503 548 super
2544 478 2628 534 lae
2654 477 3027 548 candidiores,
3058 480 3185 552 quia
3214 479 3409 538 dentes

35 575 395 632 testimonii
418 592 434 642 ;
464 592 530 632 eo
547 575 689 648 quod
713 590 741 628 a
755 575 1035 646 Synagoga
1050 571 1117 627 ad
1137 569 1437 627 Eeclesiam
1461 568 1705 624 testimo-

35 670 219 725 nium
252 669 498 726 cmleste
523 668 791 740 migravit.
817 665 874 722 In
901 665 1005 722 hoc
1037 667 1219 736 itaque
1250 671 1432 718 monte
1463 660 1705 718 nascitur

39 763 416 836 thymiama,
443 765 643 831 resina,
663 772 718 818 et
738 761 922 818 caeteri
948 761 1163 826 odores,
1183 771 1322 830 quos
1342 755 1704 828 negotiatores

39 858 132 915 illi
158 859 506 926 lsmaelitze,
525 868 582 914 ut
611 858 777 914 babes
811 857 863 911 in
893 855 1066 926 primo
1096 853 1236 909 libro
1258 849 1590 908 Testamenti
1614 864 1706 906 ve-

38 951 230 1020 teris,
261 952 605 1010 deferebant
631 951 786 1025 (Gen.
816 965 1018 1014 xxxvii,
1045 948 1159 1019 25).
1190 947 1298 1003 llos
1325 946 1522 1002 odores
1546 945 1707 1001 habet

53 1045 345 1102 Ecclesia
374 1087 391 1111 ,
423 1060 562 1117 quos
593 1052 927 1101 mercatores
963 1058 1030 1099 ex
1069 1041 1324 1114 gentibus
1368 1037 1703 1110 congregati,

48 1137 176 1193 fide
203 1146 270 1193 et
298 1137 604 1193 devotione
631 1145 914 1194 vexerunt.
952 1136 1137 1207 Itaque
1161 1135 1302 1190 sicut
1327 1147 1507 1204 caprae
1536 1132 1698 1188 bouis

51 1229 318 1286 refecta:
352 1230 526 1298 cibis,
557 1239 614 1286 et
643 1229 776 1285 solis
803 1230 986 1285 calore
1008 1239 1302 1285 vernantes
1323 1269 1340 1296 ,
1373 1229 1621 1282 lavantur
1651 1226 1706 1283 in

66 1324 357 1391 ﬂumine,
380 1333 437 1378 et
463 1324 803 1380 exsultantes
824 1324 1036 1380 munda:
1057 1331 1341 1395 resurgunt
1361 1321 1430 1379 de
1448 1319 1702 1376 ﬂumine:

60 1415 147 1471 ita
177 1416 405 1471 animus
427 1419 700 1487 justorum
723 1417 1025 1472 ascendunt
1047 1416 1116 1472 ab
1143 1417 1373 1487 spiritali
1403 1417 1636 1470 lavacro.

148 1508 254 1565 26.
303 1508 440 1566 Ista:
461 1522 591 1566 sunt
620 1525 745 1566 vere
766 1525 886 1581 qua:
911 1510 1157 1580 geminos
1182 1517 1396 1576 creant,
1426 1509 1479 1562 in
1507 1506 1706 1579 quibus

78 1617 200 1659 non
237 1612 333 1658 est
367 1603 731 1660 iufecunditas
761 1603 939 1675 aliqua
970 1603 1269 1668 virtutum,
1302 1601 1563 1658 sterilitas
1595 1601 1705 1656 ulla

76 1699 454 1754 meritorum.
492 1699 637 1756 Bene
661 1698 905 1770 geminos
926 1706 1144 1766 creant;
1173 1698 1296 1768 quia
1321 1695 1707 1767 congeminant

73 1803 291 1844 sensus
335 1804 490 1846 suos.
529 1788 683 1846 Unde
723 1790 891 1847 babes
932 1792 986 1846 in
1035 1789 1344 1846 Proverbiis
1393 1789 1700 1860 scriptum:

1803 567 2072 638 iustorum
2099 581 2246 626 sunt.
2289 571 2531 644 Denique
2555 587 2677 628 cum
2707 588 2902 630 omnes
2929 573 2982 630 in
3018 573 3204 648 Moyse
3228 576 3406 648 bapti-

1809 664 1912 718 zati
1956 663 2008 719 in
2043 664 2187 722 nube
2215 674 2271 722 et
2311 665 2364 722 in
2413 666 2549 723 mari
2580 678 2761 740 patres
2791 669 2968 724 nostri
3012 669 3248 737 fuerint,
3298 684 3405 726 non

1807 758 1986 813 otiose
2009 766 2188 816 tamen
2216 761 2480 832 scriptum
2503 776 2607 830 est,
2632 765 2756 834 quia
2779 763 2969 820 Omnes
2985 765 3215 821 eamdem
3243 783 3412 820 escam

1808 851 2100 923 spiritalem
2140 855 2617 924 mauducareruut,
2659 869 2707 912 et
2737 875 2912 914 omnes
2947 862 3182 916 eumdem
3229 871 3408 935 potum

1808 945 2098 1015 spiritalem
2129 947 2360 1003 biberunt
2383 949 2425 1023 (1
2452 947 2573 1004 Cor.
2607 967 2664 1014 ι.
2694 952 2728 1008 5
2755 962 2802 1008 et
2829 952 2926 1026 4);
2957 963 3014 1009 ut
3043 954 3160 1010 istis
3189 963 3410 1010 sancto-

1808 1055 1927 1095 rum
1954 1038 2212 1098 dentibus
2255 1042 2429 1112 major
2456 1042 2674 1114 quidam
2721 1045 2898 1116 fulgor
2923 1047 3234 1113 accederet,
3268 1063 3408 1120 quos

1809 1144 1930 1204 post
1955 1134 2241 1190 transitum
2273 1135 2439 1190 maris
2466 1136 2658 1202 Rubri,
2684 1138 2920 1210 myrrha:
2949 1140 3113 1197 fontis
3139 1141 3403 1197 amaritu-

1807 1229 1935 1283 dine
1983 1242 2083 1299 per
2127 1228 2260 1300 ligni
2297 1232 2523 1302 gratiam
2557 1237 2856 1302 temperata
2892 1231 3099 1306 (Exod.
3128 1250 3196 1290 xv
3219 1276 3232 1300 ,
3261 1233 3334 1289 25
3361 1244 3410 1290 et

1807 1317 1926 1392 ετ),
1960 1322 2341 1392 cognoscimus
2371 1337 2496 1377 esse
2529 1321 2853 1390 mundatos,
2897 1325 3098 1382 deinde
3123 1325 3412 1382 duodecim

1809 1411 2040 1468 fontium
2088 1423 2256 1486 potu,
2309 1423 2587 1484 postremo
2639 1423 2810 1486 petra:
2857 1415 3159 1486 spiritalem
3212 1417 3414 1473 undam

1808 1506 2080 1562 vomentis
2108 1506 2348 1577 irriguo;
2379 1517 2528 1578 petra
2566 1510 2712 1564 enim
2749 1517 2870 1564 erat
2897 1507 3167 1564 Christus.
3209 1509 3335 1566 ldeo
3363 1519 3418 1564 et

1809 1617 2007 1658 manna
2057 1601 2524 1659 mauducaveruut
2572 1600 2780 1676 (Num.
2808 1619 2879 1659 xx
2901 1645 2915 1669 ,
2949 1603 3011 1659 ll
3039 1611 3100 1676 );
3153 1612 3210 1660 ut
3257 1605 3419 1659 toties

1810 1696 1978 1752 abluti
2009 1696 2399 1752 manducarent
2431 1712 2658 1768 panem,
2682 1708 2741 1753 ut
2770 1698 3032 1770 scriptum
3054 1707 3159 1766 est,
3191 1697 3417 1770 angelo-

1810 1808 1928 1848 rum
1961 1791 2147 1864 (Psal.
2178 1807 2390 1859 Lxxvu,
2418 1790 2489 1847 25
2510 1792 2554 1864 ).
2603 1790 2757 1849 Nune
2783 1806 3002 1864 quoque
3031 1792 3084 1848 in
3132 1791 3417 1864 Evangelii

77 1881 155 1938 Et
179 1893 240 1937 tu
269 1884 445 1938 scribe
470 1884 580 1939 [rrec
600 1885 688 1939 tibi
709 1885 1002 1955 tripliciter,
1031 1885 1086 1938 in
1106 1883 1348 1952 consilio,
1379 1894 1425 1938 et
1458 1885 1510 1937 in
1532 1882 1707 1954 cogui-
1737 1889 1787 1951 Β
1813 1887 2086 1961 mysteriis
2117 1896 2142 1924 ⁸
2187 1887 2532 1959 recognoscis
2555 1930 2568 1954 ,
2609 1888 2736 1960 quia
2773 1887 3078 1959 baptizatus
3123 1887 3255 1944 licet
3298 1897 3416 1944 toto

78 1979 225 2033 tione
272 1977 480 2051 (Prov.
511 1994 646 2046 χιιι,
669 1978 794 2052 20).
828 1979 1121 2050 Triplicem
1156 1980 1417 2049 praemisit
1446 1980 1704 2052 scriptio-

80 2087 255 2137 nem,
290 2083 351 2128 et
392 2073 502 2128 duo
561 2071 828 2140 subdidit,
872 2072 1158 2128 consilium
1199 2082 1256 2129 et
1295 2075 1702 2146 cognitionem:

79 2168 181 2222 sed
212 2167 467 2238 cognitio
498 2171 712 2241 gemina
747 2177 832 2226 est
857 2187 870 2223 :
905 2185 1009 2225 una
1039 2169 1503 2243 incorporalium,
1532 2173 1704 2227 altera

79 2261 497 2328 corporalium.

155 2355 254 2410 27.
286 2354 544 2412 Diximus
563 2355 632 2411 de
662 2356 994 2415 fecunditate
1020 2375 1033 2414 :
1063 2359 1311 2416 dicamus
1332 2359 1402 2416 de
1428 2360 1702 2416 dentibus.

86 2450 227 2506 Nam
261 2460 321 2509 et
351 2451 671 2524 navigantes
703 2454 978 2525 plerique,
1022 2463 1078 2510 et
1105 2466 1461 2525 properantes
1495 2455 1709 2528 1178

95 2545 301 2603 itinere
353 2556 614 2615 terreno,
668 2549 759 2604 ubi
817 2547 1051 2604 viderint
1102 2551 1414 2617 speciosum
1471 2550 1706 2619 aliquem

98 2640 310 2708 locum,
339 2641 720 2697 delectationis
741 2641 910 2713 gratia
931 2641 1304 2710 demorantur,
1332 2652 1559 2714 pascunt
1579 2658 1710 2698 ocu-

99 2732 210 2802 los,
239 2734 597 2806 animumque
622 2734 896 2800 allevant;
931 2751 1030 2792 nec
1055 2751 1204 2792 mora
1230 2737 1334 2791 ulla
1364 2735 1707 2792 commeandi

102 2835 353 2898 putatur,
378 2827 474 2884 sed
495 2828 668 2899 gratia
695 2847 708 2883 :
743 2830 814 2884 ita
838 2840 890 2885 et
915 2831 1071 2886 nobis
1099 2831 1498 2902 pulcherrimos
1517 2831 1710 2887 dentes

101 2922 374 2993 justarum
416 2923 720 2979 animarum
768 2925 1120 2982 considerare
1161 2925 1312 2982 cordi
1363 2935 1465 2982 est.
1516 2925 1712 2982 Docuit

104 3019 251 3074 enim
283 3019 569 3088 Scriptura
601 3019 995 3089 pulcherrimos
1033 3021 1227 3078 dentes
1255 3035 1380 3078 esse
1409 3021 1706 3091 justorum,

105 3113 297 3170 dicens
349 3113 652 3170 secundum
709 3113 950 3170 litteram
1015 3115 1231 3186 quidem
1282 3115 1349 3171 de
1403 3113 1708 3186 patriarcha

109 3204 281 3274 Juda,
331 3205 654 3277 spiritaliter
691 3215 870 3262 autem
911 3207 980 3264 de
1007 3206 1269 3264 Christo:
1318 3207 1528 3264 Hilam
1569 3209 1709 3264 oculi

1810 1996 2072 2054 corpore,
2117 1993 2302 2053 postea
2345 1991 2522 2038 tamen
2551 1996 2674 2038 esca
2719 1981 2952 2053 spiritali
2986 1991 3226 2054 potuque
3255 1996 3414 2037 mun-

1809 2075 1977 2132 daris.
2587 2119 2592 2124 .

1880 2172 1970 2229 50.
2012 2171 2207 2226 Merito
2232 2185 2362 2243 ergo
2389 2169 2559 2225 David
2589 2178 2645 2226 et
2683 2169 2872 2226 oculos
2904 2169 3194 2226 interiores
3223 2167 3414 2240 purifi-

1808 2274 1992 2328 eatos,
2038 2274 2091 2319 et
2139 2261 2335 2319 dentes
2382 2272 2655 2335 tamquam
2700 2256 3037 2320 ill’uminatos
3084 2261 3415 2334 spiritalium

1807 2357 2053 2414 dentium
2085 2355 2329 2412 candore
2368 2371 2652 2412 sermones
2681 2355 2890 2426 profert
2918 2356 3144 2412 dicens:
3173 2352 3302 2410 Feci
3321 2357 3416 2428 juo

1809 2453 2001 2508 dicium
2033 2461 2080 2504 et
2101 2451 2362 2524 justitiam
2385 2449 2544 2523 (Sup.
2570 2466 2623 2516 tt,
2655 2451 2806 2520 l2l).
2836 2448 2929 2504 Ille
2959 2458 3044 2504 est
3070 2449 3216 2504 enim
3251 2463 3416 2503 verus

1809 2544 2054 2601 dentium
2081 2543 2278 2614 fulgor,
2303 2544 2392 2598 ubi
2425 2543 2564 2599 bene
2589 2543 2690 2598 sibi
2713 2544 2948 2598 conscia:
2969 2543 3167 2598 mentis
3191 2553 3414 2598 resonat

1809 2653 2011 2695 canora
2043 2637 2338 2693 confessio.
2373 2636 2466 2692 llle
2509 2635 2744 2691 mundus
2771 2637 2993 2703 oculus,
3028 2650 3192 2707 quem
3223 2649 3417 2705 pecca-

1810 2745 1989 2792 torum
2019 2734 2262 2805 gravium
2290 2731 2471 2786 trabes
2506 2731 2648 2785 nulla
2689 2730 3059 2802 depresserit:
3093 2744 3253 2799 quem
3286 2743 3416 2799 pur-

1809 2838 2187 2902 gumentorum
2246 2823 2446 2880 levium
2492 2822 2695 2879 festuca
2744 2823 2888 2878 nulla
2933 2821 3252 2878 turbaverit.
3310 2819 3418 2875 lste

1809 2923 2002 2980 oculus
2029 2923 2081 2978 in
2108 2921 2336 2978 verbum
2376 2921 2598 2992 justitia:
2627 2917 2850 2975 defecit.
2888 2916 2992 2986 Qui
3031 2919 3175 2972 enim
3211 2915 3418 2970 Clu-isto

1809 3019 2061 3085 adliceret,
2089 3034 2222 3072 unus
2250 3027 2323 3072 est
2349 3016 2564 3088 spiritus
2595 3013 2652 3084 (1
2679 3011 2799 3069 Cor.
2829 3027 2906 3077 VI,
2938 3008 3067 3082 l7).
3101 3009 3168 3064 Et
3195 3009 3415 3064 Balaam

1811 3113 2027 3186 petebat
2076 3121 2134 3167 ut
2190 3111 2371 3167 anima
2413 3123 2509 3165 sua
2549 3108 2808 3164 deficeret
2836 3107 2887 3162 in
2921 3104 3417 3175 animisjustorum

1809 3206 2012 3282 (Num.
2043 3221 2196 3271 χχιιι,
2235 3203 2370 3276 l0),
2420 3200 2472 3258 id
2500 3209 2618 3268 est,
2653 3210 2708 3256 ut
2757 3198 2960 3270 proprii
3004 3197 3420 3254 oblivisceretur

108 3302 222 3373 ejus
251 3319 283 3355 a
308 3300 447 3365 vino,
473 3311 520 3355 et
541 3301 714 3357 dentes
742 3301 876 3356 sicut
915 3302 996 3356 lac
1021 3302 1174 3373 (Gen.
1202 3319 1350 3370 xux,
1375 3302 1486 3374 ιε).
1513 3302 1568 3357 1η
1595 3317 1706 3374 quo
1733 3287 1780 3352 C
1811 3302 2016 3360 erroris
2044 3319 2056 3357 :
2095 3299 2310 3373 1179
2340 3297 2484 3368 quod
2526 3310 2683 3351 suum
2711 3304 2824 3350 erat
2845 3339 2860 3362 ,
2896 3293 3193 3365 deponeret
3226 3312 3238 3346 :
3272 3291 3416 3363 quod

118 3408 222 3449 non
255 3394 440 3465 utique
464 3394 643 3449 carnis
665 3393 915 3450 humana:
945 3395 1144 3462 ofﬁcia,
1172 3397 1264 3452 sed
1291 3396 1488 3452 divina:
1519 3397 1706 3467 gratia:

113 3499 332 3540 munera
361 3485 702 3555 prtcdicavit.
736 3485 903 3542 Docet
932 3488 1096 3558 igitur
1132 3488 1472 3559 exemplum,
1503 3487 1700 3544 dentes

129 3594 229 3635 non
256 3593 375 3636 esse
404 3579 836 3650 pt'tetereundos,
870 3580 956 3637 ubi
988 3579 1057 3638 de
1082 3581 1255 3638 oculis
1283 3581 1603 3638 dixerimus.

182 3675 270 3731 28.
309 3677 407 3743 Qui
452 3685 581 3734 sunt
620 3676 786 3748 igitur
831 3677 1101 3749 justarum
1146 3677 1337 3734 dentes
1378 3679 1705 3744 animarum,

121 3768 219 3824 nisi
242 3771 332 3842 qui
363 3770 649 3827 informem
678 3787 744 3827 ac
775 3771 972 3828 durum
1003 3772 1336 3843 accipientes
1377 3773 1591 3836 cibum,
1623 3772 1706 3828 vel

127 3863 368 3935 frigidum
424 3866 777 3938 plerumque,
825 3868 911 3922 vel
961 3881 1124 3938 supra
1175 3865 1394 3922 modum
1440 3867 1708 3922 calentem

129 3974 263 4017 nunc
303 3961 702 4026 comminuunt,
737 3976 877 4015 nunc
909 3961 1128 4023 fovent,
1178 3975 1320 4015 nunc
1368 3969 1704 4032 temperant,

129 4061 280 4123 prout
321 4053 548 4123 qualitas
598 4052 774 4108 fuerit
823 4051 1249 4109 alimentorum?
1295 4053 1437 4108 Dura
1485 4051 1711 4106 commi-

131 4154 320 4212 nuunt,
351 4162 417 4202 ne
442 4147 707 4216 asperitas
736 4148 929 4202 litterae
958 4150 1012 4202 in
1038 4146 1210 4203 veteri
1244 4146 1626 4212 Testamento,
1655 4153 1712 4202 et

141 4237 399 4293 smcularis
429 4237 737 4294 intellectus
767 4238 916 4309 rigor
935 4281 949 4302 ,
974 4239 1075 4293 nisi
1107 4238 1272 4294 fuerit
1297 4238 1525 4308 spiritali
1547 4238 1712 4295 dente

139 4331 410 4397 resolutus,
439 4331 619 4386 vitalia
643 4331 762 4402 ipsa
787 4331 1102 4388 interclusis
1123 4333 1367 4388 ciborum
1397 4331 1710 4388 salutarium

142 4423 420 4491 meatibus,
453 4433 509 4480 et
537 4424 716 4496 gulam
745 4426 1032 4496 quamdam
1063 4425 1259 4481 anima:
1288 4419 1556 4480 incuriosa
1584 4424 1713 4480 eda-

139 4518 288 4573 citate
316 4517 563 4578 sufl‘ocet.
595 4519 699 4575 Par
730 4529 812 4576 est
851 4521 1016 4590 igitur
1043 4529 1098 4575 ut
1129 4519 1339 4576 dividas
1371 4520 1632 4590 primum,
1665 4521 1710 4576 si

140 4610 293 4666 solida
323 4613 413 4668 tibi
459 4612 674 4670 videtur
703 4629 826 4670 esca
862 4630 983 4684 quae
1009 4615 1272 4678 sumitur,
1310 4623 1364 4669 et
1408 4615 1711 4686 distinguas

1808 3398 2034 3472 justitize
2077 3405 2131 3452 et
2159 3393 2460 3468 aequitatis,
2491 3400 2813 3448 assumeret.
2863 3388 2972 3446 Sed
3003 3386 3420 3460 progrediamur

1809 3495 1878 3550 ad
1903 3502 2126 3549 caetera.

1881 3588 1972 3644 5l.
2009 3587 2198 3658 (V'ers.
2226 3583 2381 3656 121.)
2420 3583 2715 3655 Sequitur:
2750 3580 2860 3636 Fac
2887 3597 3002 3635 cum
3034 3595 3180 3635 servo
3211 3588 3298 3633 tuo
3339 3595 3421 3634 se-

1810 3684 2039 3741 euadunt
2067 3680 2474 3737 misericordiam
2498 3687 2661 3745 tuam,
2687 3687 2734 3732 et
2752 3676 2989 3752 justitias
3025 3685 3137 3730 tuas
3157 3674 3283 3729 doce
3310 3688 3417 3727 rue.

1812 3778 2138 3836 Prtestruxit
2163 3777 2330 3841 viam,
2353 3783 2407 3831 et
2428 3772 2924 3829 commendationis
2948 3787 3060 3825 suae
3083 3771 3418 3826 incrementa
3476 3797 3489 3816 .

1814 3870 2185 3944 praesumpsit.
2221 3868 2396 3938 Supra
2438 3865 2690 3938 poposcit
2728 3879 2795 3919 ne
2828 3863 3148 3919 nocentibus
3177 3861 3420 3916 tradere-

1812 3965 2078 4037 tur(Sup.
2108 3979 2190 4017 vv.
2212 3961 2312 4018 lSl
2335 3970 2384 4016 et
2411 3960 2539 4031 122)
2564 3979 2578 4014 :
2611 3959 2808 4015 iterum
2843 3958 2999 4028 petiit
3027 3966 3085 4012 ut
3110 3955 3415 4024 suscipere-

1816 4069 1902 4114 tur
1931 4059 1984 4113 in
2017 4058 2188 4119 bono;
2221 4070 2288 4110 ne
2314 4053 2776 4108 calumniarentur
2801 4051 2849 4105 ei
2874 4048 3122 4120 superbi,
3154 4046 3258 4102 hoc
3287 4055 3372 4100 est
3397 4061 3412 4101 :

1813 4152 1932 4208 Non
1979 4149 2195 4206 decline
2232 4147 2532 4218 judicium,
2561 4143 2655 4198 sed
2687 4143 3011 4200 calumniam
3048 4137 3416 4210 perfidorum;

1817 4244 1892 4300 illi
1938 4243 2084 4298 enim
2121 4240 2366 4312 judicare
2407 4238 2692 4302 nesciunt,
2741 4233 3061 4291 ealunmiari
3105 4233 3306 4288 sciunt.
3338 4230 3420 4286 Ad

1819 4347 1870 4392 te
1911 4335 2197 4406 confugio,
2241 4333 2332 4406 qui
2370 4333 2509 4388 nosti
2541 4329 2570 4369 ι’
2602 4338 2998 4399 repracsentare
3039 4325 3325 4396 judicium.
3358 4325 3424 4380 Et

1818 4429 1956 4487 bene
1986 4446 2092 4484 non
2120 4429 2236 4484 vult
2256 4424 2743 4484 calumniatoribus
2771 4423 2938 4490 tradi;
2969 4421 3135 4477 multa
3153 4419 3296 4474 enim
3319 4417 3423 4474 Job

1815 4538 2014 4598 passus
2039 4521 2344 4592 estjustus,
2370 4527 2654 4590 postquam
2684 4515 2912 4572 traditus
2938 4522 3022 4570 est
3043 4510 3282 4568 nocenti.
3314 4509 3419 4567 Sed

1815 4617 2038 4676 difficile
2083 4616 2182 4672 fuit
2228 4613 2358 4670 illud
2409 4622 2464 4667 et
2504 4610 2709 4682 grande
2754 4605 3212 4675 certamenUob.
3245 4619 3303 4669 ιι,
3337 4602 3422 4674 6),

144 4718 269 4774 eam,
298 4717 452 4779 atque
498 4708 796 4763 emollitam
829 4709 949 4764 sine
994 4724 1134 4764 noxa
1189 4708 1366 4780 aliqua
1413 4710 1607 4764 animae
1655 4711 1706 4765 in
1734 4694 1788 4756 Ῑ)
1813 4713 1956 4784 quod
1991 4709 2095 4764 nisi
2125 4707 2229 4764 Job
2266 4707 2430 4760 nimia
2476 4703 2732 4775 patientia
2772 4700 2912 4755 haud
2946 4698 3100 4754 facile
3133 4698 3419 4768 quisquam

146 4801 301 4854 omnia
329 4802 445 4872 ejus
475 4802 716 4858 membra
748 4803 984 4858 naturali
1027 4802 1298 4859 divisione
1325 4803 1708 4869 transfundas;

147 4901 201 4946 ut
225 4894 416 4950 vitalem
445 4910 668 4952 succum
695 4911 859 4953 omne
885 4897 1003 4968 ejus
1032 4912 1230 4970 corpus
1261 4899 1534 4970 epuletur.
1567 4897 1711 4953 Nihil

151 4987 505 5045 cadaverosum
525 5032 538 5055 ,
571 4992 705 5046 nihil
736 5000 1008 5048 mortuum
1036 5007 1132 5048 ore
1163 5001 1256 5047 tuo
1285 5006 1471 5046 sumas
1490 5034 1506 5059 ,
1536 5006 1604 5045 ne
1631 4991 1714 5045 di-

155 5090 318 5138 catur:
348 5083 650 5154 Sepulcrum
679 5094 858 5156 patens
887 5097 960 5141 est
989 5096 1172 5160 guttur
1198 5102 1373 5141 eorum
1405 5083 1577 5157 (Psat.
1595 5100 1709 5149 xm,

154 5173 242 5247 5):
268 5179 350 5234 sed
393 5180 572 5235 vivum
625 5179 842 5236 haurias
885 5182 1145 5247 verbum;
1175 5191 1236 5237 ut
1279 5181 1333 5236 in
1376 5189 1482 5236 tua:
1517 5180 1712 5237 mentis

155 5270 416 5332 visceribus
453 5275 624 5346 possit
651 5278 890 5348 operari.

220 5412 241 5440 “
275 5405 427 5474 Edit.,
455 5409 784 5480 recognoscis
815 5408 1098 5476 baptizatos
1138 5409 1278 5464 licet.
1315 5449 1329 5462 .
1360 5446 1372 5458 .
1403 5448 1416 5462 .
1449 5407 1715 5480 mandari.

163 5472 268 5530 Mss.
289 5472 598 5535 vero'nobis'
615 5472 908 5534 coneinuu't
936 5481 1174 5548 exceptis
1220 5480 1438 5550 paucis,
1474 5478 1563 5532 ubi
1591 5493 1711 5547 pro,

166 5554 252 5600 toto
272 5567 507 5622 corpore,
556 5551 782 5620 legitur,
815 5551 971 5605 tincto
1018 5567 1253 5620 corpore.
1308 5551 1493 5606 Potest
1530 5560 1714 5622 autem

167 5619 380 5677 utrolibet
412 5621 574 5678 modo
604 5619 719 5678 litec
749 5622 936 5693 ultima
973 5619 1118 5693 pars
1139 5623 1380 5689 admitti;
1433 5619 1611 5693 potior
1639 5629 1718 5674 ta-

170 5702 281 5764 nien,
310 5693 512 5749 videtur
562 5696 731 5764 prima
777 5692 1218 5749 lectio.’F.tenim
1276 5709 1384 5749 non
1431 5692 1605 5764 solum
1652 5707 1712 5747 ea

173 5758 450 5836 baptismum
498 5758 594 5836 per
638 5767 1042 5822 immersionem
1087 5765 1451 5820 administrari
1498 5763 1714 5836 Solitum

172 5831 425 5908 signiticet:
457 5831 551 5892 sed
589 5840 750 5892 etiam
781 5837 1326 5908 opponiturineptia:
1357 5833 1712 5908 quorumdam

175 5897 524 5974 haereticorum,
552 5909 644 5980 qui
669 5897 894 5966 cunctas
918 5904 1163 5980 corporis
1193 5897 1713 5980 partes'inliciaban-

1815 4817 2076 4876 superare
2123 4800 2424 4872 potuisset;
2464 4806 2642 4852 tamen
2691 4795 2782 4851 ille
2811 4809 2916 4848 non
2950 4801 3095 4846 totus
3137 4799 3220 4846 est
3256 4789 3426 4845 tradi-

1815 4911 1903 4954 tus
1928 4939 1943 4964 ,
1991 4895 2087 4952 sed
2120 4892 2344 4950 meliore
2383 4900 2641 4960 exceptus
2684 4897 2767 4945 eSt
2801 4885 3068 4958 portione.
3111 4883 3214 4950 Qui
3249 4882 3417 4938 dicit:

1817 4991 1942 5047 Non
1973 4995 2151 5045 tradas
2177 5004 2257 5041 me
2278 4987 2440 5062 (Sup.
2464 5000 2510 5040 υ.
2541 4984 2688 5057 121),
2712 4997 2833 5053 quae
2869 4980 3092 5051 majora
3117 4987 3244 5034 sunt
3271 4992 3422 5034 com-

1817 5084 2126 5158 prehendit.
2180 5081 2310 5136 Plus
2357 5088 2537 5134 autem
2589 5077 2640 5132 iu
2685 5075 2907 5140 anima,
2948 5087 3106 5144 quam
3159 5071 3212 5126 in
3254 5085 3420 5125 carne

1816 5195 2038 5246 sumus;
2062 5177 2222 5250 justis
2252 5175 2397 5230 enim
2429 5172 2662 5226 dicitur:
2701 5168 2808 5224 Vos
2853 5176 3024 5222 autem
3057 5180 3160 5219 uou
3201 5163 3324 5218 estis
3366 5163 3420 5217 in

1816 5293 2000 5343 carne,
2049 5271 2138 5328 sed
2169 5271 2224 5324 in
2253 5268 2441 5340 spiritu
2471 5263 2661 5339 (Rom.
2684 5279 2802 5332 vttt,
2830 5261 2918 5335 9).
2949 5259 3114 5316 Tradi
3145 5273 3274 5329 ergo
3301 5257 3420 5310 ani-

1828 5417 1918 5464 tur
1953 5422 2076 5465 esse
2105 5402 2446 5467 abluendas;
2494 5409 2552 5454 ut
2595 5396 2976 5454 'l'beodoretus
3006 5391 3176 5467 libitv
3222 5386 3420 5467 Haeret2

1822 5460 2339 5550 moui-auctorem.
2475 5470 2977 5550 imm_ersioue_vero
3015 5464 3185 5550 fusius
3216 5471 3353 5550 tom.-
3366 5460 3420 5550 _ll

1823 5538 2144 5608 'Ambrosius
2169 5549 2262 5604 lib.
2295 5550 2369 5604 De
2391 5544 2660 5617 Mysteriis
2681 5540 2853 5617 cap}:
2871 5580 2886 5602 ,
2919 5545 2974 5590 et
3002 5538 3422 5617 auctor-tracta-

1821 5603 2384 5679 iig'lt'e'sdémmmi.
2414 5603 2507 5672 lib.
2536 5631 2596 5680 ιι,
2627 5603 2763 5684 θερί
2781 5611 2837 5672 7,
2869 5622 3006 5677 quos
3029 5603 3268 5684 consule.

1893 5673 2365 5768 ἵὶιῷἓλέέέἠέᾳέε,
2376 5673 2640 5768 judicium
2665 5673 2806 5767 idem
2831 5673 2925 5768 est
2944 5687 3113 5768 atque
3124 5673 3414 5768 exhibere,

1822 5782 1920 5824 seu
2346 5745 2488 5817 ferre
2528 5756 2814 5828 judicium.
2856 5749 2992 5805 Cod.
3024 5745 3242 5802 'Theod.
3299 5757 3414 5808 vtu,

1821 5839 1906 5896 tit.
1940 5840 2005 5896 18
2025 5834 2188 5907 {lege
2212 5834 2304 5889 42.
