  <div class='ocr_page' id='page_1' title='image "/cluster/home/n/w/nwhite01/storage/ocr_20150623/15/hvd.32044015471311/133.png"; bbox 0 0 4104 6350; ppageno 0'>
   <div class='ocr_carea' id='block_1_1' title="bbox 551 329 692 391">
    <p class='ocr_par' dir='ltr' id='par_1_1' title="bbox 551 329 692 391">
     <span class='ocr_line' id='line_1_1' title="bbox 551 329 692 391; baseline 0.043 -6"><span class='ocrx_word' id='word_1_1' title='bbox 551 329 692 391; x_wconf 63' lang='grc'><strong>1459</strong></span> 
     </span>
    </p>
   </div>
   <div class='ocr_carea' id='block_1_2' title="bbox 1920 334 2519 395">
    <p class='ocr_par' dir='ltr' id='par_1_2' title="bbox 1920 334 2519 395">
     <span class='ocr_line' id='line_1_2' title="bbox 1920 334 2519 395; baseline 0.002 -2"><span class='ocrx_word' id='word_1_2' title='bbox 1920 338 2003 393; x_wconf 76' lang='lat' dir='ltr'><strong>SA</strong></span> <span class='ocrx_word' id='word_1_3' title='bbox 2012 334 2167 395; x_wconf 71' lang='lat' dir='ltr'><strong>NCT]</strong></span> <span class='ocrx_word' id='word_1_4' title='bbox 2205 335 2519 394; x_wconf 74' lang='lat' dir='ltr'><strong>AMBROSII</strong></span> 
     </span>
    </p>
   </div>
   <div class='ocr_carea' id='block_1_3' title="bbox 3716 344 3855 400">
    <p class='ocr_par' dir='ltr' id='par_1_3' title="bbox 3716 344 3855 400">
     <span class='ocr_line' id='line_1_3' title="bbox 3716 344 3855 400; baseline -0.014 0"><span class='ocrx_word' id='word_1_5' title='bbox 3716 344 3855 400; x_wconf 62' lang='grc' dir='ltr'><strong>ἨΟ</strong></span> 
     </span>
    </p>
   </div>
   <div class='ocr_carea' id='block_1_4' title="bbox 543 450 3856 531">
    <p class='ocr_par' dir='ltr' id='par_1_4' title="bbox 543 450 3856 531">
     <span class='ocr_line' id='line_1_4' title="bbox 543 450 3856 531; baseline 0.003 -24"><span class='ocrx_word' id='word_1_6' title='bbox 543 459 665 507; x_wconf 85' lang='lat' dir='ltr'><strong>tura</strong></span> <span class='ocrx_word' id='word_1_7' title='bbox 698 450 1030 524; x_wconf 88' lang='lat' dir='ltr'><strong>hujusmodi,</strong></span> <span class='ocrx_word' id='word_1_8' title='bbox 1074 462 1132 509; x_wconf 92' lang='lat' dir='ltr'><strong>ut</strong></span> <span class='ocrx_word' id='word_1_9' title='bbox 1157 455 1203 509; x_wconf 87' lang='lat' dir='ltr'><strong>si</strong></span> <span class='ocrx_word' id='word_1_10' title='bbox 1251 451 1421 525; x_wconf 84' lang='lat' dir='ltr'><strong>polire</strong></span> <span class='ocrx_word' id='word_1_11' title='bbox 1454 462 1509 508; x_wconf 91' lang='lat' dir='ltr'><strong>et</strong></span> <span class='ocrx_word' id='word_1_12' title='bbox 1544 452 1781 524; x_wconf 86' lang='lat' dir='ltr'><strong>levigare</strong></span> <span class='ocrx_word' id='word_1_13' title='bbox 1810 467 1934 510; x_wconf 90' lang='lat' dir='ltr'><strong>eum</strong></span> <span class='ocrx_word' id='word_1_14' title='bbox 1978 453 2142 521; x_wconf 87' lang='lat' dir='ltr'><strong>velis,</strong></span> <span class='ocrx_word' id='word_1_15' title='bbox 2175 463 2227 523; x_wconf 77' lang='grc' dir='ltr'><strong>Α</strong></span> <span class='ocrx_word' id='word_1_16' title='bbox 2251 467 2345 509; x_wconf 88' lang='lat' dir='ltr'><strong>sus</strong></span> <span class='ocrx_word' id='word_1_17' title='bbox 2376 463 2483 510; x_wconf 90' lang='lat' dir='ltr'><strong>est.</strong></span> <span class='ocrx_word' id='word_1_18' title='bbox 2538 452 2647 511; x_wconf 83' lang='lat' dir='ltr'><strong>Nec</strong></span> <span class='ocrx_word' id='word_1_19' title='bbox 2691 457 2966 514; x_wconf 87' lang='lat' dir='ltr'><strong>immerito</strong></span> <span class='ocrx_word' id='word_1_20' title='bbox 2997 459 3061 513; x_wconf 87' lang='lat' dir='ltr'><strong>ad</strong></span> <span class='ocrx_word' id='word_1_21' title='bbox 3110 458 3289 514; x_wconf 81' lang='lat' dir='ltr'><strong>omnia</strong></span> <span class='ocrx_word' id='word_1_22' title='bbox 3326 469 3593 531; x_wconf 67' lang='lat' dir='ltr'><strong>prrecepta</strong></span> <span class='ocrx_word' id='word_1_23' title='bbox 3642 458 3856 519; x_wconf 81' lang='lat' dir='ltr'><strong>Domini</strong></span> 
     </span>
    </p>
   </div>
   <div class='ocr_carea' id='block_1_5' title="bbox 546 544 2136 619">
    <p class='ocr_par' dir='ltr' id='par_1_5' title="bbox 546 544 2136 619">
     <span class='ocr_line' id='line_1_5' title="bbox 546 544 2136 619; baseline 0.003 -22"><span class='ocrx_word' id='word_1_24' title='bbox 546 553 828 615; x_wconf 88' lang='lat' dir='ltr'><strong>asperetur</strong></span> <span class='ocrx_word' id='word_1_25' title='bbox 853 546 1046 617; x_wconf 88' lang='lat' dir='ltr'><strong>magis,</strong></span> <span class='ocrx_word' id='word_1_26' title='bbox 1072 554 1125 602; x_wconf 89' lang='lat' dir='ltr'><strong>et</strong></span> <span class='ocrx_word' id='word_1_27' title='bbox 1154 559 1255 601; x_wconf 88' lang='lat' dir='ltr'><strong>usu</strong></span> <span class='ocrx_word' id='word_1_28' title='bbox 1277 544 1556 601; x_wconf 77' lang='lat' dir='ltr'><strong>minuitur.</strong></span> <span class='ocrx_word' id='word_1_29' title='bbox 1585 545 1873 602; x_wconf 82' lang='lat' dir='ltr'><strong>Estantem</strong></span> <span class='ocrx_word' id='word_1_30' title='bbox 1902 545 2136 619; x_wconf 88' lang='lat' dir='ltr'><strong>quodam</strong></span> 
     </span>
    </p>
   </div>
   <div class='ocr_carea' id='block_1_6' title="bbox 539 638 2146 712">
    <p class='ocr_par' dir='ltr' id='par_1_6' title="bbox 539 638 2146 712">
     <span class='ocr_line' id='line_1_6' title="bbox 539 638 2146 712; baseline 0.002 -18"><span class='ocrx_word' id='word_1_31' title='bbox 539 638 764 709; x_wconf 89' lang='lat' dir='ltr'><strong>genitali</strong></span> <span class='ocrx_word' id='word_1_32' title='bbox 784 653 969 709; x_wconf 71' lang='lat' dir='ltr'><strong>operte</strong></span> <span class='ocrx_word' id='word_1_33' title='bbox 1001 648 1206 694; x_wconf 66' lang='lat' dir='ltr'><strong>natura:</strong></span> <span class='ocrx_word' id='word_1_34' title='bbox 1232 639 1560 712; x_wconf 87' lang='lat' dir='ltr'><strong>euglyphus,</strong></span> <span class='ocrx_word' id='word_1_35' title='bbox 1590 640 1691 696; x_wconf 92' lang='lat' dir='ltr'><strong>hoc</strong></span> <span class='ocrx_word' id='word_1_36' title='bbox 1712 650 1817 709; x_wconf 88' lang='lat' dir='ltr'><strong>est,</strong></span> <span class='ocrx_word' id='word_1_37' title='bbox 1848 650 1874 678; x_wconf 65' lang='grc' dir='ltr'><strong>Α</strong></span> <span class='ocrx_word' id='word_1_38' title='bbox 1898 641 2035 698; x_wconf 83' lang='lat' dir='ltr'><strong>bene</strong></span> <span class='ocrx_word' id='word_1_39' title='bbox 2061 643 2146 698; x_wconf 85' lang='lat' dir='ltr'><strong>in-</strong></span> 
     </span>
    </p>
   </div>
   <div class='ocr_carea' id='block_1_7' title="bbox 543 730 2143 807">
    <p class='ocr_par' dir='ltr' id='par_1_7' title="bbox 543 730 2143 807">
     <span class='ocr_line' id='line_1_7' title="bbox 543 730 2143 807; baseline 0.004 -21"><span class='ocrx_word' id='word_1_40' title='bbox 543 730 775 802; x_wconf 83' lang='lat' dir='ltr'><strong>signitus</strong></span> <span class='ocrx_word' id='word_1_41' title='bbox 814 741 977 803; x_wconf 85' lang='lat' dir='ltr'><strong>alque</strong></span> <span class='ocrx_word' id='word_1_42' title='bbox 1006 732 1271 788; x_wconf 86' lang='lat' dir='ltr'><strong>mirabilis</strong></span> <span class='ocrx_word' id='word_1_43' title='bbox 1302 750 1313 785; x_wconf 94' lang='lat'><strong>:</strong></span> <span class='ocrx_word' id='word_1_44' title='bbox 1338 743 1387 789; x_wconf 91' lang='lat' dir='ltr'><strong>et</strong></span> <span class='ocrx_word' id='word_1_45' title='bbox 1418 744 1475 788; x_wconf 87' lang='grc' dir='ltr'><strong>ιιι</strong></span> <span class='ocrx_word' id='word_1_46' title='bbox 1501 749 1714 791; x_wconf 90' lang='lat' dir='ltr'><strong>summo</strong></span> <span class='ocrx_word' id='word_1_47' title='bbox 1744 734 1924 791; x_wconf 90' lang='lat' dir='ltr'><strong>studio</strong></span> <span class='ocrx_word' id='word_1_48' title='bbox 1946 735 2143 807; x_wconf 85' lang='lat' dir='ltr'><strong>dignus</strong></span> 
     </span>
    </p>
   </div>
   <div class='ocr_carea' id='block_1_8' title="bbox 550 823 2146 901">
    <p class='ocr_par' dir='ltr' id='par_1_8' title="bbox 550 823 2146 901">
     <span class='ocr_line' id='line_1_8' title="bbox 550 823 2146 901; baseline 0.004 -20"><span class='ocrx_word' id='word_1_49' title='bbox 550 823 865 891; x_wconf 81' lang='lat' dir='ltr'><strong>haberetur,</strong></span> <span class='ocrx_word' id='word_1_50' title='bbox 894 824 1118 882; x_wconf 81' lang='lat' dir='ltr'><strong>difficile</strong></span> <span class='ocrx_word' id='word_1_51' title='bbox 1168 826 1440 883; x_wconf 78' lang='lat' dir='ltr'><strong>invenitur</strong></span> <span class='ocrx_word' id='word_1_52' title='bbox 1468 846 1481 883; x_wconf 90' lang='lat'><strong>:</strong></span> <span class='ocrx_word' id='word_1_53' title='bbox 1510 838 1565 885; x_wconf 90' lang='lat' dir='ltr'><strong>et</strong></span> <span class='ocrx_word' id='word_1_54' title='bbox 1610 840 1876 901; x_wconf 87' lang='lat' dir='ltr'><strong>repertus,</strong></span> <span class='ocrx_word' id='word_1_55' title='bbox 1910 847 2035 887; x_wconf 89' lang='lat' dir='ltr'><strong>raro</strong></span> <span class='ocrx_word' id='word_1_56' title='bbox 2065 842 2146 888; x_wconf 89' lang='lat' dir='ltr'><strong>ta-</strong></span> 
     </span>
    </p>
   </div>
   <div class='ocr_carea' id='block_1_9' title="bbox 544 925 2143 1002">
    <p class='ocr_par' dir='ltr' id='par_1_9' title="bbox 544 925 2143 1002">
     <span class='ocr_line' id='line_1_9' title="bbox 544 925 2143 1002; baseline 0.004 -22"><span class='ocrx_word' id='word_1_57' title='bbox 544 940 668 981; x_wconf 92' lang='lat' dir='ltr'><strong>men</strong></span> <span class='ocrx_word' id='word_1_58' title='bbox 692 926 746 981; x_wconf 90' lang='lat' dir='ltr'><strong>in</strong></span> <span class='ocrx_word' id='word_1_59' title='bbox 778 941 877 981; x_wconf 90' lang='lat' dir='ltr'><strong>usu</strong></span> <span class='ocrx_word' id='word_1_60' title='bbox 908 925 1191 982; x_wconf 87' lang='lat' dir='ltr'><strong>hominum</strong></span> <span class='ocrx_word' id='word_1_61' title='bbox 1214 936 1319 995; x_wconf 91' lang='lat' dir='ltr'><strong>est,</strong></span> <span class='ocrx_word' id='word_1_62' title='bbox 1348 928 1505 999; x_wconf 90' lang='lat' dir='ltr'><strong>quasi</strong></span> <span class='ocrx_word' id='word_1_63' title='bbox 1529 929 1575 983; x_wconf 89' lang='lat' dir='ltr'><strong>is</strong></span> <span class='ocrx_word' id='word_1_64' title='bbox 1602 944 1761 1002; x_wconf 88' lang='lat' dir='ltr'><strong>quem</strong></span> <span class='ocrx_word' id='word_1_65' title='bbox 1784 929 1936 986; x_wconf 89' lang='lat' dir='ltr'><strong>dives</strong></span> <span class='ocrx_word' id='word_1_66' title='bbox 1958 930 2143 1002; x_wconf 82' lang='lat' dir='ltr'><strong>regina</strong></span> 
     </span>
    </p>
   </div>
   <div class='ocr_carea' id='block_1_10' title="bbox 546 1017 856 1074">
    <p class='ocr_par' dir='ltr' id='par_1_10' title="bbox 546 1017 856 1074">
     <span class='ocr_line' id='line_1_10' title="bbox 546 1017 856 1074; baseline -0.003 -1"><span class='ocrx_word' id='word_1_67' title='bbox 546 1019 741 1074; x_wconf 88' lang='lat' dir='ltr'><strong>mirata</strong></span> <span class='ocrx_word' id='word_1_68' title='bbox 767 1017 856 1074; x_wconf 87' lang='lat' dir='ltr'><strong>sit.</strong></span> 
     </span>
    </p>
   </div>
   <div class='ocr_carea' id='block_1_11' title="bbox 610 1111 2143 1189">
    <p class='ocr_par' dir='ltr' id='par_1_11' title="bbox 610 1111 2143 1189">
     <span class='ocr_line' id='line_1_11' title="bbox 610 1111 2143 1189; baseline 0.004 -22"><span class='ocrx_word' id='word_1_69' title='bbox 610 1112 702 1170; x_wconf 78' lang='grc'><strong>45.</strong></span> <span class='ocrx_word' id='word_1_70' title='bbox 744 1111 853 1169; x_wconf 85' lang='lat' dir='ltr'><strong>Sed</strong></span> <span class='ocrx_word' id='word_1_71' title='bbox 875 1113 986 1184; x_wconf 92' lang='lat' dir='ltr'><strong>jam</strong></span> <span class='ocrx_word' id='word_1_72' title='bbox 1011 1113 1153 1170; x_wconf 86' lang='lat' dir='ltr'><strong>sicut</strong></span> <span class='ocrx_word' id='word_1_73' title='bbox 1176 1114 1522 1189; x_wconf 78' lang='lat' dir='ltr'><strong>Troglodytze</strong></span> <span class='ocrx_word' id='word_1_74' title='bbox 1553 1115 1627 1172; x_wconf 90' lang='lat' dir='ltr'><strong>illi</strong></span> <span class='ocrx_word' id='word_1_75' title='bbox 1651 1117 1807 1187; x_wconf 86' lang='lat' dir='ltr'><strong>quasi</strong></span> <span class='ocrx_word' id='word_1_76' title='bbox 1834 1116 2010 1188; x_wconf 91' lang='lat' dir='ltr'><strong>pretio</strong></span> <span class='ocrx_word' id='word_1_77' title='bbox 2030 1131 2143 1173; x_wconf 66' lang='lat' dir='ltr'><strong>sua:</strong></span> 
     </span>
    </p>
   </div>
   <div class='ocr_carea' id='block_1_12' title="bbox 542 1204 2145 1279">
    <p class='ocr_par' dir='ltr' id='par_1_12' title="bbox 542 1204 2145 1279">
     <span class='ocr_line' id='line_1_12' title="bbox 542 1204 2145 1279; baseline 0.004 -19"><span class='ocrx_word' id='word_1_78' title='bbox 542 1204 907 1261; x_wconf 89' lang='lat' dir='ltr'><strong>remansionis</strong></span> <span class='ocrx_word' id='word_1_79' title='bbox 939 1207 1182 1275; x_wconf 87' lang='lat' dir='ltr'><strong>invento,</strong></span> <span class='ocrx_word' id='word_1_80' title='bbox 1211 1209 1550 1279; x_wconf 91' lang='lat' dir='ltr'><strong>rcpetierunt</strong></span> <span class='ocrx_word' id='word_1_81' title='bbox 1578 1208 1823 1277; x_wconf 89' lang='lat' dir='ltr'><strong>domum,</strong></span> <span class='ocrx_word' id='word_1_82' title='bbox 1869 1209 1940 1265; x_wconf 89' lang='lat' dir='ltr'><strong>ita</strong></span> <span class='ocrx_word' id='word_1_83' title='bbox 1969 1222 2022 1266; x_wconf 87' lang='lat' dir='ltr'><strong>et</strong></span> <span class='ocrx_word' id='word_1_84' title='bbox 2045 1224 2145 1266; x_wconf 90' lang='lat' dir='ltr'><strong>nos</strong></span> 
     </span>
    </p>
   </div>
   <div class='ocr_carea' id='block_1_13' title="bbox 540 1298 2145 1374">
    <p class='ocr_par' dir='ltr' id='par_1_13' title="bbox 540 1298 2145 1374">
     <span class='ocr_line' id='line_1_13' title="bbox 540 1298 2145 1374; baseline 0.005 -21"><span class='ocrx_word' id='word_1_85' title='bbox 540 1298 913 1355; x_wconf 83' lang='lat' dir='ltr'><strong>emolumento</strong></span> <span class='ocrx_word' id='word_1_86' title='bbox 943 1315 1111 1355; x_wconf 69' lang='lat' dir='ltr'><strong>mora:</strong></span> <span class='ocrx_word' id='word_1_87' title='bbox 1153 1299 1315 1371; x_wconf 86' lang='lat' dir='ltr'><strong>hujus</strong></span> <span class='ocrx_word' id='word_1_88' title='bbox 1343 1314 1563 1374; x_wconf 88' lang='lat' dir='ltr'><strong>recepto</strong></span> <span class='ocrx_word' id='word_1_89' title='bbox 1592 1302 1881 1360; x_wconf 84' lang='lat' dir='ltr'><strong>redeamus</strong></span> <span class='ocrx_word' id='word_1_90' title='bbox 1911 1320 1977 1359; x_wconf 90' lang='lat' dir='ltr'><strong>eo</strong></span> <span class='ocrx_word' id='word_1_91' title='bbox 1999 1304 2145 1361; x_wconf 90' lang='lat' dir='ltr'><strong>unde</strong></span> 
     </span>
    </p>
   </div>
   <div class='ocr_carea' id='block_1_14' title="bbox 532 1387 2145 1466">
    <p class='ocr_par' dir='ltr' id='par_1_14' title="bbox 532 1387 2145 1466">
     <span class='ocr_line' id='line_1_14' title="bbox 532 1387 2145 1466; baseline 0.005 -22"><span class='ocrx_word' id='word_1_92' title='bbox 532 1387 881 1447; x_wconf 81' lang='lat' dir='ltr'><strong>divertimus.</strong></span> <span class='ocrx_word' id='word_1_93' title='bbox 907 1390 1018 1447; x_wconf 90' lang='lat' dir='ltr'><strong>Nec</strong></span> <span class='ocrx_word' id='word_1_94' title='bbox 1040 1406 1138 1464; x_wconf 90' lang='lat' dir='ltr'><strong>par</strong></span> <span class='ocrx_word' id='word_1_95' title='bbox 1161 1401 1247 1448; x_wconf 88' lang='lat' dir='ltr'><strong>est</strong></span> <span class='ocrx_word' id='word_1_96' title='bbox 1268 1407 1365 1448; x_wconf 91' lang='lat' dir='ltr'><strong>nos</strong></span> <span class='ocrx_word' id='word_1_97' title='bbox 1392 1396 1730 1452; x_wconf 85' lang='lat' dir='ltr'><strong>ornamentis</strong></span> <span class='ocrx_word' id='word_1_98' title='bbox 1754 1396 1919 1466; x_wconf 89' lang='lat' dir='ltr'><strong>regiis</strong></span> <span class='ocrx_word' id='word_1_99' title='bbox 1940 1395 2145 1452; x_wconf 78' lang='lat' dir='ltr'><strong>diutius</strong></span> 
     </span>
    </p>
   </div>
   <div class='ocr_carea' id='block_1_15' title="bbox 538 1485 2140 1561">
    <p class='ocr_par' dir='ltr' id='par_1_15' title="bbox 538 1485 2140 1561">
     <span class='ocr_line' id='line_1_15' title="bbox 538 1485 2140 1561; baseline 0.002 -22"><span class='ocrx_word' id='word_1_100' title='bbox 538 1485 811 1540; x_wconf 78' lang='lat' dir='ltr'><strong>sermonis</strong></span> <span class='ocrx_word' id='word_1_101' title='bbox 842 1485 1012 1540; x_wconf 88' lang='lat' dir='ltr'><strong>nostri</strong></span> <span class='ocrx_word' id='word_1_102' title='bbox 1044 1487 1290 1557; x_wconf 64' lang='lat' dir='ltr'><strong>quaedam</strong></span> <span class='ocrx_word' id='word_1_103' title='bbox 1321 1488 1534 1561; x_wconf 73' lang='lat'><strong>1183</strong></span> <span class='ocrx_word' id='word_1_104' title='bbox 1562 1488 1856 1545; x_wconf 80' lang='lat' dir='ltr'><strong>admovere</strong></span> <span class='ocrx_word' id='word_1_105' title='bbox 1887 1488 2140 1556; x_wconf 87' lang='lat' dir='ltr'><strong>brachia;</strong></span> 
     </span>
    </p>
   </div>
   <div class='ocr_carea' id='block_1_16' title="bbox 538 1578 2143 1655">
    <p class='ocr_par' dir='ltr' id='par_1_16' title="bbox 538 1578 2143 1655">
     <span class='ocr_line' id='line_1_16' title="bbox 538 1578 2143 1655; baseline 0.004 -22"><span class='ocrx_word' id='word_1_106' title='bbox 538 1593 664 1635; x_wconf 91' lang='lat' dir='ltr'><strong>cum</strong></span> <span class='ocrx_word' id='word_1_107' title='bbox 710 1578 1009 1636; x_wconf 89' lang='lat' dir='ltr'><strong>habeamus</strong></span> <span class='ocrx_word' id='word_1_108' title='bbox 1048 1581 1103 1637; x_wconf 92' lang='lat' dir='ltr'><strong>in</strong></span> <span class='ocrx_word' id='word_1_109' title='bbox 1136 1582 1390 1638; x_wconf 89' lang='lat' dir='ltr'><strong>manibus</strong></span> <span class='ocrx_word' id='word_1_110' title='bbox 1436 1597 1655 1639; x_wconf 91' lang='lat' dir='ltr'><strong>crucem</strong></span> <span class='ocrx_word' id='word_1_111' title='bbox 1704 1582 1931 1652; x_wconf 88' lang='lat' dir='ltr'><strong>Christi,</strong></span> <span class='ocrx_word' id='word_1_112' title='bbox 1981 1598 2143 1655; x_wconf 91' lang='lat' dir='ltr'><strong>quam</strong></span> 
     </span>
    </p>
   </div>
   <div class='ocr_carea' id='block_1_17' title="bbox 538 1672 2144 1749">
    <p class='ocr_par' dir='ltr' id='par_1_17' title="bbox 538 1672 2144 1749">
     <span class='ocr_line' id='line_1_17' title="bbox 538 1672 2144 1749; baseline 0.004 -22"><span class='ocrx_word' id='word_1_113' title='bbox 538 1672 800 1729; x_wconf 85' lang='lat' dir='ltr'><strong>admonet</strong></span> <span class='ocrx_word' id='word_1_114' title='bbox 839 1674 1111 1745; x_wconf 83' lang='lat' dir='ltr'><strong>Propheta</strong></span> <span class='ocrx_word' id='word_1_115' title='bbox 1155 1691 1319 1747; x_wconf 87' lang='lat' dir='ltr'><strong>super</strong></span> <span class='ocrx_word' id='word_1_116' title='bbox 1361 1692 1552 1732; x_wconf 90' lang='lat' dir='ltr'><strong>aurum</strong></span> <span class='ocrx_word' id='word_1_117' title='bbox 1605 1690 1661 1733; x_wconf 90' lang='lat' dir='ltr'><strong>et</strong></span> <span class='ocrx_word' id='word_1_118' title='bbox 1700 1679 1950 1749; x_wconf 80' lang='lat' dir='ltr'><strong>topazion</strong></span> <span class='ocrx_word' id='word_1_119' title='bbox 2006 1694 2144 1749; x_wconf 73' lang='lat' dir='ltr'><strong>prte-</strong></span> 
     </span>
    </p>
   </div>
   <div class='ocr_carea' id='block_1_18' title="bbox 538 1766 2147 1845">
    <p class='ocr_par' dir='ltr' id='par_1_18' title="bbox 538 1766 2147 1845">
     <span class='ocr_line' id='line_1_18' title="bbox 538 1766 2147 1845; baseline 0.006 -23"><span class='ocrx_word' id='word_1_120' title='bbox 538 1766 821 1824; x_wconf 86' lang='lat' dir='ltr'><strong>fereudam</strong></span> <span class='ocrx_word' id='word_1_121' title='bbox 849 1810 867 1838; x_wconf 95' lang='lat'><strong>,</strong></span> <span class='ocrx_word' id='word_1_122' title='bbox 928 1785 1049 1841; x_wconf 71' lang='lat' dir='ltr'><strong>qua:</strong></span> <span class='ocrx_word' id='word_1_123' title='bbox 1094 1769 1163 1825; x_wconf 90' lang='lat' dir='ltr'><strong>ab</strong></span> <span class='ocrx_word' id='word_1_124' title='bbox 1201 1773 1349 1827; x_wconf 91' lang='lat' dir='ltr'><strong>omni</strong></span> <span class='ocrx_word' id='word_1_125' title='bbox 1392 1787 1579 1829; x_wconf 89' lang='lat' dir='ltr'><strong>errore</strong></span> <span class='ocrx_word' id='word_1_126' title='bbox 1618 1773 1885 1845; x_wconf 87' lang='lat' dir='ltr'><strong>culpaque</strong></span> <span class='ocrx_word' id='word_1_127' title='bbox 1928 1783 2147 1831; x_wconf 83' lang='lat' dir='ltr'><strong>revocat</strong></span> 
     </span>
    </p>
   </div>
   <div class='ocr_carea' id='block_1_19' title="bbox 2251 548 3855 624">
    <p class='ocr_par' dir='ltr' id='par_1_19' title="bbox 2251 548 3855 624">
     <span class='ocr_line' id='line_1_19' title="bbox 2251 548 3855 624; baseline 0.006 -23"><span class='ocrx_word' id='word_1_128' title='bbox 2251 548 2565 619; x_wconf 73' lang='lat' dir='ltr'><strong>corrigitur,</strong></span> <span class='ocrx_word' id='word_1_129' title='bbox 2621 550 2714 619; x_wconf 92' lang='lat' dir='ltr'><strong>qui</strong></span> <span class='ocrx_word' id='word_1_130' title='bbox 2764 566 2979 607; x_wconf 91' lang='lat' dir='ltr'><strong>omnem</strong></span> <span class='ocrx_word' id='word_1_131' title='bbox 3011 552 3151 607; x_wconf 83' lang='lat' dir='ltr'><strong>viam</strong></span> <span class='ocrx_word' id='word_1_132' title='bbox 3199 552 3315 609; x_wconf 92' lang='lat' dir='ltr'><strong>odit</strong></span> <span class='ocrx_word' id='word_1_133' title='bbox 3364 553 3688 624; x_wconf 87' lang='lat' dir='ltr'><strong>iniquitatis.</strong></span> <span class='ocrx_word' id='word_1_134' title='bbox 3722 552 3855 610; x_wconf 87' lang='lat' dir='ltr'><strong>Nam</strong></span> 
     </span>
    </p>
   </div>
   <div class='ocr_carea' id='block_1_20' title="bbox 2254 639 3851 717">
    <p class='ocr_par' dir='ltr' id='par_1_20' title="bbox 2254 639 3851 717">
     <span class='ocr_line' id='line_1_20' title="bbox 2254 639 3851 717; baseline 0.007 -24"><span class='ocrx_word' id='word_1_135' title='bbox 2254 639 2357 695; x_wconf 89' lang='lat' dir='ltr'><strong>nisi</strong></span> <span class='ocrx_word' id='word_1_136' title='bbox 2379 655 2596 697; x_wconf 90' lang='lat' dir='ltr'><strong>omnem</strong></span> <span class='ocrx_word' id='word_1_137' title='bbox 2625 643 2764 698; x_wconf 88' lang='lat' dir='ltr'><strong>viam</strong></span> <span class='ocrx_word' id='word_1_138' title='bbox 2798 643 3099 716; x_wconf 85' lang='lat' dir='ltr'><strong>iniquitatis</strong></span> <span class='ocrx_word' id='word_1_139' title='bbox 3116 646 3320 714; x_wconf 92' lang='lat' dir='ltr'><strong>oderis,</strong></span> <span class='ocrx_word' id='word_1_140' title='bbox 3341 662 3449 702; x_wconf 91' lang='lat' dir='ltr'><strong>non</strong></span> <span class='ocrx_word' id='word_1_141' title='bbox 3467 656 3622 717; x_wconf 85' lang='lat' dir='ltr'><strong>potes</strong></span> <span class='ocrx_word' id='word_1_142' title='bbox 3650 648 3702 702; x_wconf 93' lang='lat' dir='ltr'><strong>in</strong></span> <span class='ocrx_word' id='word_1_143' title='bbox 3732 663 3851 704; x_wconf 88' lang='lat' dir='ltr'><strong>om-</strong></span> 
     </span>
    </p>
   </div>
   <div class='ocr_carea' id='block_1_21' title="bbox 2246 732 3857 809">
    <p class='ocr_par' dir='ltr' id='par_1_21' title="bbox 2246 732 3857 809">
     <span class='ocr_line' id='line_1_21' title="bbox 2246 732 3857 809; baseline 0.007 -23"><span class='ocrx_word' id='word_1_144' title='bbox 2246 732 2402 787; x_wconf 84' lang='lat' dir='ltr'><strong>nibus</strong></span> <span class='ocrx_word' id='word_1_145' title='bbox 2429 736 2717 805; x_wconf 81' lang='lat' dir='ltr'><strong>praeceptis</strong></span> <span class='ocrx_word' id='word_1_146' title='bbox 2745 736 2840 793; x_wconf 89' lang='lat' dir='ltr'><strong>Dei</strong></span> <span class='ocrx_word' id='word_1_147' title='bbox 2862 740 3080 809; x_wconf 78' lang='lat' dir='ltr'><strong>corrigi.</strong></span> <span class='ocrx_word' id='word_1_148' title='bbox 3125 739 3315 797; x_wconf 89' lang='lat' dir='ltr'><strong>P0test</strong></span> <span class='ocrx_word' id='word_1_149' title='bbox 3338 741 3484 796; x_wconf 91' lang='lat' dir='ltr'><strong>enim</strong></span> <span class='ocrx_word' id='word_1_150' title='bbox 3521 740 3638 797; x_wconf 88' lang='lat' dir='ltr'><strong>fieri</strong></span> <span class='ocrx_word' id='word_1_151' title='bbox 3669 750 3727 797; x_wconf 93' lang='lat' dir='ltr'><strong>ut</strong></span> <span class='ocrx_word' id='word_1_152' title='bbox 3756 742 3857 797; x_wconf 89' lang='lat' dir='ltr'><strong>ali-</strong></span> 
     </span>
    </p>
   </div>
   <div class='ocr_carea' id='block_1_22' title="bbox 2243 825 3859 899">
    <p class='ocr_par' dir='ltr' id='par_1_22' title="bbox 2243 825 3859 899">
     <span class='ocr_line' id='line_1_22' title="bbox 2243 825 3859 899; baseline 0.009 -22"><span class='ocrx_word' id='word_1_153' title='bbox 2243 825 2362 895; x_wconf 87' lang='lat' dir='ltr'><strong>quis</strong></span> <span class='ocrx_word' id='word_1_154' title='bbox 2422 840 2481 881; x_wconf 91' lang='lat' dir='ltr'><strong>se</strong></span> <span class='ocrx_word' id='word_1_155' title='bbox 2526 835 2795 899; x_wconf 84' lang='lat' dir='ltr'><strong>temperet</strong></span> <span class='ocrx_word' id='word_1_156' title='bbox 2846 846 2875 885; x_wconf 92' lang='lat' dir='ltr'><strong>a</strong></span> <span class='ocrx_word' id='word_1_157' title='bbox 2929 831 3269 888; x_wconf 85' lang='lat' dir='ltr'><strong>crudelitatis</strong></span> <span class='ocrx_word' id='word_1_158' title='bbox 3329 832 3595 899; x_wconf 87' lang='lat' dir='ltr'><strong>horrore;</strong></span> <span class='ocrx_word' id='word_1_159' title='bbox 3645 834 3859 891; x_wconf 90' lang='lat' dir='ltr'><strong>lubrico</strong></span> 
     </span>
    </p>
   </div>
   <div class='ocr_carea' id='block_1_23' title="bbox 2244 920 3860 993">
    <p class='ocr_par' dir='ltr' id='par_1_23' title="bbox 2244 920 3860 993">
     <span class='ocr_line' id='line_1_23' title="bbox 2244 920 3860 993; baseline 0.009 -23"><span class='ocrx_word' id='word_1_160' title='bbox 2244 924 2425 974; x_wconf 87' lang='lat' dir='ltr'><strong>tamen</strong></span> <span class='ocrx_word' id='word_1_161' title='bbox 2446 920 2710 992; x_wconf 89' lang='lat' dir='ltr'><strong>deceptus</strong></span> <span class='ocrx_word' id='word_1_162' title='bbox 2734 938 2919 980; x_wconf 88' lang='lat' dir='ltr'><strong>amore</strong></span> <span class='ocrx_word' id='word_1_163' title='bbox 2942 926 3272 993; x_wconf 89' lang='lat' dir='ltr'><strong>meretricis,</strong></span> <span class='ocrx_word' id='word_1_164' title='bbox 3299 936 3353 982; x_wconf 91' lang='lat' dir='ltr'><strong>et</strong></span> <span class='ocrx_word' id='word_1_165' title='bbox 3374 930 3599 983; x_wconf 88' lang='lat' dir='ltr'><strong>semitas</strong></span> <span class='ocrx_word' id='word_1_166' title='bbox 3622 928 3860 985; x_wconf 86' lang='lat' dir='ltr'><strong>inconti-</strong></span> 
     </span>
    </p>
   </div>
   <div class='ocr_carea' id='block_1_24' title="bbox 2247 1014 3862 1094">
    <p class='ocr_par' dir='ltr' id='par_1_24' title="bbox 2247 1014 3862 1094">
     <span class='ocr_line' id='line_1_24' title="bbox 2247 1014 3862 1094; baseline 0.006 -25"><span class='ocrx_word' id='word_1_167' title='bbox 2247 1014 2708 1085; x_wconf 70' lang='lat' dir='ltr'><strong>nentiaejuvenilis</strong></span> <span class='ocrx_word' id='word_1_168' title='bbox 2724 1018 3024 1089; x_wconf 85' lang='lat' dir='ltr'><strong>ingressus,</strong></span> <span class='ocrx_word' id='word_1_169' title='bbox 3040 1021 3367 1092; x_wconf 86' lang='lat' dir='ltr'><strong>impressum</strong></span> <span class='ocrx_word' id='word_1_170' title='bbox 3388 1023 3678 1079; x_wconf 84' lang='lat' dir='ltr'><strong>semelnon</strong></span> <span class='ocrx_word' id='word_1_171' title='bbox 3693 1032 3862 1094; x_wconf 85' lang='lat' dir='ltr'><strong>queat</strong></span> 
     </span>
    </p>
   </div>
   <div class='ocr_carea' id='block_1_25' title="bbox 2246 1109 3862 1180">
    <p class='ocr_par' dir='ltr' id='par_1_25' title="bbox 2246 1109 3862 1180">
     <span class='ocr_line' id='line_1_25' title="bbox 2246 1109 3862 1180; baseline 0.007 -21"><span class='ocrx_word' id='word_1_172' title='bbox 2246 1119 2506 1161; x_wconf 86' lang='lat' dir='ltr'><strong>revocare</strong></span> <span class='ocrx_word' id='word_1_173' title='bbox 2563 1109 2875 1180; x_wconf 90' lang='lat' dir='ltr'><strong>vestigium.</strong></span> <span class='ocrx_word' id='word_1_174' title='bbox 2927 1111 3125 1168; x_wconf 87' lang='lat' dir='ltr'><strong>Multos</strong></span> <span class='ocrx_word' id='word_1_175' title='bbox 3182 1115 3329 1170; x_wconf 91' lang='lat' dir='ltr'><strong>enim</strong></span> <span class='ocrx_word' id='word_1_176' title='bbox 3386 1113 3515 1169; x_wconf 84' lang='lat' dir='ltr'><strong>vitia</strong></span> <span class='ocrx_word' id='word_1_177' title='bbox 3571 1115 3862 1170; x_wconf 86' lang='lat' dir='ltr'><strong>blandiora</strong></span> 
     </span>
    </p>
   </div>
   <div class='ocr_carea' id='block_1_26' title="bbox 2246 1196 3863 1277">
    <p class='ocr_par' dir='ltr' id='par_1_26' title="bbox 2246 1196 3863 1277">
     <span class='ocr_line' id='line_1_26' title="bbox 2246 1196 3863 1277; baseline 0.007 -26"><span class='ocrx_word' id='word_1_178' title='bbox 2246 1196 2543 1269; x_wconf 88' lang='lat' dir='ltr'><strong>decipiunt,</strong></span> <span class='ocrx_word' id='word_1_179' title='bbox 2562 1210 2619 1255; x_wconf 91' lang='lat' dir='ltr'><strong>et</strong></span> <span class='ocrx_word' id='word_1_180' title='bbox 2636 1212 2824 1259; x_wconf 90' lang='lat' dir='ltr'><strong>contra</strong></span> <span class='ocrx_word' id='word_1_181' title='bbox 2846 1206 3043 1260; x_wconf 90' lang='lat' dir='ltr'><strong>avertit</strong></span> <span class='ocrx_word' id='word_1_182' title='bbox 3063 1221 3093 1260; x_wconf 92' lang='lat' dir='ltr'><strong>a</strong></span> <span class='ocrx_word' id='word_1_183' title='bbox 3117 1221 3178 1262; x_wconf 89' lang='lat' dir='ltr'><strong>se</strong></span> <span class='ocrx_word' id='word_1_184' title='bbox 3206 1206 3470 1277; x_wconf 91' lang='lat' dir='ltr'><strong>plurimos</strong></span> <span class='ocrx_word' id='word_1_185' title='bbox 3501 1206 3671 1263; x_wconf 86' lang='lat' dir='ltr'><strong>tristis</strong></span> <span class='ocrx_word' id='word_1_186' title='bbox 3694 1217 3750 1265; x_wconf 90' lang='lat' dir='ltr'><strong>et</strong></span> <span class='ocrx_word' id='word_1_187' title='bbox 3775 1208 3863 1263; x_wconf 79' lang='lat' dir='ltr'><strong>ni-</strong></span> 
     </span>
    </p>
   </div>
   <div class='ocr_carea' id='block_1_27' title="bbox 2246 1292 3863 1370">
    <p class='ocr_par' dir='ltr' id='par_1_27' title="bbox 2246 1292 3863 1370">
     <span class='ocr_line' id='line_1_27' title="bbox 2246 1292 3863 1370; baseline 0.007 -25"><span class='ocrx_word' id='word_1_188' title='bbox 2246 1292 2413 1346; x_wconf 91' lang='lat' dir='ltr'><strong>mium</strong></span> <span class='ocrx_word' id='word_1_189' title='bbox 2442 1308 2632 1348; x_wconf 90' lang='lat' dir='ltr'><strong>severa</strong></span> <span class='ocrx_word' id='word_1_190' title='bbox 2664 1294 2981 1353; x_wconf 84' lang='lat' dir='ltr'><strong>crudelitas.</strong></span> <span class='ocrx_word' id='word_1_191' title='bbox 3015 1298 3120 1354; x_wconf 86' lang='lat' dir='ltr'><strong>Sed</strong></span> <span class='ocrx_word' id='word_1_192' title='bbox 3149 1299 3407 1370; x_wconf 89' lang='lat' dir='ltr'><strong>juventus</strong></span> <span class='ocrx_word' id='word_1_193' title='bbox 3433 1300 3499 1355; x_wconf 90' lang='lat' dir='ltr'><strong>ad</strong></span> <span class='ocrx_word' id='word_1_194' title='bbox 3527 1315 3771 1356; x_wconf 89' lang='lat' dir='ltr'><strong>amorem</strong></span> <span class='ocrx_word' id='word_1_195' title='bbox 3796 1300 3863 1356; x_wconf 88' lang='lat' dir='ltr'><strong>li-</strong></span> 
     </span>
    </p>
   </div>
   <div class='ocr_carea' id='block_1_28' title="bbox 2244 1385 3862 1467">
    <p class='ocr_par' dir='ltr' id='par_1_28' title="bbox 2244 1385 3862 1467">
     <span class='ocr_line' id='line_1_28' title="bbox 2244 1385 3862 1467; baseline 0.007 -27"><span class='ocrx_word' id='word_1_196' title='bbox 2244 1385 2451 1467; x_wconf 74' lang='lat' dir='ltr'><strong>berior,</strong></span> <span class='ocrx_word' id='word_1_197' title='bbox 2485 1388 2550 1443; x_wconf 89' lang='lat' dir='ltr'><strong>ad</strong></span> <span class='ocrx_word' id='word_1_198' title='bbox 2606 1389 2817 1460; x_wconf 91' lang='lat' dir='ltr'><strong>lapsum</strong></span> <span class='ocrx_word' id='word_1_199' title='bbox 2863 1394 3148 1460; x_wconf 88' lang='lat' dir='ltr'><strong>incautior,</strong></span> <span class='ocrx_word' id='word_1_200' title='bbox 3183 1394 3251 1451; x_wconf 92' lang='lat' dir='ltr'><strong>ad</strong></span> <span class='ocrx_word' id='word_1_201' title='bbox 3291 1394 3661 1451; x_wconf 84' lang='lat' dir='ltr'><strong>infirmitatem</strong></span> <span class='ocrx_word' id='word_1_202' title='bbox 3695 1394 3862 1467; x_wconf 86' lang='lat' dir='ltr'><strong>fragi-</strong></span> 
     </span>
    </p>
   </div>
   <div class='ocr_carea' id='block_1_29' title="bbox 2248 1480 3863 1563">
    <p class='ocr_par' dir='ltr' id='par_1_29' title="bbox 2248 1480 3863 1563">
     <span class='ocr_line' id='line_1_29' title="bbox 2248 1480 3863 1563; baseline 0.007 -27"><span class='ocrx_word' id='word_1_203' title='bbox 2248 1480 2369 1547; x_wconf 89' lang='lat' dir='ltr'><strong>lior,</strong></span> <span class='ocrx_word' id='word_1_204' title='bbox 2402 1482 2468 1536; x_wconf 91' lang='lat' dir='ltr'><strong>ad</strong></span> <span class='ocrx_word' id='word_1_205' title='bbox 2497 1485 2893 1541; x_wconf 85' lang='lat' dir='ltr'><strong>correctionem</strong></span> <span class='ocrx_word' id='word_1_206' title='bbox 2926 1487 3115 1544; x_wconf 91' lang='lat' dir='ltr'><strong>durior</strong></span> <span class='ocrx_word' id='word_1_207' title='bbox 3141 1498 3248 1545; x_wconf 90' lang='lat' dir='ltr'><strong>est.</strong></span> <span class='ocrx_word' id='word_1_208' title='bbox 3295 1490 3449 1545; x_wconf 82' lang='lat' dir='ltr'><strong>Alius</strong></span> <span class='ocrx_word' id='word_1_209' title='bbox 3488 1505 3549 1546; x_wconf 85' lang='lat' dir='ltr'><strong>se</strong></span> <span class='ocrx_word' id='word_1_210' title='bbox 3576 1492 3863 1563; x_wconf 80' lang='lat' dir='ltr'><strong>reSIringit</strong></span> 
     </span>
    </p>
   </div>
   <div class='ocr_carea' id='block_1_30' title="bbox 2246 1575 3864 1656">
    <p class='ocr_par' dir='ltr' id='par_1_30' title="bbox 2246 1575 3864 1656">
     <span class='ocr_line' id='line_1_30' title="bbox 2246 1575 3864 1656; baseline 0.007 -28"><span class='ocrx_word' id='word_1_211' title='bbox 2246 1587 2277 1628; x_wconf 88' lang='lat' dir='ltr'><strong>a</strong></span> <span class='ocrx_word' id='word_1_212' title='bbox 2304 1575 2517 1630; x_wconf 79' lang='lat' dir='ltr'><strong>luxuria</strong></span> <span class='ocrx_word' id='word_1_213' title='bbox 2546 1595 2561 1632; x_wconf 89' lang='lat'><strong>:</strong></span> <span class='ocrx_word' id='word_1_214' title='bbox 2594 1578 2689 1632; x_wconf 89' lang='lat' dir='ltr'><strong>sed</strong></span> <span class='ocrx_word' id='word_1_215' title='bbox 2722 1580 2967 1636; x_wconf 72' lang='lat' dir='ltr'><strong>avaritia:</strong></span> <span class='ocrx_word' id='word_1_216' title='bbox 2987 1582 3286 1653; x_wconf 90' lang='lat' dir='ltr'><strong>cupiditate</strong></span> <span class='ocrx_word' id='word_1_217' title='bbox 3317 1594 3583 1656; x_wconf 86' lang='lat' dir='ltr'><strong>raptatur.</strong></span> <span class='ocrx_word' id='word_1_218' title='bbox 3616 1583 3864 1640; x_wconf 86' lang='lat' dir='ltr'><strong>Plerum-</strong></span> 
     </span>
    </p>
   </div>
   <div class='ocr_carea' id='block_1_31' title="bbox 2250 1670 3864 1745">
    <p class='ocr_par' dir='ltr' id='par_1_31' title="bbox 2250 1670 3864 1745">
     <span class='ocr_line' id='line_1_31' title="bbox 2250 1670 3864 1745; baseline 0.007 -23"><span class='ocrx_word' id='word_1_219' title='bbox 2250 1684 2359 1741; x_wconf 87' lang='lat' dir='ltr'><strong>que</strong></span> <span class='ocrx_word' id='word_1_220' title='bbox 2390 1670 2535 1725; x_wconf 92' lang='lat' dir='ltr'><strong>euim</strong></span> <span class='ocrx_word' id='word_1_221' title='bbox 2570 1683 2791 1741; x_wconf 89' lang='lat' dir='ltr'><strong>peccata</strong></span> <span class='ocrx_word' id='word_1_222' title='bbox 2815 1672 3129 1745; x_wconf 89' lang='lat' dir='ltr'><strong>hujnsmodi</strong></span> <span class='ocrx_word' id='word_1_223' title='bbox 3162 1686 3310 1742; x_wconf 92' lang='lat' dir='ltr'><strong>sunt,</strong></span> <span class='ocrx_word' id='word_1_224' title='bbox 3336 1687 3393 1732; x_wconf 94' lang='lat' dir='ltr'><strong>ut</strong></span> <span class='ocrx_word' id='word_1_225' title='bbox 3418 1677 3466 1734; x_wconf 89' lang='lat' dir='ltr'><strong>si</strong></span> <span class='ocrx_word' id='word_1_226' title='bbox 3502 1677 3735 1733; x_wconf 90' lang='lat' dir='ltr'><strong>alterum</strong></span> <span class='ocrx_word' id='word_1_227' title='bbox 3762 1678 3864 1734; x_wconf 87' lang='lat' dir='ltr'><strong>de—</strong></span> 
     </span>
    </p>
   </div>
   <div class='ocr_carea' id='block_1_32' title="bbox 2248 1764 3864 1843">
    <p class='ocr_par' dir='ltr' id='par_1_32' title="bbox 2248 1764 3864 1843">
     <span class='ocr_line' id='line_1_32' title="bbox 2248 1764 3864 1843; baseline 0.006 -24"><span class='ocrx_word' id='word_1_228' title='bbox 2248 1764 2447 1830; x_wconf 91' lang='lat' dir='ltr'><strong>clines,</strong></span> <span class='ocrx_word' id='word_1_229' title='bbox 2481 1766 2729 1824; x_wconf 89' lang='lat' dir='ltr'><strong>incurras</strong></span> <span class='ocrx_word' id='word_1_230' title='bbox 2777 1770 3015 1826; x_wconf 88' lang='lat' dir='ltr'><strong>alterum</strong></span> <span class='ocrx_word' id='word_1_231' title='bbox 3054 1790 3068 1827; x_wconf 90' lang='lat'><strong>:</strong></span> <span class='ocrx_word' id='word_1_232' title='bbox 3113 1785 3166 1828; x_wconf 90' lang='lat' dir='ltr'><strong>et</strong></span> <span class='ocrx_word' id='word_1_233' title='bbox 3216 1782 3425 1828; x_wconf 75' lang='lat' dir='ltr'><strong>natura:</strong></span> <span class='ocrx_word' id='word_1_234' title='bbox 3461 1788 3590 1828; x_wconf 90' lang='lat' dir='ltr'><strong>usus</strong></span> <span class='ocrx_word' id='word_1_235' title='bbox 3639 1773 3864 1843; x_wconf 86' lang='lat' dir='ltr'><strong>adjuvat</strong></span> 
     </span>
    </p>
   </div>
   <div class='ocr_carea' id='block_1_33' title="bbox 538 1860 3859 1940">
    <p class='ocr_par' dir='ltr' id='par_1_33' title="bbox 538 1860 3859 1940">
     <span class='ocr_line' id='line_1_33' title="bbox 538 1860 3859 1940; baseline 0.002 -22"><span class='ocrx_word' id='word_1_236' title='bbox 538 1870 595 1918; x_wconf 84' lang='lat' dir='ltr'><strong>et</strong></span> <span class='ocrx_word' id='word_1_237' title='bbox 620 1864 866 1935; x_wconf 77' lang='lat' dir='ltr'><strong>corrigit.</strong></span> <span class='ocrx_word' id='word_1_238' title='bbox 898 1864 1030 1933; x_wconf 88' lang='lat' dir='ltr'><strong>Quis</strong></span> <span class='ocrx_word' id='word_1_239' title='bbox 1074 1864 1220 1921; x_wconf 89' lang='lat' dir='ltr'><strong>enim</strong></span> <span class='ocrx_word' id='word_1_240' title='bbox 1258 1860 1529 1937; x_wconf 61' lang='lat' dir='ltr'><strong>justorn&#39;m</strong></span> <span class='ocrx_word' id='word_1_241' title='bbox 1560 1882 1666 1923; x_wconf 90' lang='lat' dir='ltr'><strong>non</strong></span> <span class='ocrx_word' id='word_1_242' title='bbox 1712 1867 1917 1925; x_wconf 85' lang='lat' dir='ltr'><strong>ambiat</strong></span> <span class='ocrx_word' id='word_1_243' title='bbox 1940 1867 2143 1924; x_wconf 87' lang='lat' dir='ltr'><strong>Christi</strong></span> <span class='ocrx_word' id='word_1_244' title='bbox 2172 1870 2221 1931; x_wconf 90' lang='lat' dir='ltr'><strong>B</strong></span> <span class='ocrx_word' id='word_1_245' title='bbox 2248 1860 2644 1918; x_wconf 74' lang='lat' dir='ltr'><strong>inlirmilalem.</strong></span> <span class='ocrx_word' id='word_1_246' title='bbox 2676 1862 2847 1918; x_wconf 86' lang='lat' dir='ltr'><strong>Odisti</strong></span> <span class='ocrx_word' id='word_1_247' title='bbox 2879 1865 3147 1921; x_wconf 79' lang='lat' dir='ltr'><strong>luxuriam</strong></span> <span class='ocrx_word' id='word_1_248' title='bbox 3175 1871 3329 1939; x_wconf 90' lang='lat' dir='ltr'><strong>quasi</strong></span> <span class='ocrx_word' id='word_1_249' title='bbox 3358 1867 3520 1939; x_wconf 83' lang='lat' dir='ltr'><strong>frugi,</strong></span> <span class='ocrx_word' id='word_1_250' title='bbox 3551 1867 3645 1925; x_wconf 86' lang='lat' dir='ltr'><strong>sed</strong></span> <span class='ocrx_word' id='word_1_251' title='bbox 3668 1867 3859 1940; x_wconf 87' lang='lat' dir='ltr'><strong>fruga-</strong></span> 
     </span>
    </p>
   </div>
   <div class='ocr_carea' id='block_1_34' title="bbox 541 1957 2140 2025">
    <p class='ocr_par' dir='ltr' id='par_1_34' title="bbox 541 1957 2140 2025">
     <span class='ocr_line' id='line_1_34' title="bbox 541 1957 2140 2025; baseline 0.003 -12"><span class='ocrx_word' id='word_1_252' title='bbox 541 1957 595 2013; x_wconf 91' lang='lat' dir='ltr'><strong>iu</strong></span> <span class='ocrx_word' id='word_1_253' title='bbox 644 1966 822 2015; x_wconf 90' lang='lat' dir='ltr'><strong>morte</strong></span> <span class='ocrx_word' id='word_1_254' title='bbox 868 1958 1146 2025; x_wconf 88' lang='lat' dir='ltr'><strong>solatium,</strong></span> <span class='ocrx_word' id='word_1_255' title='bbox 1199 1961 1251 2015; x_wconf 90' lang='lat' dir='ltr'><strong>in</strong></span> <span class='ocrx_word' id='word_1_256' title='bbox 1307 1960 1711 2017; x_wconf 86' lang='lat' dir='ltr'><strong>resurrectione</strong></span> <span class='ocrx_word' id='word_1_257' title='bbox 1758 1961 2140 2017; x_wconf 79' lang='lat' dir='ltr'><strong>consortium?</strong></span> 
     </span>
    </p>
   </div>
   <div class='ocr_carea' id='block_1_35' title="bbox 541 2048 2141 2126">
    <p class='ocr_par' dir='ltr' id='par_1_35' title="bbox 541 2048 2141 2126">
     <span class='ocr_line' id='line_1_35' title="bbox 541 2048 2141 2126; baseline 0.004 -21"><span class='ocrx_word' id='word_1_258' title='bbox 541 2048 675 2119; x_wconf 82' lang='lat' dir='ltr'><strong>Quis</strong></span> <span class='ocrx_word' id='word_1_259' title='bbox 695 2065 802 2107; x_wconf 91' lang='lat' dir='ltr'><strong>non</strong></span> <span class='ocrx_word' id='word_1_260' title='bbox 833 2050 1080 2108; x_wconf 86' lang='lat' dir='ltr'><strong>reflectat</strong></span> <span class='ocrx_word' id='word_1_261' title='bbox 1100 2052 1350 2125; x_wconf 89' lang='lat' dir='ltr'><strong>gradum,</strong></span> <span class='ocrx_word' id='word_1_262' title='bbox 1399 2053 1617 2125; x_wconf 88' lang='lat' dir='ltr'><strong>quando</strong></span> <span class='ocrx_word' id='word_1_263' title='bbox 1643 2055 1829 2110; x_wconf 88' lang='lat' dir='ltr'><strong>audiat</strong></span> <span class='ocrx_word' id='word_1_264' title='bbox 1856 2054 1959 2111; x_wconf 88' lang='lat' dir='ltr'><strong>sibi</strong></span> <span class='ocrx_word' id='word_1_265' title='bbox 1979 2069 2141 2126; x_wconf 88' lang='lat' dir='ltr'><strong>supe-</strong></span> 
     </span>
    </p>
   </div>
   <div class='ocr_carea' id='block_1_36' title="bbox 536 2143 2141 2218">
    <p class='ocr_par' dir='ltr' id='par_1_36' title="bbox 536 2143 2141 2218">
     <span class='ocr_line' id='line_1_36' title="bbox 536 2143 2141 2218; baseline 0.003 -19"><span class='ocrx_word' id='word_1_266' title='bbox 536 2143 684 2199; x_wconf 86' lang='lat' dir='ltr'><strong>riora</strong></span> <span class='ocrx_word' id='word_1_267' title='bbox 726 2144 906 2200; x_wconf 92' lang='lat' dir='ltr'><strong>omnia</strong></span> <span class='ocrx_word' id='word_1_268' title='bbox 936 2155 1154 2215; x_wconf 87' lang='lat' dir='ltr'><strong>peccata</strong></span> <span class='ocrx_word' id='word_1_269' title='bbox 1184 2145 1410 2201; x_wconf 90' lang='lat' dir='ltr'><strong>donari?</strong></span> <span class='ocrx_word' id='word_1_270' title='bbox 1443 2146 1671 2217; x_wconf 88' lang='lat' dir='ltr'><strong>Pr0pter</strong></span> <span class='ocrx_word' id='word_1_271' title='bbox 1700 2146 1805 2203; x_wconf 88' lang='lat' dir='ltr'><strong>hoc</strong></span> <span class='ocrx_word' id='word_1_272' title='bbox 1853 2147 1997 2203; x_wconf 89' lang='lat' dir='ltr'><strong>enim</strong></span> <span class='ocrx_word' id='word_1_273' title='bbox 2030 2146 2141 2218; x_wconf 85' lang='lat' dir='ltr'><strong>ple-</strong></span> 
     </span>
    </p>
   </div>
   <div class='ocr_carea' id='block_1_37' title="bbox 540 2235 2135 2307">
    <p class='ocr_par' dir='ltr' id='par_1_37' title="bbox 540 2235 2135 2307">
     <span class='ocr_line' id='line_1_37' title="bbox 540 2235 2135 2307; baseline 0.003 -17"><span class='ocrx_word' id='word_1_274' title='bbox 540 2235 747 2307; x_wconf 71' lang='lat' dir='ltr'><strong>riqueb</strong></span> <span class='ocrx_word' id='word_1_275' title='bbox 777 2251 809 2292; x_wconf 87' lang='lat' dir='ltr'><strong>a</strong></span> <span class='ocrx_word' id='word_1_276' title='bbox 867 2237 1265 2297; x_wconf 80' lang='lat' dir='ltr'><strong>conversionis,</strong></span> <span class='ocrx_word' id='word_1_277' title='bbox 1313 2239 1490 2295; x_wconf 90' lang='lat' dir='ltr'><strong>studio</strong></span> <span class='ocrx_word' id='word_1_278' title='bbox 1553 2240 1798 2295; x_wconf 88' lang='lat' dir='ltr'><strong>revocari</strong></span> <span class='ocrx_word' id='word_1_279' title='bbox 1867 2239 2135 2307; x_wconf 85' lang='lat' dir='ltr'><strong>solebant,</strong></span> 
     </span>
    </p>
   </div>
   <div class='ocr_carea' id='block_1_38' title="bbox 538 2332 2141 2405">
    <p class='ocr_par' dir='ltr' id='par_1_38' title="bbox 538 2332 2141 2405">
     <span class='ocr_line' id='line_1_38' title="bbox 538 2332 2141 2405; baseline 0.001 -17"><span class='ocrx_word' id='word_1_280' title='bbox 538 2332 684 2403; x_wconf 88' lang='lat' dir='ltr'><strong>quod</strong></span> <span class='ocrx_word' id='word_1_281' title='bbox 706 2332 1032 2388; x_wconf 89' lang='lat' dir='ltr'><strong>delictorum</strong></span> <span class='ocrx_word' id='word_1_282' title='bbox 1055 2348 1279 2389; x_wconf 89' lang='lat' dir='ltr'><strong>suorum</strong></span> <span class='ocrx_word' id='word_1_283' title='bbox 1303 2335 1531 2403; x_wconf 90' lang='lat' dir='ltr'><strong>conscii,</strong></span> <span class='ocrx_word' id='word_1_284' title='bbox 1557 2334 1760 2389; x_wconf 92' lang='lat' dir='ltr'><strong>nullam</strong></span> <span class='ocrx_word' id='word_1_285' title='bbox 1785 2348 1936 2405; x_wconf 86' lang='lat' dir='ltr'><strong>spem</strong></span> <span class='ocrx_word' id='word_1_286' title='bbox 1964 2334 2141 2390; x_wconf 79' lang='lat' dir='ltr'><strong>venia:</strong></span> 
     </span>
    </p>
   </div>
   <div class='ocr_carea' id='block_1_39' title="bbox 538 2412 2142 2501">
    <p class='ocr_par' dir='ltr' id='par_1_39' title="bbox 538 2412 2142 2501">
     <span class='ocr_line' id='line_1_39' title="bbox 538 2412 2142 2501; baseline 0.002 -20"><span class='ocrx_word' id='word_1_287' title='bbox 538 2437 937 2497; x_wconf 79' lang='lat' dir='ltr'><strong>praesumerent</strong></span> <span class='ocrx_word' id='word_1_288' title='bbox 966 2445 980 2481; x_wconf 87' lang='lat'><strong>:</strong></span> <span class='ocrx_word' id='word_1_289' title='bbox 1008 2436 1064 2483; x_wconf 91' lang='lat' dir='ltr'><strong>et</strong></span> <span class='ocrx_word' id='word_1_290' title='bbox 1092 2428 1149 2483; x_wconf 90' lang='lat' dir='ltr'><strong>in</strong></span> <span class='ocrx_word' id='word_1_291' title='bbox 1194 2412 1439 2484; x_wconf 81' lang='lat' dir='ltr'><strong>Ecclesia</strong></span> <span class='ocrx_word' id='word_1_292' title='bbox 1468 2437 1669 2500; x_wconf 91' lang='lat' dir='ltr'><strong>quanto</strong></span> <span class='ocrx_word' id='word_1_293' title='bbox 1695 2430 1964 2485; x_wconf 86' lang='lat' dir='ltr'><strong>sanctiora</strong></span> <span class='ocrx_word' id='word_1_294' title='bbox 1999 2444 2142 2501; x_wconf 74' lang='lat' dir='ltr'><strong>prte-</strong></span> 
     </span>
    </p>
   </div>
   <div class='ocr_carea' id='block_1_40' title="bbox 538 2522 1919 2595">
    <p class='ocr_par' dir='ltr' id='par_1_40' title="bbox 538 2522 1919 2595">
     <span class='ocr_line' id='line_1_40' title="bbox 538 2522 1919 2595; baseline 0.003 -20"><span class='ocrx_word' id='word_1_295' title='bbox 538 2529 718 2591; x_wconf 90' lang='lat' dir='ltr'><strong>cepta,</strong></span> <span class='ocrx_word' id='word_1_296' title='bbox 748 2530 899 2577; x_wconf 89' lang='lat' dir='ltr'><strong>tanto</strong></span> <span class='ocrx_word' id='word_1_297' title='bbox 923 2522 1041 2577; x_wconf 89' lang='lat' dir='ltr'><strong>sine</strong></span> <span class='ocrx_word' id='word_1_298' title='bbox 1066 2523 1222 2579; x_wconf 87' lang='lat' dir='ltr'><strong>venia</strong></span> <span class='ocrx_word' id='word_1_299' title='bbox 1256 2532 1508 2593; x_wconf 89' lang='lat' dir='ltr'><strong>putarent</strong></span> <span class='ocrx_word' id='word_1_300' title='bbox 1534 2537 1656 2579; x_wconf 89' lang='lat' dir='ltr'><strong>esse</strong></span> <span class='ocrx_word' id='word_1_301' title='bbox 1679 2533 1919 2595; x_wconf 89' lang='lat' dir='ltr'><strong>peccata.</strong></span> 
     </span>
    </p>
   </div>
   <div class='ocr_carea' id='block_1_41' title="bbox 610 2612 2139 2688">
    <p class='ocr_par' dir='ltr' id='par_1_41' title="bbox 610 2612 2139 2688">
     <span class='ocr_line' id='line_1_41' title="bbox 610 2612 2139 2688; baseline 0.003 -21"><span class='ocrx_word' id='word_1_302' title='bbox 610 2612 702 2670; x_wconf 71' lang='lat'><strong>41.</strong></span> <span class='ocrx_word' id='word_1_303' title='bbox 748 2613 933 2687; x_wconf 86' lang='lat' dir='ltr'><strong>(Vers.</strong></span> <span class='ocrx_word' id='word_1_304' title='bbox 992 2615 1149 2686; x_wconf 78' lang='lat'><strong>128.)</strong></span> <span class='ocrx_word' id='word_1_305' title='bbox 1188 2615 1424 2688; x_wconf 84' lang='lat' dir='ltr'><strong>Ideoque</strong></span> <span class='ocrx_word' id='word_1_306' title='bbox 1482 2617 1558 2672; x_wconf 92' lang='lat' dir='ltr'><strong>ait</strong></span> <span class='ocrx_word' id='word_1_307' title='bbox 1608 2626 1803 2673; x_wconf 81' lang='lat' dir='ltr'><strong>octavo</strong></span> <span class='ocrx_word' id='word_1_308' title='bbox 1832 2616 2139 2674; x_wconf 85' lang='lat' dir='ltr'><strong>versiculo:</strong></span> 
     </span>
    </p>
   </div>
   <div class='ocr_carea' id='block_1_42' title="bbox 538 2705 2143 2782">
    <p class='ocr_par' dir='ltr' id='par_1_42' title="bbox 538 2705 2143 2782">
     <span class='ocr_line' id='line_1_42' title="bbox 538 2705 2143 2782; baseline 0.002 -19"><span class='ocrx_word' id='word_1_309' title='bbox 538 2705 824 2777; x_wconf 80' lang='lat' dir='ltr'><strong>Propterea</strong></span> <span class='ocrx_word' id='word_1_310' title='bbox 862 2710 931 2763; x_wconf 87' lang='lat' dir='ltr'><strong>ad</strong></span> <span class='ocrx_word' id='word_1_311' title='bbox 958 2710 1131 2764; x_wconf 86' lang='lat' dir='ltr'><strong>omnia</strong></span> <span class='ocrx_word' id='word_1_312' title='bbox 1160 2711 1406 2765; x_wconf 89' lang='lat' dir='ltr'><strong>mandata</strong></span> <span class='ocrx_word' id='word_1_313' title='bbox 1456 2718 1544 2765; x_wconf 87' lang='lat' dir='ltr'><strong>tua</strong></span> <span class='ocrx_word' id='word_1_314' title='bbox 1577 2710 1871 2782; x_wconf 85' lang='lat' dir='ltr'><strong>corrigebar</strong></span> <span class='ocrx_word' id='word_1_315' title='bbox 1902 2728 1921 2766; x_wconf 90' lang='lat'><strong><em>:</em></strong></span> <span class='ocrx_word' id='word_1_316' title='bbox 1946 2728 2143 2766; x_wconf 87' lang='lat' dir='ltr'><strong>omnem</strong></span> 
     </span>
    </p>
   </div>
   <div class='ocr_carea' id='block_1_43' title="bbox 538 2802 2146 2877">
    <p class='ocr_par' dir='ltr' id='par_1_43' title="bbox 538 2802 2146 2877">
     <span class='ocr_line' id='line_1_43' title="bbox 538 2802 2146 2877; baseline 0.001 -21"><span class='ocrx_word' id='word_1_317' title='bbox 538 2802 676 2856; x_wconf 77' lang='lat' dir='ltr'><strong>viam</strong></span> <span class='ocrx_word' id='word_1_318' title='bbox 705 2802 953 2873; x_wconf 86' lang='lat' dir='ltr'><strong>injustam</strong></span> <span class='ocrx_word' id='word_1_319' title='bbox 974 2803 1096 2857; x_wconf 89' lang='lat' dir='ltr'><strong>odio</strong></span> <span class='ocrx_word' id='word_1_320' title='bbox 1120 2803 1297 2858; x_wconf 83' lang='lat' dir='ltr'><strong>habui.</strong></span> <span class='ocrx_word' id='word_1_321' title='bbox 1346 2803 1539 2859; x_wconf 83' lang='lat' dir='ltr'><strong>Merito</strong></span> <span class='ocrx_word' id='word_1_322' title='bbox 1579 2805 1974 2876; x_wconf 90' lang='lat' dir='ltr'><strong>corrigebatur,</strong></span> <span class='ocrx_word' id='word_1_323' title='bbox 2011 2821 2146 2877; x_wconf 82' lang='lat' dir='ltr'><strong>quo-</strong></span> 
     </span>
    </p>
   </div>
   <div class='ocr_carea' id='block_1_44' title="bbox 548 2894 2145 2969">
    <p class='ocr_par' dir='ltr' id='par_1_44' title="bbox 548 2894 2145 2969">
     <span class='ocr_line' id='line_1_44' title="bbox 548 2894 2145 2969; baseline 0.001 -18"><span class='ocrx_word' id='word_1_324' title='bbox 548 2894 693 2951; x_wconf 86' lang='lat' dir='ltr'><strong>niam</strong></span> <span class='ocrx_word' id='word_1_325' title='bbox 740 2894 1038 2965; x_wconf 89' lang='lat' dir='ltr'><strong>diligebat;</strong></span> <span class='ocrx_word' id='word_1_326' title='bbox 1069 2896 1301 2951; x_wconf 86' lang='lat' dir='ltr'><strong>charitas</strong></span> <span class='ocrx_word' id='word_1_327' title='bbox 1351 2898 1495 2953; x_wconf 90' lang='lat' dir='ltr'><strong>enim</strong></span> <span class='ocrx_word' id='word_1_328' title='bbox 1547 2900 1713 2969; x_wconf 87' lang='lat' dir='ltr'><strong>operit</strong></span> <span class='ocrx_word' id='word_1_329' title='bbox 1760 2899 2145 2955; x_wconf 82' lang='lat' dir='ltr'><strong>multitudinem</strong></span> 
     </span>
    </p>
   </div>
   <div class='ocr_carea' id='block_1_45' title="bbox 542 2989 2145 3065">
    <p class='ocr_par' dir='ltr' id='par_1_45' title="bbox 542 2989 2145 3065">
     <span class='ocr_line' id='line_1_45' title="bbox 542 2989 2145 3065; baseline 0.004 -22"><span class='ocrx_word' id='word_1_330' title='bbox 542 2998 868 3059; x_wconf 77' lang='lat' dir='ltr'><strong>peccatorum</strong></span> <span class='ocrx_word' id='word_1_331' title='bbox 888 2989 931 3063; x_wconf 95' lang='grc'>(1</span> <span class='ocrx_word' id='word_1_332' title='bbox 948 2990 1065 3046; x_wconf 88' lang='lat' dir='ltr'><strong>Pet.</strong></span> <span class='ocrx_word' id='word_1_333' title='bbox 1094 3007 1167 3058; x_wconf 81' lang='lat' dir='ltr'><strong>IV,</strong></span> <span class='ocrx_word' id='word_1_334' title='bbox 1191 2991 1272 3063; x_wconf 88' lang='lat'><strong>8).</strong></span> <span class='ocrx_word' id='word_1_335' title='bbox 1294 2992 1426 3049; x_wconf 82' lang='lat' dir='ltr'><strong>Vide</strong></span> <span class='ocrx_word' id='word_1_336' title='bbox 1456 3004 1657 3063; x_wconf 87' lang='lat' dir='ltr'><strong>quanta</strong></span> <span class='ocrx_word' id='word_1_337' title='bbox 1684 2995 1915 3065; x_wconf 84' lang='lat' dir='ltr'><strong>aperiat,</strong></span> <span class='ocrx_word' id='word_1_338' title='bbox 1944 3004 2145 3065; x_wconf 90' lang='lat' dir='ltr'><strong>quanta</strong></span> 
     </span>
    </p>
   </div>
   <div class='ocr_carea' id='block_1_46' title="bbox 539 3082 2146 3160">
    <p class='ocr_par' dir='ltr' id='par_1_46' title="bbox 539 3082 2146 3160">
     <span class='ocr_line' id='line_1_46' title="bbox 539 3082 2146 3160; baseline 0.002 -21"><span class='ocrx_word' id='word_1_339' title='bbox 539 3085 800 3155; x_wconf 82' lang='lat' dir='ltr'><strong>corrigat.</strong></span> <span class='ocrx_word' id='word_1_340' title='bbox 850 3082 1091 3141; x_wconf 76' lang='lat' dir='ltr'><strong>Charitas</strong></span> <span class='ocrx_word' id='word_1_341' title='bbox 1134 3088 1334 3157; x_wconf 88' lang='lat' dir='ltr'><strong>patiens</strong></span> <span class='ocrx_word' id='word_1_342' title='bbox 1362 3096 1453 3153; x_wconf 87' lang='lat' dir='ltr'><strong>est,</strong></span> <span class='ocrx_word' id='word_1_343' title='bbox 1512 3089 1730 3160; x_wconf 84' lang='lat' dir='ltr'><strong>benigna</strong></span> <span class='ocrx_word' id='word_1_344' title='bbox 1777 3099 1871 3143; x_wconf 88' lang='lat' dir='ltr'><strong>est.</strong></span> <span class='ocrx_word' id='word_1_345' title='bbox 1906 3088 2146 3143; x_wconf 79' lang='lat' dir='ltr'><strong>Charitas</strong></span> 
     </span>
    </p>
   </div>
   <div class='ocr_carea' id='block_1_47' title="bbox 2245 1952 3857 2033">
    <p class='ocr_par' dir='ltr' id='par_1_47' title="bbox 2245 1952 3857 2033">
     <span class='ocr_line' id='line_1_47' title="bbox 2245 1952 3857 2033; baseline 0.007 -27"><span class='ocrx_word' id='word_1_346' title='bbox 2245 1952 2414 2008; x_wconf 87' lang='lat' dir='ltr'><strong>litatis</strong></span> <span class='ocrx_word' id='word_1_347' title='bbox 2459 1955 2641 2011; x_wconf 91' lang='lat' dir='ltr'><strong>studio</strong></span> <span class='ocrx_word' id='word_1_348' title='bbox 2693 1956 2930 2014; x_wconf 75' lang='lat' dir='ltr'><strong>habendi</strong></span> <span class='ocrx_word' id='word_1_349' title='bbox 2975 1960 3247 2030; x_wconf 88' lang='lat' dir='ltr'><strong>cupiditas</strong></span> <span class='ocrx_word' id='word_1_350' title='bbox 3286 1962 3606 2033; x_wconf 86' lang='lat' dir='ltr'><strong>frequenter</strong></span> <span class='ocrx_word' id='word_1_351' title='bbox 3634 1962 3857 2033; x_wconf 91' lang='lat' dir='ltr'><strong>irrepit.</strong></span> 
     </span>
    </p>
   </div>
   <div class='ocr_carea' id='block_1_48' title="bbox 2244 2047 3862 2128">
    <p class='ocr_par' dir='ltr' id='par_1_48' title="bbox 2244 2047 3862 2128">
     <span class='ocr_line' id='line_1_48' title="bbox 2244 2047 3862 2128; baseline 0.007 -26"><span class='ocrx_word' id='word_1_352' title='bbox 2244 2047 2498 2103; x_wconf 79' lang='lat' dir='ltr'><strong>Avaritiae</strong></span> <span class='ocrx_word' id='word_1_353' title='bbox 2529 2050 2633 2123; x_wconf 89' lang='lat' dir='ltr'><strong>ipsi</strong></span> <span class='ocrx_word' id='word_1_354' title='bbox 2665 2051 2856 2122; x_wconf 88' lang='lat' dir='ltr'><strong>rapina</strong></span> <span class='ocrx_word' id='word_1_355' title='bbox 2887 2062 2971 2109; x_wconf 82' lang='lat' dir='ltr'><strong>est</strong></span> <span class='ocrx_word' id='word_1_356' title='bbox 3003 2054 3238 2111; x_wconf 89' lang='lat' dir='ltr'><strong>subdita.</strong></span> <span class='ocrx_word' id='word_1_357' title='bbox 3267 2056 3336 2112; x_wconf 87' lang='lat' dir='ltr'><strong>Et</strong></span> <span class='ocrx_word' id='word_1_358' title='bbox 3358 2065 3562 2128; x_wconf 90' lang='lat' dir='ltr'><strong>quanto</strong></span> <span class='ocrx_word' id='word_1_359' title='bbox 3600 2057 3862 2114; x_wconf 87' lang='lat' dir='ltr'><strong>tolerabi-</strong></span> 
     </span>
    </p>
   </div>
   <div class='ocr_carea' id='block_1_49' title="bbox 2242 2137 3857 2219">
    <p class='ocr_par' dir='ltr' id='par_1_49' title="bbox 2242 2137 3857 2219">
     <span class='ocr_line' id='line_1_49' title="bbox 2242 2137 3857 2219; baseline 0.008 -26"><span class='ocrx_word' id='word_1_360' title='bbox 2242 2137 2349 2194; x_wconf 89' lang='lat' dir='ltr'><strong>lius</strong></span> <span class='ocrx_word' id='word_1_361' title='bbox 2378 2150 2463 2196; x_wconf 91' lang='lat' dir='ltr'><strong>est</strong></span> <span class='ocrx_word' id='word_1_362' title='bbox 2492 2144 2711 2214; x_wconf 90' lang='lat' dir='ltr'><strong>propria</strong></span> <span class='ocrx_word' id='word_1_363' title='bbox 2750 2144 3105 2215; x_wconf 87' lang='lat' dir='ltr'><strong>profundere,</strong></span> <span class='ocrx_word' id='word_1_364' title='bbox 3138 2162 3298 2217; x_wconf 91' lang='lat' dir='ltr'><strong>quam</strong></span> <span class='ocrx_word' id='word_1_365' title='bbox 3346 2148 3527 2205; x_wconf 89' lang='lat' dir='ltr'><strong>aliena</strong></span> <span class='ocrx_word' id='word_1_366' title='bbox 3575 2148 3857 2219; x_wconf 84' lang='lat' dir='ltr'><strong>diripere!</strong></span> 
     </span>
    </p>
   </div>
   <div class='ocr_carea' id='block_1_50' title="bbox 2243 2232 3850 2313">
    <p class='ocr_par' dir='ltr' id='par_1_50' title="bbox 2243 2232 3850 2313">
     <span class='ocr_line' id='line_1_50' title="bbox 2243 2232 3850 2313; baseline 0.006 -24"><span class='ocrx_word' id='word_1_367' title='bbox 2243 2232 2382 2289; x_wconf 85' lang='lat' dir='ltr'><strong>Sunt</strong></span> <span class='ocrx_word' id='word_1_368' title='bbox 2409 2236 2500 2305; x_wconf 92' lang='lat' dir='ltr'><strong>qui</strong></span> <span class='ocrx_word' id='word_1_369' title='bbox 2530 2245 2839 2294; x_wconf 87' lang='lat' dir='ltr'><strong>metuentes</strong></span> <span class='ocrx_word' id='word_1_370' title='bbox 2869 2238 3084 2311; x_wconf 63' lang='lat'><strong>1184</strong></span> <span class='ocrx_word' id='word_1_371' title='bbox 3103 2240 3306 2311; x_wconf 91' lang='lat' dir='ltr'><strong>aliquid</strong></span> <span class='ocrx_word' id='word_1_372' title='bbox 3346 2243 3566 2313; x_wconf 90' lang='lat' dir='ltr'><strong>proprio</strong></span> <span class='ocrx_word' id='word_1_373' title='bbox 3594 2242 3850 2299; x_wconf 88' lang='lat' dir='ltr'><strong>minuere</strong></span> 
     </span>
    </p>
   </div>
   <div class='ocr_carea' id='block_1_51' title="bbox 2245 2324 3859 2404">
    <p class='ocr_par' dir='ltr' id='par_1_51' title="bbox 2245 2324 3859 2404">
     <span class='ocr_line' id='line_1_51' title="bbox 2245 2324 3859 2404; baseline 0.009 -25"><span class='ocrx_word' id='word_1_374' title='bbox 2245 2324 2314 2379; x_wconf 87' lang='lat' dir='ltr'><strong>de</strong></span> <span class='ocrx_word' id='word_1_375' title='bbox 2339 2340 2529 2394; x_wconf 90' lang='lat' dir='ltr'><strong>censu,</strong></span> <span class='ocrx_word' id='word_1_376' title='bbox 2578 2332 2741 2383; x_wconf 88' lang='lat' dir='ltr'><strong>etiam</strong></span> <span class='ocrx_word' id='word_1_377' title='bbox 2776 2330 2925 2402; x_wconf 89' lang='lat' dir='ltr'><strong>inopi</strong></span> <span class='ocrx_word' id='word_1_378' title='bbox 2970 2344 3247 2404; x_wconf 90' lang='lat' dir='ltr'><strong>sumptum</strong></span> <span class='ocrx_word' id='word_1_379' title='bbox 3300 2343 3524 2404; x_wconf 85' lang='lat' dir='ltr'><strong>negent,</strong></span> <span class='ocrx_word' id='word_1_380' title='bbox 3556 2345 3612 2390; x_wconf 91' lang='lat' dir='ltr'><strong>et</strong></span> <span class='ocrx_word' id='word_1_381' title='bbox 3640 2335 3859 2393; x_wconf 84' lang='lat' dir='ltr'><strong>miseri-</strong></span> 
     </span>
    </p>
   </div>
   <div class='ocr_carea' id='block_1_52' title="bbox 2246 2418 3853 2498">
    <p class='ocr_par' dir='ltr' id='par_1_52' title="bbox 2246 2418 3853 2498">
     <span class='ocr_line' id='line_1_52' title="bbox 2246 2418 3853 2498; baseline 0.007 -25"><span class='ocrx_word' id='word_1_382' title='bbox 2246 2418 2489 2473; x_wconf 90' lang='lat' dir='ltr'><strong>cordiam</strong></span> <span class='ocrx_word' id='word_1_383' title='bbox 2519 2420 2908 2477; x_wconf 90' lang='lat' dir='ltr'><strong>detrimentum</strong></span> <span class='ocrx_word' id='word_1_384' title='bbox 2942 2434 3153 2495; x_wconf 88' lang='lat' dir='ltr'><strong>putent.</strong></span> <span class='ocrx_word' id='word_1_385' title='bbox 3206 2425 3347 2482; x_wconf 89' lang='lat' dir='ltr'><strong>Sunt</strong></span> <span class='ocrx_word' id='word_1_386' title='bbox 3388 2426 3479 2498; x_wconf 91' lang='lat' dir='ltr'><strong>qui</strong></span> <span class='ocrx_word' id='word_1_387' title='bbox 3525 2428 3853 2498; x_wconf 88' lang='lat' dir='ltr'><strong>degenerem</strong></span> 
     </span>
    </p>
   </div>
   <div class='ocr_carea' id='block_1_53' title="bbox 2245 2511 3860 2583">
    <p class='ocr_par' dir='ltr' id='par_1_53' title="bbox 2245 2511 3860 2583">
     <span class='ocr_line' id='line_1_53' title="bbox 2245 2511 3860 2583; baseline 0.009 -20"><span class='ocrx_word' id='word_1_388' title='bbox 2245 2511 2478 2567; x_wconf 88' lang='lat' dir='ltr'><strong>vitantes</strong></span> <span class='ocrx_word' id='word_1_389' title='bbox 2526 2511 2942 2583; x_wconf 89' lang='lat' dir='ltr'><strong>ignobilitatem,</strong></span> <span class='ocrx_word' id='word_1_390' title='bbox 2996 2515 3167 2572; x_wconf 87' lang='lat' dir='ltr'><strong>flabro</strong></span> <span class='ocrx_word' id='word_1_391' title='bbox 3207 2518 3483 2575; x_wconf 59' lang='lat' dir='ltr'><strong>sacularis</strong></span> <span class='ocrx_word' id='word_1_392' title='bbox 3534 2522 3860 2577; x_wconf 86' lang='lat' dir='ltr'><strong>ambitionis</strong></span> 
     </span>
    </p>
   </div>
   <div class='ocr_carea' id='block_1_54' title="bbox 2247 2608 3861 2687">
    <p class='ocr_par' dir='ltr' id='par_1_54' title="bbox 2247 2608 3861 2687">
     <span class='ocr_line' id='line_1_54' title="bbox 2247 2608 3861 2687; baseline 0.006 -26"><span class='ocrx_word' id='word_1_393' title='bbox 2247 2608 2543 2679; x_wconf 87' lang='lat' dir='ltr'><strong>agitentur,</strong></span> <span class='ocrx_word' id='word_1_394' title='bbox 2573 2618 2627 2664; x_wconf 90' lang='lat' dir='ltr'><strong>ct</strong></span> <span class='ocrx_word' id='word_1_395' title='bbox 2651 2610 2792 2665; x_wconf 90' lang='lat' dir='ltr'><strong>sicut</strong></span> <span class='ocrx_word' id='word_1_396' title='bbox 2821 2622 3091 2680; x_wconf 70' lang='lat' dir='ltr'><strong>quassata:</strong></span> <span class='ocrx_word' id='word_1_397' title='bbox 3131 2614 3429 2670; x_wconf 90' lang='lat' dir='ltr'><strong>arundines</strong></span> <span class='ocrx_word' id='word_1_398' title='bbox 3462 2613 3567 2671; x_wconf 88' lang='lat' dir='ltr'><strong>huc</strong></span> <span class='ocrx_word' id='word_1_399' title='bbox 3593 2624 3754 2687; x_wconf 82' lang='lat' dir='ltr'><strong>atque</strong></span> <span class='ocrx_word' id='word_1_400' title='bbox 3785 2616 3861 2671; x_wconf 86' lang='lat' dir='ltr'><strong>il-</strong></span> 
     </span>
    </p>
   </div>
   <div class='ocr_carea' id='block_1_55' title="bbox 2249 2703 3860 2781">
    <p class='ocr_par' dir='ltr' id='par_1_55' title="bbox 2249 2703 3860 2781">
     <span class='ocr_line' id='line_1_55' title="bbox 2249 2703 3860 2781; baseline 0.003 -20"><span class='ocrx_word' id='word_1_401' title='bbox 2249 2703 2336 2761; x_wconf 92' lang='lat' dir='ltr'><strong>luc</strong></span> <span class='ocrx_word' id='word_1_402' title='bbox 2367 2706 2611 2761; x_wconf 89' lang='lat' dir='ltr'><strong>ferantur</strong></span> <span class='ocrx_word' id='word_1_403' title='bbox 2640 2706 2855 2761; x_wconf 80' lang='lat' dir='ltr'><strong>incerti.</strong></span> <span class='ocrx_word' id='word_1_404' title='bbox 2904 2706 3043 2763; x_wconf 87' lang='lat' dir='ltr'><strong>Sunt</strong></span> <span class='ocrx_word' id='word_1_405' title='bbox 3070 2708 3236 2764; x_wconf 91' lang='lat' dir='ltr'><strong>etiam</strong></span> <span class='ocrx_word' id='word_1_406' title='bbox 3277 2709 3368 2780; x_wconf 93' lang='lat' dir='ltr'><strong>qui</strong></span> <span class='ocrx_word' id='word_1_407' title='bbox 3408 2710 3537 2766; x_wconf 92' lang='lat' dir='ltr'><strong>dum</strong></span> <span class='ocrx_word' id='word_1_408' title='bbox 3585 2710 3860 2781; x_wconf 89' lang='lat' dir='ltr'><strong>majorum</strong></span> 
     </span>
    </p>
   </div>
   <div class='ocr_carea' id='block_1_56' title="bbox 2248 2801 3860 2873">
    <p class='ocr_par' dir='ltr' id='par_1_56' title="bbox 2248 2801 3860 2873">
     <span class='ocr_line' id='line_1_56' title="bbox 2248 2801 3860 2873; baseline 0.004 -21"><span class='ocrx_word' id='word_1_409' title='bbox 2248 2811 2471 2853; x_wconf 88' lang='lat' dir='ltr'><strong>suorum</strong></span> <span class='ocrx_word' id='word_1_410' title='bbox 2520 2808 2720 2854; x_wconf 85' lang='lat' dir='ltr'><strong>statum</strong></span> <span class='ocrx_word' id='word_1_411' title='bbox 2775 2810 3101 2871; x_wconf 90' lang='lat' dir='ltr'><strong>sequuntur,</strong></span> <span class='ocrx_word' id='word_1_412' title='bbox 3134 2801 3300 2857; x_wconf 85' lang='lat' dir='ltr'><strong>veluti</strong></span> <span class='ocrx_word' id='word_1_413' title='bbox 3347 2801 3511 2873; x_wconf 88' lang='lat' dir='ltr'><strong>digna</strong></span> <span class='ocrx_word' id='word_1_414' title='bbox 3556 2818 3860 2859; x_wconf 80' lang='lat' dir='ltr'><strong>conversa-</strong></span> 
     </span>
    </p>
   </div>
   <div class='ocr_carea' id='block_1_57' title="bbox 2249 2889 3862 2967">
    <p class='ocr_par' dir='ltr' id='par_1_57' title="bbox 2249 2889 3862 2967">
     <span class='ocr_line' id='line_1_57' title="bbox 2249 2889 3862 2967; baseline 0.005 -22"><span class='ocrx_word' id='word_1_415' title='bbox 2249 2889 2396 2946; x_wconf 88' lang='lat' dir='ltr'><strong>tione</strong></span> <span class='ocrx_word' id='word_1_416' title='bbox 2427 2892 2693 2956; x_wconf 86' lang='lat' dir='ltr'><strong>contenti,</strong></span> <span class='ocrx_word' id='word_1_417' title='bbox 2722 2908 2789 2949; x_wconf 91' lang='lat' dir='ltr'><strong>ne</strong></span> <span class='ocrx_word' id='word_1_418' title='bbox 2814 2907 3029 2949; x_wconf 90' lang='lat' dir='ltr'><strong>errores</strong></span> <span class='ocrx_word' id='word_1_419' title='bbox 3056 2894 3275 2965; x_wconf 93' lang='lat' dir='ltr'><strong>quidem</strong></span> <span class='ocrx_word' id='word_1_420' title='bbox 3309 2896 3515 2967; x_wconf 88' lang='lat' dir='ltr'><strong>patrios</strong></span> <span class='ocrx_word' id='word_1_421' title='bbox 3544 2897 3862 2953; x_wconf 70' lang='lat' dir='ltr'><strong>existiment</strong></span> 
     </span>
    </p>
   </div>
   <div class='ocr_carea' id='block_1_58' title="bbox 2248 2985 3860 3061">
    <p class='ocr_par' dir='ltr' id='par_1_58' title="bbox 2248 2985 3860 3061">
     <span class='ocr_line' id='line_1_58' title="bbox 2248 2985 3860 3061; baseline 0.003 -19"><span class='ocrx_word' id='word_1_422' title='bbox 2248 2985 2631 3053; x_wconf 87' lang='lat' dir='ltr'><strong>declinandos;</strong></span> <span class='ocrx_word' id='word_1_423' title='bbox 2675 2997 2732 3041; x_wconf 92' lang='lat' dir='ltr'><strong>ut</strong></span> <span class='ocrx_word' id='word_1_424' title='bbox 2762 2988 2868 3043; x_wconf 90' lang='lat' dir='ltr'><strong>fide</strong></span> <span class='ocrx_word' id='word_1_425' title='bbox 2895 2989 3207 3044; x_wconf 90' lang='lat' dir='ltr'><strong>mutandam</strong></span> <span class='ocrx_word' id='word_1_426' title='bbox 3243 2989 3526 3061; x_wconf 87' lang='lat' dir='ltr'><strong>perfidiam</strong></span> <span class='ocrx_word' id='word_1_427' title='bbox 3566 3006 3671 3045; x_wconf 90' lang='lat' dir='ltr'><strong>non</strong></span> <span class='ocrx_word' id='word_1_428' title='bbox 3702 2991 3860 3047; x_wconf 83' lang='lat' dir='ltr'><strong>arbi-</strong></span> 
     </span>
    </p>
   </div>
   <div class='ocr_carea' id='block_1_59' title="bbox 2251 3081 3859 3156">
    <p class='ocr_par' dir='ltr' id='par_1_59' title="bbox 2251 3081 3859 3156">
     <span class='ocr_line' id='line_1_59' title="bbox 2251 3081 3859 3156; baseline 0.004 -21"><span class='ocrx_word' id='word_1_429' title='bbox 2251 3088 2467 3136; x_wconf 90' lang='lat' dir='ltr'><strong>trentur</strong></span> <span class='ocrx_word' id='word_1_430' title='bbox 2497 3099 2509 3135; x_wconf 88' lang='lat'><strong>:</strong></span> <span class='ocrx_word' id='word_1_431' title='bbox 2542 3096 2665 3137; x_wconf 90' lang='lat' dir='ltr'><strong>cum</strong></span> <span class='ocrx_word' id='word_1_432' title='bbox 2698 3081 2750 3137; x_wconf 89' lang='lat' dir='ltr'><strong>in</strong></span> <span class='ocrx_word' id='word_1_433' title='bbox 2783 3083 2978 3138; x_wconf 85' lang='lat' dir='ltr'><strong>melius</strong></span> <span class='ocrx_word' id='word_1_434' title='bbox 3006 3093 3217 3140; x_wconf 86' lang='lat' dir='ltr'><strong>mutare</strong></span> <span class='ocrx_word' id='word_1_435' title='bbox 3254 3086 3592 3156; x_wconf 89' lang='lat' dir='ltr'><strong>pr0positum</strong></span> <span class='ocrx_word' id='word_1_436' title='bbox 3629 3102 3735 3141; x_wconf 91' lang='lat' dir='ltr'><strong>non</strong></span> <span class='ocrx_word' id='word_1_437' title='bbox 3771 3087 3859 3142; x_wconf 86' lang='lat' dir='ltr'><strong>le-</strong></span> 
     </span>
    </p>
   </div>
   <div class='ocr_carea' id='block_1_60' title="bbox 536 3174 3857 3251">
    <p class='ocr_par' dir='ltr' id='par_1_60' title="bbox 536 3174 3857 3251">
     <span class='ocr_line' id='line_1_60' title="bbox 536 3174 3857 3251; baseline 0.003 -22"><span class='ocrx_word' id='word_1_438' title='bbox 536 3191 638 3229; x_wconf 88' lang='lat' dir='ltr'><strong>non</strong></span> <span class='ocrx_word' id='word_1_439' title='bbox 658 3174 957 3243; x_wconf 73' lang='lat' dir='ltr'><strong>tumulatur,</strong></span> <span class='ocrx_word' id='word_1_440' title='bbox 985 3195 1087 3233; x_wconf 90' lang='lat' dir='ltr'><strong>non</strong></span> <span class='ocrx_word' id='word_1_441' title='bbox 1109 3179 1219 3249; x_wconf 83' lang='lat' dir='ltr'><strong>agit</strong></span> <span class='ocrx_word' id='word_1_442' title='bbox 1242 3194 1535 3251; x_wconf 80' lang='lat' dir='ltr'><strong>perperam,</strong></span> <span class='ocrx_word' id='word_1_443' title='bbox 1558 3198 1658 3235; x_wconf 90' lang='lat' dir='ltr'><strong>non</strong></span> <span class='ocrx_word' id='word_1_444' title='bbox 1688 3181 1927 3249; x_wconf 70' lang='lat' dir='ltr'><strong>irritatur,</strong></span> <span class='ocrx_word' id='word_1_445' title='bbox 1955 3197 2055 3236; x_wconf 90' lang='lat' dir='ltr'><strong>non</strong></span> <span class='ocrx_word' id='word_1_446' title='bbox 2073 3190 2149 3236; x_wconf 85' lang='lat' dir='ltr'><strong>est</strong></span> <span class='ocrx_word' id='word_1_447' title='bbox 2252 3175 2410 3243; x_wconf 83' lang='lat' dir='ltr'><strong>vitas,</strong></span> <span class='ocrx_word' id='word_1_448' title='bbox 2439 3176 2535 3231; x_wconf 89' lang='lat' dir='ltr'><strong>sed</strong></span> <span class='ocrx_word' id='word_1_449' title='bbox 2560 3175 2767 3232; x_wconf 85' lang='lat' dir='ltr'><strong>virtus:</strong></span> <span class='ocrx_word' id='word_1_450' title='bbox 2797 3193 2973 3249; x_wconf 91' lang='lat' dir='ltr'><strong>neque</strong></span> <span class='ocrx_word' id='word_1_451' title='bbox 3020 3180 3203 3250; x_wconf 88' lang='lat' dir='ltr'><strong>culpa,</strong></span> <span class='ocrx_word' id='word_1_452' title='bbox 3232 3180 3329 3235; x_wconf 88' lang='lat' dir='ltr'><strong>sed</strong></span> <span class='ocrx_word' id='word_1_453' title='bbox 3376 3182 3547 3251; x_wconf 89' lang='lat' dir='ltr'><strong>gratia</strong></span> <span class='ocrx_word' id='word_1_454' title='bbox 3576 3181 3667 3236; x_wconf 89' lang='lat' dir='ltr'><strong>sit.</strong></span> <span class='ocrx_word' id='word_1_455' title='bbox 3696 3181 3857 3239; x_wconf 79' lang='lat' dir='ltr'><strong>Alius</strong></span> 
     </span>
    </p>
   </div>
   <div class='ocr_carea' id='block_1_61' title="bbox 534 3267 3861 3345">
    <p class='ocr_par' dir='ltr' id='par_1_61' title="bbox 534 3267 3861 3345">
     <span class='ocr_line' id='line_1_61' title="bbox 534 3267 3861 3345; baseline 0.002 -20"><span class='ocrx_word' id='word_1_456' title='bbox 534 3272 837 3339; x_wconf 87' lang='lat' dir='ltr'><strong>ambitiosa,</strong></span> <span class='ocrx_word' id='word_1_457' title='bbox 865 3291 968 3328; x_wconf 88' lang='lat' dir='ltr'><strong>non</strong></span> <span class='ocrx_word' id='word_1_458' title='bbox 988 3275 1173 3345; x_wconf 63' lang='lat' dir='ltr'><strong>quierit</strong></span> <span class='ocrx_word' id='word_1_459' title='bbox 1200 3290 1315 3345; x_wconf 77' lang='lat' dir='ltr'><strong>qua:</strong></span> <span class='ocrx_word' id='word_1_460' title='bbox 1348 3291 1443 3330; x_wconf 90' lang='lat' dir='ltr'><strong>sua</strong></span> <span class='ocrx_word' id='word_1_461' title='bbox 1468 3288 1606 3343; x_wconf 84' lang='lat' dir='ltr'><strong>sunt,</strong></span> <span class='ocrx_word' id='word_1_462' title='bbox 1637 3292 1740 3331; x_wconf 90' lang='lat' dir='ltr'><strong>non</strong></span> <span class='ocrx_word' id='word_1_463' title='bbox 1766 3276 2022 3342; x_wconf 84' lang='lat' dir='ltr'><strong>irritatur,</strong></span> <span class='ocrx_word' id='word_1_464' title='bbox 2042 3293 2145 3331; x_wconf 89' lang='lat' dir='ltr'><strong>non</strong></span> <span class='ocrx_word' id='word_1_465' title='bbox 2171 3267 2217 3331; x_wconf 87' lang='lat' dir='ltr'><strong>C</strong></span> <span class='ocrx_word' id='word_1_466' title='bbox 2249 3271 2590 3328; x_wconf 87' lang='lat' dir='ltr'><strong>circensibus</strong></span> <span class='ocrx_word' id='word_1_467' title='bbox 2620 3272 2783 3338; x_wconf 90' lang='lat' dir='ltr'><strong>ludis,</strong></span> <span class='ocrx_word' id='word_1_468' title='bbox 2816 3283 2911 3327; x_wconf 86' lang='lat' dir='ltr'><strong>aut</strong></span> <span class='ocrx_word' id='word_1_469' title='bbox 2948 3275 3305 3332; x_wconf 89' lang='lat' dir='ltr'><strong>theatralibus</strong></span> <span class='ocrx_word' id='word_1_470' title='bbox 3334 3276 3660 3332; x_wconf 89' lang='lat' dir='ltr'><strong>sollicitatus</strong></span> <span class='ocrx_word' id='word_1_471' title='bbox 3700 3277 3861 3332; x_wconf 80' lang='lat' dir='ltr'><strong>volu-</strong></span> 
     </span>
    </p>
   </div>
   <div class='ocr_carea' id='block_1_62' title="bbox 536 3366 2143 3444">
    <p class='ocr_par' dir='ltr' id='par_1_62' title="bbox 536 3366 2143 3444">
     <span class='ocr_line' id='line_1_62' title="bbox 536 3366 2143 3444; baseline 0.004 -25"><span class='ocrx_word' id='word_1_472' title='bbox 536 3366 729 3436; x_wconf 84' lang='lat' dir='ltr'><strong>cogitat</strong></span> <span class='ocrx_word' id='word_1_473' title='bbox 754 3367 969 3435; x_wconf 88' lang='lat' dir='ltr'><strong>malum,</strong></span> <span class='ocrx_word' id='word_1_474' title='bbox 1002 3384 1104 3422; x_wconf 89' lang='lat' dir='ltr'><strong>non</strong></span> <span class='ocrx_word' id='word_1_475' title='bbox 1135 3368 1323 3439; x_wconf 84' lang='lat' dir='ltr'><strong>gaudet</strong></span> <span class='ocrx_word' id='word_1_476' title='bbox 1355 3386 1511 3439; x_wconf 86' lang='lat' dir='ltr'><strong>super</strong></span> <span class='ocrx_word' id='word_1_477' title='bbox 1536 3371 1830 3441; x_wconf 84' lang='lat' dir='ltr'><strong>iniquitate,</strong></span> <span class='ocrx_word' id='word_1_478' title='bbox 1856 3371 2143 3444; x_wconf 85' lang='lat' dir='ltr'><strong>congaudet</strong></span> 
     </span>
    </p>
   </div>
   <div class='ocr_carea' id='block_1_63' title="bbox 535 3459 2144 3530">
    <p class='ocr_par' dir='ltr' id='par_1_63' title="bbox 535 3459 2144 3530">
     <span class='ocr_line' id='line_1_63' title="bbox 535 3459 2144 3530; baseline 0.004 -19"><span class='ocrx_word' id='word_1_479' title='bbox 535 3468 707 3514; x_wconf 88' lang='lat' dir='ltr'><strong>autem</strong></span> <span class='ocrx_word' id='word_1_480' title='bbox 759 3462 983 3515; x_wconf 80' lang='lat' dir='ltr'><strong>veritati.</strong></span> <span class='ocrx_word' id='word_1_481' title='bbox 1015 3459 1205 3516; x_wconf 86' lang='lat' dir='ltr'><strong>Omnia</strong></span> <span class='ocrx_word' id='word_1_482' title='bbox 1246 3460 1450 3529; x_wconf 71' lang='lat' dir='ltr'><strong>su/fert,</strong></span> <span class='ocrx_word' id='word_1_483' title='bbox 1505 3464 1679 3517; x_wconf 87' lang='lat' dir='ltr'><strong>omnia</strong></span> <span class='ocrx_word' id='word_1_484' title='bbox 1732 3465 1916 3530; x_wconf 83' lang='lat' dir='ltr'><strong>credit,</strong></span> <span class='ocrx_word' id='word_1_485' title='bbox 1968 3466 2144 3519; x_wconf 86' lang='lat' dir='ltr'><strong>omnia</strong></span> 
     </span>
    </p>
   </div>
   <div class='ocr_carea' id='block_1_64' title="bbox 536 3552 2145 3627">
    <p class='ocr_par' dir='ltr' id='par_1_64' title="bbox 536 3552 2145 3627">
     <span class='ocr_line' id='line_1_64' title="bbox 536 3552 2145 3627; baseline 0.006 -23"><span class='ocrx_word' id='word_1_486' title='bbox 536 3561 733 3620; x_wconf 87' lang='lat' dir='ltr'><strong>sperat,</strong></span> <span class='ocrx_word' id='word_1_487' title='bbox 776 3554 952 3607; x_wconf 83' lang='lat' dir='ltr'><strong>omnia</strong></span> <span class='ocrx_word' id='word_1_488' title='bbox 996 3554 1233 3609; x_wconf 86' lang='lat' dir='ltr'><strong>sustinet.</strong></span> <span class='ocrx_word' id='word_1_489' title='bbox 1266 3552 1508 3610; x_wconf 86' lang='lat' dir='ltr'><strong>Charitas</strong></span> <span class='ocrx_word' id='word_1_490' title='bbox 1543 3572 1825 3627; x_wconf 85' lang='lat' dir='ltr'><strong>numquam</strong></span> <span class='ocrx_word' id='word_1_491' title='bbox 1853 3556 2043 3611; x_wconf 77' lang='lat' dir='ltr'><strong>excidit</strong></span> <span class='ocrx_word' id='word_1_492' title='bbox 2073 3556 2145 3623; x_wconf 89' lang='lat' dir='ltr'><strong>(ll</strong></span> 
     </span>
    </p>
   </div>
   <div class='ocr_carea' id='block_1_65' title="bbox 543 3642 2143 3722">
    <p class='ocr_par' dir='ltr' id='par_1_65' title="bbox 543 3642 2143 3722">
     <span class='ocr_line' id='line_1_65' title="bbox 543 3642 2143 3722; baseline 0.004 -24"><span class='ocrx_word' id='word_1_493' title='bbox 543 3642 692 3711; x_wconf 87' lang='lat' dir='ltr'><strong>Cor.,</strong></span> <span class='ocrx_word' id='word_1_494' title='bbox 717 3660 834 3713; x_wconf 79' lang='lat' dir='ltr'><strong>xm,</strong></span> <span class='ocrx_word' id='word_1_495' title='bbox 864 3647 897 3702; x_wconf 71' lang='grc'><strong>4</strong></span> <span class='ocrx_word' id='word_1_496' title='bbox 922 3656 969 3701; x_wconf 90' lang='lat' dir='ltr'><strong>et</strong></span> <span class='ocrx_word' id='word_1_497' title='bbox 995 3646 1148 3719; x_wconf 86' lang='lat' dir='ltr'><strong>seq.).</strong></span> <span class='ocrx_word' id='word_1_498' title='bbox 1181 3647 1239 3703; x_wconf 84' lang='lat' dir='ltr'><strong>In</strong></span> <span class='ocrx_word' id='word_1_499' title='bbox 1266 3649 1617 3705; x_wconf 90' lang='lat' dir='ltr'><strong>inferioribus</strong></span> <span class='ocrx_word' id='word_1_500' title='bbox 1648 3650 1746 3705; x_wconf 89' lang='lat' dir='ltr'><strong>tria</strong></span> <span class='ocrx_word' id='word_1_501' title='bbox 1776 3650 2015 3722; x_wconf 87' lang='lat' dir='ltr'><strong>perfecta</strong></span> <span class='ocrx_word' id='word_1_502' title='bbox 2047 3667 2143 3722; x_wconf 88' lang='lat' dir='ltr'><strong>po-</strong></span> 
     </span>
    </p>
   </div>
   <div class='ocr_carea' id='block_1_66' title="bbox 532 3738 2144 3814">
    <p class='ocr_par' dir='ltr' id='par_1_66' title="bbox 532 3738 2144 3814">
     <span class='ocr_line' id='line_1_66' title="bbox 532 3738 2144 3814; baseline 0.005 -21"><span class='ocrx_word' id='word_1_503' title='bbox 532 3738 664 3803; x_wconf 86' lang='lat' dir='ltr'><strong>suit,</strong></span> <span class='ocrx_word' id='word_1_504' title='bbox 698 3753 876 3808; x_wconf 89' lang='lat' dir='ltr'><strong>spem,</strong></span> <span class='ocrx_word' id='word_1_505' title='bbox 907 3739 1090 3806; x_wconf 88' lang='lat' dir='ltr'><strong>lidem,</strong></span> <span class='ocrx_word' id='word_1_506' title='bbox 1118 3742 1445 3798; x_wconf 88' lang='lat' dir='ltr'><strong>charitatem</strong></span> <span class='ocrx_word' id='word_1_507' title='bbox 1477 3742 1775 3814; x_wconf 89' lang='lat' dir='ltr'><strong>:majorem</strong></span> <span class='ocrx_word' id='word_1_508' title='bbox 1801 3756 1983 3800; x_wconf 91' lang='lat' dir='ltr'><strong>autem</strong></span> <span class='ocrx_word' id='word_1_509' title='bbox 2005 3745 2144 3802; x_wconf 81' lang='lat' dir='ltr'><strong>dixit</strong></span> 
     </span>
    </p>
   </div>
   <div class='ocr_carea' id='block_1_67' title="bbox 534 3830 2138 3914">
    <p class='ocr_par' dir='ltr' id='par_1_67' title="bbox 534 3830 2138 3914">
     <span class='ocr_line' id='line_1_67' title="bbox 534 3830 2138 3914; baseline 0.008 -31"><span class='ocrx_word' id='word_1_510' title='bbox 534 3830 961 3895; x_wconf 85' lang='lat' dir='ltr'><strong>cltaritatem,et</strong></span> <span class='ocrx_word' id='word_1_511' title='bbox 994 3843 1183 3900; x_wconf 89' lang='lat' dir='ltr'><strong>recte;</strong></span> <span class='ocrx_word' id='word_1_512' title='bbox 1223 3835 1463 3891; x_wconf 86' lang='lat' dir='ltr'><strong>Charitas</strong></span> <span class='ocrx_word' id='word_1_513' title='bbox 1520 3837 1665 3893; x_wconf 90' lang='lat' dir='ltr'><strong>enim</strong></span> <span class='ocrx_word' id='word_1_514' title='bbox 1718 3840 1893 3894; x_wconf 88' lang='lat' dir='ltr'><strong>omnia</strong></span> <span class='ocrx_word' id='word_1_515' title='bbox 1942 3852 2138 3914; x_wconf 86' lang='lat' dir='ltr'><strong>sperat,</strong></span> 
     </span>
    </p>
   </div>
   <div class='ocr_carea' id='block_1_68' title="bbox 536 3923 2139 4004">
    <p class='ocr_par' dir='ltr' id='par_1_68' title="bbox 536 3923 2139 4004">
     <span class='ocr_line' id='line_1_68' title="bbox 536 3923 2139 4004; baseline 0.009 -29"><span class='ocrx_word' id='word_1_516' title='bbox 536 3923 710 3977; x_wconf 84' lang='lat' dir='ltr'><strong>omnia</strong></span> <span class='ocrx_word' id='word_1_517' title='bbox 734 3924 898 3979; x_wconf 87' lang='lat' dir='ltr'><strong>credit</strong></span> <span class='ocrx_word' id='word_1_518' title='bbox 940 3923 1134 3994; x_wconf 86' lang='lat' dir='ltr'><strong>(Ibid.,</strong></span> <span class='ocrx_word' id='word_1_519' title='bbox 1170 3928 1283 3999; x_wconf 87' lang='lat'><strong>1&#39;5).</strong></span> <span class='ocrx_word' id='word_1_520' title='bbox 1319 3927 1457 3985; x_wconf 90' lang='lat' dir='ltr'><strong>Cum</strong></span> <span class='ocrx_word' id='word_1_521' title='bbox 1490 3930 1654 4001; x_wconf 85' lang='lat' dir='ltr'><strong>igitur</strong></span> <span class='ocrx_word' id='word_1_522' title='bbox 1684 3947 1812 4004; x_wconf 91' lang='lat' dir='ltr'><strong>spes</strong></span> <span class='ocrx_word' id='word_1_523' title='bbox 1837 3942 1891 3988; x_wconf 89' lang='lat' dir='ltr'><strong>et</strong></span> <span class='ocrx_word' id='word_1_524' title='bbox 1920 3934 2055 3989; x_wconf 86' lang='lat' dir='ltr'><strong>fides</strong></span> <span class='ocrx_word' id='word_1_525' title='bbox 2086 3935 2139 3990; x_wconf 90' lang='lat' dir='ltr'><strong>in</strong></span> 
     </span>
    </p>
   </div>
   <div class='ocr_carea' id='block_1_69' title="bbox 492 4016 2138 4099">
    <p class='ocr_par' dir='ltr' id='par_1_69' title="bbox 492 4016 2138 4099">
     <span class='ocr_line' id='line_1_69' title="bbox 492 4016 2138 4099; baseline 0.009 -30"><span class='ocrx_word' id='word_1_526' title='bbox 492 4016 800 4083; x_wconf 72' lang='lat' dir='ltr'><strong>,cliaritate</strong></span> <span class='ocrx_word' id='word_1_527' title='bbox 830 4019 964 4084; x_wconf 89' lang='lat' dir='ltr'><strong>sint,</strong></span> <span class='ocrx_word' id='word_1_528' title='bbox 993 4035 1102 4075; x_wconf 92' lang='lat' dir='ltr'><strong>non</strong></span> <span class='ocrx_word' id='word_1_529' title='bbox 1141 4032 1228 4078; x_wconf 91' lang='lat' dir='ltr'><strong>est</strong></span> <span class='ocrx_word' id='word_1_530' title='bbox 1271 4022 1495 4081; x_wconf 91' lang='lat' dir='ltr'><strong>dubium</strong></span> <span class='ocrx_word' id='word_1_531' title='bbox 1526 4027 1668 4097; x_wconf 91' lang='lat' dir='ltr'><strong>quod</strong></span> <span class='ocrx_word' id='word_1_532' title='bbox 1711 4029 1884 4099; x_wconf 90' lang='lat' dir='ltr'><strong>major</strong></span> <span class='ocrx_word' id='word_1_533' title='bbox 1899 4028 2138 4085; x_wconf 90' lang='lat' dir='ltr'><strong>charitas</strong></span> 
     </span>
    </p>
   </div>
   <div class='ocr_carea' id='block_1_70' title="bbox 539 4111 2140 4192">
    <p class='ocr_par' dir='ltr' id='par_1_70' title="bbox 539 4111 2140 4192">
     <span class='ocr_line' id='line_1_70' title="bbox 539 4111 2140 4192; baseline 0.008 -26"><span class='ocrx_word' id='word_1_534' title='bbox 539 4111 630 4168; x_wconf 85' lang='lat' dir='ltr'><strong>sit.</strong></span> <span class='ocrx_word' id='word_1_535' title='bbox 662 4112 731 4167; x_wconf 88' lang='lat' dir='ltr'><strong>Et</strong></span> <span class='ocrx_word' id='word_1_536' title='bbox 756 4113 893 4170; x_wconf 88' lang='lat' dir='ltr'><strong>bene</strong></span> <span class='ocrx_word' id='word_1_537' title='bbox 914 4114 1017 4171; x_wconf 91' lang='lat' dir='ltr'><strong>sibi</strong></span> <span class='ocrx_word' id='word_1_538' title='bbox 1048 4117 1328 4187; x_wconf 89' lang='lat' dir='ltr'><strong>respondit</strong></span> <span class='ocrx_word' id='word_1_539' title='bbox 1353 4118 1647 4190; x_wconf 86' lang='lat' dir='ltr'><strong>Propheta.</strong></span> <span class='ocrx_word' id='word_1_540' title='bbox 1682 4121 1855 4192; x_wconf 88' lang='lat' dir='ltr'><strong>Supra</strong></span> <span class='ocrx_word' id='word_1_541' title='bbox 1883 4123 2026 4179; x_wconf 90' lang='lat' dir='ltr'><strong>enim</strong></span> <span class='ocrx_word' id='word_1_542' title='bbox 2059 4123 2140 4179; x_wconf 88' lang='lat' dir='ltr'><strong>di-</strong></span> 
     </span>
    </p>
   </div>
   <div class='ocr_carea' id='block_1_71' title="bbox 536 4203 2139 4279">
    <p class='ocr_par' dir='ltr' id='par_1_71' title="bbox 536 4203 2139 4279">
     <span class='ocr_line' id='line_1_71' title="bbox 536 4203 2139 4279; baseline 0.007 -20"><span class='ocrx_word' id='word_1_543' title='bbox 536 4206 615 4260; x_wconf 80' lang='lat' dir='ltr'><strong>xit</strong></span> <span class='ocrx_word' id='word_1_544' title='bbox 649 4223 661 4259; x_wconf 93' lang='lat'><strong>:</strong></span> <span class='ocrx_word' id='word_1_545' title='bbox 691 4203 802 4261; x_wconf 75' lang='lat' dir='ltr'><strong>Lex</strong></span> <span class='ocrx_word' id='word_1_546' title='bbox 827 4205 1040 4262; x_wconf 88' lang='lat' dir='ltr'><strong>Domini</strong></span> <span class='ocrx_word' id='word_1_547' title='bbox 1064 4210 1555 4279; x_wconf 79' lang='lat' dir='ltr'><strong>irreprehensibilis,</strong></span> <span class='ocrx_word' id='word_1_548' title='bbox 1586 4224 1882 4270; x_wconf 84' lang='lat' dir='ltr'><strong>convertens</strong></span> <span class='ocrx_word' id='word_1_549' title='bbox 1909 4216 2139 4270; x_wconf 81' lang='lat' dir='ltr'><strong>animant</strong></span> 
     </span>
    </p>
   </div>
   <div class='ocr_carea' id='block_1_72' title="bbox 537 4296 2137 4379">
    <p class='ocr_par' dir='ltr' id='par_1_72' title="bbox 537 4296 2137 4379">
     <span class='ocr_line' id='line_1_72' title="bbox 537 4296 2137 4379; baseline 0.008 -28"><span class='ocrx_word' id='word_1_550' title='bbox 537 4296 713 4368; x_wconf 82' lang='lat' dir='ltr'><strong>(Psal.</strong></span> <span class='ocrx_word' id='word_1_551' title='bbox 742 4315 890 4366; x_wconf 77' lang='lat' dir='ltr'><strong>svnt,</strong></span> <span class='ocrx_word' id='word_1_552' title='bbox 914 4300 991 4371; x_wconf 91' lang='lat'><strong>8).</strong></span> <span class='ocrx_word' id='word_1_553' title='bbox 1020 4300 1076 4357; x_wconf 94' lang='lat' dir='ltr'><strong>Si</strong></span> <span class='ocrx_word' id='word_1_554' title='bbox 1107 4301 1218 4357; x_wconf 84' lang='lat' dir='ltr'><strong>Lex</strong></span> <span class='ocrx_word' id='word_1_555' title='bbox 1240 4304 1478 4360; x_wconf 88' lang='lat' dir='ltr'><strong>animam</strong></span> <span class='ocrx_word' id='word_1_556' title='bbox 1498 4308 1805 4371; x_wconf 88' lang='lat' dir='ltr'><strong>convertit;</strong></span> <span class='ocrx_word' id='word_1_557' title='bbox 1839 4308 2024 4379; x_wconf 93' lang='lat' dir='ltr'><strong>utique</strong></span> <span class='ocrx_word' id='word_1_558' title='bbox 2046 4310 2137 4379; x_wconf 92' lang='lat' dir='ltr'><strong>qui</strong></span> 
     </span>
    </p>
   </div>
   <div class='ocr_carea' id='block_1_73' title="bbox 535 4393 2139 4471">
    <p class='ocr_par' dir='ltr' id='par_1_73' title="bbox 535 4393 2139 4471">
     <span class='ocr_line' id='line_1_73' title="bbox 535 4393 2139 4471; baseline 0.006 -23"><span class='ocrx_word' id='word_1_559' title='bbox 535 4393 734 4464; x_wconf 91' lang='lat' dir='ltr'><strong>diligit,</strong></span> <span class='ocrx_word' id='word_1_560' title='bbox 766 4393 926 4467; x_wconf 88' lang='lat' dir='ltr'><strong>Legis</strong></span> <span class='ocrx_word' id='word_1_561' title='bbox 952 4395 1183 4453; x_wconf 91' lang='lat' dir='ltr'><strong>dilector</strong></span> <span class='ocrx_word' id='word_1_562' title='bbox 1211 4410 1314 4452; x_wconf 91' lang='lat' dir='ltr'><strong>est.</strong></span> <span class='ocrx_word' id='word_1_563' title='bbox 1351 4398 1556 4453; x_wconf 91' lang='lat' dir='ltr'><strong>Deinde</strong></span> <span class='ocrx_word' id='word_1_564' title='bbox 1600 4400 1653 4455; x_wconf 92' lang='lat' dir='ltr'><strong>in</strong></span> <span class='ocrx_word' id='word_1_565' title='bbox 1682 4401 1783 4455; x_wconf 92' lang='lat' dir='ltr'><strong>hoc</strong></span> <span class='ocrx_word' id='word_1_566' title='bbox 1804 4400 1925 4471; x_wconf 92' lang='lat' dir='ltr'><strong>ipso</strong></span> <span class='ocrx_word' id='word_1_567' title='bbox 1953 4411 2139 4458; x_wconf 87' lang='lat' dir='ltr'><strong>cente-</strong></span> 
     </span>
    </p>
   </div>
   <div class='ocr_carea' id='block_1_74' title="bbox 537 4485 2139 4563">
    <p class='ocr_par' dir='ltr' id='par_1_74' title="bbox 537 4485 2139 4563">
     <span class='ocr_line' id='line_1_74' title="bbox 537 4485 2139 4563; baseline 0.006 -22"><span class='ocrx_word' id='word_1_568' title='bbox 537 4485 676 4543; x_wconf 89' lang='lat' dir='ltr'><strong>simo</strong></span> <span class='ocrx_word' id='word_1_569' title='bbox 721 4487 933 4544; x_wconf 86' lang='lat' dir='ltr'><strong>decimo</strong></span> <span class='ocrx_word' id='word_1_570' title='bbox 961 4497 1152 4546; x_wconf 92' lang='lat' dir='ltr'><strong>octavo</strong></span> <span class='ocrx_word' id='word_1_571' title='bbox 1182 4491 1394 4560; x_wconf 90' lang='lat' dir='ltr'><strong>psalmo</strong></span> <span class='ocrx_word' id='word_1_572' title='bbox 1440 4492 1673 4562; x_wconf 90' lang='lat' dir='ltr'><strong>primum</strong></span> <span class='ocrx_word' id='word_1_573' title='bbox 1731 4494 1915 4563; x_wconf 90' lang='lat' dir='ltr'><strong>posuit</strong></span> <span class='ocrx_word' id='word_1_574' title='bbox 1946 4511 1960 4550; x_wconf 88' lang='lat'><strong>:</strong></span> <span class='ocrx_word' id='word_1_575' title='bbox 1992 4494 2139 4551; x_wconf 84' lang='lat' dir='ltr'><strong>Beati</strong></span> 
     </span>
    </p>
   </div>
   <div class='ocr_carea' id='block_1_75' title="bbox 534 4580 2133 4663">
    <p class='ocr_par' dir='ltr' id='par_1_75' title="bbox 534 4580 2133 4663">
     <span class='ocr_line' id='line_1_75' title="bbox 534 4580 2133 4663; baseline 0.008 -30"><span class='ocrx_word' id='word_1_576' title='bbox 534 4580 857 4637; x_wconf 88' lang='lat' dir='ltr'><strong>immaculati</strong></span> <span class='ocrx_word' id='word_1_577' title='bbox 882 4583 934 4638; x_wconf 88' lang='lat' dir='ltr'><strong>in</strong></span> <span class='ocrx_word' id='word_1_578' title='bbox 973 4585 1074 4651; x_wconf 80' lang='lat' dir='ltr'><strong>via,</strong></span> <span class='ocrx_word' id='word_1_579' title='bbox 1103 4586 1189 4653; x_wconf 85' lang='lat' dir='ltr'><strong>qui</strong></span> <span class='ocrx_word' id='word_1_580' title='bbox 1218 4585 1484 4642; x_wconf 86' lang='lat' dir='ltr'><strong>ambulant</strong></span> <span class='ocrx_word' id='word_1_581' title='bbox 1511 4588 1565 4641; x_wconf 91' lang='lat' dir='ltr'><strong>in</strong></span> <span class='ocrx_word' id='word_1_582' title='bbox 1595 4587 1704 4660; x_wconf 89' lang='lat' dir='ltr'><strong>lege</strong></span> <span class='ocrx_word' id='word_1_583' title='bbox 1733 4587 1942 4645; x_wconf 87' lang='lat' dir='ltr'><strong>Domini</strong></span> <span class='ocrx_word' id='word_1_584' title='bbox 1972 4589 2133 4663; x_wconf 85' lang='lat' dir='ltr'><strong>(Sup.</strong></span> 
     </span>
    </p>
   </div>
   <div class='ocr_carea' id='block_1_76' title="bbox 2246 3367 3855 3442">
    <p class='ocr_par' dir='ltr' id='par_1_76' title="bbox 2246 3367 3855 3442">
     <span class='ocr_line' id='line_1_76' title="bbox 2246 3367 3855 3442; baseline 0.005 -22"><span class='ocrx_word' id='word_1_585' title='bbox 2246 3367 2508 3438; x_wconf 87' lang='lat' dir='ltr'><strong>ptatibus,</strong></span> <span class='ocrx_word' id='word_1_586' title='bbox 2553 3378 2646 3423; x_wconf 92' lang='lat' dir='ltr'><strong>aut</strong></span> <span class='ocrx_word' id='word_1_587' title='bbox 2689 3368 2906 3424; x_wconf 58' lang='lat' dir='ltr'><strong>caeteris</strong></span> <span class='ocrx_word' id='word_1_588' title='bbox 2933 3370 3260 3425; x_wconf 88' lang='lat' dir='ltr'><strong>vanitatibus</strong></span> <span class='ocrx_word' id='word_1_589' title='bbox 3303 3381 3620 3442; x_wconf 89' lang='lat' dir='ltr'><strong>occupatus,</strong></span> <span class='ocrx_word' id='word_1_590' title='bbox 3654 3371 3855 3428; x_wconf 73' lang='lat' dir='ltr'><strong>Ecclc~</strong></span> 
     </span>
    </p>
   </div>
   <div class='ocr_carea' id='block_1_77' title="bbox 2245 3460 3853 3534">
    <p class='ocr_par' dir='ltr' id='par_1_77' title="bbox 2245 3460 3853 3534">
     <span class='ocr_line' id='line_1_77' title="bbox 2245 3460 3853 3534; baseline 0.002 -19"><span class='ocrx_word' id='word_1_591' title='bbox 2245 3460 2384 3516; x_wconf 88' lang='lat' dir='ltr'><strong>siam</strong></span> <span class='ocrx_word' id='word_1_592' title='bbox 2410 3476 2518 3516; x_wconf 91' lang='lat' dir='ltr'><strong>non</strong></span> <span class='ocrx_word' id='word_1_593' title='bbox 2559 3460 2871 3532; x_wconf 89' lang='lat' dir='ltr'><strong>frequentat</strong></span> <span class='ocrx_word' id='word_1_594' title='bbox 2902 3480 2916 3517; x_wconf 93' lang='lat'>:</span> <span class='ocrx_word' id='word_1_595' title='bbox 2948 3461 3117 3517; x_wconf 90' lang='lat' dir='ltr'><strong>alium</strong></span> <span class='ocrx_word' id='word_1_596' title='bbox 3146 3463 3285 3518; x_wconf 91' lang='lat' dir='ltr'><strong>ruris</strong></span> <span class='ocrx_word' id='word_1_597' title='bbox 3314 3464 3497 3534; x_wconf 89' lang='lat' dir='ltr'><strong>quieta</strong></span> <span class='ocrx_word' id='word_1_598' title='bbox 3546 3464 3853 3532; x_wconf 89' lang='lat' dir='ltr'><strong>delectant,</strong></span> 
     </span>
    </p>
   </div>
   <div class='ocr_carea' id='block_1_78' title="bbox 2244 3558 3854 3632">
    <p class='ocr_par' dir='ltr' id='par_1_78' title="bbox 2244 3558 3854 3632">
     <span class='ocr_line' id='line_1_78' title="bbox 2244 3558 3854 3632; baseline 0.002 -19"><span class='ocrx_word' id='word_1_599' title='bbox 2244 3572 2417 3630; x_wconf 91' lang='lat' dir='ltr'><strong>eaque</strong></span> <span class='ocrx_word' id='word_1_600' title='bbox 2442 3573 2605 3614; x_wconf 90' lang='lat' dir='ltr'><strong>causa</strong></span> <span class='ocrx_word' id='word_1_601' title='bbox 2632 3559 2700 3614; x_wconf 92' lang='lat' dir='ltr'><strong>ad</strong></span> <span class='ocrx_word' id='word_1_602' title='bbox 2732 3558 3031 3615; x_wconf 75' lang='lat' dir='ltr'><strong>Ecclesium</strong></span> <span class='ocrx_word' id='word_1_603' title='bbox 3060 3574 3216 3614; x_wconf 88' lang='lat' dir='ltr'><strong>rarus</strong></span> <span class='ocrx_word' id='word_1_604' title='bbox 3236 3574 3488 3615; x_wconf 78' lang='lat' dir='ltr'><strong>accessus</strong></span> <span class='ocrx_word' id='word_1_605' title='bbox 3514 3569 3617 3615; x_wconf 87' lang='lat' dir='ltr'><strong>est.</strong></span> <span class='ocrx_word' id='word_1_606' title='bbox 3661 3562 3854 3632; x_wconf 89' lang='lat' dir='ltr'><strong>Itaque</strong></span> 
     </span>
    </p>
   </div>
   <div class='ocr_carea' id='block_1_79' title="bbox 2244 3652 3850 3712">
    <p class='ocr_par' dir='ltr' id='par_1_79' title="bbox 2244 3652 3850 3712">
     <span class='ocr_line' id='line_1_79' title="bbox 2244 3652 3850 3712; baseline 0.003 -4"><span class='ocrx_word' id='word_1_607' title='bbox 2244 3652 2461 3708; x_wconf 89' lang='lat' dir='ltr'><strong>diverso</strong></span> <span class='ocrx_word' id='word_1_608' title='bbox 2491 3668 2593 3709; x_wconf 93' lang='lat' dir='ltr'><strong>usu</strong></span> <span class='ocrx_word' id='word_1_609' title='bbox 2625 3653 2679 3709; x_wconf 92' lang='lat' dir='ltr'><strong>in</strong></span> <span class='ocrx_word' id='word_1_610' title='bbox 2708 3653 2960 3709; x_wconf 89' lang='lat' dir='ltr'><strong>eumdem</strong></span> <span class='ocrx_word' id='word_1_611' title='bbox 3009 3653 3375 3710; x_wconf 85' lang='lat' dir='ltr'><strong>indevotionis</strong></span> <span class='ocrx_word' id='word_1_612' title='bbox 3408 3670 3650 3711; x_wconf 88' lang='lat' dir='ltr'><strong>errorem</strong></span> <span class='ocrx_word' id='word_1_613' title='bbox 3698 3666 3850 3712; x_wconf 87' lang='lat' dir='ltr'><strong>uter-</strong></span> 
     </span>
    </p>
   </div>
   <div class='ocr_carea' id='block_1_80' title="bbox 2244 3747 3850 3819">
    <p class='ocr_par' dir='ltr' id='par_1_80' title="bbox 2244 3747 3850 3819">
     <span class='ocr_line' id='line_1_80' title="bbox 2244 3747 3850 3819; baseline 0.003 -20"><span class='ocrx_word' id='word_1_614' title='bbox 2244 3762 2352 3817; x_wconf 90' lang='lat' dir='ltr'><strong>que</strong></span> <span class='ocrx_word' id='word_1_615' title='bbox 2382 3748 2679 3802; x_wconf 90' lang='lat' dir='ltr'><strong>concurrit.</strong></span> <span class='ocrx_word' id='word_1_616' title='bbox 2721 3747 2827 3802; x_wconf 90' lang='lat' dir='ltr'><strong>Sed</strong></span> <span class='ocrx_word' id='word_1_617' title='bbox 2849 3748 2938 3818; x_wconf 92' lang='lat' dir='ltr'><strong>qui</strong></span> <span class='ocrx_word' id='word_1_618' title='bbox 2970 3762 3188 3804; x_wconf 92' lang='lat' dir='ltr'><strong>omnem</strong></span> <span class='ocrx_word' id='word_1_619' title='bbox 3211 3748 3355 3803; x_wconf 88' lang='lat' dir='ltr'><strong>viam</strong></span> <span class='ocrx_word' id='word_1_620' title='bbox 3387 3748 3688 3819; x_wconf 88' lang='lat' dir='ltr'><strong>iniquitatis</strong></span> <span class='ocrx_word' id='word_1_621' title='bbox 3709 3748 3850 3817; x_wconf 85' lang='lat' dir='ltr'><strong>odit,</strong></span> 
     </span>
    </p>
   </div>
   <div class='ocr_carea' id='block_1_81' title="bbox 2243 3839 3853 3911">
    <p class='ocr_par' dir='ltr' id='par_1_81' title="bbox 2243 3839 3853 3911">
     <span class='ocr_line' id='line_1_81' title="bbox 2243 3839 3853 3911; baseline 0.001 -18"><span class='ocrx_word' id='word_1_622' title='bbox 2243 3839 2309 3893; x_wconf 90' lang='lat' dir='ltr'><strong>ad</strong></span> <span class='ocrx_word' id='word_1_623' title='bbox 2340 3840 2590 3895; x_wconf 87' lang='lat' dir='ltr'><strong>universa</strong></span> <span class='ocrx_word' id='word_1_624' title='bbox 2619 3840 2911 3911; x_wconf 84' lang='lat' dir='ltr'><strong>corrigitur</strong></span> <span class='ocrx_word' id='word_1_625' title='bbox 2933 3848 2989 3895; x_wconf 89' lang='lat' dir='ltr'><strong>et</strong></span> <span class='ocrx_word' id='word_1_626' title='bbox 3016 3839 3355 3896; x_wconf 90' lang='lat' dir='ltr'><strong>emendatur.</strong></span> <span class='ocrx_word' id='word_1_627' title='bbox 3388 3839 3454 3895; x_wconf 85' lang='lat' dir='ltr'><strong>Et</strong></span> <span class='ocrx_word' id='word_1_628' title='bbox 3486 3839 3625 3897; x_wconf 87' lang='lat' dir='ltr'><strong>bene</strong></span> <span class='ocrx_word' id='word_1_629' title='bbox 3645 3842 3853 3910; x_wconf 88' lang='lat' dir='ltr'><strong>posuit,</strong></span> 
     </span>
    </p>
   </div>
   <div class='ocr_carea' id='block_1_82' title="bbox 2254 3930 3855 4005">
    <p class='ocr_par' dir='ltr' id='par_1_82' title="bbox 2254 3930 3855 4005">
     <span class='ocr_line' id='line_1_82' title="bbox 2254 3930 3855 4005; baseline 0.002 -20"><span class='ocrx_word' id='word_1_630' title='bbox 2254 3930 2405 3986; x_wconf 82' lang='lat' dir='ltr'><strong>Viam</strong></span> <span class='ocrx_word' id='word_1_631' title='bbox 2436 3933 2758 4002; x_wconf 78' lang='lat' dir='ltr'><strong>iniquitatis;</strong></span> <span class='ocrx_word' id='word_1_632' title='bbox 2791 3933 2883 3989; x_wconf 87' lang='lat' dir='ltr'><strong>ille</strong></span> <span class='ocrx_word' id='word_1_633' title='bbox 2928 3935 3073 3989; x_wconf 90' lang='lat' dir='ltr'><strong>enim</strong></span> <span class='ocrx_word' id='word_1_634' title='bbox 3120 3933 3329 3989; x_wconf 91' lang='lat' dir='ltr'><strong>facilius</strong></span> <span class='ocrx_word' id='word_1_635' title='bbox 3374 3933 3713 4005; x_wconf 82' lang='lat' dir='ltr'><strong>iniquitatem</strong></span> <span class='ocrx_word' id='word_1_636' title='bbox 3758 3933 3855 3989; x_wconf 85' lang='lat' dir='ltr'><strong>de-</strong></span> 
     </span>
    </p>
   </div>
   <div class='ocr_carea' id='block_1_83' title="bbox 2246 4025 3499 4098">
    <p class='ocr_par' dir='ltr' id='par_1_83' title="bbox 2246 4025 3499 4098">
     <span class='ocr_line' id='line_1_83' title="bbox 2246 4025 3499 4098; baseline 0.002 -17"><span class='ocrx_word' id='word_1_637' title='bbox 2246 4025 2430 4090; x_wconf 86' lang='lat' dir='ltr'><strong>clinat,</strong></span> <span class='ocrx_word' id='word_1_638' title='bbox 2459 4028 2549 4097; x_wconf 92' lang='lat' dir='ltr'><strong>qui</strong></span> <span class='ocrx_word' id='word_1_639' title='bbox 2579 4026 2692 4080; x_wconf 85' lang='lat' dir='ltr'><strong>vias</strong></span> <span class='ocrx_word' id='word_1_640' title='bbox 2720 4026 2839 4096; x_wconf 84' lang='lat' dir='ltr'><strong>ejus</strong></span> <span class='ocrx_word' id='word_1_641' title='bbox 2866 4042 2972 4082; x_wconf 89' lang='lat' dir='ltr'><strong>non</strong></span> <span class='ocrx_word' id='word_1_642' title='bbox 3003 4026 3168 4083; x_wconf 86' lang='lat' dir='ltr'><strong>fuerit</strong></span> <span class='ocrx_word' id='word_1_643' title='bbox 3198 4026 3499 4098; x_wconf 85' lang='lat' dir='ltr'><strong>ingressus.</strong></span> 
     </span>
    </p>
   </div>
   <div class='ocr_carea' id='block_1_84' title="bbox 2550 4130 3530 4190">
    <p class='ocr_par' dir='ltr' id='par_1_84' title="bbox 2550 4130 3530 4190">
     <span class='ocr_line' id='line_1_84' title="bbox 2550 4130 3530 4190; baseline -0.002 -3"><span class='ocrx_word' id='word_1_644' title='bbox 2550 4130 2784 4190; x_wconf 81' lang='lat' dir='ltr'><strong>SERMO</strong></span> <span class='ocrx_word' id='word_1_645' title='bbox 2823 4130 3123 4189; x_wconf 73' lang='lat' dir='ltr'><strong>DECIMUS</strong></span> <span class='ocrx_word' id='word_1_646' title='bbox 3161 4130 3530 4188; x_wconf 76' lang='lat' dir='ltr'><strong>SEPTIMUS.</strong></span> 
     </span>
    </p>
   </div>
   <div class='ocr_carea' id='block_1_85' title="bbox 2920 4224 3159 4288">
    <p class='ocr_par' dir='ltr' id='par_1_85' title="bbox 2920 4224 3159 4288">
     <span class='ocr_line' id='line_1_85' title="bbox 2920 4224 3159 4288; baseline 0 -8"><span class='ocrx_word' id='word_1_647' title='bbox 2920 4235 2980 4288; x_wconf 74' lang='grc' dir='ltr'><strong>ξ).</strong></span> <span class='ocrx_word' id='word_1_648' title='bbox 3026 4224 3159 4283; x_wconf 83' lang='grc' dir='ltr'><strong>ΡΙιε.</strong></span> 
     </span>
    </p>
   </div>
   <div class='ocr_carea' id='block_1_86' title="bbox 2315 4315 3853 4390">
    <p class='ocr_par' dir='ltr' id='par_1_86' title="bbox 2315 4315 3853 4390">
     <span class='ocr_line' id='line_1_86' title="bbox 2315 4315 3853 4390; baseline 0.003 -18"><span class='ocrx_word' id='word_1_649' title='bbox 2315 4318 2368 4372; x_wconf 92' lang='lat'><strong>1.</strong></span> <span class='ocrx_word' id='word_1_650' title='bbox 2410 4315 2523 4372; x_wconf 89' lang='lat' dir='ltr'><strong>Phe</strong></span> <span class='ocrx_word' id='word_1_651' title='bbox 2553 4318 2731 4373; x_wconf 84' lang='lat' dir='ltr'><strong>littera</strong></span> <span class='ocrx_word' id='word_1_652' title='bbox 2761 4317 2971 4373; x_wconf 89' lang='lat' dir='ltr'><strong>decima</strong></span> <span class='ocrx_word' id='word_1_653' title='bbox 3000 4318 3268 4389; x_wconf 84' lang='lat' dir='ltr'><strong>septima,</strong></span> <span class='ocrx_word' id='word_1_654' title='bbox 3301 4334 3421 4390; x_wconf 87' lang='lat' dir='ltr'><strong>quae</strong></span> <span class='ocrx_word' id='word_1_655' title='bbox 3449 4317 3617 4375; x_wconf 90' lang='lat' dir='ltr'><strong>latine</strong></span> <span class='ocrx_word' id='word_1_656' title='bbox 3642 4319 3853 4390; x_wconf 83' lang='lat' dir='ltr'><strong>signiti-</strong></span> 
     </span>
    </p>
   </div>
   <div class='ocr_carea' id='block_1_87' title="bbox 2240 4410 3852 4487">
    <p class='ocr_par' dir='ltr' id='par_1_87' title="bbox 2240 4410 3852 4487">
     <span class='ocr_line' id='line_1_87' title="bbox 2240 4410 3852 4487; baseline 0.004 -22"><span class='ocrx_word' id='word_1_657' title='bbox 2240 4419 2346 4475; x_wconf 89' lang='lat' dir='ltr'><strong>cat,</strong></span> <span class='ocrx_word' id='word_1_658' title='bbox 2385 4410 2592 4477; x_wconf 72' lang='lat' dir='ltr'><strong>Eri-avi,</strong></span> <span class='ocrx_word' id='word_1_659' title='bbox 2616 4412 2753 4479; x_wconf 80' lang='lat' dir='ltr'><strong>sive,</strong></span> <span class='ocrx_word' id='word_1_660' title='bbox 2789 4412 2861 4467; x_wconf 86' lang='lat' dir='ltr'><strong>Os</strong></span> <span class='ocrx_word' id='word_1_661' title='bbox 2909 4416 3110 4483; x_wconf 88' lang='lat' dir='ltr'><strong>aperui.</strong></span> <span class='ocrx_word' id='word_1_662' title='bbox 3143 4414 3333 4470; x_wconf 81' lang='lat' dir='ltr'><strong>Merito</strong></span> <span class='ocrx_word' id='word_1_663' title='bbox 3361 4429 3494 4485; x_wconf 89' lang='lat' dir='ltr'><strong>ergo</strong></span> <span class='ocrx_word' id='word_1_664' title='bbox 3522 4412 3639 4471; x_wconf 65' lang='lat' dir='ltr'><strong>haec</strong></span> <span class='ocrx_word' id='word_1_665' title='bbox 3669 4415 3852 4487; x_wconf 82' lang='lat' dir='ltr'><strong>lacry-</strong></span> 
     </span>
    </p>
   </div>
   <div class='ocr_carea' id='block_1_88' title="bbox 2240 4502 3849 4577">
    <p class='ocr_par' dir='ltr' id='par_1_88' title="bbox 2240 4502 3849 4577">
     <span class='ocr_line' id='line_1_88' title="bbox 2240 4502 3849 4577; baseline 0.002 -19"><span class='ocrx_word' id='word_1_666' title='bbox 2240 4502 2459 4558; x_wconf 89' lang='lat' dir='ltr'><strong>mabilis</strong></span> <span class='ocrx_word' id='word_1_667' title='bbox 2511 4505 2681 4561; x_wconf 89' lang='lat' dir='ltr'><strong>series</strong></span> <span class='ocrx_word' id='word_1_668' title='bbox 2740 4505 2931 4574; x_wconf 85' lang='lat' dir='ltr'><strong>psalmi</strong></span> <span class='ocrx_word' id='word_1_669' title='bbox 2973 4506 3217 4577; x_wconf 90' lang='lat' dir='ltr'><strong>subjecta</strong></span> <span class='ocrx_word' id='word_1_670' title='bbox 3277 4516 3359 4563; x_wconf 89' lang='lat' dir='ltr'><strong>est</strong></span> <span class='ocrx_word' id='word_1_671' title='bbox 3427 4506 3551 4562; x_wconf 90' lang='lat' dir='ltr'><strong>huic</strong></span> <span class='ocrx_word' id='word_1_672' title='bbox 3608 4506 3849 4562; x_wconf 75' lang='lat' dir='ltr'><strong>litteraz:</strong></span> 
     </span>
    </p>
   </div>
   <div class='ocr_carea' id='block_1_89' title="bbox 2242 4599 3854 4670">
    <p class='ocr_par' dir='ltr' id='par_1_89' title="bbox 2242 4599 3854 4670">
     <span class='ocr_line' id='line_1_89' title="bbox 2242 4599 3854 4670; baseline 0.001 -15"><span class='ocrx_word' id='word_1_673' title='bbox 2242 4599 2461 4670; x_wconf 84' lang='lat' dir='ltr'><strong>Respice</strong></span> <span class='ocrx_word' id='word_1_674' title='bbox 2485 4601 2541 4655; x_wconf 88' lang='lat' dir='ltr'><strong>in</strong></span> <span class='ocrx_word' id='word_1_675' title='bbox 2570 4617 2671 4667; x_wconf 89' lang='lat' dir='ltr'><strong>me,</strong></span> <span class='ocrx_word' id='word_1_676' title='bbox 2706 4612 2752 4655; x_wconf 90' lang='lat' dir='ltr'><strong>et</strong></span> <span class='ocrx_word' id='word_1_677' title='bbox 2782 4602 3018 4657; x_wconf 85' lang='lat' dir='ltr'><strong>miserere</strong></span> <span class='ocrx_word' id='word_1_678' title='bbox 3061 4601 3309 4657; x_wconf 88' lang='lat' dir='ltr'><strong>mihi.....</strong></span> <span class='ocrx_word' id='word_1_679' title='bbox 3343 4611 3393 4657; x_wconf 87' lang='lat' dir='ltr'><strong>et</strong></span> <span class='ocrx_word' id='word_1_680' title='bbox 3418 4618 3519 4656; x_wconf 89' lang='lat' dir='ltr'><strong>non</strong></span> <span class='ocrx_word' id='word_1_681' title='bbox 3553 4602 3854 4657; x_wconf 86' lang='lat' dir='ltr'><strong>dominetur</strong></span> 
     </span>
    </p>
   </div>
   <div class='ocr_carea' id='block_1_90' title="bbox 537 4675 3852 4766">
    <p class='ocr_par' dir='ltr' id='par_1_90' title="bbox 537 4675 3852 4766">
     <span class='ocr_line' id='line_1_90' title="bbox 537 4675 3852 4766; baseline 0.007 -38"><span class='ocrx_word' id='word_1_682' title='bbox 537 4690 588 4728; x_wconf 78' lang='grc' dir='ltr'><strong>υ,</strong></span> <span class='ocrx_word' id='word_1_683' title='bbox 626 4675 705 4743; x_wconf 92' lang='lat'><strong>1).</strong></span> <span class='ocrx_word' id='word_1_684' title='bbox 753 4675 810 4732; x_wconf 92' lang='lat' dir='ltr'><strong>Si</strong></span> <span class='ocrx_word' id='word_1_685' title='bbox 840 4677 1219 4735; x_wconf 88' lang='lat' dir='ltr'><strong>immaculatus</strong></span> <span class='ocrx_word' id='word_1_686' title='bbox 1240 4690 1324 4736; x_wconf 91' lang='lat' dir='ltr'><strong>est</strong></span> <span class='ocrx_word' id='word_1_687' title='bbox 1361 4682 1450 4753; x_wconf 92' lang='lat' dir='ltr'><strong>qui</strong></span> <span class='ocrx_word' id='word_1_688' title='bbox 1479 4684 1531 4738; x_wconf 91' lang='lat' dir='ltr'><strong>in</strong></span> <span class='ocrx_word' id='word_1_689' title='bbox 1574 4683 1692 4755; x_wconf 88' lang='lat' dir='ltr'><strong>lege</strong></span> <span class='ocrx_word' id='word_1_690' title='bbox 1725 4683 1818 4739; x_wconf 90' lang='lat' dir='ltr'><strong>Dei</strong></span> <span class='ocrx_word' id='word_1_691' title='bbox 1862 4684 2133 4752; x_wconf 88' lang='lat' dir='ltr'><strong>ambulat;</strong></span> <span class='ocrx_word' id='word_1_692' title='bbox 2162 4677 2216 4738; x_wconf 86' lang='lat' dir='ltr'><strong>D</strong></span> <span class='ocrx_word' id='word_1_693' title='bbox 2240 4693 2338 4747; x_wconf 89' lang='lat' dir='ltr'><strong>mei</strong></span> <span class='ocrx_word' id='word_1_694' title='bbox 2366 4694 2532 4748; x_wconf 87' lang='lat' dir='ltr'><strong>omnis</strong></span> <span class='ocrx_word' id='word_1_695' title='bbox 2559 4694 2825 4764; x_wconf 87' lang='lat' dir='ltr'><strong>iniquitas.</strong></span> <span class='ocrx_word' id='word_1_696' title='bbox 2861 4693 3073 4750; x_wconf 86' lang='lat' dir='ltr'><strong>Faciem</strong></span> <span class='ocrx_word' id='word_1_697' title='bbox 3118 4706 3259 4750; x_wconf 85' lang='lat' dir='ltr'><strong>tuam</strong></span> <span class='ocrx_word' id='word_1_698' title='bbox 3284 4696 3523 4751; x_wconf 89' lang='lat' dir='ltr'><strong>illumina</strong></span> <span class='ocrx_word' id='word_1_699' title='bbox 3567 4712 3719 4766; x_wconf 82' lang='lat' dir='ltr'><strong>super</strong></span> <span class='ocrx_word' id='word_1_700' title='bbox 3739 4712 3852 4750; x_wconf 82' lang='lat' dir='ltr'><strong>ser-</strong></span> 
     </span>
    </p>
   </div>
   <div class='ocr_carea' id='block_1_91' title="bbox 537 4767 3849 4859">
    <p class='ocr_par' dir='ltr' id='par_1_91' title="bbox 537 4767 3849 4859">
     <span class='ocr_line' id='line_1_91' title="bbox 537 4767 3849 4859; baseline 0.008 -39"><span class='ocrx_word' id='word_1_701' title='bbox 537 4767 724 4837; x_wconf 87' lang='lat' dir='ltr'><strong>utique</strong></span> <span class='ocrx_word' id='word_1_702' title='bbox 782 4771 1165 4839; x_wconf 90' lang='lat' dir='ltr'><strong>convertitur,</strong></span> <span class='ocrx_word' id='word_1_703' title='bbox 1211 4773 1299 4839; x_wconf 86' lang='lat' dir='ltr'><strong>qui</strong></span> <span class='ocrx_word' id='word_1_704' title='bbox 1363 4773 1541 4846; x_wconf 91' lang='lat' dir='ltr'><strong>diligit</strong></span> <span class='ocrx_word' id='word_1_705' title='bbox 1597 4775 1691 4832; x_wconf 89' lang='lat' dir='ltr'><strong>Dei</strong></span> <span class='ocrx_word' id='word_1_706' title='bbox 1744 4777 1942 4848; x_wconf 87' lang='lat' dir='ltr'><strong>legem.</strong></span> <span class='ocrx_word' id='word_1_707' title='bbox 1993 4778 2135 4850; x_wconf 85' lang='lat' dir='ltr'><strong>Ergo</strong></span> <span class='ocrx_word' id='word_1_708' title='bbox 2234 4801 2351 4839; x_wconf 81' lang='lat' dir='ltr'><strong>vum</strong></span> <span class='ocrx_word' id='word_1_709' title='bbox 2400 4794 2543 4839; x_wconf 89' lang='lat' dir='ltr'><strong>tuum</strong></span> <span class='ocrx_word' id='word_1_710' title='bbox 2583 4784 2783 4859; x_wconf 80' lang='lat' dir='ltr'><strong>(Infra,</strong></span> <span class='ocrx_word' id='word_1_711' title='bbox 2821 4802 2901 4843; x_wconf 82' lang='lat' dir='ltr'><strong>vv.</strong></span> <span class='ocrx_word' id='word_1_712' title='bbox 2945 4787 3069 4853; x_wconf 77' lang='lat'><strong>1-52,</strong></span> <span class='ocrx_word' id='word_1_713' title='bbox 3101 4790 3204 4845; x_wconf 77' lang='lat'><strong>135</strong></span> <span class='ocrx_word' id='word_1_714' title='bbox 3248 4799 3296 4843; x_wconf 88' lang='lat' dir='ltr'><strong>et</strong></span> <span class='ocrx_word' id='word_1_715' title='bbox 3347 4787 3508 4857; x_wconf 79' lang='lat'><strong>135);</strong></span> <span class='ocrx_word' id='word_1_716' title='bbox 3541 4798 3601 4843; x_wconf 90' lang='lat' dir='ltr'><strong>ut</strong></span> <span class='ocrx_word' id='word_1_717' title='bbox 3649 4790 3699 4843; x_wconf 92' lang='lat' dir='ltr'><strong>ei</strong></span> <span class='ocrx_word' id='word_1_718' title='bbox 3750 4791 3849 4859; x_wconf 91' lang='lat' dir='ltr'><strong>qui</strong></span> 
     </span>
    </p>
   </div>
   <div class='ocr_carea' id='block_1_92' title="bbox 534 4860 2136 4931">
    <p class='ocr_par' dir='ltr' id='par_1_92' title="bbox 534 4860 2136 4931">
     <span class='ocr_line' id='line_1_92' title="bbox 534 4860 2136 4931; baseline 0.006 -12"><span class='ocrx_word' id='word_1_719' title='bbox 534 4864 579 4919; x_wconf 83' lang='lat' dir='ltr'><strong>si</strong></span> <span class='ocrx_word' id='word_1_720' title='bbox 612 4860 719 4918; x_wconf 77' lang='lat' dir='ltr'><strong>Lex</strong></span> <span class='ocrx_word' id='word_1_721' title='bbox 744 4863 1149 4919; x_wconf 90' lang='lat' dir='ltr'><strong>immaculatum</strong></span> <span class='ocrx_word' id='word_1_722' title='bbox 1180 4867 1334 4931; x_wconf 85' lang='lat' dir='ltr'><strong>facit,</strong></span> <span class='ocrx_word' id='word_1_723' title='bbox 1369 4879 1518 4925; x_wconf 89' lang='lat' dir='ltr'><strong>recte</strong></span> <span class='ocrx_word' id='word_1_724' title='bbox 1561 4870 1800 4925; x_wconf 89' lang='lat' dir='ltr'><strong>charitas</strong></span> <span class='ocrx_word' id='word_1_725' title='bbox 1836 4873 2136 4928; x_wconf 83' lang='lat' dir='ltr'><strong>multitudi-</strong></span> 
     </span>
    </p>
   </div>
   <div class='ocr_carea' id='block_1_93' title="bbox 536 4960 2135 5041">
    <p class='ocr_par' dir='ltr' id='par_1_93' title="bbox 536 4960 2135 5041">
     <span class='ocr_line' id='line_1_93' title="bbox 536 4960 2135 5041; baseline 0.009 -28"><span class='ocrx_word' id='word_1_726' title='bbox 536 4972 659 5013; x_wconf 90' lang='lat' dir='ltr'><strong>nem</strong></span> <span class='ocrx_word' id='word_1_727' title='bbox 691 4960 873 5030; x_wconf 82' lang='lat' dir='ltr'><strong>operit</strong></span> <span class='ocrx_word' id='word_1_728' title='bbox 903 4969 1280 5031; x_wconf 86' lang='lat' dir='ltr'><strong>peccatorum;</strong></span> <span class='ocrx_word' id='word_1_729' title='bbox 1314 4964 1437 5035; x_wconf 89' lang='lat' dir='ltr'><strong>quia</strong></span> <span class='ocrx_word' id='word_1_730' title='bbox 1490 4965 1768 5036; x_wconf 90' lang='lat' dir='ltr'><strong>plenitudo</strong></span> <span class='ocrx_word' id='word_1_731' title='bbox 1810 4968 1970 5041; x_wconf 88' lang='lat' dir='ltr'><strong>Legis</strong></span> <span class='ocrx_word' id='word_1_732' title='bbox 1999 4971 2135 5027; x_wconf 79' lang='lat' dir='ltr'><strong>cha~</strong></span> 
     </span>
    </p>
   </div>
   <div class='ocr_carea' id='block_1_94' title="bbox 537 5049 803 5107">
    <p class='ocr_par' dir='ltr' id='par_1_94' title="bbox 537 5049 803 5107">
     <span class='ocr_line' id='line_1_94' title="bbox 537 5049 803 5107; baseline 0 -2"><span class='ocrx_word' id='word_1_733' title='bbox 537 5049 671 5105; x_wconf 88' lang='lat' dir='ltr'><strong>ritas</strong></span> <span class='ocrx_word' id='word_1_734' title='bbox 699 5062 803 5107; x_wconf 89' lang='lat' dir='ltr'><strong>est.</strong></span> 
     </span>
    </p>
   </div>
   <div class='ocr_carea' id='block_1_95' title="bbox 607 5135 2134 5226">
    <p class='ocr_par' dir='ltr' id='par_1_95' title="bbox 607 5135 2134 5226">
     <span class='ocr_line' id='line_1_95' title="bbox 607 5135 2134 5226; baseline 0.009 -27"><span class='ocrx_word' id='word_1_735' title='bbox 607 5145 698 5200; x_wconf 73' lang='grc'><strong>45.</strong></span> <span class='ocrx_word' id='word_1_736' title='bbox 740 5135 961 5202; x_wconf 66' lang='lat' dir='ltr'><strong>Omnem</strong></span> <span class='ocrx_word' id='word_1_737' title='bbox 985 5188 1001 5215; x_wconf 92' lang='lat'><strong>,</strong></span> <span class='ocrx_word' id='word_1_738' title='bbox 1035 5147 1231 5220; x_wconf 90' lang='lat' dir='ltr'><strong>inquit,</strong></span> <span class='ocrx_word' id='word_1_739' title='bbox 1274 5151 1409 5204; x_wconf 80' lang='lat' dir='ltr'><strong>uiam</strong></span> <span class='ocrx_word' id='word_1_740' title='bbox 1436 5156 1687 5226; x_wconf 78' lang='lat' dir='ltr'><strong>injustam</strong></span> <span class='ocrx_word' id='word_1_741' title='bbox 1726 5154 1846 5209; x_wconf 89' lang='lat' dir='ltr'><strong>odio</strong></span> <span class='ocrx_word' id='word_1_742' title='bbox 1875 5154 2051 5211; x_wconf 84' lang='lat' dir='ltr'><strong>habui.</strong></span> <span class='ocrx_word' id='word_1_743' title='bbox 2078 5156 2134 5214; x_wconf 93' lang='lat' dir='ltr'><strong>Si</strong></span> 
     </span>
    </p>
   </div>
   <div class='ocr_carea' id='block_1_96' title="bbox 536 5234 2135 5320">
    <p class='ocr_par' dir='ltr' id='par_1_96' title="bbox 536 5234 2135 5320">
     <span class='ocr_line' id='line_1_96' title="bbox 536 5234 2135 5320; baseline 0.009 -30"><span class='ocrx_word' id='word_1_744' title='bbox 536 5234 583 5290; x_wconf 86' lang='lat' dir='ltr'><strong>is</strong></span> <span class='ocrx_word' id='word_1_745' title='bbox 607 5236 699 5308; x_wconf 94' lang='lat' dir='ltr'><strong>qui</strong></span> <span class='ocrx_word' id='word_1_746' title='bbox 727 5249 998 5309; x_wconf 72' lang='lat' dir='ltr'><strong>praecepta</strong></span> <span class='ocrx_word' id='word_1_747' title='bbox 1016 5242 1246 5312; x_wconf 75' lang='lat' dir='ltr'><strong>justitize</strong></span> <span class='ocrx_word' id='word_1_748' title='bbox 1275 5242 1471 5315; x_wconf 88' lang='lat' dir='ltr'><strong>diligit,</strong></span> <span class='ocrx_word' id='word_1_749' title='bbox 1506 5245 1631 5301; x_wconf 91' lang='lat' dir='ltr'><strong>facit</strong></span> <span class='ocrx_word' id='word_1_750' title='bbox 1659 5246 1746 5302; x_wconf 90' lang='lat' dir='ltr'><strong>illa</strong></span> <span class='ocrx_word' id='word_1_751' title='bbox 1772 5264 1894 5319; x_wconf 84' lang='lat' dir='ltr'><strong>quae</strong></span> <span class='ocrx_word' id='word_1_752' title='bbox 1922 5247 2094 5320; x_wconf 85' lang='lat' dir='ltr'><strong>diligit</strong></span> <span class='ocrx_word' id='word_1_753' title='bbox 2120 5267 2135 5316; x_wconf 91' lang='lat'><strong>;</strong></span> 
     </span>
    </p>
   </div>
   <div class='ocr_carea' id='block_1_97' title="bbox 533 5328 2133 5413">
    <p class='ocr_par' dir='ltr' id='par_1_97' title="bbox 533 5328 2133 5413">
     <span class='ocr_line' id='line_1_97' title="bbox 533 5328 2133 5413; baseline 0.01 -31"><span class='ocrx_word' id='word_1_754' title='bbox 533 5328 720 5400; x_wconf 91' lang='lat' dir='ltr'><strong>utique</strong></span> <span class='ocrx_word' id='word_1_755' title='bbox 766 5331 811 5387; x_wconf 89' lang='lat' dir='ltr'><strong>is</strong></span> <span class='ocrx_word' id='word_1_756' title='bbox 837 5333 928 5404; x_wconf 91' lang='lat' dir='ltr'><strong>qui</strong></span> <span class='ocrx_word' id='word_1_757' title='bbox 952 5334 1065 5390; x_wconf 92' lang='lat' dir='ltr'><strong>odit</strong></span> <span class='ocrx_word' id='word_1_758' title='bbox 1096 5336 1464 5407; x_wconf 88' lang='lat' dir='ltr'><strong>iniquitatem,</strong></span> <span class='ocrx_word' id='word_1_759' title='bbox 1512 5354 1619 5394; x_wconf 92' lang='lat' dir='ltr'><strong>non</strong></span> <span class='ocrx_word' id='word_1_760' title='bbox 1644 5338 1785 5396; x_wconf 88' lang='lat' dir='ltr'><strong>facit</strong></span> <span class='ocrx_word' id='word_1_761' title='bbox 1815 5341 1957 5413; x_wconf 91' lang='lat' dir='ltr'><strong>quod</strong></span> <span class='ocrx_word' id='word_1_762' title='bbox 1998 5357 2133 5398; x_wconf 79' lang='lat' dir='ltr'><strong>exo-</strong></span> 
     </span>
    </p>
   </div>
   <div class='ocr_carea' id='block_1_98' title="bbox 606 5465 2129 5548">
    <p class='ocr_par' dir='ltr' id='par_1_98' title="bbox 606 5465 2129 5548">
     <span class='ocr_line' id='line_1_98' title="bbox 606 5465 2129 5548; baseline 0.01 -28"><span class='ocrx_word' id='word_1_763' title='bbox 606 5473 631 5501; x_wconf 72' lang='grc' dir='ltr'><strong>ιι</strong></span> <span class='ocrx_word' id='word_1_764' title='bbox 674 5465 831 5523; x_wconf 80' lang='lat' dir='ltr'><strong>Rom.</strong></span> <span class='ocrx_word' id='word_1_765' title='bbox 854 5469 990 5548; x_wconf 71' lang='lat' dir='ltr'><strong>edit.</strong></span> <span class='ocrx_word' id='word_1_766' title='bbox 1016 5472 1153 5541; x_wconf 89' lang='lat' dir='ltr'><strong>sola,</strong></span> <span class='ocrx_word' id='word_1_767' title='bbox 1203 5474 1327 5529; x_wconf 86' lang='lat' dir='ltr'><strong>bene</strong></span> <span class='ocrx_word' id='word_1_768' title='bbox 1364 5475 1677 5548; x_wconf 80' lang='lat' dir='ltr'><strong>ﬁgurabilis.</strong></span> <span class='ocrx_word' id='word_1_769' title='bbox 1706 5477 1773 5532; x_wconf 85' lang='lat' dir='ltr'><strong>Et</strong></span> <span class='ocrx_word' id='word_1_770' title='bbox 1820 5494 1940 5534; x_wconf 91' lang='lat' dir='ltr'><strong>cum</strong></span> <span class='ocrx_word' id='word_1_771' title='bbox 1988 5479 2129 5547; x_wconf 87' lang='lat' dir='ltr'><strong>aliis,</strong></span> 
     </span>
    </p>
   </div>
   <div class='ocr_carea' id='block_1_99' title="bbox 532 5540 2129 5623">
    <p class='ocr_par' dir='ltr' id='par_1_99' title="bbox 532 5540 2129 5623">
     <span class='ocr_line' id='line_1_99' title="bbox 532 5540 2129 5623; baseline 0.01 -32"><span class='ocrx_word' id='word_1_772' title='bbox 532 5551 781 5623; x_wconf 30' lang='lat' dir='ltr'><strong>afuimus.</strong></span> <span class='ocrx_word' id='word_1_773' title='bbox 820 5540 1044 5623; x_wconf 70' lang='lat' dir='ltr'><strong>aliquot.</strong></span> <span class='ocrx_word' id='word_1_774' title='bbox 1088 5540 1157 5623; x_wconf 53' lang='grc' dir='ltr'><strong>ας</strong></span> <span class='ocrx_word' id='word_1_775' title='bbox 1191 5540 1390 5623; x_wconf 76' lang='lat' dir='ltr'><strong>summa</strong></span> <span class='ocrx_word' id='word_1_776' title='bbox 1406 5540 1607 5623; x_wconf 45' lang='lat' dir='ltr'><strong>vstudio</strong></span> <span class='ocrx_word' id='word_1_777' title='bbox 1640 5550 1853 5623; x_wconf 85' lang='lat' dir='ltr'><strong>dignus</strong></span> <span class='ocrx_word' id='word_1_778' title='bbox 1892 5540 2129 5607; x_wconf 72' lang='lat' dir='ltr'><strong>habetur.</strong></span> 
     </span>
    </p>
   </div>
   <div class='ocr_carea' id='block_1_100' title="bbox 534 5607 2131 5689">
    <p class='ocr_par' dir='ltr' id='par_1_100' title="bbox 534 5607 2131 5689">
     <span class='ocr_line' id='line_1_100' title="bbox 534 5607 2131 5689; baseline 0.009 -25"><span class='ocrx_word' id='word_1_779' title='bbox 534 5607 769 5680; x_wconf 79' lang='lat' dir='ltr'><strong>Difﬁcile</strong></span> <span class='ocrx_word' id='word_1_780' title='bbox 814 5607 1092 5689; x_wconf 55' lang='lat' dir='ltr'><strong>inuenitur.</strong></span> <span class='ocrx_word' id='word_1_781' title='bbox 1125 5618 1231 5672; x_wconf 79' lang='lat' dir='ltr'><strong>Sed</strong></span> <span class='ocrx_word' id='word_1_782' title='bbox 1274 5634 1405 5674; x_wconf 90' lang='lat' dir='ltr'><strong>mss.</strong></span> <span class='ocrx_word' id='word_1_783' title='bbox 1440 5621 1680 5676; x_wconf 82' lang='lat' dir='ltr'><strong>melioris</strong></span> <span class='ocrx_word' id='word_1_784' title='bbox 1721 5607 1946 5689; x_wconf 54' lang='lat' dir='ltr'><strong>inanus,</strong></span> <span class='ocrx_word' id='word_1_785' title='bbox 1979 5632 2037 5678; x_wconf 92' lang='lat' dir='ltr'><strong>ut</strong></span> <span class='ocrx_word' id='word_1_786' title='bbox 2078 5624 2131 5678; x_wconf 92' lang='lat' dir='ltr'><strong>in</strong></span> 
     </span>
    </p>
   </div>
   <div class='ocr_carea' id='block_1_101' title="bbox 533 5684 2132 5764">
    <p class='ocr_par' dir='ltr' id='par_1_101' title="bbox 533 5684 2132 5764">
     <span class='ocr_line' id='line_1_101' title="bbox 533 5684 2132 5764; baseline 0.009 -29"><span class='ocrx_word' id='word_1_787' title='bbox 533 5684 1007 5764; x_wconf 75' lang='lat' dir='ltr'><strong>cont_estu._Quod</strong></span> <span class='ocrx_word' id='word_1_788' title='bbox 1038 5697 1221 5764; x_wconf 76' lang='lat' dir='ltr'><strong>autem</strong></span> <span class='ocrx_word' id='word_1_789' title='bbox 1259 5690 1460 5747; x_wconf 90' lang='lat' dir='ltr'><strong>habent</strong></span> <span class='ocrx_word' id='word_1_790' title='bbox 1483 5708 1671 5748; x_wconf 83' lang='lat' dir='ltr'><strong>omnes</strong></span> <span class='ocrx_word' id='word_1_791' title='bbox 1692 5694 1824 5749; x_wconf 88' lang='lat' dir='ltr'><strong>edit.</strong></span> <span class='ocrx_word' id='word_1_792' title='bbox 1858 5684 2132 5764; x_wconf 47' lang='lat' dir='ltr'><strong>Et&#39;reper-</strong></span> 
     </span>
    </p>
   </div>
   <div class='ocr_carea' id='block_1_102' title="bbox 536 5756 2133 5839">
    <p class='ocr_par' dir='ltr' id='par_1_102' title="bbox 536 5756 2133 5839">
     <span class='ocr_line' id='line_1_102' title="bbox 536 5756 2133 5839; baseline 0.011 -33"><span class='ocrx_word' id='word_1_793' title='bbox 536 5756 945 5839; x_wconf 62' lang='lat' dir='ltr'><strong>tusinsignt&#39;tur,</strong></span> <span class='ocrx_word' id='word_1_794' title='bbox 987 5761 1173 5818; x_wconf 88' lang='lat' dir='ltr'><strong>nullus</strong></span> <span class='ocrx_word' id='word_1_795' title='bbox 1200 5777 1331 5818; x_wconf 87' lang='lat' dir='ltr'><strong>mss.</strong></span> <span class='ocrx_word' id='word_1_796' title='bbox 1368 5764 1616 5835; x_wconf 84' lang='lat' dir='ltr'><strong>verbum,</strong></span> <span class='ocrx_word' id='word_1_797' title='bbox 1641 5765 1942 5837; x_wconf 86' lang='lat' dir='ltr'><strong>insignitur,</strong></span> <span class='ocrx_word' id='word_1_798' title='bbox 1966 5756 2133 5839; x_wconf 81' lang='lat' dir='ltr'><strong>agno-</strong></span> 
     </span>
    </p>
   </div>
   <div class='ocr_carea' id='block_1_103' title="bbox 537 5836 1115 5883">
    <p class='ocr_par' dir='ltr' id='par_1_103' title="bbox 537 5836 1115 5883">
     <span class='ocr_line' id='line_1_103' title="bbox 537 5836 1115 5883; baseline 0 -2"><span class='ocrx_word' id='word_1_799' title='bbox 537 5836 661 5883; x_wconf 68' lang='lat' dir='ltr'><strong>BC&quot;.</strong></span> <span class='ocrx_word' id='word_1_800' title='bbox 1086 5864 1115 5880; x_wconf 58' lang='grc' dir='ltr'><em>ρ</em></span> 
     </span>
    </p>
   </div>
   <div class='ocr_carea' id='block_1_104' title="bbox 611 5894 2132 5976">
    <p class='ocr_par' dir='ltr' id='par_1_104' title="bbox 611 5894 2132 5976">
     <span class='ocr_line' id='line_1_104' title="bbox 611 5894 2132 5976; baseline 0.01 -24"><span class='ocrx_word' id='word_1_801' title='bbox 611 5894 637 5933; x_wconf 68' lang='grc'><strong>’³</strong></span> <span class='ocrx_word' id='word_1_802' title='bbox 680 5897 821 5956; x_wconf 82' lang='lat' dir='ltr'><strong>Edit.</strong></span> <span class='ocrx_word' id='word_1_803' title='bbox 856 5902 978 5959; x_wconf 75' lang='lat' dir='ltr'><strong>Am.</strong></span> <span class='ocrx_word' id='word_1_804' title='bbox 1010 5900 1231 5976; x_wconf 79' lang='lat' dir='ltr'><strong>etGill.,</strong></span> <span class='ocrx_word' id='word_1_805' title='bbox 1266 5908 1335 5963; x_wconf 88' lang='lat' dir='ltr'><strong>ad</strong></span> <span class='ocrx_word' id='word_1_806' title='bbox 1365 5906 1711 5966; x_wconf 73' lang='lat' dir='ltr'><strong>conversionis</strong></span> <span class='ocrx_word' id='word_1_807' title='bbox 1737 5910 1965 5966; x_wconf 83' lang='lat' dir='ltr'><strong>studium</strong></span> <span class='ocrx_word' id='word_1_808' title='bbox 1987 5928 2132 5967; x_wconf 62' lang='lat' dir='ltr'><strong>rero«</strong></span> 
     </span>
    </p>
   </div>
   <div class='ocr_carea' id='block_1_105' title="bbox 2236 4877 3851 4953">
    <p class='ocr_par' dir='ltr' id='par_1_105' title="bbox 2236 4877 3851 4953">
     <span class='ocr_line' id='line_1_105' title="bbox 2236 4877 3851 4953; baseline 0.003 -20"><span class='ocrx_word' id='word_1_809' title='bbox 2236 4887 2355 4933; x_wconf 89' lang='lat' dir='ltr'><strong>erat</strong></span> <span class='ocrx_word' id='word_1_810' title='bbox 2381 4877 2434 4934; x_wconf 91' lang='lat' dir='ltr'><strong>in</strong></span> <span class='ocrx_word' id='word_1_811' title='bbox 2464 4879 2653 4934; x_wconf 88' lang='lat' dir='ltr'><strong>umbra</strong></span> <span class='ocrx_word' id='word_1_812' title='bbox 2698 4880 2913 4948; x_wconf 89' lang='lat' dir='ltr'><strong>mortis,</strong></span> <span class='ocrx_word' id='word_1_813' title='bbox 2952 4882 3156 4953; x_wconf 91' lang='lat' dir='ltr'><strong>populo</strong></span> <span class='ocrx_word' id='word_1_814' title='bbox 3185 4881 3426 4938; x_wconf 70' lang='lat' dir='ltr'><strong>ctelestis</strong></span> <span class='ocrx_word' id='word_1_815' title='bbox 3453 4880 3851 4938; x_wconf 71' lang='lat' dir='ltr'><strong>misericordia:</strong></span> 
     </span>
    </p>
   </div>
   <div class='ocr_carea' id='block_1_106' title="bbox 2238 4973 3850 5048">
    <p class='ocr_par' dir='ltr' id='par_1_106' title="bbox 2238 4973 3850 5048">
     <span class='ocr_line' id='line_1_106' title="bbox 2238 4973 3850 5048; baseline 0.001 -19"><span class='ocrx_word' id='word_1_816' title='bbox 2238 4973 2419 5029; x_wconf 91' lang='lat' dir='ltr'><strong>lumen</strong></span> <span class='ocrx_word' id='word_1_817' title='bbox 2447 4973 2701 5043; x_wconf 89' lang='lat' dir='ltr'><strong>oriretur,</strong></span> <span class='ocrx_word' id='word_1_818' title='bbox 2731 4974 3013 5031; x_wconf 86' lang='lat' dir='ltr'><strong>adveniret</strong></span> <span class='ocrx_word' id='word_1_819' title='bbox 3062 4974 3317 5031; x_wconf 90' lang='lat' dir='ltr'><strong>Christus</strong></span> <span class='ocrx_word' id='word_1_820' title='bbox 3372 4976 3625 5032; x_wconf 91' lang='lat' dir='ltr'><strong>remissio</strong></span> <span class='ocrx_word' id='word_1_821' title='bbox 3653 4991 3850 5048; x_wconf 76' lang='lat' dir='ltr'><strong>pecca-</strong></span> 
     </span>
    </p>
   </div>
   <div class='ocr_carea' id='block_1_107' title="bbox 2241 5066 3849 5139">
    <p class='ocr_par' dir='ltr' id='par_1_107' title="bbox 2241 5066 3849 5139">
     <span class='ocr_line' id='line_1_107' title="bbox 2241 5066 3849 5139; baseline 0.004 -22"><span class='ocrx_word' id='word_1_822' title='bbox 2241 5072 2419 5119; x_wconf 91' lang='lat' dir='ltr'><strong>torum</strong></span> <span class='ocrx_word' id='word_1_823' title='bbox 2442 5107 2456 5130; x_wconf 91' lang='lat'><strong>,</strong></span> <span class='ocrx_word' id='word_1_824' title='bbox 2510 5066 2846 5135; x_wconf 90' lang='lat' dir='ltr'><strong>captivorum</strong></span> <span class='ocrx_word' id='word_1_825' title='bbox 2879 5067 3210 5139; x_wconf 87' lang='lat' dir='ltr'><strong>redemptio,</strong></span> <span class='ocrx_word' id='word_1_826' title='bbox 3241 5068 3543 5124; x_wconf 87' lang='lat' dir='ltr'><strong>subsidium</strong></span> <span class='ocrx_word' id='word_1_827' title='bbox 3592 5067 3849 5124; x_wconf 86' lang='lat' dir='ltr'><strong>laboran-</strong></span> 
     </span>
    </p>
   </div>
   <div class='ocr_carea' id='block_1_108' title="bbox 2242 5154 3851 5229">
    <p class='ocr_par' dir='ltr' id='par_1_108' title="bbox 2242 5154 3851 5229">
     <span class='ocr_line' id='line_1_108' title="bbox 2242 5154 3851 5229; baseline 0.005 -19"><span class='ocrx_word' id='word_1_828' title='bbox 2242 5154 2395 5211; x_wconf 92' lang='lat' dir='ltr'><strong>tium.</strong></span> <span class='ocrx_word' id='word_1_829' title='bbox 2430 5156 2539 5213; x_wconf 91' lang='lat' dir='ltr'><strong>Sed</strong></span> <span class='ocrx_word' id='word_1_830' title='bbox 2566 5158 2691 5229; x_wconf 90' lang='lat' dir='ltr'><strong>quia</strong></span> <span class='ocrx_word' id='word_1_831' title='bbox 2738 5159 2928 5215; x_wconf 89' lang='lat' dir='ltr'><strong>venire</strong></span> <span class='ocrx_word' id='word_1_832' title='bbox 2973 5160 3177 5215; x_wconf 89' lang='lat' dir='ltr'><strong>tardius</strong></span> <span class='ocrx_word' id='word_1_833' title='bbox 3222 5160 3664 5217; x_wconf 83' lang='lat' dir='ltr'><strong>desiderantibus</strong></span> <span class='ocrx_word' id='word_1_834' title='bbox 3690 5161 3851 5218; x_wconf 78' lang='lat' dir='ltr'><strong>vide-</strong></span> 
     </span>
    </p>
   </div>
   <div class='ocr_carea' id='block_1_109' title="bbox 2237 5247 3849 5323">
    <p class='ocr_par' dir='ltr' id='par_1_109' title="bbox 2237 5247 3849 5323">
     <span class='ocr_line' id='line_1_109' title="bbox 2237 5247 3849 5323; baseline 0.004 -20"><span class='ocrx_word' id='word_1_835' title='bbox 2237 5247 2426 5304; x_wconf 86' lang='lat' dir='ltr'><strong>batur:</strong></span> <span class='ocrx_word' id='word_1_836' title='bbox 2461 5248 2663 5315; x_wconf 75' lang='lat' dir='ltr'><strong>Exitus,</strong></span> <span class='ocrx_word' id='word_1_837' title='bbox 2698 5252 2891 5322; x_wconf 90' lang='lat' dir='ltr'><strong>inquit,</strong></span> <span class='ocrx_word' id='word_1_838' title='bbox 2916 5268 3172 5323; x_wconf 89' lang='lat' dir='ltr'><strong>aquarum</strong></span> <span class='ocrx_word' id='word_1_839' title='bbox 3216 5254 3540 5309; x_wconf 70' lang='lat' dir='ltr'><strong>deduxerunt</strong></span> <span class='ocrx_word' id='word_1_840' title='bbox 3569 5254 3709 5309; x_wconf 87' lang='lat' dir='ltr'><strong>oculi</strong></span> <span class='ocrx_word' id='word_1_841' title='bbox 3744 5256 3849 5309; x_wconf 79' lang='lat' dir='ltr'><strong>mei</strong></span> 
     </span>
    </p>
   </div>
   <div class='ocr_carea' id='block_1_110' title="bbox 2240 5341 2702 5416">
    <p class='ocr_par' dir='ltr' id='par_1_110' title="bbox 2240 5341 2702 5416">
     <span class='ocr_line' id='line_1_110' title="bbox 2240 5341 2702 5416; baseline 0.006 -20"><span class='ocrx_word' id='word_1_842' title='bbox 2240 5341 2440 5416; x_wconf 79' lang='lat' dir='ltr'><strong>(Infra,</strong></span> <span class='ocrx_word' id='word_1_843' title='bbox 2472 5360 2522 5399; x_wconf 84' lang='grc' dir='ltr'><strong>υ.</strong></span> <span class='ocrx_word' id='word_1_844' title='bbox 2554 5345 2702 5414; x_wconf 79' lang='lat'><strong>136).</strong></span> 
     </span>
    </p>
   </div>
   <div class='ocr_carea' id='block_1_111' title="bbox 2239 5481 3845 5554">
    <p class='ocr_par' dir='ltr' id='par_1_111' title="bbox 2239 5481 3845 5554">
     <span class='ocr_line' id='line_1_111' title="bbox 2239 5481 3845 5554; baseline 0.004 -19"><span class='ocrx_word' id='word_1_845' title='bbox 2239 5497 2355 5536; x_wconf 87' lang='lat' dir='ltr'><strong>care</strong></span> <span class='ocrx_word' id='word_1_846' title='bbox 2388 5481 2540 5554; x_wconf 91' lang='lat' dir='ltr'><strong>(Gill.</strong></span> <span class='ocrx_word' id='word_1_847' title='bbox 2572 5482 2839 5553; x_wconf 84' lang='lat' dir='ltr'><strong>reuocari)</strong></span> <span class='ocrx_word' id='word_1_848' title='bbox 2872 5485 3120 5541; x_wconf 83' lang='lat' dir='ltr'><strong>solebant.</strong></span> <span class='ocrx_word' id='word_1_849' title='bbox 3152 5487 3342 5543; x_wconf 87' lang='lat' dir='ltr'><strong>Melius</strong></span> <span class='ocrx_word' id='word_1_850' title='bbox 3372 5487 3632 5543; x_wconf 84' lang='lat' dir='ltr'><strong>Rom.....</strong></span> <span class='ocrx_word' id='word_1_851' title='bbox 3693 5504 3845 5543; x_wconf 80' lang='lat' dir='ltr'><strong>revo-</strong></span> 
     </span>
    </p>
   </div>
   <div class='ocr_carea' id='block_1_112' title="bbox 2236 5554 3842 5631">
    <p class='ocr_par' dir='ltr' id='par_1_112' title="bbox 2236 5554 3842 5631">
     <span class='ocr_line' id='line_1_112' title="bbox 2236 5554 3842 5631; baseline 0.005 -24"><span class='ocrx_word' id='word_1_852' title='bbox 2236 5554 2347 5631; x_wconf 80' lang='lat' dir='ltr'><strong>cari</strong></span> <span class='ocrx_word' id='word_1_853' title='bbox 2384 5555 2663 5631; x_wconf 85' lang='lat' dir='ltr'><strong>_noleban_t.</strong></span> <span class='ocrx_word' id='word_1_854' title='bbox 2718 5555 2934 5625; x_wconf 84' lang='lat' dir='ltr'><strong>Optime</strong></span> <span class='ocrx_word' id='word_1_855' title='bbox 2986 5567 3166 5614; x_wconf 93' lang='lat' dir='ltr'><strong>autem</strong></span> <span class='ocrx_word' id='word_1_856' title='bbox 3208 5561 3447 5614; x_wconf 88' lang='lat' dir='ltr'><strong>omnium</strong></span> <span class='ocrx_word' id='word_1_857' title='bbox 3498 5560 3622 5615; x_wconf 82' lang='lat' dir='ltr'><strong>Era.</strong></span> <span class='ocrx_word' id='word_1_858' title='bbox 3676 5575 3842 5631; x_wconf 88' lang='lat' dir='ltr'><strong>quem</strong></span> 
     </span>
    </p>
   </div>
   <div class='ocr_carea' id='block_1_113' title="bbox 2238 5625 3843 5700">
    <p class='ocr_par' dir='ltr' id='par_1_113' title="bbox 2238 5625 3843 5700">
     <span class='ocr_line' id='line_1_113' title="bbox 2238 5625 3843 5700; baseline 0.004 -20"><span class='ocrx_word' id='word_1_859' title='bbox 2238 5625 2398 5680; x_wconf 85' lang='lat' dir='ltr'><strong>simul</strong></span> <span class='ocrx_word' id='word_1_860' title='bbox 2431 5637 2485 5681; x_wconf 92' lang='lat' dir='ltr'><strong>et</strong></span> <span class='ocrx_word' id='word_1_861' title='bbox 2529 5627 2788 5700; x_wconf 86' lang='lat' dir='ltr'><strong>majorem</strong></span> <span class='ocrx_word' id='word_1_862' title='bbox 2836 5644 2965 5684; x_wconf 88' lang='lat' dir='ltr'><strong>mss.</strong></span> <span class='ocrx_word' id='word_1_863' title='bbox 3012 5641 3215 5700; x_wconf 90' lang='lat' dir='ltr'><strong>partem</strong></span> <span class='ocrx_word' id='word_1_864' title='bbox 3261 5647 3447 5687; x_wconf 91' lang='lat' dir='ltr'><strong>sumus</strong></span> <span class='ocrx_word' id='word_1_865' title='bbox 3495 5625 3843 5687; x_wconf 51' lang='lat' dir='ltr'><strong>secutiCAhi</strong></span> 
     </span>
    </p>
   </div>
   <div class='ocr_carea' id='block_1_114' title="bbox 2239 5699 3841 5773">
    <p class='ocr_par' dir='ltr' id='par_1_114' title="bbox 2239 5699 3841 5773">
     <span class='ocr_line' id='line_1_114' title="bbox 2239 5699 3841 5773; baseline 0.002 -21"><span class='ocrx_word' id='word_1_866' title='bbox 2239 5712 2372 5773; x_wconf 60' lang='lat' dir='ltr'><strong>vero</strong></span> <span class='ocrx_word' id='word_1_867' title='bbox 2394 5712 2524 5752; x_wconf 86' lang='lat' dir='ltr'><strong>mss.</strong></span> <span class='ocrx_word' id='word_1_868' title='bbox 2556 5699 2753 5773; x_wconf 79' lang='lat' dir='ltr'><strong>partim</strong></span> <span class='ocrx_word' id='word_1_869' title='bbox 2776 5700 2880 5768; x_wconf 83' lang='lat' dir='ltr'><strong>his,</strong></span> <span class='ocrx_word' id='word_1_870' title='bbox 2903 5699 3099 5771; x_wconf 87' lang='lat' dir='ltr'><strong>partim</strong></span> <span class='ocrx_word' id='word_1_871' title='bbox 3123 5702 3225 5758; x_wconf 86' lang='lat' dir='ltr'><strong>illis</strong></span> <span class='ocrx_word' id='word_1_872' title='bbox 3251 5703 3381 5758; x_wconf 88' lang='lat' dir='ltr'><strong>edit.</strong></span> <span class='ocrx_word' id='word_1_873' title='bbox 3409 5703 3841 5773; x_wconf 91' lang='lat' dir='ltr'><strong>patrocinantur.</strong></span> 
     </span>
    </p>
   </div>
   <div class='ocr_carea' id='block_1_115' title="bbox 2241 5767 3844 5847">
    <p class='ocr_par' dir='ltr' id='par_1_115' title="bbox 2241 5767 3844 5847">
     <span class='ocr_line' id='line_1_115' title="bbox 2241 5767 3844 5847; baseline 0.004 -24"><span class='ocrx_word' id='word_1_874' title='bbox 2241 5768 2340 5847; x_wconf 74' lang='lat' dir='ltr'><strong>llic</strong></span> <span class='ocrx_word' id='word_1_875' title='bbox 2376 5767 2851 5847; x_wconf 78' lang='lat' dir='ltr'><strong>porroNovatiani</strong></span> <span class='ocrx_word' id='word_1_876' title='bbox 2892 5767 3071 5829; x_wconf 82' lang='lat' dir='ltr'><strong>obiter</strong></span> <span class='ocrx_word' id='word_1_877' title='bbox 3103 5767 3570 5847; x_wconf 76' lang='lat' dir='ltr'><strong>perstringuntur,</strong></span> <span class='ocrx_word' id='word_1_878' title='bbox 3609 5789 3745 5847; x_wconf 86' lang='lat' dir='ltr'><strong>qu_os</strong></span> <span class='ocrx_word' id='word_1_879' title='bbox 3771 5774 3844 5847; x_wconf 87' lang='lat' dir='ltr'><strong>de</strong></span> 
     </span>
    </p>
   </div>
   <div class='ocr_carea' id='block_1_116' title="bbox 2238 5840 3843 5915">
    <p class='ocr_par' dir='ltr' id='par_1_116' title="bbox 2238 5840 3843 5915">
     <span class='ocr_line' id='line_1_116' title="bbox 2238 5840 3843 5915; baseline 0.001 -18"><span class='ocrx_word' id='word_1_880' title='bbox 2238 5840 2504 5915; x_wconf 84' lang='lat' dir='ltr'><strong>industria</strong></span> <span class='ocrx_word' id='word_1_881' title='bbox 2536 5842 3059 5915; x_wconf 17' lang='lat' dir='ltr'><strong>intpugnatisanctus</strong></span> <span class='ocrx_word' id='word_1_882' title='bbox 3102 5840 3303 5915; x_wconf 59' lang='lat' dir='ltr'><strong>Praesul</strong></span> <span class='ocrx_word' id='word_1_883' title='bbox 3338 5840 3389 5904; x_wconf 81' lang='lat' dir='ltr'><strong>in</strong></span> <span class='ocrx_word' id='word_1_884' title='bbox 3431 5846 3523 5909; x_wconf 88' lang='lat' dir='ltr'><strong>lib.</strong></span> <span class='ocrx_word' id='word_1_885' title='bbox 3556 5840 3843 5901; x_wconf 61' lang='grc' dir='ltr'><strong>ἄξι’ωηὶ-</strong></span> 
     </span>
    </p>
   </div>
   <div class='ocr_carea' id='block_1_117' title="bbox 2240 5906 3609 5984">
    <p class='ocr_par' dir='ltr' id='par_1_117' title="bbox 2240 5906 3609 5984">
     <span class='ocr_line' id='line_1_117' title="bbox 2240 5906 3609 5984; baseline 0.005 -18"><span class='ocrx_word' id='word_1_886' title='bbox 2240 5913 2420 5975; x_wconf 81' lang='lat' dir='ltr'><strong>tentia,</strong></span> <span class='ocrx_word' id='word_1_887' title='bbox 2449 5922 2551 5984; x_wconf 85' lang='lat' dir='ltr'><strong>qua</strong></span> <span class='ocrx_word' id='word_1_888' title='bbox 2577 5906 2645 5971; x_wconf 80' lang='lat' dir='ltr'><strong>de</strong></span> <span class='ocrx_word' id='word_1_889' title='bbox 2676 5906 2735 5970; x_wconf 69' lang='lat' dir='ltr'><strong>Fe</strong></span> <span class='ocrx_word' id='word_1_890' title='bbox 2764 5906 2873 5971; x_wconf 87' lang='lat' dir='ltr'><strong>illic</strong></span> <span class='ocrx_word' id='word_1_891' title='bbox 2903 5931 2931 5971; x_wconf 90' lang='lat' dir='ltr'><strong>a</strong></span> <span class='ocrx_word' id='word_1_892' title='bbox 2957 5918 3111 5973; x_wconf 85' lang='lat' dir='ltr'><strong>nobis</strong></span> <span class='ocrx_word' id='word_1_893' title='bbox 3138 5908 3349 5975; x_wconf 87' lang='lat' dir='ltr'><strong>dicetur</strong></span> <span class='ocrx_word' id='word_1_894' title='bbox 3370 5906 3609 5975; x_wconf 85' lang='lat' dir='ltr'><strong>uberius.</strong></span> 
     </span>
    </p>
   </div>
  </div>
