3982 6508
4 348 102 403 HI

1154 355 1220 415 IN
1261 352 1591 416 PSALMUM
1631 354 1845 416 CXVIII
1887 356 2270 417 EXPOSITIO.
3232 361 3373 420 1442

34 467 96 521 2.
152 466 221 524 In
261 469 601 529 Hieremize
642 487 866 546 quoque
885 472 1121 530 Threnis
1149 473 1555 546 lacrymabilior
1584 487 1670 529 se-
1698 476 1754 536 Α
1781 486 2053 544 perpetuae
2089 476 2281 531 aculeo
2318 478 2510 534 mortis
2539 478 2857 549 deploraret
2890 478 3122 535 amissos
3155 496 3167 531 :
3200 477 3373 534 David

4 573 87 613 tes
120 560 237 615 sub
267 565 381 618 hac
418 563 627 621 littera
667 576 789 623 est:
824 566 1092 637 Expandit
1126 567 1257 622 Sion
1292 583 1475 621 manus
1503 584 1663 621 suas:
1772 582 1901 621 vero
1934 568 2233 633 moderate,
2266 572 2419 640 quasi
2450 572 2541 641 qui
2572 572 2947 645 obreptiouetn
2980 572 3195 628 doleret
3221 587 3375 627 erro-

7 669 81 705 on
138 662 223 707 est
280 655 381 725 qui
439 660 765 714 consoletur
793 676 905 714 eam
948 659 1180 733 (Thren.
1216 675 1255 727 ι,
1289 658 1404 729 17).
1435 658 1663 730 Dignam
1771 659 1848 715 ris
1870 700 1885 725 ,
1917 660 2216 715 remedium
2246 676 2351 717 non
2398 662 2713 736 desperaret
2739 666 3131 732 correctionis;
3160 672 3219 721 ut
3244 680 3377 721 con-

3 748 539 805 emunerationem
579 754 831 825 recepit;
864 762 923 808 ιιι
970 768 1090 824 qum
1119 752 1521 824 espandentem
1555 766 1666 808 ma-
1775 752 2106 823 tristaretur,
2137 770 2244 811 non
2276 756 2679 816 absorberetur.

11 854 82 894 us
117 837 341 897 audire
378 843 679 914 neglexit,
703 855 757 901 et
780 845 882 901 sub
907 847 1025 901 alas
1061 844 1177 915 ejus
1208 843 1522 910 succedere,
1549 844 1666 916 ipsa

8 943 183 988 estea
223 937 621 1006 expanderet
655 955 881 1008 manus,
925 949 981 995 et
1009 940 1387 995 consolantem
1416 938 1667 997 invenire

11 1046 90 1085 on
128 1041 367 1102 posset.
407 1032 562 1087 Nam
596 1036 703 1091 etsi
732 1044 860 1091 ante
894 1034 1186 1090 adventum
1217 1035 1430 1090 Domini
1480 1034 1668 1091 Hiere-

6 1124 120 1179 tias
182 1126 621 1195 captivitatem
662 1128 973 1185 Judteorum
1019 1145 1047 1184 a
1102 1128 1414 1201 Babyloniis
1463 1130 1665 1185 illatam

4 1218 198 1275 ellere
230 1219 551 1285 videatur,
585 1232 774 1279 tamen
806 1222 1121 1294 prophetico
1144 1222 1341 1294 spiritu
1370 1223 1527 1279 istam
1555 1239 1670 1279 ma-

9 1312 61 1365 is
126 1313 555 1384 captivitatem
620 1316 953 1385 praevidens,
1008 1331 1112 1388 qua
1163 1330 1257 1371 eos
1314 1316 1669 1388 intelligibilis

4 1405 367 1478 iabylonius
412 1408 476 1463 in
528 1409 789 1481 perpetui
834 1410 1034 1465 erroris
1065 1409 1278 1465 vincula
1319 1410 1574 1479 subjecit,
1616 1420 1669 1465 et

3 1500 349 1558 Iumesticze
384 1502 625 1559 virtutis
664 1512 909 1559 extorres
956 1503 1024 1559 de
1053 1512 1193 1557 statu
1226 1512 1466 1573 paterna:
1494 1502 1667 1560 devo-

3 1594 186 1649 tionis
248 1595 621 1664 eliminans,
672 1597 977 1667 longinqua:
1003 1596 1187 1652 atl'ecit
1214 1595 1669 1668 peregrinationis

4 1688 240 1753 :xsilio,
279 1688 613 1744 miserabili
650 1687 843 1745 dolore
886 1688 1155 1759 deplorat.
1191 1688 1350 1744 Nulla
1400 1687 1547 1744 enim
1576 1704 1671 1760 pa-

3 1781 113 1834 tria
145 1780 349 1837 verior
400 1798 585 1852 quam
638 1781 791 1849 fides,
840 1798 962 1853 qua:
995 1798 1090 1838 eos
1130 1782 1221 1853 qui
1274 1783 1433 1855 longe
1488 1791 1665 1850 erant,

3 1890 187 1946 prope
234 1890 373 1932 esse
425 1876 588 1943 fecit,
622 1886 647 1914 λ
670 1885 726 1932 et
753 1875 979 1932 advenis
1005 1884 1169 1948 atque
1199 1876 1498 1947 peregrinis
1532 1876 1670 1932 civi-
1700 1883 1749 1944 B

3 1970 140 2022 tatis
186 1986 471 2039 superna:
521 1971 645 2041 jura
697 1971 1018 2037 connexuit,
1071 1972 1218 2028 sicut
1244 1970 1508 2043 scriptum
1552 1981 1665 2029 est:

3 2059 159 2134 Ergo
174 2065 307 2136 jam
336 2080 456 2117 non
480 2065 607 2119 estis
637 2064 845 2119 advena:
864 2106 880 2131 ,
917 2074 1071 2135 atque
1094 2064 1391 2137 peregrini:
1434 2066 1524 2120 sed
1551 2066 1671 2121 estis

3 2158 146 2211 cives
173 2167 510 2212 sanctorum
532 2167 578 2215 et
607 2159 874 2214 domestici
900 2157 1000 2214 Dei
1028 2158 1247 2232 (Ephes.
1277 2176 1338 2226 tt,
1366 2161 1479 2233 19).

83 2253 143 2305 5.
192 2251 357 2307 Alibi
393 2267 624 2323 quoque
672 2252 976 2309 Hieremias
1020 2253 1155 2309 dicit
1185 2254 1287 2310 sub
1319 2254 1420 2311 hac
1449 2255 1669 2311 littera:

6 2344 375 2413 Aper-uerunt
416 2346 478 2401 in
504 2358 552 2401 te
572 2364 630 2402 os
658 2364 807 2401 suum
845 2364 1021 2403 omnes
1062 2349 1260 2404 inimici
1292 2350 1387 2413 tui,
1432 2349 1673 2403 sibilave-

10 2452 167 2505 runt,
209 2443 563 2511 fremuerunt
596 2441 856 2508 dentibus,
885 2452 933 2497 et
970 2442 1248 2498 dixerunt:
1295 2441 1677 2511 Deglutivimus

12 2552 174 2599 eam;
207 2544 401 2589 tamen
435 2534 554 2590 haec
576 2545 648 2590 est
676 2534 786 2590 dies
808 2552 961 2603 quam
1004 2537 1363 2607 sperabamus,
1392 2537 1676 2591 invenimus

19 2644 171 2689 eum,
208 2626 460 2682 vidimus
485 2644 599 2683 eam
631 2626 846 2699 (Thren.
879 2643 940 2693 ιι,
973 2628 1050 2698 6).
1083 2629 1148 2683 Et
1176 2628 1263 2683 hic
1303 2627 1445 2685 sicut
1465 2626 1679 2684 Judan-

17 2738 149 2776 rum
187 2721 451 2793 populus
505 2737 567 2777 os
613 2722 830 2792 aperuit
886 2722 940 2776 in
978 2720 1287 2789 Christum,
1329 2720 1677 2792 quemadmo-

22 2817 166 2871 dum
203 2816 449 2888 1185
473 2815 526 2870 in
550 2816 817 2886 vigesimo
844 2814 1023 2885 primo
1046 2816 1260 2886 psalmo
1299 2815 1366 2869 de
1394 2814 1511 2884 ejus
1560 2829 1682 2884 pas-

24 2906 204 2960 sione
262 2910 484 2978 legisti,
532 2908 679 2979 quod
706 2918 1045 2980 aperuerunt
1073 2923 1135 2963 os
1163 2922 1319 2963 suum
1353 2905 1685 2963 maledicen-

30 3009 121 3055 tes
149 3000 343 3073 (Psnl.
372 3017 492 3067 xxi,
530 3001 655 3072 li):
704 3002 884 3073 dignae
921 3001 947 3039 ι’
980 3009 1183 3057 sortem
1230 2999 1687 3057 remunerationis

29 3094 341 3165 agnoscis;
364 3102 431 3149 ut
458 3095 562 3167 ipsi
591 3094 659 3150 ab
678 3094 913 3151 inimicis
940 3094 1052 3150 suis
1081 3094 1204 3149 talia
1233 3094 1603 3162 sustinerent,
1633 3102 1688 3149 et

34 3188 328 3242 tremeret
373 3187 431 3241 in
480 3201 577 3242 eos
627 3186 879 3243 dentibus
924 3187 1280 3258 iutelligibilis
1313 3187 1405 3242 ille
1436 3196 1689 3258 peccator

37 3277 342 3343 diabolus,
394 3280 539 3334 sicut
561 3278 648 3335 leo
671 3280 912 3350 rugiens,
938 3290 989 3334 et
1016 3280 1298 3350 requirens
1327 3295 1487 3349 quem
1517 3279 1682 3336 devo-
1712 3271 1759 3336 C

1842 889 1896 944 6.
1936 888 2119 962 (Vers.
2161 890 2313 962 £29.)
2361 893 2606 966 Denique
2666 896 3019 953 confirmatus
3075 894 3377 952 sobrietate

1770 982 2131 1052 poenitentiae,
2153 991 2209 1038 et
2232 998 2330 1055 spe
2352 987 2523 1042 venite
2548 997 2899 1059 provocatus,
2927 990 3007 1045 sic
3034 989 3237 1061 erepit:
3271 987 3379 1043 Mi-

1770 1076 1957 1130 rabilia
1985 1078 2275 1132 testimonia
2308 1088 2418 1146 tua,
2451 1093 2722 1153 prapterea
2747 1094 2978 1139 scrutata
3006 1093 3079 1139 est
3104 1101 3166 1139 ea
3202 1084 3379 1138 anima

1770 1185 1902 1223 mea.
1934 1169 2155 1227 Muralis
2181 1173 2390 1239 oratio,
2433 1184 2491 1229 ut
2520 1178 2780 1247 quoniam
2810 1194 2933 1234 eum
2966 1178 3197 1250 puderet
3220 1192 3376 1234 erro-

1772 1262 1848 1317 ris
1876 1304 1890 1329 ,
1928 1263 2096 1320 Deum
2146 1273 2324 1322 tamen
2357 1270 2593 1339 propria:
2636 1268 3009 1328 miserationis
3054 1270 3384 1328 testimoniis

1773 1359 2111 1413 conveniret.
2146 1356 2261 1415 Hoc
2300 1369 2385 1416 est
2411 1359 2592 1419 dicere
2620 1379 2633 1415 :
2666 1362 2782 1435 Ego
2812 1365 2863 1419 in
2895 1364 3126 1421 exordio
3166 1378 3381 1420 sermo.

1773 1450 1857 1503 nis
1887 1449 2117 1521 loquens
2148 1466 2265 1507 mea
2297 1461 2523 1523 peccata
2546 1497 2561 1522 ,
2606 1469 2714 1510 non
2753 1455 2929 1511 audeo
2974 1455 3157 1512 levare
3186 1456 3390 1512 oculos,

1774 1555 1925 1597 meos
1966 1542 2034 1597 ad
2080 1551 2134 1599 te
2169 1544 2338 1599 Deum
2372 1544 2551 1601 vivum
2589 1563 2602 1602 :
2632 1548 2726 1603 sed
2760 1556 2851 1615 tu,
2899 1548 3160 1615 Domine,
3192 1563 3285 1605 me
3311 1547 3381 1604 ad

1772 1635 2100 1705 sperandam
2136 1639 2351 1693 veniam
2388 1648 2659 1696 tantarum
2708 1640 3168 1715 indulgentiarum
3208 1642 3383 1698 titulis

1773 1730 2102 1798 provocasti.
2136 1730 2402 1787 Mirabilia
2431 1734 2718 1789 testimonia
2748 1744 2837 1789 tua
2865 1751 2883 1789 :
2913 1732 2939 1772 ἀ
2972 1750 3095 1791 cum
3126 1735 3179 1790 in
3203 1734 3383 1792 Abra-

1775 1821 1898 1878 ham
1932 1839 2038 1880 non
2072 1826 2223 1895 lapsu
2273 1827 2499 1882 incuria:
2535 1827 2795 1898 juvenilis
2825 1828 3068 1885 oll'ensus
3109 1843 3170 1885 es
3204 1846 3218 1884 :
3247 1828 3379 1885 dum

1774 1919 2035 1975 monuisti
2084 1928 2144 1975 ut
2170 1919 2549 1978 Chaldzrorum
2592 1938 2841 1989 errores,
2879 1924 3140 1994 patriam,
3174 1938 3381 1995 cogna-
3428 1942 3433 1947 ο

1773 2010 1975 2067 tionem
2008 2012 2379 2084 relinqueret,
2423 2023 2478 2070 et
2522 2024 2805 2071 evocatum
2852 2016 3069 2071 virtutis
3106 2014 3381 2073 exercitiis

1774 2104 2022 2161 erudisti.
2053 2105 2188 2161 Cum
2215 2106 2564 2164 Hebraeorum
2593 2108 2851 2179 populum
2875 2124 2903 2163 a
2930 2117 3173 2181 paterna:
3194 2108 3377 2165 studio

1774 2199 2071 2255 nobilitatis
2097 2215 2349 2257 aversum
2370 2243 2384 2267 ,
2416 2212 2471 2257 et
2509 2202 2645 2258 viles
2671 2216 2827 2258 escas
2855 2202 3079 2275 Egypti
3106 2217 3273 2274 super
3300 2201 3387 2257 di-

1776 2293 1898 2348 vina
1929 2309 2151 2349 munera
2179 2295 2578 2365 praeferentem,
2602 2311 2709 2352 non
2732 2296 2911 2351 solum
2935 2295 3187 2353 solidatis
3210 2296 3380 2353 Rubri

1778 2387 1948 2442 maris
1996 2386 2250 2442 ﬂuctibus
2300 2386 2543 2443 liberasti
2593 2403 2609 2441 :
2650 2403 2837 2443 verum
2886 2388 3051 2445 etiam
3100 2387 3389 2459 triumphis

1780 2479 2032 2549 plurimis
2057 2478 2287 2535 evasisti
2314 2479 2381 2534 ad
2410 2479 2661 2550 gloriam.
2691 2488 2748 2536 et
2773 2479 2959 2537 uberis
2983 2489 3147 2537 terra:
3174 2472 3392 2552 posses-

1780 2573 1935 2629 sione
1964 2574 2181 2630 donasti
2210 2574 2276 2630 ad
2309 2575 2571 2645 quietem.
2610 2574 2686 2630 Te
2727 2576 2868 2631 lotus
2908 2576 3204 2632 securitate
3231 2575 3391 2633 dese-

1782 2667 1930 2723 ruit:
1964 2675 2017 2723 te
2046 2668 2316 2723 bellorum
2346 2668 2643 2723 acerbitate
2678 2667 2974 2739 depressus
3002 2668 3308 2734 invocavit;
3336 2677 3395 2725 et

1784 2768 1845 2813 ut
1888 2760 2115 2830 injurias
2168 2771 2285 2815 tuas
2334 2760 2774 2827 obliviscereris,
2825 2763 3078 2818 emeruit.
3110 2762 3188 2818 Te
3230 2760 3395 2819 Jesus

1786 2851 1935 2907 Nave
1965 2852 2157 2908 ducem
2198 2852 2303 2908 sibi
2351 2854 2591 2909 caelestis
2619 2852 2829 2909 militia:
2858 2855 3073 2911 venisse
3118 2856 3393 2927 cognovit.

1789 2944 1866 3000 Te
1897 2944 2129 3015 populus
2158 2945 2521 3016 triumphator
2542 2953 2602 3000 ut
2626 2945 2840 3001 Madian
2864 2945 2967 3001 sibi
2993 2946 3392 3015 dominaretur,

1791 3035 2094 3093 ollenderat
2128 3054 2140 3089 :
2175 3046 2225 3093 te
2263 3046 2321 3092 ut
2348 3037 2560 3093 Madian
2594 3038 2931 3105 vinceretur,
2964 3039 3159 3094 oravit.
3192 3037 3312 3095 Tibi
3339 3040 3395 3097 in

1791 3130 1917 3187 Saul
1950 3146 2077 3201 rege
2121 3146 2227 3187 non
2274 3132 2702 3202 obtemperavit,
2752 3143 2809 3187 ut
2857 3132 2925 3189 de
2964 3148 3031 3189 eo
3072 3133 3395 3207 alienigenae

1797 3226 2193 3296 triumpharent
2223 3244 2235 3280 :
2268 3226 2387 3292 tibi,
2418 3226 2582 3282 David
2616 3235 2915 3296 praeeunte,
2944 3230 3205 3296 servivit,
3237 3238 3296 3285 ut
3323 3229 3396 3287 de

42 3380 226 3426 raret.
266 3369 377 3425 lsti
409 3370 575 3442 igitur
606 3388 713 3428 non
752 3372 1013 3429 dixerunt
1048 3391 1061 3427 :
1096 3372 1408 3429 Benedictus
1432 3371 1683 3427 Dominus

46 3466 139 3535 qui
163 3482 272 3520 non
307 3464 456 3519 dedit
486 3484 578 3522 nos
614 3469 669 3522 in
691 3479 961 3537 capturum
1001 3468 1235 3525 dentibus
1266 3485 1443 3524 eorum
1488 3467 1509 3540 (
1538 3466 1680 3523 Psal.

48 3573 256 3625 (LXXIII,
287 3555 388 3629 6);
416 3559 541 3629 quia
574 3559 904 3630 sperandum
949 3560 1017 3616 de
1050 3562 1279 3617 Domino
1311 3576 1418 3617 nou
1459 3570 1684 3631 putave-

54 3661 212 3704 runt.
277 3650 431 3723 Ergo
486 3651 758 3708 excidium
812 3668 1000 3708 eorum
1029 3654 1280 3710 diabolus
1309 3652 1452 3725 quod
1485 3668 1687 3724 prazsu-

57 3745 294 3813 luebat,
360 3745 586 3802 invenit.
638 3747 938 3818 Deglutivit
986 3762 1108 3815 eos;
1168 3749 1427 3818 quoniam
1499 3748 1689 3806 deerat

62 3851 259 3909 pastor
288 3840 559 3905 oﬂ‘ensus,
615 3843 707 3911 qui
756 3842 1067 3899 extraheret
1096 3843 1165 3899 de
1198 3858 1297 3901 orc
1321 3844 1497 3901 leonis
1526 3860 1689 3901 crura

62 3934 211 4000 ovis,
232 3947 254 3973 ο
288 3945 388 3990 aut
421 3935 821 4007 cartilaginem.

149 4027 206 4082 ι1.
253 4026 427 4098 Sequi
457 4026 770 4096 uoluerunt,
800 4030 985 4086 audire
1005 4030 1301 4087 noluerunt
1335 4046 1348 4083 :
1385 4028 1508 4086 ideo
1531 4030 1695 4087 dece-

78 4114 251 4175 dente
282 4131 537 4190 pastore,
568 4121 797 4193 vestigia
825 4138 1011 4178 eorum
1050 4133 1211 4193 atque
1242 4136 1405 4178 aures
1434 4122 1550 4178 suis
1580 4124 1695 4178 lau-

79 4208 244 4265 cibns
286 4211 614 4282 occupavit;
647 4214 773 4283 quia
801 4215 981 4283 faciem
1016 4226 1314 4269 sanctorum
1344 4231 1447 4269 non
1494 4230 1696 4285 recepe—

77 4312 241 4369 runt,
271 4315 319 4359 et
350 4303 604 4359 nobilibus
630 4304 1033 4360 misericordiam
1059 4324 1160 4361 non
1196 4305 1448 4361 dederunt
1474 4305 1693 4379 (Thren.

80 4409 161 4463 tv,
204 4394 321 4467 l6),
366 4404 425 4452 ut
455 4397 616 4453 tertio
650 4396 953 4453 llieremias
981 4400 1081 4455 sub
1127 4400 1227 4455 hac
1256 4400 1437 4457 littera
1481 4400 1612 4457 dicit
1642 4402 1697 4458 in

82 4489 349 4546 Threnis.
398 4490 503 4560 Qui
530 4502 691 4547 erant
721 4491 934 4549 nobiles
954 4536 969 4560 ,
1000 4494 1102 4550 nisi
1135 4497 1227 4567 qui
1263 4511 1371 4551 non
1398 4496 1695 4553 secundum

89 4586 384 4641 obscuram
417 4584 556 4642 hanc
578 4587 772 4654 vitam,
802 4586 898 4642 sed
927 4586 981 4642 in
1011 4588 1217 4645 lumine
1246 4589 1555 4645 sanctitatis
1575 4604 1699 4660 ege-

1791 3318 2115 3392 alienigenis
2145 3320 2428 3376 victoriam
2472 3330 2796 3392 reportaret.
2837 3322 2950 3394 Ego
2979 3323 3179 3395 quippe
3210 3332 3397 3395 pastor

1785 3414 2078 3486 malignum
2108 3412 2236 3481 feci,
2268 3422 2326 3470 et
2352 3414 2699 3471 confessione
2725 3416 2932 3487 peccati
2963 3417 3175 3473 veniam
3204 3432 3398 3489 repor-

1787 3506 1917 3562 tavi.
1967 3505 2373 3564 l’ulcherrimns
2420 3508 2601 3579 itaque
2631 3508 2939 3565 versiculus
2991 3508 3058 3564 ad
3090 3519 3397 3582 martyrum

1787 3602 2247 3659 cohortationem.
2304 3604 2520 3677 1186
2564 3603 2808 3674 Denique
2852 3603 3174 3675 prophetica
3219 3603 3399 3661 anima

1789 3699 1868 3754 sic
1900 3699 2119 3770 prolicit
2144 3699 2197 3754 in
2220 3699 2452 3763 melius,
2481 3699 2614 3755 dum
2641 3697 2893 3755 mirabile
2922 3698 3098 3755 credit
3123 3697 3219 3754 Dei
3251 3698 3403 3755 testi-

1790 3793 2030 3848 monium
2064 3810 2075 3847 :
2110 3801 2166 3849 et
2188 3792 2312 3865 quia
2345 3792 2601 3861 credidit,
2630 3792 2877 3864 diligenti
2921 3792 3174 3864 indagine
3199 3793 3401 3865 quasi-

1789 3886 1887 3943 vit.
1919 3886 2227 3944 Proiectum
2255 3886 2477 3959 quzeris,
2510 3902 2747 3960 agnosce
2780 3902 2850 3944 ex
2879 3887 2964 3944 his
2991 3887 3278 3946 versiculis
3306 3890 3399 3962 qui

1792 3989 2121 4052 sequuntur.

1866 4116 1922 4171 7.
1966 4114 2148 4186 (Vers.
2185 4114 2337 4185 150.)
2368 4114 2727 4187 Manifestatio
2764 4132 3055 4171 sermonum
3089 4128 3290 4171 tuorum
3330 4116 3401 4172 il-

1798 4207 2015 4262 luminat
2047 4224 2147 4275 me,
2179 4216 2226 4262 et
2254 4206 2569 4262 intellectum
2594 4208 2684 4262 dat
2711 4210 2959 4279 parvulis.
2990 4209 3046 4264 lu
3079 4209 3399 4279 Evangelia,

1797 4315 1921 4357 cum
1968 4302 2212 4357 mitteret
2251 4300 2555 4371 discipulos
2584 4316 2711 4358 suos
2749 4301 2989 4358 Joannes
3016 4303 3085 4359 ad
3118 4303 3403 4360 Dominum

1800 4392 2017 4462 Jesum,
2044 4392 2261 4449 dicebat
2289 4411 2302 4447 :
2332 4392 2412 4448 Tu
2450 4410 2504 4448 es
2531 4394 2620 4465 qui
2647 4403 2889 4449 venturus
2920 4411 2992 4461 es,
3023 4412 3090 4450 an
3119 4395 3281 4450 alium
3310 4412 3401 4452 ea:-

1799 4497 2087 4559 spectamus
2115 4486 2332 4556 (Matth.
2357 4504 2408 4542 si
2431 4527 2446 4554 ,
2477 4487 2570 4558 5)?
2603 4488 2905 4559 Respondit
2934 4488 3094 4546 Jesus
3123 4504 3299 4546 caecos
3328 4490 3408 4546 vi.

1801 4580 1969 4647 dere,
2013 4579 2238 4637 claudos
2278 4578 2597 4647 ambulare,
2629 4581 2819 4637 audire
2858 4580 3084 4647 surdos;
3132 4582 3233 4638 hoc
3262 4580 3407 4640 enim

93 4687 244 4732 runt.
277 4677 347 4733 Et
374 4677 629 4734 omnibus
649 4676 876 4750 quidem
906 4679 1283 4737 misericordia
1308 4682 1561 4754 inopibus
1580 4681 1696 4752 jure

1808 4675 2073 4731 adventus
2100 4674 2183 4730 sui
2215 4673 2586 4729 testimonium
2616 4671 2755 4743 fore,
2789 4690 2886 4745 per
2915 4674 3127 4731 Esaiam
3168 4676 3407 4748 prophe-

96 4767 330 4826 debetur
355 4788 369 4825 :
401 4770 496 4826 sed
527 4771 702 4843 major
730 4771 975 4844 quidam,
1005 4788 1125 4829 cum
1163 4792 1227 4831 ex
1254 4774 1514 4832 divitibus
1543 4786 1707 4847 atque

103 4864 382 4921 nobilibus
427 4864 480 4921 in
512 4865 766 4922 ultimum
802 4874 1007 4923 statum
1038 4876 1199 4938 atque
1225 4870 1483 4941 egestatis
1514 4883 1706 4925 neces-

106 4958 327 5015 sitatem
356 4959 569 5031 aliquos
600 4974 845 5016 aerumna
870 4959 1056 5031 dejicit
1077 5001 1091 5026 ,
1131 4961 1497 5020 miserationis
1529 4961 1709 5032 pulsat

102 5050 349 5107 affectus.

172 5141 224 5197 5.
268 5142 575 5202 Hieremias
600 5160 733 5218 ergo
753 5146 1010 5204 ﬂebiliter
1037 5146 1173 5205 satis
1198 5145 1368 5214 dolet,
1397 5156 1583 5220 utpote
1612 5148 1704 5221 qui

179 5331 204 5361 ιι
240 5322 459 5378 Cuncta:
488 5322 647 5389 edit.,
680 5331 727 5378 et
756 5323 977 5379 advenas
1016 5334 1170 5397 atque
1197 5326 1490 5397 peregrinos
1518 5324 1700 5397 civitaf

115 5395 175 5448 tis
199 5410 432 5463 superna:
444 5397 568 5467 jure
597 5397 894 5451 connexuit.
930 5397 1058 5451 Mss.
1082 5394 1156 5452 ἰιι
1198 5394 1259 5453 in
1295 5394 1569 5463 contextu,
1596 5394 1703 5451 nisi

115 5468 248 5534 quod
282 5466 520 5521 nonnulli
542 5466 781 5521 habent:
816 5478 863 5520 ct
887 5483 953 5522 ex
976 5470 1209 5534 advenis,
1238 5478 1343 5526 etc.

184 5536 209 5575 δ
238 5537 364 5612 illas.
394 5548 647 5612 quatuor,
678 5548 867 5612 sortem
893 5540 1269 5596 maledictionis
1298 5540 1554 5612 agnoscis.

190 5621 208 5647 ο
243 5608 395 5663 llum.
414 5608 581 5682 edit”
612 5618 704 5663 aut
731 5611 873 5663 auris
901 5612 1260 5682 cartilaginem
1278 5630 1297 5679 ;
1315 5608 1370 5667 et
1396 5621 1545 5667 certe
1573 5623 1697 5676 vox,

122 5681 282 5753 auris,
330 5679 525 5753 inaliis
575 5690 629 5736 et
664 5695 795 5753 mss.
854 5679 1311 5753 subintelligitur,
1353 5698 1473 5738 cum
1516 5692 1704 5753 aperte

124 5752 379 5807 ulludatur
399 5752 465 5807 ad
493 5754 661 5808 Amos
690 5750 779 5818 Ill,
810 5754 876 5807 li
902 5772 915 5807 :
944 5749 1210 5818 Ἐκσπάἷτη
1240 5754 1265 5811 ὁ
1296 5764 1479 5818 ποιμήν
1498 5749 1706 5809 ἕίστό·

128 5778 378 5807 uuuuutur
399 5778 465 5807 au
493 5778 661 5808 Aluus
690 5778 779 5818 ιιι,
810 5778 876 5807 Iz
902 5778 915 5807 :
958 5778 1210 5814 ιτλκστταση
1240 5779 1265 5811 0
1296 5780 1381 5813 ποι
1426 5778 1479 5814 τιν
1498 5778 1553 5809 εκ
1584 5778 1704 5808 στο·

128 5843 269 5889 ματος
293 5830 379 5879 τοῦ
406 5824 605 5887 λέοντος·
632 5823 724 5879 δύο
752 5826 899 5885 σκέλη
925 5825 955 5887 ἦ
984 5828 1129 5884 λὸϐον
1152 5817 1326 5883 dirimi.
1351 5778 1422 5882 Εζῖ
1445 5824 1582 5880 infra
1618 5823 1704 5877 ubi

127 5894 253 5963 alim,
280 5910 343 5950 ac
369 5910 503 5952 mss.
534 5910 747 5963 omnes,
787 5897 970 5966 faciem
1009 5907 1318 5965 sanctorum,
1362 5897 1547 5955 eadem
1574 5910 1603 5950 e
1625 5908 1709 5949 sa-

1812 4778 1919 4823 tam
1946 4766 2345 4839 siguiiicaverat
2375 4764 2551 4839 (Esai.
2581 4782 2667 4823 ωιι
2688 4808 2703 4834 ,
2736 4764 2812 4837 1).
2848 4767 2975 4825 Ιιωο
3003 4784 3134 4841 ergo
3162 4785 3285 4842 qua:
3310 4786 3410 4827 au-

1810 4858 2082 4917 nuntiavit
2120 4875 2217 4931 per
2243 4858 2559 4931 prophetas,
2590 4860 2642 4915 in
2676 4860 2971 4933 Evangelio
2999 4861 3408 4920 manifestavit:

1810 4965 1866 5014 et
1887 4955 2032 5028 quod
2060 4957 2179 5026 ipse
2203 4955 2415 5011 locutus
2444 4964 2531 5011 est
2557 4970 2656 5027 per
2681 4954 3003 5027 prophetas,
3034 4956 3087 5011 in
3120 4956 3411 5028 Evangelio

1811 5050 1928 5122 ipse
1966 5048 2277 5121 complevit.
2309 5047 2487 5121 Ipsius
2514 5064 2649 5119 ergo
2692 5062 2875 5104 sermo
2904 5058 3024 5105 erat
3060 5049 3409 5120 propheticus

1808 5160 1989 5202 sermo
2007 5187 2021 5212 ,
2051 5146 2193 5201 sicut
2235 5143 2402 5201 habes
2420 5143 2683 5215 scriptum
2711 5162 2725 5198 :
2752 5142 2917 5213 Audi,
2962 5144 3146 5200 ctrlum
3164 5186 3181 5214 ,
3210 5155 3256 5202 et
3285 5162 3407 5218 per-

1806 5321 1917 5379 cris
1939 5322 2064 5378 cod.
2097 5320 2377 5390 reposuit;
2403 5320 2589 5392 faciem
2612 5322 2934 5380 sacerdotum
2967 5340 2987 5379 :
3013 5339 3197 5380 verum
3216 5327 3407 5385 eadem

1810 5396 2031 5468 ratione
2063 5393 2356 5468 mutandus
2379 5393 2554 5468 fuerat
2585 5403 2731 5468 tetus
2762 5394 2934 5463 locus,
2984 5412 3105 5452 cum
3162 5396 3281 5468 ejus
3327 5401 3412 5456 ul-

1808 5464 2388 5541 timaparsi‘niisdem
2411 5466 2735 5541 sacriscod.
2784 5468 2855 5541 ita
2903 5468 3130 5541 legatur,
3187 5464 3235 5523 Et
3291 5488 3412 5541 pro-

1806 5539 1974 5608 phetis
1997 5536 2148 5608 (alibi
2179 5536 2343 5592 etiam
2377 5536 2606 5608 senibus)
2641 5536 3056 5595 misericordiam
3102 5556 3206 5595 non
3255 5536 3412 5597 dede—

1810 5617 1950 5664 runt.

1884 5678 2008 5736 dIta
2054 5694 2187 5736 mss.
2236 5680 2588 5752 complures:
2638 5679 2747 5736 Alii
2796 5696 2917 5737 cum
2968 5681 3127 5752 edit._.
3172 5682 3300 5737 Cum
3358 5686 3411 5739 in

1814 5752 2072 5808 Abraham
2119 5750 2712 5820 collapsu’incuriaz....
2770 5752 2895 5805 dum
2941 5763 2996 5805 ut
3047 5750 3413 5808 Chatdworum

1814 5842 2012 5880 errores
2043 5868 2057 5891 ,
2109 5834 2414 5895 patrumque
2471 5823 2825 5892 cognationem
2890 5822 3228 5890 relinqueret,
3298 5838 3415 5881 evo.

1816 5907 2009 5963 catum,
2044 5907 2147 5952 etc.
