4104 6350
603 321 624 374 t
638 308 743 375 415

1932 316 2176 376 SANCTI
2217 314 2543 378 AMBROSll

3768 320 3905 381 1414

594 437 713 504 cipe
754 436 989 505 auribus,
1041 444 1211 507 terra;
1266 439 1507 510 quoniam
1563 434 1815 491 Dominus
1865 435 2070 492 locutus
2124 446 2199 493 est
2227 440 2280 500 Α
2304 451 2459 493 suum
2494 434 2669 509 (Psal.
2714 450 2927 507 Lxxvn,
2958 436 3037 509 2).
3072 435 3302 508 Aperuit
3328 450 3412 505 os,
3439 437 3599 494 duxit
3633 438 3906 510 spiritum.

600 531 772 603 (Esai.
802 532 947 605 1,2).

579 638 583 643 '
671 625 725 682 8.
769 626 1083 685 Intellectus
1126 644 1256 700 ergo
1297 628 1456 685 datus
1504 638 1588 685 est
1634 626 1798 687 etiam
1834 628 1918 685 his
1942 627 2037 700 qui
2078 642 2201 698 per-

602 719 796 777 lectam
827 724 1149 794 sapientiam
1179 738 1287 779 non
1314 720 1612 792 haberent,
1642 724 1773 780 dum
1800 722 1937 780 muti
1964 720 2202 793 loquun-

601 824 712 882 tur,
735 818 931 873 mortui
950 818 1366 875 resuscitantur.
1388 818 1487 875 llis
1502 819 1654 876 enim
1677 819 1845 891 signis
1863 818 2201 876 intellectum

600 919 684 965 est
708 910 777 966 ab
807 911 876 967 iis
900 911 994 981 qui
1024 911 1190 968 rudes
1211 923 1389 981 erant,
1418 923 1473 970 et
1493 913 1672 969 adhuc
1696 912 1850 984 quasi
1875 912 1927 968 in
1957 911 2201 968 cunabu-

600 1000 670 1057 lis
698 1002 821 1058 tldei
852 1004 1160 1074 constituti,
1188 1014 1246 1061 ut
1267 1018 1387 1062 erat
1418 1007 1653 1078 populus
1683 1005 2000 1071 nationum,
2027 1004 2201 1075 ipsum

601 1095 822 1152 venisse
847 1097 938 1168 qui
967 1099 1409 1170 exspectabatur.
1446 1099 1724 1155 lllumiuat
1751 1099 1914 1171 igitur
1940 1095 2069 1153 ﬁdei
2090 1095 2205 1152 cla-

602 1190 785 1259 ritate,
818 1193 1240 1250 resurrectionis
1282 1209 1395 1251 suae
1422 1193 1594 1265 gloria
1617 1235 1630 1256 .
1659 1203 1713 1250 et
1736 1192 2046 1249 divinorum
2075 1204 2206 1260 ope-

606 1302 725 1342 rum
752 1296 1025 1357 potestate
1059 1305 1072 1341 :
1114 1287 1184 1344 Et
1220 1289 1537 1345 intellectum
1575 1288 1665 1343 dat
1704 1287 1953 1359 paruulis.
1996 1285 2206 1353 Quibus

606 1382 818 1451 utique,
848 1382 954 1437 nisi
995 1382 1066 1438 de
1093 1381 1296 1452 quibus
1323 1382 1377 1438 in
1410 1381 1707 1452 Evangelia
1734 1380 1937 1453 gratias
1964 1377 2077 1450 agit
2104 1377 2207 1433 Pa-

602 1475 697 1541 tri,
728 1475 781 1531 in
810 1489 876 1530 eo
899 1474 1048 1545 quod
1078 1474 1198 1546 ipse
1221 1474 1558 1547 operabatur
1583 1474 1756 1531 Filius
1774 1512 1793 1542 ,
1820 1470 1967 1544 quod
2008 1478 2209 1542 myste-

606 1569 687 1624 ria
715 1584 811 1624 sua
844 1568 996 1625 Deus
1027 1568 1405 1626 abseoadisset
1428 1584 1462 1624 a
1487 1567 1854 1639 sapientibus,
1887 1573 1942 1620 et
1964 1561 2209 1636 parvulis

610 1662 907 1719 revelasset
927 1660 1150 1734 (Matth.
1169 1678 1243 1730 xt,
1261 1661 1353 1734 25)
1374 1680 1387 1717 :
1411 1661 1706 1719 ostendens
1720 1660 1887 1716 citius
1906 1658 2118 1730 plebem
2141 1671 2211 1714 ex

600 1754 887 1826 gentibus,
919 1755 1007 1811 vel
1042 1763 1217 1810 status
1245 1748 1519 1810 interioris
1542 1754 1707 1819 viros,
1736 1767 1899 1824 quam
1920 1750 2130 1808 scribas
2153 1757 2211 1806 et

2303 716 2506 781 Christi
2560 739 2624 779 os
2671 734 2830 778 suum
2875 720 3095 793 Sponso
3144 720 3357 793 aperuit
3405 739 3419 776 :

2303 528 2501 587 Merito
2538 544 2672 605 ergo
2696 530 2775 588 ait
2808 547 2823 586 :
2860 531 3029 599 Quam
3070 532 3246 587 dulcia
3274 533 3514 604 faucibus
3556 533 3682 587 meis
3711 531 3912 604 eloquia

2306 635 2417 695 tua;
2443 642 2597 698 super
2623 626 2728 682 mel
2752 637 2801 683 et
2823 627 3001 700 {avum
3014 627 3093 682 ori
3121 644 3230 683 meo
3254 627 3417 701 (Sup.
3448 642 3498 686 υ.
3519 625 3676 700 H5)!
3703 625 3912 699 Sponsa

3474 720 3723 793 percepit
3764 719 3914 776 omni

2307 812 2469 875 melle
2491 818 2738 874 dulciora
2768 828 3059 889 praecepta.
3092 817 3163 873 Et
3189 818 3312 875 ideo
3334 826 3530 874 testata
3553 825 3655 884 est,
3686 816 3913 873 dicens:

2309 912 2513 969 Fauces
2539 914 2653 983 ejus
2680 910 2971 967 dulcedinis
2991 954 3005 978 ,
3033 920 3082 967 et
3107 920 3241 968 totus
3277 910 3597 967 desiderium
3636 909 3819 983 (Cant.
3854 924 3912 977 v,

2308 1004 2420 1080 16).
2448 1000 2726 1062 Delectata
2761 1006 2924 1077 igitur
2953 1005 3124 1062 tenuit
3148 1019 3295 1073 eum,
3326 1014 3382 1061 et
3409 1021 3514 1061 non
3539 1003 3913 1061 dimisiteum.

2308 1092 2377 1153 Et
2402 1094 2701 1165 introduci,
2730 1097 2945 1170 inquit,
2984 1113 3100 1152 eum
3129 1100 3184 1153 in
3224 1097 3434 1153 domum
3464 1097 3641 1152 matris
3676 1113 3837 1160 mete,
3871 1107 3917 1150 et

2306 1194 2359 1248 in
2389 1200 2643 1249 secretum
2673 1196 2805 1266 ejus,
2833 1208 2950 1265 qua:
2974 1208 3057 1248 me
3090 1192 3319 1264 concepit
3349 1191 3523 1266 (Cant.
3558 1206 3649 1255 ιιι,
3672 1190 3750 1263 4).
3780 1188 3920 1245 For-

2308 1294 2454 1342 tasse
2484 1284 2680 1342 domus
2709 1294 2828 1354 est,
2862 1286 2916 1341 in
2958 1298 3061 1356 qua
3105 1284 3389 1355 praefulget
3416 1283 3703 1339 muralium
3750 1281 3919 1338 disci-

2308 1381 2457 1451 plina
2487 1397 2500 1432 :
2529 1386 2801 1434 secrctum
2828 1387 3007 1434 autem
3040 1376 3171 1433 illud
3200 1384 3284 1434 est
3303 1418 3319 1443 ,
3346 1377 3397 1431 iu
3426 1391 3534 1447 quo
3564 1383 3689 1431 sont
3720 1375 3919 1431 altiora

2310 1473 2593 1544 mysteria.
2624 1470 2820 1527 Merito
2848 1485 2979 1542 ergo
3023 1468 3449 1541 concupiscebat
3491 1477 3763 1541 pracepta
3814 1468 3922 1525 Do-

2310 1566 2467 1634 mini,
2500 1565 2552 1621 in
2586 1567 2785 1636 quibus
2809 1565 3006 1621 divinte
3034 1565 3223 1638 gratia:
3255 1565 3415 1621 mella
3457 1563 3805 1621 redolebant.
3838 1566 3919 1619 An

2311 1673 2420 1714 non
2444 1660 2590 1714 omni
2616 1656 2780 1715 melle
2801 1658 3014 1714 dulcior
3038 1668 3388 1730 peccatorum
3415 1657 3705 1715 remissio?
3728 1656 3922 1715 Nonne

2312 1754 2458 1811 omni
2489 1753 2625 1810 tlore
2653 1754 2864 1825 gratior
2897 1753 3229 1810 resurrectio
3258 1761 3593 1810 mortuorum
3612 1752 3637 1804 ἲ

608 1846 879 1921 principes
903 1846 1245 1914 indecorum,
1273 1857 1331 1903 et
1368 1846 1562 1903 divites
1598 1845 1756 1917 huius
1772 1842 2218 1901 saeculicrediw—
2246 1849 2296 1911 B
2394 1849 2481 1906 12.
2505 1848 2689 1921 (Vcrs.
2734 1846 2885 1920 152.)
2932 1848 3169 1916 Quartus
3212 1846 3559 1904 versiculus:
3604 1843 3825 1919 Respice
3871 1847 3925 1902 in

604 1942 731 1999 res?
760 1938 910 2008 ideo,
933 1938 1130 1996 Diuites
1150 1949 1399 2013 eguerunt
1420 1947 1468 1995 ct
1486 1938 1772 1996 esurierunt
1803 1936 1972 2009 (Psul.
2004 1950 2172 1992 χχχιιι
2193 1976 2208 2003 ,

607 2032 700 2106 11)
735 2052 747 2089 :
780 2049 983 2107 pauper
1009 2044 1196 2092 autem
1223 2035 1504 2101 clamavit,
1532 2042 1593 2090 et
1614 2032 1904 2090 exauditus
1931 2040 2033 2088 est.

680 2127 735 2183 9.
780 2126 965 2199 (Vers.
1001 2124 1153 2198 151.)
1204 2126 1464 2199 Sequitur
1492 2126 1691 2184 tertius
1733 2124 2038 2183 versiculus
2073 2142 2087 2179 :
2140 2123 2213 2177 οδ

606 2235 777 2276 meum
801 2221 1005 2292 merui,
1035 2231 1082 2276 et
1119 2220 1251 2276 duxi
1272 2220 1549 2293 spiritum;
1578 2220 1824 2290 quoniam
1845 2224 2103 2289 praecepta
2123 2226 2214 2270 tua

602 2312 1044 2385 concupiscebam.
1078 2312 1351 2371 Habemus
1379 2314 1438 2369 in
1464 2311 1761 2383 Evangelia
1779 2309 1927 2382 quod
1951 2308 2213 2367 Dominus

606 2406 777 2464 Jesus'
792 2407 1012 2477 aperuit
1034 2420 1100 2463 os
1126 2421 1287 2463 suum
1309 2447 1325 2473 ,
1362 2420 1488 2463 cam
1529 2404 1942 2463 beaedictiones
1969 2401 2215 2459 ediceret

604 2497 826 2570 (Matth.
859 2514 913 2566 v,
940 2499 1019 2571 2).
1050 2498 1157 2556 Sed
1198 2500 1293 2556 ille
1315 2514 1382 2555 ns
1408 2497 1647 2571 aperuit,
1677 2509 1734 2554 ut
1763 2496 1920 2554 daret
1948 2496 2073 2553 aliis
2098 2494 2214 2573 spi-

612 2593 779 2647 ritum
812 2610 826 2646 :
860 2588 1025 2648 David
1054 2592 1311 2665 aperuit,
1344 2602 1401 2648 ut
1432 2593 1729 2663 acciperet.
1772 2591 2018 2663 Denique
2053 2589 2213 2647 Jesus

609 2684 748 2740 dicit
778 2702 795 2739 ε
828 2686 1059 2756 Accipite
1101 2686 1361 2759 Spiritum
1405 2695 1641 2742 sanctum
1692 2683 1879 2757 (Joan.
1936 2701 2048 2752 xx,
2076 2680 2211 2755 22);

612 2786 636 2813 ⁸
649 2778 810 2836 Jesus
838 2779 970 2835 dicit
989 2777 1201 2835 :Dilata
1225 2795 1286 2835 os
1304 2790 1475 2848 tuum,
1490 2788 1539 2835 et
1556 2778 1849 2852 adimplebo
1875 2778 2013 2835 illud
2028 2777 2209 2850 (Paul.

606 2888 779 2941 uxx,
812 2871 942 2944 il):
977 2875 1081 2929 hoc
1120 2872 1327 2929 homini
1351 2872 1519 2940 dicit;
1546 2873 1828 2944 pienitudo
1861 2874 2012 2931 enim
2048 2871 2211 2928 Chri-

608 2976 729 3023 stus
754 2978 863 3023 est.
903 2967 1009 3034 Qui
1037 2966 1230 3040 implet
1250 2967 1434 3024 omnia
1453 3007 1469 3033 ,
1495 2967 1690 3038 implet
1715 2981 1779 3025 os
1816 2976 1990 3023 tuum.
2019 2964 2213 3023 Scribe

608 3076 741 3131 ergo
773 3075 897 3130 qua:
927 3059 1061 3116 dicit
1103 3060 1156 3114 in
1192 3059 1479 3117 latitudine
1506 3060 1695 3116 cordis
1725 3059 1799 3116 tui
1819 3099 1835 3124 .
1869 3060 1973 3117 hoc
1994 3067 2081 3115 est
2101 3097 2117 3125 ,
2146 3072 2211 3114 os

568 3200 571 3205 .
605 3165 763 3212 tuum
791 3155 991 3211 clamet
1018 3154 1086 3211 ad
1116 3156 1427 3212 Dominum.
1454 3155 1672 3211 Clamat
1697 3169 1760 3210 os
1787 3161 1937 3210 tuum
1955 3196 1971 3222 ,
2001 3163 2210 3210 etcum

2313 1958 2424 2011 me,
2467 1952 2515 1998 et
2546 1943 2786 1998 miserere
2823 1942 2945 2010 mei,
2988 1941 3269 1997 secundum
3299 1940 3561 2012 judicium
3591 1940 3924 2012 diligentiunt

2315 2054 2498 2095 nomen
2537 2047 2682 2094 tuum
2709 2036 2908 2113 (Exod.
2940 2050 3052 2103 xlv,
3080 2030 3155 2092 25
3178 2045 3225 2091 et
3245 2033 3366 2107 25).
3395 2032 3631 2091 Pulchre
3668 2032 3920 2090 addidit:

2316 2134 2535 2206 Respice
2579 2134 2634 2188 in
2669 2146 2749 2188 me
2768 2174 2783 2198 ,
2815 2141 2863 2187 et
2891 2130 3128 2187 miserere
3164 2130 3265 2184 mei
3294 2126 3454 2199 (Gen.
3483 2140 3605 2195 xIx,
3628 2126 3759 2201 21);
3788 2128 3923 2200 quia

2313 2229 2539 2300 respicit
2573 2240 2626 2283 et
2655 2226 2855 2293 iratus,
2884 2232 2947 2282 ut
2969 2222 3212 2296 respexit
3237 2234 3402 2295 super
3430 2231 3610 2279 castra
3639 2216 3928 2294 Egyptia-

2314 2340 2435 2381 rum
2458 2366 2473 2391 ,
2507 2333 2562 2381 et
2585 2322 2769 2395 ligatis
2817 2322 3008 2377 axibus
3034 2334 3314 2387 curruum,
3360 2333 3553 2375 omnes
3582 2333 3680 2375 eos
3719 2317 3925 2389 deiecit

2314 2417 2368 2474 iu
2401 2415 2617 2473 ﬂuctus.
2648 2415 2912 2488 Respexit
2936 2428 3099 2486 super
3126 2413 3418 2471 Sodomam
3448 2422 3505 2469 et
3527 2410 3921 2481 Gomorrham,

2312 2529 2542 2586 quarum
2575 2521 2801 2584 utraque
2829 2519 3176 2583 peccatorum
3218 2525 3440 2567 suorum
3480 2508 3682 2566 luitura
3708 2507 3926 2582 suppli-

2313 2607 2491 2677 cium,
2539 2602 2737 2662 diviuze
2781 2606 3012 2677 pretium
3043 2605 3215 2660 solvit
3251 2601 3493 2659 oll‘enste.
3520 2600 3802 2674 Scriptum
3841 2609 3928 2658 est

2314 2700 2524 2757 etiam:
2568 2699 2766 2769 Aspicit
2808 2714 2964 2770 super
3012 2706 3236 2765 terram,
3280 2704 3329 2751 et
3375 2695 3499 2767 facit
3548 2710 3660 2750 eam
3706 2703 3928 2750 tremere

2314 2792 2487 2867 (Psal.
2534 2808 2657 2860 cut,
2696 2788 2812 2864 52).
2843 2791 2914 2847 Ει
2954 2798 3144 2847 contra
3166 2832 3181 2858 ,
3230 2787 3476 2861 Respexit
3513 2802 3669 2860 super
3702 2804 3927 2844 munera

2313 2888 2440 2944 Abel
2464 2904 2482 2943 :
2512 2904 2668 2959 super
2693 2884 2821 2942 Cain
2844 2895 3013 2940 autem
3040 2900 3255 2940 munera
3279 2901 3381 2939 non
3402 2883 3631 2955 respexit
3658 2881 3816 2956 (Gen.
3846 2898 3922 2950 tv,

2316 2982 2349 3038 4
2374 2995 2422 3039 et
2450 2984 2529 3057 5).
2560 2981 2679 3052 Quo
2719 2990 3075 3054 exasperatus
3119 2978 3253 3037 Cain
3277 3020 3291 3046 ,
3338 2977 3645 3052 parricidali
3690 2977 3926 3034 crimine

2314 3092 2563 3133 cruorem
2594 3073 2780 3131 fratris
2809 3072 3021 3130 alludit.

2389 3170 2475 3226 15.
2518 3167 2658 3237 Quid
2687 3170 2757 3224 sit
2781 3177 2961 3225 autem
2990 3158 3265 3238 respicere
3288 3162 3485 3233 Deum,
3509 3164 3925 3223 evidentissima

610 3255 757 3304 tacet
785 3265 801 3301 :
834 3246 977 3303 sicut
1006 3258 1059 3304 et
1089 3248 1306 3320 Moyses
1331 3263 1452 3303 eum
1482 3256 1685 3305 taceret
1724 3261 1860 3303 voce
1878 3287 1895 3312 ,
1938 3246 2207 3303 clamabat

2317 3261 2409 3317 illo
2450 3258 2765 3318 testimonio
2799 3259 3148 3317 declaratur:
3187 3256 3321 3324 Quia
3346 3259 3570 3330 respexit
3594 3274 3751 3332 super
3778 3257 3925 3328 ﬁlios

604 3342 799 3414 spiritu
822 3340 1027 3416 (Exod.
1063 3357 1175 3410 xtv,
1202 3340 1314 3414 15).
1348 3339 1433 3397 Ab
1459 3340 1773 3397 hominibus
1814 3355 1922 3396 non
1951 3338 2212 3396 audieba-

605 3446 715 3503 tur,
748 3436 893 3507 apud
923 3436 1094 3492 Deum
1127 3435 1492 3507 personabat;
1520 3443 1605 3490 est
1622 3435 1770 3490 enim
1799 3434 2073 3491 interioris
2099 3431 2211 3488 cla-

606 3544 732 3587 mor
762 3529 1023 3597 allectus,
1052 3530 1143 3599 qui
1166 3528 1385 3584 auditur
1410 3545 1441 3585 e
1468 3527 1630 3585 caelo.
1667 3527 1821 3583 Anna
1848 3542 2065 3598 quoque
2085 3540 2211 3582 cum

604 3634 814 3693 oraret,
845 3626 1006 3681 tacita
1030 3625 1300 3681 clamabat
1326 3622 1519 3696 (lﬂeg.
1550 3639 1590 3689 ι,
1621 3621 1713 3694 15)
1744 3622 1925 3678 :labia
1953 3638 2060 3677 non
2090 3636 2210 3677 mov

610 3718 804 3785 vehat,
829 3728 884 3774 et
913 3718 1159 3775 interiori
1188 3732 1322 3774 voce
1347 3718 1449 3788 piae
1476 3717 1673 3774 mentis
1698 3715 1973 3773 excitabat
1998 3715 2206 3772 Jesum.

606 3814 852 3884 Denique
876 3828 1004 3869 cum
1030 3812 1232 3870 etl'ectu
1262 3811 1445 3878 rediit,
1473 3826 1595 3883 quae
1620 3826 1745 3867 cum
1773 3811 1990 3867 silentio
2019 3825 2210 3881 preca-

611 3906 804 3972 batur;
834 3905 959 3975 quia
1003 3906 1271 3963 clamabat
1300 3904 1355 3961 in
1400 3920 1464 3961 ea
1507 3904 1744 3975 Spiritus
1768 3903 1886 3967 Dei,
1920 3901 2014 3975 qui
2042 3902 2208 3959 etiam

609 3998 915 4056 tacentibus
936 3998 1097 4055 nobis
1123 4000 1328 4055 clamat
1356 4017 1369 4053 :
1396 3998 1539 4052 Abba
1568 4006 1715 4068 pater
1751 3996 1956 4070 (Rom.,
1992 3995 2206 4067 "11.6).

681 4092 770 4149 10.
814 4092 1062 4165 lntellige
1088 4104 1219 4165 ergo
1253 4091 1381 4165 quid
1406 4106 1467 4148 os
1487 4090 1597 4148 sit:
1623 4099 1803 4146 utrum
1826 4104 1942 4158 cor,
1973 4104 2039 4144 an
2068 4089 2210 4145 inte-

606 4191 767 4248 rioris
794 4190 1035 4247 hominis
1081 4188 1315 4246 habitus.
1356 4182 1537 4245 liabet
1575 4196 1639 4243 os
1665 4185 1867 4254 anima,
1898 4198 2017 4257 quae
2044 4183 2211 4241 habet

604 4287 869 4343 membra.
895 4284 1011 4341 Hoc
1037 4302 1099 4341 os
1121 4284 1274 4356 aperi
1297 4299 1402 4339 non
1424 4285 1601 4340 solum
1624 4282 1842 4338 Christo
1876 4328 1894 4355 ,
1923 4281 2016 4337 sed
2043 4280 2207 4336 etiam

598 4378 803 4437 Christi
848 4378 1157 4451 discipulo,
1202 4376 1297 4449 "qui
1338 4391 1399 4433 os
1426 4391 1582 4432 suum
1609 4375 1830 4431 Christo
1874 4375 2205 4445 implendum

551 4470 557 4475 ⁷
608 4476 870 4544 praebuit;
904 4484 959 4530 et
999 4474 1122 4531 ideo
1151 4472 1283 4529 dicit
1311 4488 1325 4525 :
1366 4470 1438 4526 0s
1463 4479 1694 4525 nostrum
1728 4478 1863 4539 patet
1899 4468 2111 4542 1187
2138 4467 2208 4523 ad

608 4586 692 4624 ros
712 4612 726 4636 ,
757 4586 787 4624 ο
827 4568 1081 4624 Corinthii
1112 4584 1130 4623 .'
1161 4584 1249 4623 cor
1287 4575 1519 4622 nostrum
1563 4564 1836 4620 dilatatam
1866 4573 1940 4619 est
1970 4564 2051 4639 (Il
2080 4561 2202 4619 Cor.

2311 3370 2621 3427 pauperum,
2648 3361 2815 3408 etnon
2838 3353 3074 3424 despexit
3096 3369 3270 3425 preces
3292 3368 3468 3407 eorum
3492 3344 3667 3425 (Psai.
3691 3367 3764 3419 et,
3794 3351 3923 3425 18);

2311 3448 2503 3503 oculos
2534 3447 2679 3503 enim
2722 3445 2938 3503 Domini
2981 3462 3090 3503 non
3122 3457 3449 3518 aspernatur
3486 3448 3758 3516 justorum
3802 3460 3928 3501 utu-

2313 3557 2464 3598 ncra.
2498 3541 2743 3613 Denique
2774 3540 2964 3597 oculos
2995 3549 3215 3597 nostros
3236 3554 3360 3597 cum
3389 3540 3442 3596 in
3469 3539 3706 3612 aliquem
3733 3523 3927 3597 move-

2313 3650 2456 3702 mur,
2488 3636 2819 3702 avertimus;
2852 3634 3006 3706 quasi
3046 3633 3326 3704 indignant
3352 3649 3476 3691 cum
3519 3645 3747 3707 aspectu
3771 3632 3928 3704 judi-

2310 3743 2516 3794 cemus,
2541 3744 2702 3799 quem
2733 3726 3010 3784 oderimus
3036 3726 3254 3787 allecto.

2385 3824 2474 3879 14.
2516 3821 2697 3896 (Vers.
2729 3822 2884 3895 155.)
2917 3821 3175 3894 Sequitur
3195 3836 3394 3879 versus
3413 3823 3634 3895 quintus
3662 3819 3923 3877 :Gressus

2312 3930 2449 3970 meos
2477 3915 2641 3988 dirige
2664 3915 2944 3970 secundum
2972 3916 3180 3970 verbum
3210 3923 3356 3969 tuum
3380 3930 3398 3970 :
3424 3924 3471 3970 et
3495 3932 3597 3969 non
3623 3913 3923 3969 dominetur

2311 4007 2437 4063 mihi
2460 4009 2626 4064 omnis
2647 4007 2912 4080 iniquitas.
2935 4005 2963 4046 ι’
2986 4006 3219 4065 Gressus
3244 4023 3341 4079 pro
3364 4007 3701 4079 profectibus
3720 4007 3924 4063 anima:

2312 4101 2662 4175 accipiendos
2712 4101 3086 4175 frequentibus
3134 4101 3539 4173 Scripturarum
3589 4101 3922 4159 testimoniis

2310 4197 2691 4253 admonemur.
2722 4192 2859 4251 Nam
2901 4194 3024 4267 quis
3054 4203 3162 4251 tam
3206 4193 3405 4251 stolido
3433 4193 3652 4267 ingenio
3678 4203 3795 4261 est,
3825 4194 3923 4267 qui

2312 4298 2466 4361 putet
2499 4289 2664 4346 David
2694 4293 2763 4347 de
2790 4289 2988 4361 pedum
3019 4305 3243 4346 suorum
3270 4290 3539 4361 corporali
3568 4305 3759 4361 gressu
3795 4305 3923 4347 esse

2309 4383 2604 4438 sollicitum
2626 4424 2642 4450 ,
2679 4394 2735 4439 et
2760 4381 2849 4438 his
2878 4380 3076 4439 divina:
3104 4382 3423 4439 dircctionis
3444 4383 3701 4439 auxilium
3727 4390 3922 4454 postu-

2308 4474 2462 4532 lare?
2486 4474 2587 4532 Ille
2609 4491 2740 4531 vero
2760 4517 2776 4543 ,
2798 4485 2864 4532 ut
2892 4486 3137 4542 sanctus,
3167 4475 3293 4532 vita:
3337 4492 3451 4533 sua:
3491 4490 3709 4533 cursum
3755 4474 3921 4549 dirigi

2309 4568 2610 4641 gestiebat;
2640 4568 2783 4625 sicut
2809 4579 2863 4625 et
2906 4569 3033 4626 alibi
3072 4568 3354 4642 Scriptura
3399 4578 3649 4638 testatur,
3679 4568 3873 4625 dicens
3904 4587 3919 4624 :

556 4654 559 4657 ’
605 4679 657 4718 vt
679 4705 693 4729 ,
727 4661 835 4732 ll).
869 4662 996 4718 Ideo
1027 4663 1330 4719 imitatores
1372 4675 1471 4717 nos
1500 4659 1582 4716 sui
1615 4674 1738 4716 esse
1776 4658 1976 4716 debere
2016 4654 2205 4714 adme-
2232 4652 2285 4717 Ι)
2310 4661 2354 4716 Α
2378 4659 2600 4717 Domino
2621 4662 2915 4736 diriguntur
2940 4681 3143 4736 gressus
3164 4664 3263 4718 viri
3284 4656 3468 4738 (Prov.
3493 4679 3584 4731 xx,
3607 4658 3724 4733 24).
3751 4662 3924 4719 Deni-

605 4766 697 4812 net
725 4752 953 4830 (Philip.
982 4760 1061 4823 tu,
1096 4754 1210 4827 17),
1241 4756 1383 4811 sicut
1423 4755 1539 4827 ipse
1565 4752 1771 4810 Christi
1798 4763 1903 4811 est.
1935 4752 2038 4822 Qui
2080 4766 2206 4807 san-

604 4854 745 4906 ctior
791 4856 906 4915 est,
934 4845 1157 4902 Christo
1204 4849 1419 4916 aperuit
1464 4862 1528 4902 os
1577 4863 1734 4903 suum
1768 4864 1781 4901 :
1813 4844 1906 4918 qui
1955 4846 2202 4914 inferior,

605 4943 889 5016 Apostolo.
912 4938 1072 4998 Prius
1101 4938 1365 5013 propheta
1394 4941 1611 5011 legitur,
1638 4952 1694 4997 et
1723 4942 2022 5013 apostolus,
2050 4952 2103 4997 ct
2125 4941 2204 5000 sic

602 5034 980 5111 Evangelium,
1012 5036 1067 5093 in
1095 5052 1205 5109 quo
1234 5035 1397 5093 verba
1420 5028 1623 5104 lucida,
1652 5033 1748 5092 sed
1780 5034 2043 5093 validiora
2068 5052 2205 5108 prae-

603 5139 782 5203 ce'pta.
811 5131 921 5189 Lex
947 5128 1076 5188 dicit
1102 5147 1118 5186 :
1152 5126 1350 5203 Diliges
1372 5128 1664 5202 proximum
1686 5138 1829 5183 tuum
1846 5128 2039 5202 (Leuit.
2077 5146 2199 5199 xtx,

2312 4774 2419 4832 que
2459 4759 2630 4830 ipsius
2669 4769 2885 4816 utamur
2912 4757 3257 4827 testimonio,
3289 4758 3379 4830 qui
3414 4758 3493 4815 ait
3518 4754 3576 4814 in
3615 4757 3923 4830 superiori-

2306 4854 2414 4912 bus
2438 4871 2454 4912 :
2484 4851 2653 4910 Paulo
2681 4855 2856 4910 minus
2882 4852 3033 4923 e/fusi
3060 4863 3178 4909 sunt
3198 4870 3407 4929 gressus
3443 4853 3580 4921 mei;
3607 4853 3729 4923 quia
3749 4852 3922 4908 celavi

2312 4951 2363 5005 in
2386 4949 2738 5023 peccatoribus
2768 4966 2943 5021 paceni
2966 4946 3140 5021 (Psal.
3166 4964 3336 5016 Lxxtt,
3361 4946 3398 5002 2
3427 4954 3476 5003 et
3496 4944 3584 5019 ‘5).
3612 4944 3793 5002 Animi
3815 4945 3924 5002 ita-

2311 5060 2417 5116 que
2444 5044 2529 5099 sui
2572 5044 2811 5100 ostendit
2850 5041 3191 5099 elaudicasse
3212 5042 3530 5111 vestigium,
3563 5039 3690 5096 dum
3720 5054 3921 5110 pacem

2309 5149 2654 5209 peccatorum
2700 5136 2916 5212 1188
2947 5146 3101 5208 putat
3127 5152 3252 5194 esse
3286 5133 3619 5192 mirandam.
3644 5130 3921 5192 Videntur

607 5224 731 5299 18);
758 5236 813 5282 ει
834 5225 1191 5298 Evangelii)!!!
1217 5224 1351 5282 diCit
1379 5223 1473 5281 tibi
1498 5241 1511 5278 :
1539 5223 1741 5296 Diliges
1761 5224 2026 5281 inimicum
2054 5235 2203 5281 tuum
2306 5231 2525 5303 quidem
2553 5232 2753 5288 habere
2784 5229 3256 5301 tranquillitatem,
3280 5227 3532 5285 videntur
3555 5225 3739 5298 quiete
3762 5223 3873 5282 frui
3898 5242 3916 5284 :

604 5318 822 5389 (Matth.
857 5334 912 5387 v,
945 5317 1063 5393 44).

2304 5324 2401 5382 sed
2417 5340 2534 5381 non
2556 5332 2645 5382 est
2664 5322 2843 5397 quies,
2875 5323 2968 5381 ubi
2989 5322 3203 5379 mimus
3228 5322 3506 5394 inquietus
3529 5328 3619 5377 est
3648 5340 3661 5374 :
3690 5334 3805 5376 non
3826 5328 3920 5377 est

675 5416 765 5470 11.
810 5414 973 5469 David
1002 5429 1136 5487 ergo
1160 5415 1315 5486 quasi
1336 5413 1621 5486 perfectus
1648 5413 1919 5486 murteta
1942 5427 2013 5471 us
2030 5427 2199 5470 suum
2306 5418 2669 5490 tranquillitas
2693 5416 2915 5485 mentis,
2942 5415 3039 5472 ubi
3066 5415 3284 5472 animus
3308 5413 3621 5487 exagitator
3646 5411 3918 5468 obnoxim

594 5507 820 5564 Christo
874 5508 1120 5579 aperuit;
1171 5520 1225 5565 et
1272 5502 1400 5565 ideo
1448 5509 1502 5563 in
1548 5508 1830 5579 parabolis
1874 5510 2093 5581 aperuit
2136 5524 2202 5569 os
2303 5512 2539 5571 stimulis
2565 5510 2937 5570 conscientiae.
2972 5506 3259 5580 Quomodo
3282 5507 3568 5577 securitas,
3602 5504 3694 5563 ubi
3718 5503 3916 5562 diver-

676 5674 702 5704 ι
728 5665 890 5721 Rom.
922 5663 1054 5721 edit.
1087 5663 1226 5732 sola,
1259 5660 1431 5719 David
1459 5660 1625 5719 dicit:
1658 5660 1834 5722 Dilata
1857 5704 1873 5733 ,
1914 5674 2021 5723 etc.
2058 5667 2191 5724 Per-

603 5750 824 5810 penm;
856 5740 1012 5794 docet
1036 5737 1193 5810 enim,
1207 5738 1401 5806 series,
1426 5735 1572 5792 hunc
1600 5750 1815 5793 versum
1844 5753 1955 5794 non
1977 5736 2185 5808 Davidi,

602 5808 694 5865 Sed
722 5810 940 5865 Christo
968 5808 1282 5865 convenire.

675 5879 702 5920 ιι
734 5881 924 5941 Plures
963 5895 1118 5953 mss.,
1148 5896 1242 5952 pro
1268 5877 1535 5950 alfectibus
1553 5879 1763 5939 animm.
1802 5880 1909 5940 Alii
1944 5896 2007 5942 ac
2029 5881 2186 5954 edit.,

2298 5685 2393 5742 pro
2412 5668 2731 5742 profectibus
2760 5669 2970 5727 animat.
3014 5664 3182 5742 Magis
3210 5667 3545 5737 commode,
3600 5676 3660 5742 ut
3698 5663 3791 5742 ex:
3820 5680 3915 5742 se-

2297 5739 2591 5815 iluentib’us
2632 5741 2979 5815 intelligitur.
3039 5739 3177 5815 Fide
3227 5744 3388 5815 etiam

3514 5736 3556 5794 ὡ
3596 5740 3653 5794 in
3698 5737 3798 5794 lib.
3844 5736 3916 5793 de

2338 5737 2591 5798 ﬂentibus
2642 5741 2979 5815 intelligitur.
3039 5737 3177 5799 Vide
3227 5744 3388 5798 etiam
3474 5757 3556 5811 uae
3596 5740 3653 5795 in
3698 5737 3798 5795 lib.
3844 5737 3913 5793 de

2333 5829 2451 5869 saac
2477 5823 2527 5869 et
2553 5814 2748 5884 anima,
2774 5829 2893 5886 cap.
2920 5805 2986 5881 ϐ,
3026 5810 3095 5869 de
3139 5812 3302 5871 variis
3338 5757 3674 5887 proiectibus
3706 5810 3913 5868 anima:

2299 5882 2662 5957 disputantur.
