3982 6498
19 372 212 439 i445

1179 381 1241 436 IN
1283 379 1612 439 PSALMUM
1649 377 1862 438 CXVIII
1905 379 2284 439 ICXPOSITIO.

3251 385 3393 440 toto

20 512 263 554 sarum
299 511 478 570 pugna
508 505 590 555 est
621 497 936 568 passionum
956 539 970 564 ,
1015 495 1106 551 ubi
1131 498 1422 552 eoi-inimus
1444 497 1686 568 gravium
1718 499 1765 557 Α
1798 504 1958 550 ctctur
1991 494 2241 552 tctProv.
2270 496 2436 567 tv,8).
2462 493 2695 553 Utamur
2715 511 2843 569 ergo
2865 512 3091 568 corpore
3118 505 3392 568 tamquam

22 593 516 664 cngitationum?
545 587 700 648 Unde
727 590 988 646 Dominus
1027 589 1296 646 deﬁniens
1338 590 1463 658 quid
1492 591 1562 645 sit
1587 601 1686 660 pa-

28 699 193 739 cem
229 685 460 750 habere,
494 684 570 738 ait
594 700 606 738 :
637 681 829 738 Pacem
853 690 1019 737 meum
1043 682 1113 736 do
1134 682 1293 749 vobis,
1320 693 1497 751 pacem
1522 689 1690 736 meant

33 779 318 848 relinquo
346 778 486 833 vobis
509 792 528 832 :
557 793 661 832 non
699 778 830 831 sicut
873 777 1098 830 umndns
1143 777 1270 841 dat,
1321 789 1413 848 rgo
1453 773 1521 828 do
1549 773 1692 831 vobis

39 871 116 940 (J
133 887 270 926 oan.
301 888 416 939 xrv,
441 873 559 941 27),
587 870 884 926 ostendens
905 883 1094 942 pacem
1123 883 1284 941 quam
1313 868 1546 924 mundus
1575 867 1688 934 dat,

39 980 228 1020 verte
257 966 412 1035 pacis
435 965 664 1035 gratiam
701 979 811 1019 non
839 964 1064 1020 habere.
1099 961 1333 1033 Ideoque
1359 976 1464 1016 non
1491 960 1545 1015 in
1591 959 1690 1014 Ιιοο

41 1058 230 1112 mitte
275 1071 404 1113 esse
455 1072 643 1126 pacem
691 1056 882 1113 volens
931 1056 1165 1123 docere,
1210 1054 1467 1110 addidit:
1502 1051 1692 1107 Pacem

42 1169 251 1207 meum
271 1153 512 1222 relinquo
543 1151 704 1206 vobis.
738 1151 805 1207 Et
831 1148 1026 1206 iterum
1063 1167 1074 1203 :
1109 1147 1297 1202 Pacem
1321 1163 1488 1202 meum
1510 1146 1576 1199 do
1603 1153 1694 1199 bo-

49 1248 183 1304 ω..
213 1247 464 1316 Denique
506 1246 777 1316 Propheta
815 1245 1028 1301 dicebat
1059 1259 1073 1298 :
1105 1243 1243 1308 Pax,
1276 1249 1398 1314 pax,
1431 1251 1479 1295 et
1503 1238 1590 1294 ubi
1619 1249 1696 1294 est

55 1359 196 1411 pax
237 1341 464 1414 (Jerem.
493 1357 577 1407 vt,
613 1338 744 1412 ll)?
775 1337 1114 1394 Manifestum
1146 1347 1234 1393 est
1276 1338 1438 1408 igitur
1475 1351 1600 1391 eum
1623 1336 1695 1390 de

54 1433 427 1489 titubatione
458 1448 574 1488 sua:
599 1431 802 1488 dixisse
827 1429 1134 1497 sententiae,
1161 1430 1215 1485 in
1237 1439 1344 1501 qua
1370 1427 1557 1495 animi,
1583 1436 1692 1483 noti

57 1527 351 1597 corporis
377 1525 700 1580 titubaverat
717 1538 960 1595 gressus.

164 1623 262 1677 14.
308 1622 370 1675 Et
394 1622 606 1691 Moyses
654 1621 772 1674 ait:
827 1617 1104 1672 Transiens
1158 1617 1340 1672 videbo
1379 1618 1477 1673 hoc
1527 1616 1694 1670 uisum

67 1725 342 1784 Inagnll‘m
370 1712 567 1784 (Exod.
614 1727 710 1774 ut,
757 1710 838 1783 3).
888 1710 1106 1766 Etenim
1159 1720 1216 1766 ut
1263 1711 1431 1765 Deum
1467 1709 1692 1774 videret,

71 1803 490 1875 progressione
516 1804 747 1875 quadam
776 1803 992 1858 virtutis
1018 1803 1086 1858 ad
1115 1803 1374 1859 ulteriora
1408 1802 1694 1872 processit.

1795 588 2190 654 calceamento,
2222 587 2288 644 ad
2319 589 2593 646 inferioris
2617 607 2778 661 opera
2814 591 3029 646 virtutis
3060 609 3072 644 :
3126 591 3190 645 ad
3239 593 3400 645 mini-

1793 678 2042 743 sterium,
2067 676 2092 716 ά
2125 692 2231 734 non
2266 675 2332 734 ad
2366 691 2697 752 prmceptum
2734 702 2745 736 :
2777 683 2842 738 ad
2881 679 3203 754 obsequium
3227 724 3242 749 ,
3289 699 3395 736 non

1795 771 1862 825 ad
1893 771 2426 840 deleCtationem;ad
2459 774 2851 844 obedientiam,
2885 794 2990 833 non
3015 782 3079 832 ad
3105 777 3401 834 dissensio—

1797 875 1918 918 nem
1951 881 1963 917 :
1996 872 2051 919 et
2080 865 2132 919 in
2176 866 2260 920 via
2286 868 2568 938 sapientia)
2599 871 2880 941 vestigium
2913 873 3282 940 collocemus;
3330 888 3397 927 ne

1795 971 2018 1026 gressus
2039 965 2250 1015 nostros
2271 961 2352 1014 vis
2373 965 2630 1018 torrentis
2655 965 2828 1037 aliqua
2857 967 3159 1023 concludat.

1874 1051 2086 1124 1189
2124 1052 2211 1108 16.
2253 1053 2382 1110 Ideo
2411 1051 2477 1111 ad
2524 1057 2743 1131 Moysen
2797 1055 3001 1118 dictum
3057 1073 3140 1118 est
3189 1063 3391 1118 :Solve

1798 1146 2196 1202 calceamentum
2221 1147 2403 1219 (Iosue
2428 1168 2480 1217 v,
2519 1151 2630 1223 16).
2680 1154 2886 1210 Dictum
2929 1167 3011 1212 est
3038 1167 3093 1213 ct
3121 1157 3184 1213 ad
3212 1157 3398 1214 Jesum

1797 1236 1945 1292 Nave
1970 1257 1983 1294 :
2012 1240 2078 1294 ad
2106 1241 2381 1298 Christum
2413 1257 2592 1300 autem
2626 1264 2728 1301 non
2753 1261 2833 1304 ρει
2861 1251 3088 1318 dictum,
3111 1252 3206 1308 sed
3232 1254 3404 1324 magis

1797 1333 2061 1404 scriptum
2091 1348 2202 1404 ρει,
2229 1338 2442 1394 dicente
2477 1340 2718 1412 Baptista
2751 1362 2762 1396 :
2796 1343 2922 1400 Post
2945 1364 3022 1402 me
3047 1351 3180 1402 venit
3205 1350 3401 1405 vir.....

1801 1426 1950 1495 Cujus
1978 1443 2078 1482 non
2105 1439 2218 1482 sum
2244 1430 2430 1502 dignus
2459 1435 2802 1490 calceamenta
2831 1448 3037 1507 portare
3069 1441 3288 1512 (Matth.
3321 1459 3398 1508 ttt,

1796 1519 1934 1592 ll);
1970 1522 2092 1591 quia
2127 1521 2202 1578 illi
2229 1524 2372 1581 bene
2400 1525 2796 1596 admonentur,
2833 1542 2889 1587 nt
2927 1535 3145 1590 solvant
3197 1538 3409 1594 calcea-

1798 1623 2047 1669 meutum
2076 1631 2252 1683 suum,
2280 1620 2370 1688 qui
2401 1620 2517 1676 sine
2549 1633 2773 1690 peceato
2810 1641 2932 1681 esse
2982 1644 3089 1682 non
3136 1639 3405 1699 poterant.

1803 1705 1904 1764 Hic
1926 1720 2106 1764 autem
2137 1719 2160 1746 ο
2182 1726 2288 1765 non
2319 1713 2491 1768 solum
2524 1713 2955 1774 calceamentum
2985 1736 3091 1774 non
3115 1722 3296 1786 solvit.
3319 1724 3414 1777 Sed

1799 1802 1969 1856 etiam
2002 1801 2371 1860 calceamenta
2399 1809 2629 1863 aliorum
2652 1811 2882 1867 abSolvit
2908 1830 2921 1878 ;
2953 1805 3078 1882 quia
3099 1830 3203 1869 non
3232 1815 3409 1870 solum

76 1899 296 1954 Pastor
323 1909 440 1954 erat
466 1899 670 1965 ovium,
695 1907 751 1954 et
777 1898 884 1954 dux
918 1897 1092 1954 factus
1138 1908 1222 1954 est
1257 1900 1481 1953 civium.
1528 1898 1592 1951 Et
1633 1896 1700 1950 ad
1733 1903 1780 1962 Β
1806 1907 2004 1966 eortina
2036 1913 2191 1953 suum
2246 1903 2447 1969 peccati
2487 1901 2724 1960 immune
2763 1907 2998 1960 servavit
3033 1925 3044 1960 :
3095 1907 3190 1962 sed
3243 1911 3410 1964 etiam

72 1995 370 2064 Sponsam
421 1993 622 2048 dicitur
667 1993 722 2047 in
777 1991 1065 2048 Canticis:
1115 1992 1351 2063 Speciosi
1408 1989 1534 2062 {acti
1585 1998 1705 2044 sunt

70 2103 308 2160 gressus
329 2089 404 2142 tui
427 2089 480 2140 in
509 2087 896 2153 calceamentis,
952 2086 1068 2155 ﬁlia
1116 2085 1452 2140 Aminadab:
1505 2082 1700 2138 moduli

70 2187 356 2252 [cistarum
418 2191 625 2236 tuorum
687 2181 880 2236 similes
941 2181 1207 2251 torquibus
1272 2195 1423 2251 opere
1485 2178 1706 2247 arti/icit

75 2276 278 2348 (Cum.
315 2292 409 2343 vn,
458 2277 537 2348 Δ).
585 2276 699 2332 Non
730 2286 816 2332 est
837 2275 1066 2331 dubium
1103 2289 1330 2347 gressus
1365 2276 1453 2329 hic
1489 2287 1707 2346 quoque

73 2371 392 2436 Ecclesiae,
453 2373 540 2427 vel
589 2372 783 2426 anima:
835 2371 1108 2441 prolectus
1155 2370 1496 2441 signiﬁca-ri:
1535 2370 1707 2436 Quam

73 2467 322 2536 speciosi
352 2465 508 2536 pedes
551 2477 672 2520 sunt
699 2465 1161 2536 euangelizandum
1210 2479 1407 2532 pacem,
1450 2463 1708 2534 evangeli-

76 2559 335 2614 zantium
361 2556 494 2612 bona
519 2556 692 2629 (Esai.
747 2574 840 2622 ιιι,
867 2557 960 2628 7)!
1010 2556 1206 2627 Utique
1250 2558 1533 2626 speciosos
1573 2555 1708 2609 dicit

81 2650 451 2720 Evangelicue
503 2649 900 2718 prtedicationis
937 2658 993 2702 et
1021 2648 1405 2718 disputationis
1461 2663 1708 2718 progres-

76 2762 215 2808 sus,
261 2754 319 2799 ut
367 2744 496 2798 alibi
531 2743 770 2798 dicitur:
819 2741 1203 2814 Trausgredere
1257 2743 1476 2812 flamina
1533 2739 1707 2811 (Emi.

87 2853 285 2904 XLVII,
314 2836 373 2908 2)
410 2856 421 2890 :
458 2835 561 2891 hoc
589 2849 694 2903 (εει,
728 2835 949 2891 ﬂuentia
983 2847 1038 2891 et
1070 2837 1272 2892 lubrica
1318 2835 1472 2890 istius
1523 2834 1712 2888 tnund't

88 2942 424 2986 transcurre
450 2926 637 2982 stabili
667 2929 862 2982 mentis
891 2927 1129 2982 incessu.
1181 2936 1206 2963 ει
1242 2927 1396 2993 Quod
1422 2925 1490 2980 de
1516 2924 1712 2979 animae

86 3037 304 3096 gressu
344 3022 451 3077 dici
482 3022 535 3076 in
567 3021 961 3092 posterioribus
982 3020 1204 3091 hicipse
1235 3021 1400 3075 David
1433 3019 1715 3076 evidenter

97 3114 386 3179 OStendit,
426 3128 678 3169 asserens
703 3112 848 3184 quod
889 3119 1185 3177 torrentem
1226 3111 1570 3182 iniquitatnn-t
1617 3124 1710 3166 sua

91 3209 292 3264 anima
327 3205 612 3262 transisset
638 3205 812 3277 (Psal.
843 3221 1033 3268 cxxut,
1058 3205 1138 3274 5).

1810 1991 2049 2045 omniunt
2087 1992 2239 2048 dedit
2285 1995 2672 2066 indulgentiam
2718 2009 3086 2068 peccatorum.
3128 1999 3272 2073 Ergo
3312 1999 3416 2057 Ec-

1808 2083 1975 2139 clesia
2001 2083 2067 2139 ad
2101 2085 2460 2143 imitationem
2493 2085 2698 2144 Christi
2733 2093 2981 2161 speciosa
3004 2101 3108 2160 est,
3137 2101 3196 2149 et
3220 2095 3275 2149 in
3300 2097 3419 2150 cal-

1809 2178 2105 2234 ceamentis
2133 2181 2280 2236 omni
2305 2181 2488 2237 abluta
2523 2180 2747 2239 delicto.

1881 2273 1968 2325 I7.
2005 2271 2074 2327 Et
2106 2271 2339 2330 fortasse
2367 2274 2583 2346 quando
2611 2273 2931 2349 sapientiam
2963 2279 3110 2336 inter
3139 2283 3422 2352 perlecms

1811 2367 2070 2436 loquitur,
2124 2372 2372 2438 speciosa
2425 2381 2511 2426 est
2561 2373 2614 2426 in
2678 2375 3056 2444 superioribus
3110 2379 3417 2447 membris;

1810 2461 2029 2529 quando
2059 2473 2242 2518 autem
2274 2467 2437 2519 etiam
2472 2465 2750 2523 inferioris
2799 2479 2993 2536 status,
3030 2478 3124 2526 aut
3153 2471 3421 2530 doctrina:

1812 2554 2063 2611 homines
2092 2558 2316 2612 verbum
2342 2569 2665 2629 sequuntur,
2693 2560 2816 2617 ﬁdei
2843 2564 3044 2618 seriem
3081 2579 3184 2620 non
3229 2568 3421 2622 oblivi-

1811 2659 2038 2704 scuntur
2064 2691 2077 2716 ,
2105 2651 2410 2707 sacerdotis
2456 2662 2729 2724 prrcccpta
2786 2653 3097 2711 custodiunt
3128 2674 3140 2722 ;
3175 2661 3424 2728 speciosa

1811 2753 1895 2797 est
1920 2745 1971 2796 in
1993 2743 2400 2798 calceamentis.
2426 2744 2758 2817 Plerumque
2807 2749 2986 2804 clerus
3011 2751 3234 2815 erravit,
3273 2750 3289 2788 τ
3315 2751 3417 2807 Sa-

1813 2835 2007 2888 cerdos
2039 2836 2264 2889 mutavit
2289 2837 2644 2904 sententiam,
2672 2839 2869 2894 divites
2891 2855 3011 2895 cum
3040 2842 3225 2897 szeculi
3255 2844 3412 2899 istius

1813 2935 2033 2982 terreno
2057 2937 2194 2997 rege
2211 2940 2540 2997 senserunt;
2576 2933 2806 3005 populus
2831 2933 2993 2989 ﬁdem
3019 2937 3294 3007 propriam
3323 2953 3414 2994 re-

1814 3022 2071 3076 servavit.
2101 3019 2262 3078 Unde
2301 3023 2466 3078 etia‘m
2505 3024 2572 3080 de
2601 3024 2831 3081 Domino
2878 3025 3008 3083 Jesu
3048 3028 3186 3084 bene
3226 3046 3418 3099 possu-

1815 3129 1937 3169 mus
1957 3113 2166 3179 dicere,
2189 3115 2319 3185 truia
2344 3121 2400 3171 et
2424 3118 2477 3171 in
2515 3115 2603 3173 his
2626 3133 2744 3187 qua:
2772 3120 3077 3189 corporalia
3109 3131 3258 3190 sunt,
3289 3140 3417 3195 spc-

1811 3207 1993 3261 ciosos
2045 3219 2265 3277 gressus
2304 3207 2540 3264 Verbum
2580 3208 2804 3277 habent,
2851 3229 2974 3270 cum
3019 3213 3088 3271 de
3120 3205 3420 3274 moralibus

187 3306 277 3360 15.
323 3304 429 3360 Sed
459 3312 799 3359 revertamur
825 3303 889 3357 ad
914 3304 1139 3372 Sponsa:
1157 3316 1412 3372 gressus.
1445 3301 1584 3369 Quid
1608 3299 1712 3356 sibi
1740 3291 1785 3354 C
1817 3297 2140 3365 diSputatur.
2175 3300 2240 3354 Et
2265 3300 2498 3370 apostoli
2522 3301 2647 3358 ideo
2673 3303 2905 3359 fortasse
2947 3307 3106 3362 nudis
3131 3310 3425 3365 mittuntur

94 3399 224 3454 vult
272 3397 416 3467 quod
461 3396 669 3451 addidit
727 3398 778 3450 in
831 3395 1220 3451 calceamentis
1268 3392 1544 3465 speéiosos
1589 3409 1713 3450 esse

97 3505 340 3563 gressus
372 3489 678 3545 Ecclesiae?
706 3489 959 3560 Legimus
989 3490 1175 3558 itaque
1211 3487 1416 3543 dictum
1457 3486 1525 3543 ad
1565 3486 1712 3558 Moy-

99 3603 206 3642 sen
239 3603 253 3638 :
292 3584 444 3640 Solve
463 3583 869 3638 calceamentum
912 3584 1100 3653 pedum
1127 3591 1338 3636 tuorum
1379 3579 1580 3652 (Exod.
1631 3595 1710 3643 ιιι,

103 3681 164 3750 5)
191 3695 206 3745 ;
241 3693 351 3748 quo
374 3677 587 3732 videtur
616 3676 948 3740 admonitus,
979 3691 1046 3730 ne
1073 3674 1448 3744 corporalibus
1484 3672 1714 3727 vinculis

107 3779 398 3827 teneretur
417 3771 695 3826 astrictus.
722 3770 868 3840 Ergo
891 3768 1191 3839 speciosam
1210 3767 1476 3839 sigmilicat
1501 3768 1550 3822 in
1575 3767 1716 3822 Can-

109 3868 243 3923 ticis
273 3867 471 3921 animas
514 3863 997 3936 pulchritudinem,
1049 3878 1174 3933 qua:
1221 3878 1389 3917 carne
1443 3873 1713 3932 tamquam

107 3963 493 4017 calceameuto
527 3961 715 4024 utitur,
741 3969 798 4015 et
827 3959 879 4014 in
913 3960 1033 4028 ipso
1069 3958 1445 4013 ealceamcnto
1491 3956 1718 4027 impedi-

113 4065 362 4111 mentum
408 4069 512 4109 non
535 4054 738 4125 patitur
761 4072 774 4109 :
798 4053 896 4110 sed
921 4053 1168 4108 incessus
1187 4053 1389 4108 decore
1431 4051 1712 4121 pra'cellit.

111 4151 139 4189 ι)
163 4149 388 4205 Calceat
405 4165 536 4218 ergo
548 4165 608 4204 se
623 4164 844 4205 carnem
868 4148 1159 4216 anima,ch
1185 4147 1428 4203 Ecclesia
1445 4149 1674 4217 gratiam
1703 4164 1716 4213 ;

117 4255 177 4300 ut
209 4259 430 4300 cursum
454 4243 578 4297 vita:
619 4243 778 4312 hujus
805 4251 861 4297 et
883 4241 1163 4295 transitum
1203 4255 1325 4294 cum
1356 4241 1555 4294 decore
1585 4255 1724 4309 pric-

116 4345 320 4394 tereat.
341 4336 497 4404 Quod
523 4335 601 4398 ﬁt,
627 4337 677 4390 si
695 4337 1122 4392 calceamentum
1145 4347 1306 4389 suum
1335 4350 1444 4389 non
1473 4335 1723 4405 inquinet

119 4432 240 4486 luto
266 4430 560 4501 corporali,
593 4445 694 4486 nec
722 4431 776 4485 in
808 4431 1063 4485 vitiorum
1105 4439 1306 4485 merset
1348 4430 1604 4499 vin-asine
1632 4447 1644 4482 :
1677 4429 1722 4485 si

118 4525 356 4596 castiget
383 4538 600 4580 carnem
625 4539 776 4579 suam
799 4541 813 4590 ;
836 4539 914 4579 ne
936 4532 1187 4580 meretur
1209 4525 1274 4578 ad
1295 4538 1542 4589 cursum,
1563 4531 1617 4579 et
1634 4540 1722 4579 ar-

123 4621 268 4675 vina:
320 4619 530 4690 pinguis
577 4619 818 4690 pondere
871 4618 1220 4689 degravetur.
1257 4619 1474 4674 Bonum
1507 4620 1722 4674 calcea-

122 4721 368 4770 mentum
393 4713 592 4769 anima:
622 4710 878 4784 pudicitia
934 4720 1038 4767 est.
1085 4712 1270 4766 Bonus
1297 4726 1527 4782 gressus
1549 4721 1638 4767 est
1666 4711 1724 4767 in

126 4805 359 4876 vestigio
411 4805 698 4862 castitatis.
753 4816 775 4844 ε
817 4803 1101 4875 Sapientia
1147 4813 1325 4859 autem
1363 4805 1603 4859 amictus
1640 4813 1725 4859 est

128 4900 367 4966 animae;
399 4898 544 4956 unde
587 4897 846 4970 scriptum
870 4906 953 4954 est
986 4916 998 4951 :
1034 4897 1253 4952 Honora
1277 4907 1421 4965 eam,
1447 4906 1495 4951 et
1521 4896 1718 4970 arripie-

206 5071 229 5097 "
265 5061 384 5118 Vet.
415 5062 572 5129 edit.,
602 5061 750 5129 Quod
777 5060 839 5113 de
863 5059 1048 5114 anima:
1071 5058 1325 5131 gressibus
1347 5057 1467 5110 dicit
1480 5058 1542 5131 iu
1558 5066 1726 5131 poste-

133 5133 375 5202 rioribus,
397 5135 482 5189 itit:
515 5127 639 5206 ipse:
666 5131 876 5206 Dauid“
909 5139 1015 5206 etc.
1049 5127 1190 5206 Edit.
1240 5130 1429 5206 licem”
1467 5127 1618 5206 Quod
1654 5127 1727 5206 de

135 5206 318 5260 animis
335 5198 591 5276 gressibus
615 5204 702 5258 hic
729 5205 871 5270 dicit,
901 5204 956 5256 in
981 5202 1344 5274 posterioribus
1369 5202 1484 5268 ipse
1529 5198 1722 5276 David,

137 5285 241 5331 etc.
272 5271 382 5333 Nec
421 5279 528 5346 alia
560 5277 719 5345 hujus
761 5271 1085 5331 inversionis
1123 5289 1282 5329 causa
1306 5313 1323 5338 ,
1365 5285 1531 5341 quam
1578 5271 1723 5346 quod

138 5348 440 5412 articulum,
461 5343 576 5416 ~ltie,
596 5343 701 5418 pro
725 5346 981 5418 adverbio
1001 5348 1262 5416 positura,
1291 5347 1460 5414 atque
1482 5359 1554 5398 eo
1573 5343 1725 5418 ipsaI-

142 5434 284 5486 mum
311 5430 549 5476 nostrum
571 5415 768 5485 cavus,
799 5418 884 5473 eui
913 5417 1056 5472 Psa‘l.
1083 5425 1250 5472 essent
1287 5418 1340 5470 in
1379 5429 1558 5484 marg.
1589 5415 1722 5469 edit.

143 5490 379 5558 ejusdem
410 5500 696 5547 a-nnotatus
731 5489 1004 5560 posterior
1032 5499 1160 5554 est,
1202 5489 1273 5543 ab
1306 5488 1601 5543 Ambrosio
1625 5487 1722 5542 dc-

146 5563 340 5630 signari
389 5565 520 5618 falso
569 5559 846 5633 mtarmtt.
895 5559 1077 5632 Quare
1117 5560 1319 5616 melius
1369 5574 1502 5615 mss.
1550 5568 1615 5614 ut
1671 5560 1722 5614 in

147 5647 369 5690 COFDOI‘C
377 5673 388 5686 .

472 5705 676 5762 Caleset
699 5722 756 5760 se
769 5720 899 5777 ergo
937 5703 1120 5777 carnis
1142 5703 1335 5777 anima
1359 5701 1731 5777 Ecclesiastica

153 5780 330 5844 gratia.
363 5777 485 5831 Mss.
519 5777 726 5844 aliquot
772 5774 874 5831 hoc
901 5777 1022 5830 loco
1051 5774 1182 5827 nihil
1223 5774 1336 5828 satri
1374 5775 1591 5829 habent.
1627 5774 1726 5827 Alii

155 5862 339 5917 magno
368 5864 611 5909 numero,
643 5848 849 5903 Calceat
879 5865 997 5917 ergo
1022 5846 1281 5917 aestuum
1316 5845 1729 5917 Ecclesiasticam

156 5913 384 5986 gralimt.
412 5921 524 5974 an
554 5920 710 5975 male.
745 5913 1140 5976 Melius'tameu
1161 5916 1300 5986 Reg.
1326 5921 1382 5971 et
1401 5913 1563 5970 Corb.
1597 5933 1729 5986 «pios

1816 3391 2048 3462 pedibus
2069 3391 2286 3465 (Matth.
2312 3405 2368 3460 χ,
2395 3394 2488 3465 10)
2517 3411 2530 3459 ;
2553 3409 2626 3450 ne
2651 3395 3073 3454 obumbraretur
3095 3415 3282 3456 comm
3314 3403 3423 3459 dis-

1815 3488 2044 3557 putatio,
2079 3487 2175 3542 sed
2197 3487 2458 3543 eluceret.
2481 3488 2662 3560 Itaque
2691 3491 2928 3547 Ecclesia
2948 3493 3061 3548 lilia
3085 3492 3419 3562 Aminadab,

1819 3581 1920 3638 hoc
1945 3591 2052 3646 est,
2087 3583 2376 3638 voluntarii
2399 3583 2481 3638 vel
2521 3584 2849 3654 beneplaciti
2880 3603 2894 3652 ;
2929 3589 3050 3658 quia
3075 3591 3422 3647 voluntarius

1817 3692 1937 3733 eam
1968 3687 2025 3734 et
2072 3681 2442 3750 beneplacitus
2467 3684 2835 3754 congregavit,
2895 3694 2950 3741 et
2999 3687 3053 3741 in
3085 3690 3427 3746 calceamen-

1817 3772 1886 3828 tis
1909 3775 2156 3843 speciosa
2197 3784 2301 3830 est.

1891 3868 1985 3922 18.
2015 3866 2321 3939 Meritoque
2369 3868 2614 3925 additum
2657 3879 2750 3926 ἐει
2799 3870 2855 3927 in
2901 3872 3144 3929 Canticis
3175 3893 3188 3929 :
3221 3873 3430 3932 Medati

1824 3963 2073 4030 femorum
2097 3971 2304 4015 tuorum
2329 3963 2524 4017 similes
2547 3965 2808 4034 torquibus
2831 3981 2981 4035 opere
3023 3983 3274 4024 manuum
3300 3973 3429 4025 arti-

1824 4054 1935 4121 ﬁcis
1985 4053 2159 4122 (Cant.
2220 4067 2317 4118 vn,
2347 4051 2389 4123 ι)
2419 4071 2432 4119 ;
2467 4063 2523 4108 ut
2569 4056 2912 4124 posteritatis
2952 4059 3210 4115 Ecclesia:
3262 4078 3428 4118 orna-

1824 4154 2008 4199 menta
2035 4155 2388 4200 canerentur.
2421 4145 2531 4201 Per
2551 4146 2737 4202 tentur
2767 4149 2911 4203 enim
2951 4150 3168 4221 insigne
3197 4169 3426 4222 genera-

1823 4235 1990 4292 tionis
2043 4237 2388 4307 agnoscimus
2418 4280 2431 4304 ,
2481 4239 2635 4308 juxta
2685 4240 2819 4296 illud
2849 4259 2862 4295 :
2895 4244 3175 4316 Accingere
3198 4247 3431 4317 gladimn

1827 4340 1972 4386 tuum
2007 4333 2200 4386 circum
2249 4334 2441 4404 femur,
2475 4335 2825 4403 potentissime
2855 4335 2976 4407 (Ps.
3011 4355 3160 4406 xm,
3192 4341 3290 4411 4);
3323 4357 3432 4413 quo

1826 4423 2161 4496 signiﬁcatur
2205 4426 2348 4496 quod
2380 4423 2553 4483 Filius
2607 4427 2704 4484 Dei
2751 4443 2876 4483 eum
2927 4431 3281 4502 semetipsum
3313 4437 3432 4491 cxi-

1827 4520 2091 4586 nanisset,
2118 4517 2280 4576 Verbi
2333 4522 2614 4578 “accinctus
2639 4523 3002 4592 divinitatem,
3033 4537 3088 4582 et
3126 4531 3438 4599 generatio-

1829 4628 1952 4669 nem
1975 4614 2251 4670 calceatus
2280 4615 2590 4684 humanam,
2632 4616 2884 4686 prodiret
2925 4633 2991 4674 ex
3026 4619 3263 4692 Virgine,
3318 4641 3435 4678 om-

1750 4695 1806 4756 D
1831 4706 2243 4763 nibnsdaturus
2278 4708 2533 4764 salutem.
2565 4709 2764 4764 Moduli
2787 4722 2964 4767 atttem
2989 4712 3245 4770 dicuntur
3272 4733 3432 4771 orna-

1833 4811 2014 4858 menta
2033 4803 2274 4873 pretiosa
2295 4818 2414 4874 quas.
2433 4803 2692 4873 suspendi
2725 4815 3095 4862 matronarum
3129 4811 3436 4869 cervicibus

1833 4895 2026 4950 solent.
2061 4894 2260 4951 Tantus
2283 4909 2414 4967 ergo
2437 4903 2731 4967 processus
2751 4895 3015 4955 ‘EccleSix
3041 4901 3420 4973 signiﬁcatur;

1837 5055 1924 5109 hic
1947 5053 2246 5122 sequimur.

1909 5137 1929 5164 ε
1949 5125 2204 5180 Nonnulli
2225 5137 2393 5195 mss.,
2426 5124 2696 5195 Sapientia
2723 5137 2890 5182 autem
2920 5130 3083 5183 amica
3106 5139 3179 5183 est
3218 5132 3430 5189 tmima'.

1903 5195 2153 5252 “Omnes
2175 5194 2310 5250 edit.
2340 5211 2403 5251 ac
2435 5194 2590 5266 panci
2619 5215 2773 5263 mss.,
2807 5216 2914 5253 non
2947 5203 3014 5254 ad
3045 5204 3389 5270 prwcipitiunt
3415 5222 3432 5270 ;

1834 5270 1922 5324 alii
1980 5284 2172 5345 magno
2227 5281 2456 5323 numero
2488 5273 2665 5345 magis
2698 5273 2984 5337 concinne,
3033 5286 3135 5327 non
3182 5276 3250 5328 ad
3293 5293 3436 5345 prte-

1833 5350 2054 5412 cepttun,
2081 5341 2139 5395 id
2167 5351 2270 5407 eat,
2299 5355 2405 5395 non
2435 5341 2502 5395 ad
2535 5342 2842 5412 imperium.

1908 5427 1930 5450 υ
1964 5413 2092 5467 Mss.
2143 5411 2454 5480 duodecim,
2487 5411 2807 5469 Hic’autem
2859 5433 2958 5470 non
3010 5417 3179 5470 solum
3231 5419 3435 5473 calcea-

1831 5494 2079 5550 mentum,
2109 5485 2201 5539 sed
2236 5487 2400 5540 etiam
2439 5489 2784 5540 calceamenta
2815 5501 2916 5542 non
2939 5488 3087 5543 solvit
3114 5505 3131 5555 ;
3157 5491 3297 5557 quia,
3323 5502 3427 5545 etc.

1833 5557 2079 5610 Aliorum
2115 5565 2292 5612 tamen
2324 5573 2386 5613 ac
2416 5559 2550 5613 edit.
2607 5559 2769 5612 lectio
2797 5573 2920 5614 cum
2979 5563 3240 5614 orationis
3293 5564 3436 5618 serie

1836 5627 2009 5696 magis
2038 5630 2310 5698 congruit.
2339 5630 2478 5684 Infra
2510 5643 2642 5684 vero
2691 5645 2810 5698 pro,
2830 5632 3071 5684 omnium
3107 5632 3269 5696 dedit,
3293 5649 3435 5686 mss.

1836 5699 2040 5770 aliquot
2062 5701 2294 5768 habent,
2325 5703 2558 5756 omnibus
2579 5701 2738 5756 dedit.
2767 5702 2888 5757 Non
2917 5703 3289 5758 incommode.

1914 5771 2086 5828 ‘Vet.
2135 5772 2268 5827 edit.
2304 5816 2317 5837 ,
2371 5775 2662 5827 sacerdotes
2717 5783 3041 5828 mutaverunt
3090 5773 3442 5838 smttmtiam;

1837 5842 2024 5907 Rom.,
2047 5843 2325 5897 sacerdotis
2353 5845 2566 5897 mutarit
2588 5845 2890 5897 sententiam
2919 5840 3052 5897 Mss.
3079 5853 3442 5913 magno-con-

1837 5928 1998 5969 sensu
2037 5916 2312 5969 ιιτνέιὶεεςιιιιι
2347 5916 2570 5971 faciunt.
