4104 6350
552 289 688 346 1117

1871 293 2120 352 SANCTI
2158 293 2480 356 AMBROSII

3715 306 3741 363 1
3752 307 3860 366 418

548 414 610 460 ιιι
633 402 968 460 ornamentis
1009 401 1414 474 pretiosissimis
1455 413 1802 476 comparatus
1833 406 1924 474 sit,
1957 414 2011 464 et
2037 417 2149 463 tor-
2183 437 2224 497 Α
2252 424 2477 480 puerum
2504 410 2666 480 dixit,
2711 421 2898 483 postea
2928 412 3098 470 tilium
3145 417 3490 486 nominavit;
3539 433 3637 476 cur
3663 436 3774 478 non
3801 425 3856 479 iu

549 497 748 570 quibus
779 496 1223 568 triumphantium
1259 514 1274 563 ;
1324 497 1439 552 lucc
1467 498 1610 553 enim
1659 509 1976 555 ornamenta
2021 511 2148 557 sunt

549 591 900 648 bellatorum.
932 591 1087 649 Unde
1114 600 1169 646 et
1213 590 1572 664 Symmachus
1611 595 1958 672 ἐπιτραχήλια
1992 594 2144 660 dicit,

552 683 656 742 hoc
676 693 779 750 est,
811 700 932 756 qua:
951 694 1078 740 sunt
1117 684 1260 740 circa
1279 684 1503 740 collum.
1533 683 1662 741 Sive
1695 703 1824 765 ergo
1868 689 2150 759 generatio

551 779 754 835 Christi
780 796 842 836 ex
870 778 1114 850 Virgine,
1157 779 1272 835 sive
1300 779 1560 836 Ecclesiae
1608 782 1944 853 pr0pagatio,
1969 784 2150 855 specie

552 874 773 947 quidem
801 885 1072 946 tamquam
1099 890 1259 930 manu
1288 875 1517 931 artiﬁcis
1537 877 1823 947 torquibus
1849 875 2148 945 adornatis,

552 983 697 1023 verte
730 975 909 1023 autem
949 966 1165 1024 virtutis
1193 965 1496 1040 insignibus
1522 967 1856 1040 spiritalibus
1909 969 2152 1027 cervices

556 1061 796 1118 ﬁdelium
824 1061 1127 1118 coronavit.

626 1153 714 1211 19.
747 1152 992 1227 Denique
1023 1162 1134 1210 tota
1165 1154 1265 1211 ista
1295 1153 1592 1228 descriptio
1639 1157 2013 1214 membrorum
2045 1158 2150 1215 Ec-

556 1248 740 1306 clesia:
766 1248 926 1320 plena
948 1249 1164 1306 decoris
1192 1258 1246 1306 et
1272 1249 1451 1306 laudis
1478 1261 1582 1307 est.
1614 1250 1748 1306 Nam
1781 1261 1836 1308 et
1867 1251 2156 1308 umbilicus

553 1343 674 1412 ejus
707 1350 980 1414 tamquam
1032 1349 1214 1399 crater
1257 1342 1528 1399 tornatilis
1586 1343 1932 1414 praedicatur,
1987 1342 2156 1399 mixto

555 1450 663 1490 non
693 1434 957 1491 deﬁciens
983 1433 1158 1507 (Cant.
1209 1451 1303 1501 vtt,
1335 1436 1394 1509 2)
1425 1454 1440 1504 ;
1474 1451 1540 1492 eo
1569 1437 1712 1508 quod
1756 1437 1812 1493 in
1856 1438 2005 1494 omni
2042 1437 2157 1494 do-

557 1531 729 1588 ctrina
755 1541 1026 1598 tornatus,
1055 1531 1395 1604 plenitudine
1424 1533 1775 1606 cognitionis,
1804 1543 1858 1590 et
1887 1542 2014 1605 potu
2046 1549 2156 1590 non

555 1624 773 1682 deﬁciat
797 1625 1028 1695 spiritali
1063 1634 1161 1692 ;ct
1211 1635 1403 1682 venter
1433 1626 1551 1697 ejus
1590 1643 1697 1684 non
1737 1627 1914 1684 solum
1956 1643 2158 1684 acervo

556 1719 746 1788 tritici,
780 1719 832 1776 id
865 1729 969 1786 est,
1011 1720 1149 1776 cibis
1178 1721 1494 1778 fortioribus
1523 1723 1763 1780 ccclestis
1789 1723 2034 1797 mysterii
2063 1737 2156 1779 sa-

555 1812 796 1887 ginetur,
819 1829 1009 1870 verum
1029 1814 1193 1871 etiam
1221 1823 1496 1887 tamquam
1518 1816 1646 1872 liliis
1667 1817 2017 1890 quibusdam,
2041 1831 2158 1874 mo-

557 1909 752 1965 ralium
779 1909 1049 1966 suavitate
1079 1911 1378 1983 repleatur.

632 2003 846 2077 1190
868 2003 960 2060 20.
985 2003 1142 2061 Unde
1169 2013 1224 2060 et
1252 2004 1369 2075 ipsa
1397 2012 1672 2078 tamquam
1694 2005 1837 2063 bene
1861 2007 2056 2062 merita
2087 2021 2165 2064 rc-

557 2097 683 2170 gina
715 2097 915 2154 Christi
939 2099 1206 2170 sanguine
1231 2108 1547 2166 coronatur,
1570 2099 1712 2155 sicut
1737 2100 2000 2169 scriptum
2034 2108 2120 2156 est
2149 2117 2161 2151 :

558 2191 628 2249 Et
649 2202 864 2248 ornatus
883 2193 1068 2264 capitis
1083 2192 1157 2247 tui
1174 2193 1306 2248 sicut
1317 2209 1550 2265 purpura
1565 2190 1673 2266 (Ib.
1690 2189 2004 2264 5).Sanguis
2016 2190 2166 2247 Chri-

556 2286 624 2344 sti
639 2301 877 2360 purpura
889 2294 993 2352 est,
1008 2286 1098 2358 qui
1113 2285 1283 2342 inﬁcit
1297 2294 1606 2342 sanctorum
1621 2287 1851 2352 animas,
1869 2301 1976 2341 non
1991 2285 2164 2342 solum

557 2383 745 2438 colore
768 2380 1146 2452 resplendens,
1163 2380 1260 2438 sed
1283 2381 1446 2437 etiam
1465 2387 1751 2452 potestate;
1773 2380 1898 2451 quia
1911 2395 2065 2452 reges
2081 2379 2164 2435 fa-

557 2478 650 2546 cit,
668 2488 721 2536 et
745 2477 1002 2534 meliores
1026 2491 1206 2548 reges,
1223 2476 1421 2548 quibus
1442 2491 1670 2548 regnum
1693 2475 2160 2533 donetzeternum.

629 2572 723 2630 21.
757 2571 1056 2644 Meritoque
1103 2570 1171 2626 ad
1205 2579 1414 2626 tantum
1469 2570 1730 2627 Ecclesiae
1774 2569 2052 2637 decorem,
2079 2566 2166 2625 cui

557 2666 758 2724 Christi
789 2664 1012 2737 sanguis
1039 2664 1295 2732 irrutilat,
1331 2663 1567 2736 Spiritus
1607 2672 1830 2720 sanctus
1852 2663 2121 2720 exclamat
2149 2679 2162 2716 :

561 2761 730 2829 Quam
760 2759 956 2832 pucltra
981 2768 1030 2815 et
1043 2758 1216 2815 suavis
1239 2762 1380 2830 facta
1411 2775 1484 2824 es,
1515 2757 1762 2828 charitas,
1779 2758 1833 2814 in
1853 2758 2166 2813 deliciistuis

558 2855 670 2928 (fb.
706 2853 762 2930 6)
792 2857 807 2911 l
849 2854 1087 2913 Pulchra
1115 2854 1317 2911 decore
1351 2853 1595 2923 virtutis,
1624 2854 1808 2910 suavis
1830 2852 2167 2924 iucunditate

556 2951 770 3022 gratim,
799 2950 1123 3006 remissione
1141 2948 1418 3016 vitiorum,
1453 2964 1616 3020 quam
1657 2947 1807 3004 nulla
1837 2954 1998 3004 vexat
2017 2962 2166 3003 ama-

558 3043 738 3098 ritudo
765 3043 1014 3114 peccati:
1049 3050 1107 3098 et
1142 3045 1258 3113 ipsa
1284 3042 1394 3111 jam
1437 3040 1697 3110 charitas,
1721 3056 1842 3113 quae
1888 3040 2165 3113 diligendo

559 3135 754 3204 Deum,
775 3134 954 3209 ipsius
976 3146 1031 3194 et
1055 3151 1253 3193 nomen
1273 3134 1586 3208 acceperit;
1619 3135 1744 3206 quia
1777 3134 1916 3192 Deus
1937 3134 2165 3190 charitas

558 3242 633 3289 est
660 3229 841 3305 (Joan.
863 3247 940 3298 tv,
975 3229 1091 3304 16).

631 3323 724 3380 22.
751 3323 922 3380 Recte
951 3339 1084 3394 ergo
1113 3321 1279 3378 David
1307 3324 1682 3396 petitgressus
1713 3337 1844 3380 suos
1878 3323 2041 3395 dirigi
2073 3339 2162 3382 se-
2189 3308 2234 3372 Ο

557 3419 798 3478 cundum
850 3419 1077 3476 verbum
1110 3419 1248 3486 Dei;
1282 3428 1342 3475 ut
1393 3419 1527 3476 ﬁant
1574 3431 1631 3476 et
1681 3419 1783 3491 ipsi
1824 3419 2076 3491 speciosi,
2109 3427 2163 3475 et

561 3529 668 3570 nou
711 3513 1025 3570 dominetur
1053 3513 1104 3570 ei
1154 3511 1450 3585 iniquitas;
1482 3523 1509 3551 ἰ
1545 3529 1707 3586 quam
1732 3513 1858 3585 jure
1887 3516 2162 3584 praccavit.

561 3607 782 3665 Sciebat
810 3606 956 3663 enim
998 3616 1054 3663 et
1092 3605 1368 3663 Abraham
1415 3621 1640 3679 gressus
1688 3622 1818 3663 suos
1867 3605 2163 3663 secundum

561 3709 832 3771 pmoepta
867 3699 1081 3756 Domini
1113 3698 1462 3771 dirigentem,
1514 3708 1570 3756 et
1619 3701 1864 3771 appetito
1904 3699 2166 3772 speciosa:

559 3795 746 3852 uxoris
777 3793 983 3867 pudore
1025 3801 1312 3860 tentatum,
1343 3793 1438 3850 sed
1468 3810 1577 3850 non
1624 3795 1908 3852 confusum
1934 3810 1950 3861 ;
1974 3794 2002 3833 ιι
2031 3802 2086 3851 et
2109 3795 2161 3850 iu

562 3889 711 3958 unici
738 3889 1112 3946 immolatione
1137 3887 1236 3944 lilii
1264 3887 1556 3959 postulata,
1588 3886 1777 3960 patriae
1818 3887 2016 3945 mentis
2043 3888 2160 3959 pie-

561 3995 674 4043 tate
716 3985 998 4053 lactatum,
1031 3984 1128 4043 sed
1158 3993 1478 4043 coronatum
1511 4001 1527 4051 ;
1568 3998 1630 4041 se
1659 3998 1874 4056 quoque
1895 3984 1948 4039 in
1981 3984 2162 4040 l'urore

562 4082 718 4149 Saul,
751 4082 964 4138 incestu
1003 4081 1256 4150 Ammon,
1278 4079 1585 4137 Abessalon
1625 4080 1938 4152 parricidio,
1967 4079 2163 4150 iniqui-

565 4175 692 4232 tatis
715 4175 979 4246 improba:
1000 4175 1262 4232 feralibus
1287 4175 1680 4232 tentationibus
1704 4176 2026 4248 appetitum,
2059 4175 2164 4231 hoc

562 4270 684 4326 solo
706 4270 966 4334 evasisse,
999 4271 1142 4340 quod
1159 4267 1403 4340 dirigens
1444 4285 1663 4339 gressus
1705 4285 1834 4326 suos
1865 4269 2162 4326 secundum

563 4363 820 4434 pietatem
847 4353 1085 4428 Domitii,
1110 4377 1138 4414 a
1170 4370 1399 4433 paterno
1428 4377 1536 4417 non
1566 4362 1793 4418 recessit
1816 4362 2011 4418 affectu
2037 4377 2052 4429 ;
2079 4362 2164 4418 in-

563 4464 647 4512 tra
690 4472 751 4513 se
779 4471 1006 4530 gemens
1052 4453 1260 4512 crimen
1312 4454 1524 4522 incesti,
1565 4470 1595 4510 a
1625 4469 1685 4512 se
1741 4456 1990 4527 relegans
2043 4455 2166 4512 odia

564 4548 872 4619 parricidae.
906 4546 1081 4605 Filius
1113 4565 1254 4605 meus
1281 4547 1588 4616 Abessalon,
1613 4549 1753 4620 ﬁlius
1774 4565 1937 4617 meus,
1965 4548 2163 4618 inquit,

2256 510 2508 576 utroque,
2537 518 2631 561 aut
2683 522 2911 578 puerum
2961 507 3120 578 dixit,
3149 517 3245 565 aut
3289 511 3460 569 tilium
3484 513 3508 570 ἳ
3534 511 3592 570 Si
3622 515 3855 584 viveret,

2251 611 2386 668 puer
2408 608 2556 665 erat;
2589 600 2715 671 quia
2738 601 3031 672 parricidio
3060 605 3280 675 petebat
3327 614 3558 678 patrem.
3583 607 3702 666 Non
3724 625 3857 683 ergo

2253 693 2470 763 pietatis
2483 709 2678 752 nomen
2696 697 2943 768 accipere
2963 698 3218 771 debebat,
3233 701 3330 758 sed
3344 703 3860 762 inﬁrmitatisteo-

2251 804 2357 860 que
2375 789 2458 844 vir
2481 789 2660 860 justus
2685 793 2826 864 quod
2855 794 3130 866 religionis
3150 795 3268 864 fuit,
3296 802 3463 854 tacuit
3490 817 3504 867 ;
3533 799 3678 872 quod
3707 800 3862 858 infir-

2255 881 2480 948 mitatis,
2504 884 2751 954 aspersit.
2775 885 2878 942 Ubi
2900 902 3032 944 vero
3044 898 3127 944 est
3144 899 3415 958 mortuus,
3438 892 3579 963 apud
3599 893 3744 964 pium
3763 909 3856 966 pa-

2255 983 2392 1032 trem
2410 993 2655 1048 personze
2677 980 2882 1038 crimen
2908 981 3126 1052 defecit,
3144 995 3348 1041 natura:
3360 1001 3558 1042 nomen
3573 988 3855 1044 remansit.

2326 1073 2417 1130 24.
2445 1073 2626 1147 (Vers.
2683 1077 2834 1150 154.)
2869 1079 3164 1150 Se'quitur:
3197 1081 3383 1138 Libera
3425 1101 3505 1140 me
3529 1103 3562 1139 a
3598 1087 3863 1142 calumnia

2257 1167 2552 1236 hominum;
2602 1179 2659 1226 ut
2681 1172 2967 1228 custodiam
2994 1175 3244 1232 mandata
3275 1186 3385 1232 tua.
3418 1177 3534 1232 Non
3568 1195 3734 1235 unum
3767 1196 3864 1251 ge-

2258 1275 2358 1315 nus
2379 1271 2466 1317 est
2495 1273 2698 1319 nostrae
2728 1265 3078 1334 afﬂictiouis;
3103 1279 3190 1325 est
3217 1278 3272 1325 et
3301 1270 3551 1338 tentatio,
3579 1282 3664 1328 est
3688 1282 3743 1329 et
3771 1288 3864 1330 cn-

2258 1354 2493 1424 lumuia;
2520 1359 2616 1416 sed
2644 1363 2870 1418 tentatio
2895 1363 3088 1433 levior,
3112 1368 3384 1423 calumnia
3407 1369 3626 1440 gravior
3653 1388 3668 1425 :
3693 1371 3866 1442 siqui-

2257 1448 2381 1504 dem
2406 1452 2636 1509 tentatio
2659 1465 2838 1526 potest
2859 1472 2982 1514 esse
3006 1460 3298 1530 calumnia,
3332 1462 3605 1518 calumnia
3635 1464 3690 1520 in
3715 1481 3778 1522 se
3809 1474 3868 1521 et

2261 1534 2615 1601 tentationem
2667 1546 2851 1605 habet.
2885 1550 2980 1606 Est
3031 1561 3088 1608 et
3131 1552 3364 1610 humana
3416 1557 3666 1622 tentatio,
3696 1573 3864 1628 quam

2258 1635 2403 1693 ferre
2434 1653 2723 1709 possumus
2750 1659 2765 1711 ;
2795 1643 3066 1700 calumnia
3097 1656 3276 1702 autem
3299 1647 3480 1720 gravis
3510 1657 3614 1705 est.
3648 1649 3713 1705 Et
3739 1651 3868 1708 ideo

2261 1731 2547 1802 Dominus,
2571 1751 2692 1805 quae
2718 1747 2845 1793 sunt
2893 1740 3141 1810 graviora
3189 1744 3452 1814 suscepit,
3486 1753 3539 1799 et
3576 1744 3870 1803 calumniis

2262 1827 2534 1896 appetitus
2554 1828 2832 1887 silentium
2883 1832 3077 1889 detulit
3103 1835 3430 1908 triumphale
3457 1837 3675 1910 (Matth.
3713 1856 3868 1907 xxvr,

2190 1913 2241 1974 B
2266 1917 2380 1991 65).
2410 1920 2693 1978 Calumnia
2723 1933 2902 1981 autem
2926 1941 2992 1983 eo
3016 1930 3237 1999 gravior
3257 1939 3364 1997 est,
3392 1931 3519 2002 quia
3548 1947 3655 1988 non
3687 1935 3868 1990 solum

2269 2013 2402 2070 falsa
2426 2019 2701 2088 componit
2725 2035 2740 2083 ;
2771 2035 2956 2077 verum
2983 2023 3145 2078 etiam
3173 2039 3294 2094 qua:
3327 2023 3414 2096 pie
3435 2033 3586 2096 gesta
3612 2036 3737 2082 sunt
3765 2026 3868 2084 de-

2267 2108 2475 2165 colorat
2502 2127 2520 2178 ;
2559 2121 2619 2167 ut
2667 2111 2867 2184 Joseph
2923 2131 3028 2170 non
3060 2116 3232 2173 solum
3259 2130 3280 2158 ο
3311 2119 3562 2175 adulterii
3593 2121 3870 2178 oblatione

2271 2211 2507 2261 tentatus
2529 2215 2633 2273 est,
2657 2217 2713 2262 et
2733 2204 2760 2244 ἀ
2791 2207 3141 2267 invitamento
3168 2211 3355 2269 herilis
3393 2213 3660 2271 illecebrae
3683 2214 3868 2288 (Gem,

2269 2313 2474 2366 xxxix,
2534 2299 2602 2356 10
2654 2312 2702 2356 et
2752 2301 2903 2376 seq.)
2955 2322 2969 2360 :
3015 2320 3200 2362 verum
3258 2307 3420 2363 etiam
3484 2316 3720 2365 tentatus
3776 2326 3876 2367 ca-

2267 2393 2536 2464 lumniis,
2591 2399 2895 2468 composito
2927 2443 2942 2468 ,
3004 2401 3147 2473 quod
3207 2402 3324 2474 ipse
3385 2403 3710 2460 adulterium
3765 2404 3874 2462 do-

2271 2489 2436 2548 minae
2507 2509 2621 2550 suae
2683 2492 2886 2552 inferre
2952 2498 3262 2568 voluisset,
3332 2501 3876 2574 comprehensusque

2266 2590 2488 2645 exuerit
2537 2598 2791 2658 vestem;
2836 2601 2859 2629 ε
2889 2608 2958 2648 ne
3007 2593 3214 2651 fraudis
3252 2595 3532 2662 indicium,
3584 2606 3747 2669 atque
3792 2599 3880 2653 iu-

2267 2686 2419 2756 signe
2472 2686 2720 2745 criminis
2782 2697 3108 2757 teneretur;
3177 2706 3298 2747 cum
3357 2693 3541 2765 utique
3611 2695 3877 2754 amictum

2268 2776 2391 2833 ideo
2419 2777 2628 2850 fugiens
2673 2781 2977 2853 reliquerit,
3009 2784 3218 2858 1191
3244 2794 3302 2842 ut
3332 2786 3558 2858 laqueos
3587 2788 3692 2844 vim
3725 2787 3875 2845 infe-

2267 2872 2458 2938 rentis,
2483 2882 2538 2927 et
2583 2888 2753 2929 nexus
2791 2874 3128 2933 illecebrosae
3181 2878 3316 2934 artis
3362 2879 3641 2936 evaderet.
3677 2877 3698 2918 τ
3748 2879 3878 2952 lpse

2267 2964 2436 3020 David
2466 2977 2736 3035 senserat,
2766 2969 2910 3040 quod
2945 2969 3190 3027 timebat.
3221 2972 3431 3042 Quibus
3455 2974 3601 3030 enim
3629 2974 3762 3031 Saul
3786 2991 3882 3032 re-

2264 3058 2347 3130 gis
2368 3059 2654 3116 calumniis
2673 3061 2938 3118 laboravit
2968 3066 2982 3119 !
3018 3075 3042 3112 8
3074 3065 3389 3122 Perterritis
3424 3067 3699 3134 omnibus,
3725 3068 3880 3124 Allo-

2266 3153 2414 3225 pltyli
2443 3153 2705 3225 impetum
2730 3156 2880 3225 lusit,
2907 3166 2962 3214 et
2991 3159 3255 3232 singulari
3283 3161 3580 3217 certamine
3600 3176 3875 3218 summam

2267 3247 2414 3316 belli,
2439 3258 2497 3306 et
2523 3251 2690 3307 totius
2713 3252 2887 3324 pralii
2919 3253 3130 3325 pondus
3151 3256 3388 3328 excepit.
3423 3256 3624 3313 virtute
3652 3271 3748 3313 sua
3776 3271 3877 3314 so-

2268 3341 2352 3397 lus
2389 3356 2679 3399 commune
2705 3344 2910 3400 crimen
2940 3345 3220 3414 refellens,
3253 3357 3306 3404 et
3353 3349 3518 3403 totius
3545 3359 3878 3420 retorquens

2269 3434 2322 3490 in
2346 3433 2558 3491 hostem
2588 3436 2762 3507 plebis
2807 3430 3193 3510 opprobrium;
3228 3449 3284 3497 et
3304 3448 3486 3498 tamen
3517 3443 3642 3513 quia
3667 3443 3876 3514 juven-

2267 3528 2404 3583 cuiae
2433 3528 2686 3586 dixerunt
2717 3549 2731 3586 :
2761 3531 2894 3588 Saul
2917 3534 3248 3605 triumphavit
3269 3535 3323 3589 in
3344 3535 3592 3601 millibus,
3616 3535 3788 3593 David
3818 3539 3879 3595 in

2268 3621 2442 3677 decem
2487 3621 2712 3677 millibus
2764 3622 2810 3697 (l
2835 3622 2966 3696 Reg.
3015 3641 3163 3690 xvm,
3199 3624 3278 3699 7),
3321 3627 3492 3698 gloria
3531 3626 3877 3688 iuiuvidiatu

2269 3729 2447 3780 versa,
2473 3713 2596 3770 odio
2623 3716 2790 3786 coepit
2831 3718 3030 3788 urgeri.
3058 3718 3126 3773 Et
3168 3727 3228 3773 ut
3257 3719 3326 3775 de
3369 3720 3766 3792 posterioribus
3793 3723 3879 3778 lo-

2269 3822 2541 3876 quamur:
2575 3807 2821 3864 Susanna
2853 3808 2993 3866 bene
3040 3810 3143 3866 sibi
3179 3812 3396 3868 conscia
3426 3821 3544 3868 erat
3579 3830 3594 3879 ;
3640 3823 3698 3869 et
3728 3816 3878 3885 apud

2273 3898 2519 3956 homines
2545 3901 2649 3956 sibi
2675 3903 2869 3959 adesse
2909 3918 3015 3959 nou
3047 3913 3280 3975 poterat.
3315 3906 3432 3961 Duo
3456 3907 3757 3979 presbyteri
3785 3923 3879 3966 se-

2271 4010 2368 4051 nes
2389 3994 2584 4051 falsum
2639 3997 3013 4054 testimonium
3036 3998 3372 4068 deferebant,
3402 4015 3660 4057 numerus
3685 4017 3876 4058 sacer-

2271 4087 2454 4144 dotum
2482 4097 2644 4161 atque
2674 4098 2926 4146 senectus
2949 4106 3138 4148 vocem
3166 4093 3728 4165 auferebantpuellm;
3755 4095 3877 4153 sola

2273 4181 2604 4238 conscientia
2635 4183 2914 4254 eratapud
2959 4183 3126 4240 Deum
3180 4184 3370 4242 libera.
3401 4185 3641 4258 Denique
3690 4187 3874 4245 homi-

2270 4289 2398 4330 num
2417 4275 2665 4332 damnata
2685 4276 2912 4348 judicio,
2937 4289 3070 4334 nutu
3093 4289 3179 4335 est
3215 4281 3466 4337 absoluta
3491 4281 3675 4338 divino
3704 4281 3872 4355 (Dan.

2270 4380 2390 4432 xm,
2421 4367 2493 4423 54
2522 4378 2571 4423 et
2594 4370 2748 4441 seq.).

2340 4458 2433 4513 25.
2468 4459 2594 4518 Ideo
2623 4463 2700 4517 ait
2724 4461 2996 4535 Propheta
3030 4482 3043 4519 :
3081 4465 3264 4522 Libera
3302 4484 3382 4524 me
3406 4486 3439 4525 a
3467 4471 3728 4526 calumnia
3775 4472 3878 4530 Ito-

2272 4554 2466 4610 minum
2491 4573 2512 4624 ;
2541 4566 2599 4612 ut
2629 4560 2918 4617 custodiant
2945 4566 3190 4620 mandata
3230 4577 3360 4624 tua:
3390 4570 3479 4640 qui
3509 4571 3654 4627 enim
3684 4574 3877 4644 Oppri-

565 4641 870 4710 Abessalon,
898 4642 1010 4714 quis
1031 4641 1172 4698 dabit
1193 4642 1322 4697 mihi
1344 4652 1557 4698 mortem
1588 4660 1681 4714 pro
1704 4655 1751 4700 te
1767 4643 1835 4717 (ll
1862 4643 1991 4717 Reg.
2011 4660 2163 4713 xvttt,
2192 4671 2245 4733 Ι)
2271 4649 2437 4705 mitur
2466 4651 2754 4720 calumnia,
2791 4671 2898 4712 non
2931 4658 3088 4714 facile
3108 4669 3288 4731 potest
3323 4665 3596 4721 custodire
3615 4641 3877 4726 mandata

562 4733 682 4806 33),
740 4749 947 4791 memor
995 4748 1204 4793 naturae
1258 4735 1452 4808 pietas,
1481 4737 1707 4793 oll'euste
1755 4738 2066 4806 immemor,
2097 4739 2167 4795 de
2267 4744 2473 4801 divina.
2517 4745 2776 4805 Tristitia:
2804 4765 3029 4809 necesse
3078 4762 3161 4810 est
3189 4755 3507 4828 plerumque
3551 4767 3647 4815 aut
3688 4761 3875 4819 timori

564 4845 674 4902 quo
693 4838 820 4886 ante
840 4830 1092 4901 quaesivit
1116 4848 1129 4885 :
1161 4830 1305 4886 Puer
1333 4847 1396 4886 ne
1422 4832 1542 4886 vivit
1570 4831 1676 4903 (Ib.
1711 4831 1806 4903 29)
1834 4833 1858 4887 τ

636 4921 731 4979 25.
755 4921 826 4978 Et
859 4922 1094 4980 fortasse
1119 4922 1471 4994 quaerendum
1495 4923 1590 4991 sit,
1623 4940 1726 4995 qua
1775 4926 1987 4984 ratione
2038 4938 2166 4986 ante

639 5067 667 5142 ς
691 5056 813 5142 _Vet.
833 5055 964 5113 edit.
985 5069 1108 5142 curn
1135 5054 1321 5127 paucis
1346 5069 1661 5142 mss.,quan_t
1685 5061 1812 5142 jure
1830 5071 2166 5142 pre_catus_g_s_t

638 5128 668 5168 δ
694 5129 766 5203 ita
798 5143 955 5203 mss.;
979 5127 1110 5184 edit.
1147 5142 1299 5203 vero,
1342 5136 1390 5181 et
1419 5128 1482 5203 iit
1516 5129 1654 5183 unici
1680 5127 2029 5188 immolatione
2044 5135 2165 5203 filii,

569 5201 797 5274 postlata
811 5201 992 5274 patria:
1017 5201 1202 5255 mentis
1230 5199 1436 5274 pietate,
1466 5200 1736 5274 lactatum.

641 5286 662 5312 ε
698 5272 819 5328 Vet.
849 5273 984 5330 edit.
1013 5288 1139 5329 cum
1191 5272 1374 5343 paucis
1413 5287 1544 5329 mss.
1581 5272 1830 5330 adulterii
1876 5275 2168 5349 objectione

570 5354 795 5401 tentatus
824 5354 918 5400 εει.

639 5415 667 5454 ἀ
699 5417 840 5473 Edit.
872 5425 1074 5482 ant.,et
1107 5416 1349 5472 invitatus
1373 5416 1443 5471 ad
1467 5416 1659 5472 crimen
1689 5419 1867 5475 herilis
1891 5420 2162 5478 illecebrae.

568 5486 754 5555 Rom,
781 5488 934 5544 herili
959 5489 1215 5544 illecebra.
1259 5487 1387 5543 Mss.
1419 5489 1688 5558 nonnulli,
1727 5501 1773 5544 et
1826 5492 2160 5548 incitamento

569 5561 782 5634 puerilis
806 5559 1079 5634 illecebris.
1113 5559 1220 5634 Alii
1270 5559 1601 5634 frequentes,
1629 5572 1688 5617 ut
1728 5563 1780 5618 in
1812 5572 1982 5619 textu.
2005 5565 2160 5632 Quod

569 5632 772 5706 autem,
796 5633 940 5700 voci,
967 5633 1274 5706 composito,
1297 5632 1350 5687 in
1375 5634 1708 5706 Δσιιιίὺιιςιιιιηι
1735 5633 1868 5690 edit.
1891 5635 2161 5706 adjectum

568 5713 674 5771 est,
712 5705 915 5780 elogio,
949 5701 1092 5780 ΔΙιυιξ⁷
1123 5702 1321 5780 frustra
1370 5701 1491 5771 fuit,
1545 5701 1974 5780 subintelligitur
2017 5711 2162 5764 enim

573 5774 858 5841 mendacio,
879 5775 963 5832 vel
993 5777 1228 5837 crimine,
1260 5774 1313 5831 id
1343 5785 1445 5842 est,
1473 5774 1841 5834 accusatione:

633 5860 667 5897 -°
692 5848 833 5908 Edit.
866 5849 1062 5919 ,Ιιοιηη
1119 5864 1181 5905 ne
1198 5849 1304 5920 ipse
1360 5859 1412 5901 ut
1443 5849 1645 5922 fraudis
1693 5850 1962 5921 iudicium,
2020 5863 2170 5924 atque

2266 4838 2446 4907 cedat,
2473 4848 2530 4897 et
2579 4840 2852 4912 alﬁigatur
2879 4845 2964 4900 vel
3013 4857 3160 4903 metu
3199 4849 3510 4915 calumniae,
3541 4851 3626 4909 vel
3655 4854 3872 4913 dolore.

2339 4931 2432 4990 26.
2463 4932 2648 5005 (Vers.
2668 4936 2818 5010 1'55.)
2841 4938 3097 5012 Sequitur
3123 4942 3386 5014 septimus
3407 4959 3596 5003 versus
3628 4947 3873 5005 :Vulttmt

2270 5067 2470 5154 insigne
2522 5070 2753 5154 criminis
2797 5083 3049 5130 teneretur
3091 5094 3110 5144 ;
3177 5081 3522 5154 amictumque
3557 5084 3704 5154 ideo,
3756 5098 3870 5147 etc.

2269 5137 2386 5224 {ius
2399 5155 2530 5224 vero
2559 5143 2610 5196 in
2630 5142 2861 5224 lectione
2877 5161 3008 5224 mss.
3031 5137 3102 5205 ac'
3119 5159 3225 5206 vet.
3255 5137 3546 5224 ediun'ihil
3562 5137 3867 5218 mminit};

2270 5210 2378 5292 sed
2409 5221 2466 5265 ut
2519 5214 2865 5293 perspicuus
2889 5219 2962 5273 sit
3004 5234 3218 5286 sensus,
3244 5210 3481 5293 posl,‘ne
3500 5228 3702 5293 fraudis
3726 5210 3873 5288 indi;

2269 5284 2814 5367 ciupt'1sultiutellige',
2846 5288 2900 5342 in
2921 5295 3041 5367 ipso
3059 5284 3443 5367 comprehenso,
3474 5284 3519 5352 et
3539 5315 3641 5354 non
3668 5284 3868 5367 elapsa.

2347 5353 2367 5392 ι
2397 5355 2558 5437 npm.
2583 5353 2749 5437 edit,
2769 5353 3329 5437 (pensitantem:
3355 5353 3493 5437 quod
3513 5353 3872 5432 misisset

2270 5435 2319 5515 et
2347 5427 2531 5515 quibus
2569 5428 2844 5515 calumniis
2889 5432 3178 5515 laborabat.
3209 5438 3319 5515 sed
3345 5427 3455 5515 _qtti
3502 5442 3574 5496 ita
3599 5427 3866 5515 correxit,

2265 5511 2482 5576 sensum
2506 5501 2742 5576 aucturis
2771 5501 2996 5560 minime
3024 5505 3312 5564 intellexit.
3344 5501 3424 5566 T'u
3456 5527 3586 5567 vero
3611 5501 3867 5576 eumdem

2268 5568 2626 5655 interpretare
2667 5569 2735 5625 ad
2761 5588 2883 5629 eum
2919 5577 3153 5655 _mo_dum_
3187 5599 3200 5633 :
3235 5579 3361 5654 Ipse
3407 5581 3578 5639 David
3623 5568 3870 5655 iiiis-iii;

2267 5649 2377 5718 erat
2401 5641 2704 5718 calumnias,
2734 5661 2861 5717 quas
2891 5649 3097 5704 timebat
3118 5650 3241 5707 dum
3261 5641 3491 5712 diceret:
3513 5641 3701 5715 Libera
3726 5641 3870 5718 mea

2266 5712 2548 5782 calumnia,
2575 5724 2684 5771 etc.

2341 5783 2520 5873 B‘D'iss.
2547 5802 2659 5873 non
2679 5791 3140 5873 pau.ci,prreteritis
3152 5799 3400 5856 omnibus.
3430 5800 3594 5873 Bene,
3623 5804 3665 5861 si
3682 5815 3869 5866 mente

2268 5857 2540 5929 suppleas,
2567 5857 2689 5916 aliis
2705 5857 3002 5920 calumniis.
