3982 6524
45 425 235 483 1449

1171 419 1233 476 ΙΝ
1275 417 1608 477 ΡΞᾹΕΜΠΜ
1647 414 1858 475 CXVIII
1898 413 2290 473 EXPOSITIO.

3254 418 3396 475 1450

51 554 242 597 tuum
268 541 506 599 illumiua
532 556 683 612 super
712 553 913 594 seruum
941 545 1123 603 tuum;
1148 549 1195 591 ct
1222 538 1345 591 doce
1367 536 1691 608 mejustitias
1720 541 1768 600 Α
1798 531 2023 594 videre;
2057 543 2114 585 ut
2160 528 2562 584 illuminaretnr
2585 529 2638 582 in
2693 528 2878 596 corde,
2929 529 3069 585 sicut
3119 529 3397 586 illumina-

52 646 233 692 tuas.
291 635 561 692 llluminat
591 632 848 688 Dominus
915 643 1135 686 sanetos
1165 646 1314 696 suos,
1365 637 1416 684 ct
1468 631 1612 682 lucet
1642 629 1693 681 itt

57 731 271 787 corde
296 732 585 802 justorum.
613 728 798 798 Itaque
839 741 961 780 cum
1011 726 1309 796 sapientem
1357 724 1578 785 videris.
1606 738 1698 778 co-

59 840 306 894 gnosce
330 825 453 896 quia
473 821 753 880 descendit
783 835 946 891 super
977 835 1100 876 eum
1150 819 1247 874 Dei
1278 819 1468 890 gloria,
1500 818 1698 874 illumi-

67 919 256 974 navit
286 918 407 990 ejus
454 927 690 973 mentem
730 915 970 970 scientia:
1020 912 1245 984 fulgore.
1270 912 1703 983 cognitionisque

68 1009 329 1066 divinat.
361 1008 694 1065 Illuminavit
721 1017 900 1062 autem
929 1008 1091 1060 etiam
1121 1005 1480 1073 corporaliter
1511 1003 1702 1060 faciem

69 1103 311 1177 Moysi,
349 1112 404 1160 et
435 1103 813 1173 transﬁgurata
839 1107 926 1156 est
949 1099 1116 1172 gloria
1168 1099 1348 1154 vultus
1374 1099 1512 1170 ejus,
1542 1113 1702 1168 quam

1799 625 1993 679 bantur
2025 625 2186 679 etiam
2218 625 2293 678 illi
2332 625 2422 694 qui
2452 623 2709 680 dicebant
2739 642 2752 678 :
2787 624 2972 679 Nonne
3025 642 3111 678 cor
3166 639 3399 680 nostrum

1800 715 2012 770 ardebat
2038 717 2091 770 in
2114 716 2354 771 nobis....
2382 718 2736 788 cumaperirel
2758 717 2901 772 nobis
2920 719 3220 790 Scripturus
3247 719 3400 789 (Luc.

1801 825 1951 875 XXIV,
1984 809 2076 881 '52)
2100 812 2123 862 ‘!
2144 810 2299 878 Quod
2349 811 2394 865 si
2443 812 2566 881 quis
2616 811 2684 866 ad
2736 812 2906 867 Deum
2949 812 3161 868 Patrem
3193 813 3400 868 dictum

1805 907 1918 960 vult
1941 904 2136 974 videri,
2177 913 2358 974 potest
2401 906 2573 978 accipi
2603 908 2785 963 vultus
2833 908 3026 974 Patris,
3061 908 3271 975 Filius;
3312 908 3402 980 qui

1805 997 1952 1054 enim
1980 997 2126 1052 videt
2148 997 2365 1064 Filium,
2412 1000 2555 1054 videt
2586 1010 2640 1055 et
2667 1001 2905 1057 Patrem.

1877 1091 1968 1148 29.
2011 1091 2283 1147 Illuminat
2323 1101 2504 1148 tamen
2549 1094 2730 1149 vultus
2779 1095 2872 1151 Dei
2917 1097 3214 1152 secundum
3263 1097 3409 1167 quod

71 1197 360 1253 videntes
387 1195 560 1251 Judaei
591 1193 1033 1264 trepidaverunt;
1065 1200 1117 1246 et
1142 1191 1263 1246 ideo
1309 1191 1510 1246 factum
1541 1199 1710 1247 estut
1808 1187 1950 1242 oculi
1988 1186 2108 1256 ejus
2151 1201 2317 1257 super
2356 1187 2534 1257 justos
2572 1187 2861 1245 habentur.
2895 1191 3050 1259 Quod
3095 1207 3215 1247 cum
3249 1193 3412 1262 spiri-

71 1289 325 1362 Moyses
356 1288 604 1343 velamen
623 1287 924 1356 imponeret
942 1299 1104 1354 super
1127 1282 1321 1338 faelem
1345 1299 1495 1338 suam
1522 1299 1536 1348 ;
1565 1297 1633 1337 ne
1654 1283 1708 1336 in

74 1397 232 1438 eam
258 1380 355 1436 ﬁlii
371 1379 539 1435 Israel
565 1378 930 1443 intenderent,
952 1390 1006 1432 et
1033 1376 1485 1444 perturbarentur
1507 1375 1708 1446 (Exod.

77 1489 300 1540 xxxsv,
331 1472 402 1528 29
448 1482 496 1526 et
522 1473 676 1542 seq.).
716 1470 885 1527 Simul
938 1469 1317 1526 dcclarabatur
1367 1468 1708 1539 mysterium,

85 1565 265 1636 quod
292 1563 421 1619 illud
451 1563 697 1619 velamen
725 1560 864 1631 quod
895 1562 945 1614 in
997 1559 1133 1616 facie
1161 1560 1329 1630 Moysi
1359 1559 1715 1630 corporaliter

93 1656 447 1728 ponebatur,
491 1655 545 1710 in
587 1654 840 1710 cordibus
865 1653 1174 1709 Judacorum
1227 1652 1455 1725 mystice
1486 1667 1712 1725 ponere-

99 1759 207 1806 tur
235 1767 252 1815 ;
283 1766 348 1806 eo
368 1749 508 1818 quod
525 1764 706 1804 veram
735 1747 1208 1819 Legisclaritatem
1242 1746 1428 1803 videre
1450 1763 1556 1802 non
1593 1761 1718 1816 pos-

1812 1281 1992 1336 taliter
2016 1281 2086 1336 sit
2119 1281 2491 1352 probandum;
2541 1292 2719 1338 tamen
2759 1284 2883 1353 quia
2925 1283 3112 1338 incidit
3145 1283 3420 1339 illumina-

1812 1374 1976 1429 tionis
2002 1375 2184 1430 vultus
2212 1374 2383 1446 Moysi
2429 1375 2678 1442 historia,
2711 1391 2778 1430 ne
2818 1378 2938 1445 quis
2973 1393 3078 1430 non
3112 1386 3260 1446 putet
3295 1393 3418 1432 cor-

1812 1468 2078 1537 poraliter
2126 1467 2176 1522 id
2226 1468 2341 1523 ﬁeri
2385 1467 2646 1538 potuisse,
2689 1479 3000 1537 cognoscat.
3056 1469 3267 1524 Etenim
3317 1486 3419 1524 usti

1818 1560 1949 1615 solis
1982 1561 2168 1615 multis
2212 1563 2372 1615 etiam
2423 1561 2635 1631 pallore
2681 1553 3150 1616 confectis'totius
3176 1564 3427 1632 corporis

1818 1651 1987 1722 ﬁgura
2038 1661 2302 1719 mutatur,
2338 1664 2392 1707 et
2437 1652 2574 1724 ignis
2619 1669 2822 1723 vapore
2870 1653 3151 1708 calefactis
3213 1655 3427 1724 species

1817 1747 1999 1802 vultus
2028 1747 2306 1802 rutilantis
2335 1747 2664 1802 ostenditur.
2704 1747 2926 1802 Oriente
2953 1746 3065 1815 die,
3095 1747 3292 1802 rubent
3325 1757 3431 1802 ter-

93 1854 268 1898 sent.
303 1841 490 1897 Vultus
544 1842 687 1898 enim
739 1839 910 1912 Moysi
969 1839 1146 1910 fulgor
1196 1848 1280 1894 est
1316 1839 1514 1910 Legis;
1545 1838 1721 1910 fulgor
1821 1855 1895 1895 rte
1920 1853 2118 1896 croceo
2145 1841 2332 1895 colore
2360 1840 2616 1911 perfusas,
2648 1839 2676 1879 ι)
2716 1841 3004 1911 imaginem
3051 1840 3120 1896 de
3162 1840 3434 1896 benefiin

94 1945 302 1991 autem
323 1934 483 2006 Legis
509 1948 618 1988 non
651 1935 703 1988 in
731 1933 1052 2000 littera,sed
1094 1933 1148 1988 in
1194 1933 1467 1988 intellectu
1497 1932 1714 2002 cstspi-
1749 1947 1793 2007 Β
1822 1945 2102 1998 minitante,
2161 1950 2502 2006 gemmarum
2551 1950 2766 2006 quoque
2828 1935 3050 1990 monilia
3089 1935 3435 1990 coruscantia

95 2029 286 2085 ritali.
319 2028 500 2100 Itaque
528 2028 787 2100 quamdiu
839 2029 1050 2083 vixerat
1074 2028 1305 2100 Moyses,
1335 2038 1390 2086 et
1412 2028 1724 2100 alloqueba-

97 2131 200 2176 tur
230 2120 543 2177 Judzeorum
593 2122 868 2192 populum,
898 2121 1146 2176 velamen
1195 2121 1432 2177 habebat
1479 2122 1530 2176 in
1589 2119 1724 2176 facie

96 2230 214 2270 sua
249 2231 264 2280 ;
292 2224 508 2270 mortuo
538 2223 716 2269 autem
736 2214 948 2286 Moyse,
971 2213 1131 2269 Jesus
1160 2214 1308 2270 Nave
1331 2215 1441 2286 jam
1473 2229 1580 2270 non
1632 2229 1728 2284 per

101 2309 401 2372 velamen,
432 2307 528 2364 sed
557 2306 698 2364 facie
727 2308 989 2375 revelata,
1021 2319 1075 2364 et
1115 2308 1463 2380 presbyteros
1488 2307 1730 2377 alloque-

97 2400 284 2456 batur
313 2410 369 2456 et
395 2400 677 2471 populum,
701 2409 756 2455 et
784 2415 945 2456 nemo
974 2400 1280 2471 trepidabat
1305 2398 1488 2472 (Josue
1529 2416 1565 2467 t,
1592 2401 1683 2468 10)
1712 2419 1724 2454 :

101 2509 246 2550 cum
279 2494 468 2566 utique
492 2504 546 2549 et
574 2493 675 2563 ipsi
703 2493 899 2549 dixerit
956 2494 1119 2558 Dens,
1149 2494 1290 2565 quod
1339 2509 1462 2550 cum
1518 2495 1729 2566 ipsoita

101 2596 275 2645 esset
321 2589 556 2654 futurus,
588 2597 646 2642 ut
674 2587 772 2643 fuit
823 2603 944 2644 cum
977 2587 1184 2660 Moyse,
1216 2597 1270 2643 et
1311 2604 1435 2644 eum
1476 2588 1731 2644 similiter

103 2682 500 2747 illutninaret,
545 2693 824 2751 gestorum
873 2681 1092 2751 utique,
1154 2695 1260 2735 non
1317 2681 1498 2735 vultus
1560 2681 1732 2752 gloria

105 2774 320 2847 (Ibid.,
351 2774 408 2847 5)
433 2792 448 2828 :
477 2773 582 2829 hoc
613 2774 948 2844 signilicantc
969 2773 1172 2844 Spiritu
1198 2785 1409 2842 sancto,
1434 2774 1578 2845 quod
1604 2791 1733 2830 ven-

109 2877 286 2923 turus
316 2876 465 2922 esset
492 2881 655 2922 verus
689 2865 867 2932 Jesus,
891 2866 956 2921 ad
987 2882 1145 2938 quem
1169 2867 1214 2922 si
1245 2868 1366 2938 quis
1390 2878 1737 2924 convertere-

110 2970 234 3024 tur,
275 2967 332 3014 ct
371 2974 494 3014 eum
551 2958 716 3015 vellet
765 2959 975 3024 audire,
1017 2958 1085 3014 de
1134 2959 1297 3015 corde
1347 2974 1446 3015 suo
1489 2960 1735 3015 velamen

112 3056 420 3119 auferret,
476 3063 532 3109 et
585 3053 825 3109 revelata
872 3051 1009 3110 facie
1057 3069 1245 3110 verum
1300 3054 1638 3110 Salvatorem
1661 3054 1737 3108 vi-

112 3149 312 3205 deret.

195 3241 300 3294 ‘27.
324 3238 469 3308 Ergo
498 3236 640 3293 Deus
669 3237 1018 3310 omnipotens
1046 3239 1232 3307 Pater,
1273 3240 1366 3310 qui
1390 3239 1440 3294 in
1464 3239 1633 3312 Moysi
1662 3239 1741 3294 fa-

1827 2027 2216 2083 transfnndnnt
2262 2027 2534 2094 finitimis,
2589 2029 2731 2098 quod
2796 2029 2908 2098 ipsa
2960 2027 3320 2092 radiaveriut;
3374 2035 3432 2082 et

1825 2120 2043 2175 miraris
2074 2121 2118 2175 si
2152 2119 2354 2192 Moysis
2379 2120 2560 2175 vultus
2589 2119 2788 2174 divinae
2817 2119 3048 2174 infectus
3077 2121 3150 2174 sit
3180 2119 3434 2174 claritate

1828 2213 2169 2282 pra-sentite?
2211 2211 2424 2266 Miraris
2455 2213 2498 2266 si
2533 2210 2832 2282 refulgente
2862 2211 2955 2266 Dei
2986 2212 3157 2280 gratia
3187 2211 3317 2280 jUsti
3350 2226 3445 2264 va-

1829 2317 2054 2378 porctur
2094 2306 2410 2377 ingenium?
2438 2305 2553 2360 Non
2590 2305 2857 2361 dubitavit
2900 2305 3189 2376 propheta,
3221 2305 3313 2376 qui
3345 2320 3441 2374 po-

1832 2403 2008 2473 poscit
2033 2401 2328 2457 illuminari
2372 2403 2554 2472 prius;
2601 2409 2656 2454 ut
2699 2401 2944 2470 justitias
2985 2400 3202 2456 Domini
3256 2410 3440 2471 posset

1831 2495 2132 2552 addiscere.

1903 2590 1994 2646 '50.
2028 2588 2209 2659 (Vers.
2237 2588 2388 2659 156.)
2415 2587 2675 2659 Sequitur
2706 2604 2897 2643 versus
2925 2596 3152 2642 octavus
3181 2606 3193 2639 :
3246 2585 3445 2641 Decur-

1835 2700 1924 2739 sus
1948 2700 2199 2755 aquarum
2231 2681 2602 2737 descenderunt
2635 2683 2770 2736 oculi
2814 2683 2945 2746 mei;
2990 2682 3109 2746 quia
3141 2697 3242 2734 non
3273 2691 3446 2734 custo-

1837 2777 1942 2830 divi
1995 2779 2156 2845 legem
2202 2784 2362 2828 tuam.
2425 2773 2719 2830 Granditer
2766 2772 3018 2828 allectum
3067 2772 3446 2842 paenitentiam

1837 2866 2077 2940 gerentis
2101 2867 2394 2936 expressit,
2445 2865 2638 2920 dicens
2680 2864 2822 2934 quod
2868 2863 3128 2934 aquarum
3180 2864 3449 2919 decursus

1841 2961 1989 3016 oculi
2019 2960 2102 3014 sui
2137 2959 2565 3014 descenderint:
2595 2960 2712 3015 sive
2749 2959 2872 3028 quia
2907 2974 3004 3030 per
3045 2974 3140 3014 cos
3171 2966 3452 3030 tamquam

1845 3063 2063 3108 meatus
2126 3051 2448 3106 undantium
2507 3051 2860 3118 fluentorum,
2918 3052 2988 3105 ita
3040 3052 3475 3107 exubetantium‘

1843 3145 2205 3218 lacrymarum
2233 3160 2294 3200 se
2325 3144 2543 3215 quidam
2575 3144 2768 3199 ductus
2797 3143 3074 3209 effuderit,
3106 3153 3157 3199 et
3191 3143 3351 3197 fletus
3381 3143 3456 3197 ir-

1845 3236 1984 3308 rigui
2011 3236 2330 3292 continuum
2376 3236 2644 3307 quoddam
2688 3247 2740 3291 et
2778 3236 2907 3308 juge
2947 3235 3268 3308 proﬁuiium
3296 3254 3308 3288 :
3338 3237 3456 3293 sive

115 3335 212 3390 cie
245 3332 547 3388 exctecavit
585 3331 844 3404 populum
875 3330 1208 3400 Judzeorum,
1254 3347 1359 3387 non
1390 3331 1614 3396 duritia,
1643 3331 1738 3388 sed
1767 3337 1812 3400 C
1843 3330 1990 3402 quod
2033 3331 2133 3400 ipsi
2176 3330 2559 3386 descenderint
2598 3330 2764 3386 oculi.
2815 3330 2991 3386 liabet
3037 3329 3180 3385 enim
3229 3331 3331 3385 hoc
3365 3331 3446 3386 vis

118 3426 486 3499 przescientia
506 3442 521 3490 ;
539 3440 638 3480 nec
667 3424 1006 3491 malitia,sed
1030 3425 1284 3496 (equitate
1309 3435 1471 3495 atque
1494 3424 1736 3494 justitia;

120 3521 232 3592 ipsi
259 3519 410 3576 enim
433 3519 536 3574 sibi
567 3518 818 3574 velamen
863 3527 1188 3590 posuerunt,
1218 3518 1310 3589 qui
1355 3517 1554 3589 Legem
1586 3518 1745 3575 intel-

135 3613 322 3684 ligere
352 3611 646 3666 noluerunt
678 3626 692 3664 :
725 3609 832 3665 Lea:
861 3611 1005 3666 enim
1037 3611 1288 3683 spiritalis
1318 3620 1416 3678 est,
1444 3611 1586 3667 sicut
1607 3609 1746 3666 dixit

126 3704 407 3760 Hebraeus
456 3703 638 3773 (Rom.
684 3718 778 3769 vtt,
819 3702 898 3775 ι).
932 3703 982 3758 Is
1035 3703 1222 3774 utique
1268 3705 1568 3761 secundum
1613 3704 1745 3759 illud

126 3793 287 3867 quod
320 3793 411 3848 dat
436 3793 731 3862 unicuique
781 3803 1050 3859 nostrum,
1106 3796 1158 3850 in
1217 3812 1326 3866 quo
1371 3812 1477 3852 non
1507 3796 1748 3851 tribuen—

131 3891 231 3954 tis,
267 3897 296 3926 δ
320 3887 415 3942 sed
443 3903 548 3942 non
579 3887 855 3956 diligentis
876 3897 960 3943 est
985 3888 1170 3958 culpa;
1205 3889 1328 3955 iste,
1366 3891 1608 3960 inquam,
1640 3891 1750 3944 Do-

131 3981 328 4036 minus
361 3980 574 4052 1192
627 3978 955 4034 illuminavit
1011 3994 1107 4035 cor
1154 3981 1341 4051 populi
1386 3982 1667 4036 nationum
1696 3983 1748 4036 in

133 4073 286 4129 facie
309 4069 511 4126 Christi
538 4071 690 4138 .Iesn,
721 4086 818 4142 per
850 4071 971 4142 ejus
998 4070 1290 4127 adventum
1316 4088 1330 4138 ;
1364 4073 1507 4142 quod
1533 4071 1753 4128 eviden-

137 4174 227 4219 ter
268 4162 589 4232 Apostolico
631 4161 940 4217 declaratur
986 4163 1260 4231 exemplo,
1308 4163 1450 4218 sicut
1495 4165 1754 4234 scriptum

147 4255 426 4310 habemus
457 4271 472 4308 :
505 4253 764 4320 Quoniam
805 4251 947 4306 Deus
975 4255 1062 4322 qui
1092 4254 1224 4308 dixit
1255 4255 1318 4308 de
1347 4255 1564 4308 tenebris
1587 4255 1758 4308 lumen

141 4344 528 4416 splendescere,
544 4345 719 4400 illuxit
733 4346 784 4398 in
799 4345 1037 4400 cordibus
1052 4347 1237 4401 nostris
1252 4345 1321 4400 ad
1333 4346 1758 4402 illuminationem

146 4436 382 4494 scientia:
407 4437 657 4492 claritatis
683 4437 781 4492 Dei
802 4438 857 4492 in
878 4438 1012 4508 facie
1041 4438 1232 4494 Christi
1246 4438 1427 4513 Jesu(l
1445 4439 1564 4497 Cor.
1583 4457 1655 4509 tv,
1677 4440 1754 4515 6).

226 4530 326 4586 28.
362 4529 492 4585 Ideo
522 4545 652 4601 ergo
703 4530 837 4586 dicit
891 4530 1056 4586 David
1099 4529 1166 4586 ad
1196 4532 1480 4589 Dominum
1528 4535 1711 4591 Jesutn
1745 4554 1758 4590 :

164 4622 386 4678 Vultum
414 4631 559 4677 tuum
604 4623 847 4677 illumina
889 4640 1046 4692 super
1091 4641 1291 4680 seruum
1338 4636 1498 4682 tuum.
1545 4628 1762 4685 Faciem

1839 3424 2039 3480 summi
2066 3423 2294 3490 doloris,
2329 3433 2385 3479 ttt
2421 3439 2545 3480 cum
2577 3424 2830 3496 lacrymis
2865 3423 3004 3478 oculi
3045 3425 3450 3495 quodammodo

1842 3517 1945 3588 ipsi
1976 3516 2266 3572 videantur
2292 3516 2652 3582 descendere;
2702 3532 2768 3570 eo
2797 3517 2941 3586 quod
2983 3525 3127 3571 tanta
3160 3520 3240 3573 vis
3269 3519 3448 3590 lacry-

1844 3625 2054 3665 marum
2093 3611 2184 3675 sit,
2217 3619 2276 3663 ut
2305 3618 2558 3678 putentur
2586 3609 2728 3665 oculi
2757 3607 2813 3664 in
2857 3610 3019 3666 ﬂetus
3050 3611 3271 3676 resolvi,
3301 3621 3356 3667 et
3398 3613 3451 3666 in

1847 3704 2119 3777 lacrymas
2143 3702 2368 3758 eﬁ‘undi.

1920 3801 2012 3856 51.
2043 3799 2200 3856 Oculi
2226 3815 2358 3870 ergo
2382 3799 2481 3870 ipsi
2513 3810 2787 3871 tamquam
2837 3799 2888 3853 in
2931 3799 3200 3856 decursus
3226 3799 3456 3855 descen-

1851 3892 2052 3948 derunt
2101 3908 2386 3964 aquarum,
2434 3909 2542 3962 quo
2577 3893 2744 3947 verbo
2784 3891 3019 3963 impetus
3048 3892 3451 3962 deplorantium

1852 3983 2152 4039 vehemens
2222 3983 2532 4052 expressius
2582 3983 2912 4045 declaratur.
2966 3984 3266 4038 secundum
3322 3983 3453 4038 illud

1856 4075 2000 4145 quod
2041 4075 2094 4128 in
2126 4074 2366 4128 Canticis
2394 4074 2655 4142 scriptum
2704 4086 2786 4128 cst
2828 4091 2841 4128 :
2877 4074 3022 4129 Fons
3043 4074 3328 4139 hortorum,
3373 4092 3469 4144 pu~

1857 4175 1965 4220 teus
1990 4181 2139 4234 aqua:
2166 4166 2312 4230 vim,
2352 4176 2397 4220 et
2428 4167 2652 4236 impetus
2670 4167 2977 4221 descendens
3004 4184 3035 4220 a
3065 4167 3266 4222 Libano
3287 4166 3464 4239 (Cant.

1859 4272 1941 4326 tv,
1985 4255 2100 4328 15).
2139 4268 2161 4295 ο
2198 4256 2308 4312 Hos
2331 4255 2566 4326 impetus
2595 4258 2838 4313 Ecclesia
2866 4259 3090 4313 deduxit
3143 4276 3172 4314 a
3217 4259 3421 4316 Libano
3452 4279 3465 4315 :

1861 4351 1966 4406 hoc
2017 4352 2223 4421 impetu
2273 4350 2556 4406 diluuntur
2609 4361 2827 4420 peccata
2883 4372 2895 4404 :
2941 4351 3044 4407 hoc
3095 4354 3298 4424 impetu
3350 4356 3468 4423 pttri

1871 4445 2083 4518 1193
2135 4445 2324 4511 fontis,
2372 4454 2428 4502 et
2473 4445 2706 4515 Spiritus
2751 4446 2924 4501 sancti
2966 4444 3142 4502 affluit
3187 4463 3216 4501 a
3261 4447 3468 4506 Libano

1864 4537 2100 4610 Sponsa,
2149 4547 2204 4594 et
2256 4554 2286 4593 a
2327 4538 2594 4609 principio
2635 4538 2758 4594 ﬁdei
2806 4539 3050 4594 transivit
3100 4542 3383 4609 saeculum,
3417 4554 3475 4600 et

1870 4631 2224 4703 pertransivit
2247 4630 2315 4685 ad
2345 4647 2590 4702 regnum.
2623 4630 2759 4686 Aliis
2802 4629 2921 4685 fons
2960 4641 3062 4697 est,
3109 4632 3230 4688 aliis
3275 4643 3471 4703 puteus

156 4713 366 4770 Christi
389 4714 571 4770 videre
597 4714 879 4785 cupiebat;
896 4725 952 4770 ut
980 4732 1132 4772 mens
1162 4717 1282 4789 ejus
1306 4717 1602 4776 illuminari
1634 4737 1759 4790 pos-
1783 4730 1838 4790 1)
1862 4739 1961 4796 pro
1977 4733 2135 4795 captu
2157 4732 2342 4779 nostro
2357 4724 2528 4795 gratia
2550 4723 2810 4794 spiritalis
2834 4741 2847 4777 :
2872 4725 2991 4781 aliis
3020 4727 3210 4781 hortus
3226 4727 3465 4797 clausus,

157 4821 268 4868 set.
303 4811 372 4866 Et
394 4811 692 4868 secundum
721 4812 1152 4868 lncarnationem
1181 4823 1360 4884 potest
1380 4817 1575 4887 accipi.
1604 4816 1761 4871 Multi

162 4905 302 4958 enim
332 4905 593 4975 prop/tela:
619 4915 667 4960 et
686 4905 821 4977 justi
872 4904 1046 4959 uidere
1070 4906 1340 4961 voluerunt
1369 4906 1520 4980 (Luc.
1554 4926 1612 4977 κ,
1641 4910 1760 4982 24),

165 5008 226 5052 ut
269 5001 386 5068 ipse
419 4999 676 5055 Dominus
730 4999 1044 5055 declaravit.
1078 5000 1235 5068 Quod
1282 5013 1463 5057 autem
1510 5013 1764 5075 negatum

167 5088 345 5161 Moysi
371 5090 544 5145 fuerat
575 5088 772 5161 (Exod.
802 5105 1004 5156 xxxiii,
1052 5090 1172 5159 20),
1217 5106 1325 5146 non
1371 5094 1772 5163 quaerebatzut

169 5182 535 5253 corporaliter
568 5183 660 5238 Dei
687 5185 893 5239 vultum
917 5184 1126 5240 videret
1144 5187 1450 5256 incorporei
1477 5204 1492 5253 ;
1518 5189 1562 5243 si
1590 5199 1772 5246 tamen

175 5287 231 5333 et
261 5278 495 5349 Moyses,
523 5288 632 5334 tam
665 5279 881 5348 sapiens
911 5279 1233 5335 eteruditus
1257 5280 1359 5336 hoc
1390 5283 1627 5353 potuerit
1647 5285 1776 5340 sim-

179 5365 395 5435 pliciter
411 5367 599 5438 magis,
617 5381 776 5438 quam
806 5366 859 5421 in
874 5368 1130 5438 mysterio
1151 5370 1461 5440 postulare;
1482 5370 1777 5428 humanum

182 5466 360 5514 tamen
391 5470 476 5514 est
499 5458 773 5516 desideria
795 5474 958 5528 supra
985 5474 1083 5515 nos
1110 5461 1423 5517 extendere.
1447 5461 1559 5518 Nec
1587 5464 1778 5520 imme-

184 5552 290 5606 rito
341 5552 526 5607 faciem
568 5554 686 5622 ejus
724 5551 1067 5607 advenientis
1111 5568 1178 5609 ex
1233 5554 1452 5627 Virgine
1504 5557 1782 5628 quaerebat

262 5709 438 5785 f‘Vct.
488 5708 619 5766 edit.
646 5724 810 5785 _rttnt_
831 5716 982 5779 parte
1031 5723 1208 5785 mss.__,
1256 5711 1345 5765 sed
1379 5711 1654 5785 diligentis
1711 5722 1783 5766 est

191 5781 345 5865 culpa
364 5800 381 5847 ;
413 5781 748 5837 commodius
777 5780 936 5836 Rom.
968 5796 1091 5837 cum
1119 5780 1263 5848 aliis,
1302 5782 1390 5838 sed
1436 5780 1536 5839 non
1567 5784 1787 5856 diligen-

195 5863 277 5911 tis.
301 5864 405 5908 etc.

268 5924 294 5964 δ
323 5927 451 5981 Mss.
507 5925 750 5996 aliquot,
780 5924 1058 5995 imaginem
1114 5924 1205 5980 Dei
1263 5925 1507 5996 beneﬁcio
1535 5937 1796 5985 tnutuatw.

645 6023 920 6083 ΡΛτιιοι.
981 6020 1121 6081 XV.

1863 4817 1988 4872 fons
2013 4817 2257 4888 signatus
2289 4835 2305 4872 :
2345 4817 2465 4872 aliis
2492 4817 2785 4884 hortorum
2815 4817 2956 4885 fons,
2993 4821 3082 4890 qui
3127 4820 3180 4875 in
3207 4819 3472 4878 Ecclesia:

1867 4908 1994 4966 dote
2021 4919 2374 4965 numeratur:
2399 4910 2522 4965 aliis
2550 4910 2783 4980 impetus
2809 4911 3148 4968 descendens
3173 4928 3201 4966 a
3239 4913 3471 4984 Libano,

1874 5012 1930 5059 et
1957 5018 2186 5072 magnus
2215 5001 2451 5072 impetus
2486 5003 2581 5074 qui
2611 5019 2902 5076 numquam
2933 5005 3138 5060 deﬁcit.
3185 5004 3300 5061 Non
3328 5009 3473 5063 enim

1873 5093 2132 5150 deﬁciunt
2158 5094 2226 5150 de
2257 5103 2408 5165 petra
2435 5095 2625 5163 ubera,
2650 5112 2824 5166 neque
2862 5095 2950 5150 nix
2983 5111 3012 5150 a
3042 5095 3266 5165 Libano,
3303 5115 3478 5169 neque

1877 5202 2014 5259 aqua
2063 5204 2183 5260 quae
2235 5186 2408 5243 fertur
2445 5188 2627 5244 valido
2671 5199 2832 5244 vento
2864 5188 3090 5259 virginis
3133 5189 3474 5246 Hierusalem

1881 5281 2099 5354 (lerem.
2150 5298 2302 5350 xvm,
2357 5282 2469 5354 M).
2537 5282 2829 5339 Descendit
2888 5284 3123 5352 impetus
3164 5301 3191 5336 a
3248 5284 3475 5350 Libano,

1881 5378 2096 5447 quando
2137 5377 2386 5432 collectis
2417 5377 2471 5431 in
2511 5393 2677 5432 unum
2708 5377 2970 5448 apostolis
3003 5387 3057 5433 et
3082 5378 3332 5449 plurimis
3357 5394 3482 5433 cre-

1883 5467 2160 5534 dentibus,
2188 5470 2361 5524 factus
2396 5479 2481 5524 est
2506 5469 2686 5524 subito
2713 5469 2780 5524 de
2806 5469 2946 5526 caelo
2984 5483 3173 5534 sonus,
3207 5479 3480 5538 tamquam

1883 5561 1939 5616 vi
1980 5575 2174 5632 magna
2209 5561 2444 5632 Spiritus
2490 5559 2745 5630 ferretur,
2779 5572 2833 5617 et
2883 5561 3078 5632 repleti
3124 5571 3250 5616 sunt
3295 5576 3486 5618 omnes

1892 5714 2082 5770 Melius
2109 5713 2201 5769 alii
2233 5757 2246 5780 ,
2285 5713 2445 5781 edit.,
2489 5715 2551 5768 de
2577 5714 2863 5782 beneﬁcio;
2903 5730 3025 5770 nam
3065 5714 3484 5784 subintelligen-

1895 5786 2046 5851 dum,
2065 5787 2282 5841 orientis
2306 5786 2428 5852 diei,
2456 5786 2545 5840 vel
2579 5787 2727 5840 luris.

1911 5930 1946 5984 ἁ
1973 5869 1993 5896 ε
2023 5859 2218 5984 Scritjiti
2248 5858 2372 5915 cod.
2403 5865 2610 5928 septem
2643 5857 2780 5912 :Ht'c
2836 5859 3060 5929 impetus
3090 5854 3375 5910 Ecclesium
3398 5858 3490 5914 de.

1949 5941 2078 5984 uxtt.
2108 5946 2137 5984 e
2164 5945 2215 5984 c.

1949 5939 2078 5999 uxtt,
2108 5939 2215 5987 etc.

2876 6023 2916 6084 9
