4104 6350
562 326 696 381 HM

1910 318 2155 377 SANCTI
2193 319 2513 379 AMBROSII

3721 319 3862 380 “5'3

559 439 766 511 Spiritu
808 445 1000 494 sancto
1027 436 1372 494 diversitates
1401 434 1641 490 donante
1682 434 1985 505 linguarum
2013 435 2151 509 (Act.
2180 440 2236 502 Α
2258 445 2399 492 stum
2441 434 2600 502 ﬂlire,
2631 436 2715 490 vel
2752 432 3028 490 interitum
3068 432 3301 490 filiorum
3328 449 3343 488 :
3376 433 3473 490 sed
3505 432 3596 491 hic
3621 449 3729 490 non
3759 434 3863 491 hoc

565 551 626 601 ιι,
680 531 819 606 ιοδ).
851 532 1031 588 Bonus
1062 532 1319 603 impetus,
1368 530 1458 601 qui
1490 528 1690 586 laedere
1735 529 1966 598 nesciat,
2018 531 2162 588 norit

562 626 818 698 implere.

632 718 722 776 32.
767 718 827 775 Si
871 716 993 788 quis
1030 716 1192 788 igitur
1227 714 1372 771 hunc
1416 715 1675 783 impetum
1723 716 2161 785 supervenientis

560 831 591 873 c
618 814 760 871 coelo
787 811 975 884 gratia:
998 810 1111 865 vult
1138 812 1360 876 mereri,
1382 807 1682 865 descendat
1707 809 1869 864 etiam
1895 808 2010 880 ipse
2031 823 2160 863 ocu-

560 906 626 961 lis
657 907 708 960 in
737 903 999 959 decursus
1027 916 1309 975 aquarum.
1341 901 1446 969 Qui
1471 902 1614 959 ltunc
1646 903 1876 972 primum
1900 902 2158 972 impetum

559 997 779 1064 fuderit,
805 994 958 1050 illum
988 993 1309 1051 merebitur.
1338 995 1632 1051 Descendit
1657 996 1830 1052 oculis
1849 996 1964 1052 suis
1988 995 2038 1052 in
2061 994 2161 1050 hos

556 1090 751 1146 ductus
780 1101 1039 1158 aquarum
1064 1127 1078 1153 ,
1111 1103 1233 1157 qua:
1262 1087 1518 1158 lacrymis
1559 1088 1801 1159 irrigavit
1831 1088 1885 1144 in
1911 1087 2159 1160 Evange-

554 1184 629 1239 lio
672 1180 887 1235 Domini
937 1176 1106 1249 pedes
1147 1178 1299 1253 (Luc.
1341 1196 1436 1247 vu,
1473 1180 1568 1251 58)
1603 1199 1618 1237 :
1659 1194 1714 1237 et
1743 1181 1866 1238 ideo
1894 1181 2021 1238 iidei
2046 1197 2160 1238 sua:

559 1274 737 1345 pretio
780 1274 913 1330 emit
962 1274 1158 1329 animae
1190 1289 1302 1330 sua:
1344 1284 1397 1331 et
1446 1274 1693 1345 corporis
1721 1274 2008 1331 sanitatem
2046 1275 2157 1344 jam

557 1385 663 1423 non
717 1370 999 1442 sanguinis
1041 1368 1249 1442 proﬂua
1277 1413 1291 1439 ,
1336 1371 1431 1428 sed
1480 1371 1669 1443 gratia).
1712 1371 1970 1443 spiritalis
2001 1369 2154 1443 (Luc.

551 1479 645 1519 vui
661 1504 676 1529 ,
707 1461 824 1537 44).

624 1554 715 1612 5'5.
756 1557 1048 1614 Descendit
1083 1573 1214 1630 ergo
1245 1559 1412 1616 David
1443 1560 1739 1630 propheta;
1779 1560 1901 1617 ideo
1931 1560 1998 1616 de
2022 1573 2157 1631 pec-

551 1659 673 1704 cato
699 1650 928 1720 gratiam
958 1651 1165 1707 retulit.
1203 1652 1497 1709 Descendit
1540 1655 1596 1709 in
1625 1669 1893 1724 aquarum
1920 1653 2116 1710 ductus
2136 1695 2150 1721 ,

556 1744 661 1800 hoc
696 1754 800 1814 est,
835 1744 1064 1816 replevit
1094 1761 1222 1814 eos,
1252 1754 1308 1802 et
1345 1746 1752 1804 decurrentium
1777 1763 2039 1816 aquarum
2070 1747 2153 1803 la-

2263 527 2482 584 ﬂevisse
2527 541 2585 582 se
2628 526 2789 594 dicit,
2820 526 2918 582 sed
2942 526 3069 595 quia
3096 542 3204 581 non
3230 526 3523 582 custodivit
3546 525 3722 597 legem
3755 526 3860 581 Do-

2263 622 2416 678 mini.
2449 620 2496 676 A
2524 628 2713 677 sancto
2737 619 2856 677 viro
2885 621 3006 691 plus
3033 619 3211 691 culpa,
3238 636 3397 691 quam
3422 636 3663 677 aerumna
3689 621 3863 678 deﬂe-

2264 722 2371 769 tur.
2405 714 2585 769 Flevit
2616 713 2798 783 itaque
2841 714 3057 783 quando
3087 712 3140 769 ei
3169 712 3381 769 Natltan
3409 713 3479 770 de
3506 713 3649 770 Uria:
3689 721 3865 770 morte

2264 805 2684 877 indignationem
2716 805 2928 862 Domini
2957 805 3226 862 nuntiavit
3262 823 3274 860 :
3304 815 3364 863 et
3391 816 3672 876 peccatum
3704 822 3863 863 suum

2261 902 2331 959 de
2380 902 2827 973 praevaricatione
2873 901 3008 972 legis
3061 901 3304 972 agnovit.
3357 900 3601 971 Denique
3645 900 3759 956 lilio
3808 902 3863 957 in

2261 995 2579 1067 aegritudine
2604 995 2899 1052 constituto
2917 1034 2931 1059 ,
2957 1008 3133 1064 neque
3158 993 3341 1050 cibum
3372 994 3646 1065 sumpsit,
3679 1009 3862 1064 neque

2261 1089 2469 1161 regium
2508 1090 2760 1144 thronum
2806 1095 2901 1143 aut
2936 1086 3115 1143 cubile
3155 1086 3513 1143 conscendit:
3543 1086 3638 1142 sed
3661 1093 3866 1142 stratus

2262 1185 2316 1239 in
2361 1191 2525 1250 terra,
2549 1181 2737 1253 jejuna
2766 1195 2863 1237 ora
2896 1180 3152 1253 lacrymis
3180 1179 3453 1244 dilnebat,
3488 1195 3596 1237 non
3627 1189 3736 1235 tam
3767 1179 3865 1236 ﬁlii

2261 1291 2515 1347 mortem,
2547 1294 2708 1349 quam
2740 1279 2948 1349 peccati
2974 1278 3059 1333 sui
3100 1290 3320 1350 ptenam
3349 1279 3403 1332 in
3435 1278 3526 1333 illo
3554 1277 3735 1334 levare
3766 1278 3867 1334 de-

2260 1371 2508 1428 siderans
2544 1369 2614 1444 (li
2647 1371 2774 1443 Reg.
2803 1386 2901 1435 xu,
2943 1369 3011 1426 i6
3032 1378 3083 1425 et
3108 1369 3262 1443 αφ).
3294 1369 3489 1438 Flevit,
3519 1371 3736 1442 quando
3761 1386 3866 1428 nu-

2261 1474 2469 1521 merato
2496 1464 2713 1536 populo,
2744 1473 2971 1533 repente
3000 1464 3164 1520 corde
3186 1465 3465 1535 perculsus
3484 1473 3587 1521 est.
3616 1463 3865 1535 Denique

2261 1556 2500 1625 Peccavi,
2524 1558 2718 1629 inquit,
2750 1559 2996 1632 graviter,
3028 1558 3234 1629 peccaui
3271 1558 3425 1613 stulte
3451 1556 3520 1629 (ll
3553 1559 3680 1630 Reg.
3709 1572 3859 1627 xstv,

2259 1649 2372 1726 10).
2407 1650 2581 1707 Flevit
2610 1650 2774 1723 igitur
2799 1652 3006 1722 primo,
3036 1651 3162 1720 quia
3191 1652 3368 1708 elatus
3394 1650 3544 1723 regia
3568 1660 3859 1722 potestate,

2255 1743 2550 1815 quaerendo
2593 1756 2877 1800 numerum
2916 1744 3114 1816 plebis,
3162 1758 3475 1801 mensuram
3502 1757 3754 1815 egressus
3778 1753 3869 1802 est

555 1837 759 1908 crymis
787 1838 898 1893 suis
937 1837 1140 1894 ﬂuenta
1173 1840 1473 1897 cumulavit
1498 1858 1511 1895 :
1542 1848 1639 1897 aut
1662 1844 1850 1897 inanes
1877 1849 1934 1897 et
1962 1856 2160 1898 vacuos
2191 1840 2238 1903 B
2264 1836 2590 1894 conditionis
2621 1836 2871 1894 humanae
2901 1856 2915 1892 :
2963 1837 3167 1894 Deinde
3196 1840 3320 1910 quia
3346 1849 3369 1878 ο
3400 1838 3485 1894 sui
3511 1839 3716 1894 erraris
3738 1852 3868 1909 prc-

551 1928 747 1985 ductus
776 1930 910 1987 solis
951 1931 1188 2004 replevit
1217 1932 1435 1990 ﬂetibus
1476 1952 1488 1988 :
1522 1944 1619 1991 aut
1660 1936 1805 2007 quod
1830 1936 2158 1993 elocutionis

549 2023 775 2078 moralis
821 2024 1043 2095 quidam
1079 2041 1277 2082 sensus
1302 2025 1575 2095 ostendit,
1601 2028 1885 2086 descendit
1910 2030 1965 2085 in
1991 2046 2157 2101 aqua-

549 2130 670 2171 rum
721 2115 957 2184 ductus,
1014 2121 1268 2175 transivit
1312 2136 1429 2177 eos.
1490 2122 1556 2177 Et
1596 2136 1885 2194 possemus
1931 2123 2152 2181 dicere:

548 2206 912 2266 Transcendit
935 2226 1054 2279 eos,
1098 2222 1154 2269 et
1182 2228 1575 2285 supergressus
1602 2226 1725 2272 est:
1758 2216 1853 2274 sed
1894 2217 2157 2273 minuitur

549 2301 632 2357 vis
678 2302 912 2374 eloquii,
954 2320 1063 2375 quo
1094 2308 1178 2362 vis
1209 2306 1383 2376 major
1408 2305 1703 2363 alﬂuentiae
1744 2306 2152 2375 descendentis,

548 2408 710 2464 quam
748 2395 1096 2451 ascendentis
1121 2397 1464 2467 exprimitur.
1501 2398 1671 2466 Vide,
1712 2414 1847 2470 rogo
1869 2439 1886 2467 ,
1917 2399 2047 2471 quid
2085 2399 2155 2457 de

549 2505 649 2546 usu
676 2490 842 2547 verba
869 2490 1129 2558 habeant,
1161 2501 1222 2547 ut
1244 2493 1505 2563 impetum
1528 2509 1691 2550 suum
1712 2508 1894 2551 sermo
1915 2494 2156 2567 Prophe-

543 2582 683 2639 ticus
718 2598 825 2637 non
854 2583 1095 2650 amittat;
1131 2584 1261 2640 licet
1290 2600 1422 2640 usus
1450 2585 1567 2656 ipse
1606 2586 1941 2663 scriptorum
1962 2587 2150 2643 sensui

546 2674 754 2731 servire
795 2675 1005 2746 majore
1049 2675 1249 2733 decore
1288 2678 1656 2733 consueverit.
1698 2677 1922 2735 Diverso
1963 2678 2067 2735 hoc
2098 2686 2155 2736 et

548 2783 695 2840 smpe
735 2766 1081 2840 signiﬁcavit.
1113 2776 1169 2824 et
1206 2770 1602 2840 prOpcmodum
1647 2772 1980 2828 incrementa
2010 2786 2155 2829 sem-

546 2875 643 2930 per
671 2860 988 2931 assumpsit.
1017 2860 1165 2916 Dixit
1184 2861 1330 2916 enim
1364 2863 1540 2932 primo
1565 2878 1579 2916 :
1612 2860 1820 2919 Laoabo
1858 2879 1949 2933 per
1974 2864 2153 2935 singu-

545 2956 624 3007 las
672 2962 844 3009 noctes
896 2953 1083 3008 lectum
1136 2970 1305 3009 meum
1357 2969 1376 3007 :
1419 2956 1663 3027 locrymis
1714 2965 1935 3011 stratum
1985 2972 2153 3011 meum

544 3045 723 3117 rigabo
761 3045 942 3117 (Psal.
990 3061 1079 3113 vt,
1121 3047 1202 3118 ἵ).
1255 3047 1405 3103 Dixit
1450 3049 1649 3105 iterum
1698 3049 1981 3106 :Fuertmt
2022 3050 2153 3105 mihi

545 3137 792 3209 lacrgmaz
843 3153 971 3194 mea
1014 3155 1170 3209 panes
1200 3138 1375 3210 (Psal.
1410 3156 1528 3206 xu,
1553 3140 1629 3214 4).
1662 3142 1807 3198 Dixit
1848 3143 2012 3200 etiam
2037 3159 2051 3196 :
2078 3141 2149 3197 Et

2261 1931 2336 1987 tio
2371 1930 2751 1987 vindicabatur
2778 1932 2833 1987 in
2864 1931 3102 2002 plebem.
3131 1930 3237 1988 Sed
3264 1946 3295 1986 a
3329 1931 3558 1987 Domino
3590 1931 3708 1987 haec
3737 1944 3868 2001 pro-

2259 2023 2429 2095 posita
2476 2038 2637 2095 poena
2683 2023 2860 2080 fuerat
2881 2064 2898 2092 ,
2941 2039 3049 2079 non
3084 2040 3114 2079 a
3144 2024 3294 2096 Rege
3319 2034 3403 2081 est
3438 2024 3727 2095 postulata.
3758 2025 3868 2079 Do-

2258 2118 2393 2174 mini
2432 2128 2612 2172 tamen
2635 2132 2696 2173 se
2724 2116 3118 2173 committendo
3142 2116 3555 2183 misericordia,
3576 2117 3865 2173 electionis

2257 2225 2477 2268 causam
2525 2209 2817 2280 probavit:
2859 2210 3022 2266 simul
3059 2211 3184 2281 quia
3227 2218 3452 2282 propter
3476 2224 3603 2267 eum
3631 2210 3868 2282 populus

2259 2304 2571 2371 laborabat,
2615 2305 2733 2376 ipse
2782 2318 2845 2361 se
2882 2303 3164 2362 oﬂ‘erendo
3210 2319 3309 2377 pro
3335 2306 3571 2378 populo,
3605 2295 3867 2362 elationis

2256 2399 2416 2456 solvit
2441 2398 2692 2470 injuriam
2714 2436 2729 2465 ,
2759 2398 2977 2470 pietatis
3000 2398 3252 2469 probavit
3281 2397 3552 2457 aﬂ‘ectum.

2572 2532 2803 2593 SERMO
2842 2528 3145 2592 DECIMUS
3183 2530 3524 2592 OCTAVUS.

2931 2628 2990 2683 li.
3033 2628 3193 2685 Sade.

2329 2768 2380 2823 i.
2413 2766 2666 2837 Sequitur
2686 2764 2829 2822 Sede
2848 2764 3027 2821 littera
3055 2764 3267 2820 decima
3293 2774 3507 2830 octava,
3530 2778 3652 2836 qum
3672 2766 3867 2823 Latina

2256 2858 2710 2931 interpretatione
2740 2856 2939 2914 dicitur
2966 2858 3273 2913 consolatio.
3306 2858 3438 2914 Post
3474 2874 3627 2915 more
3649 2869 3870 2917 torrem

2257 2957 2390 3012 tium
2434 2955 2705 3025 lacrymas
2744 2953 3100 3024 proﬂuentes,
3134 2963 3190 3008 et
3215 2967 3410 3023 graves
3446 2952 3606 3009 ﬂetus
3634 2953 3867 3020 doloris,

2255 3048 2545 3119 oportebat
2583 3046 3012 3104 consolationem
3042 3045 3217 3118 sequi.
3249 3046 3381 3101 Nam
3413 3054 3468 3102 et
3494 3047 3583 3117 qui
3620 3046 3673 3101 in
3701 3046 3868 3104 doto-

2254 3139 2408 3196 ribus
2456 3149 2621 3206 sunt,
2669 3140 3048 3196 consolatione
3086 3140 3329 3211 indigent
3360 3155 3374 3192 :
3408 3144 3466 3195 et
3491 3137 3584 3211 qui
3609 3139 3868 3211 gravibus

547 3239 727 3299 potum
768 3246 934 3286 meum
970 3246 1088 3285 cum
1126 3232 1254 3301 ﬂetu
1298 3232 1571 3288 miscebam
1601 3233 1775 3304 (Psal.
1804 3251 1878 3303 ει,
1910 3234 2022 3307 i0).
2048 3235 2149 3292 llic
2170 3236 2220 3299 (ζ
2248 3234 2510 3287 aerumnis
2531 3248 2721 3304 ptenas
2741 3233 3158 3290 commissorum
3184 3235 3401 3289 luerunt
3415 3233 3868 3302 criminum,spe-

545 3322 753 3379 addidit
781 3322 971 3379 dicens
997 3341 1010 3377 :
1042 3322 1308 3380 Decursus
1338 3342 1592 3396 aquarum
1615 3328 1987 3384 descenderunt
2012 3329 2153 3386 oculi

544 3432 641 3472 met
651 3456 665 3469 .

616 3510 707 3567 54.
757 3509 871 3566 Hoc
912 3520 1132 3567 secutus
1173 3510 1229 3567 in
1272 3510 1504 3569 Threnis
1524 3513 1869 3582 Hieremias,
1895 3515 2149 3573 allectum

544 3602 751 3658 doloris
801 3604 1110 3673 expressit,
1154 3604 1263 3658 vim
1305 3606 1450 3660 oculi
1471 3606 1853 3665 descendentis
1878 3610 2145 3678 imitatus;

544 3695 627 3752 sic
650 3694 799 3751 enim
832 3695 1003 3753 habes
1031 3715 1044 3750 :
1075 3694 1390 3769 Defeceruut
1418 3700 1470 3754 in
1502 3699 1761 3772 lacrymas
1808 3703 1948 3757 oculi
2001 3705 2096 3758 mei
2127 3720 2146 3758 :

546 3797 567 3822 θ’
591 3789 953 3843 conturbatum
980 3798 1053 3844 est
1079 3805 1169 3844 cor
1193 3806 1363 3845 meum
1394 3790 1611 3864 (Tltren.
1630 3809 1691 3858 ιι,
1727 3792 2144 3866 il).Tamquam

541 3882 882 3951 descendunt
902 3885 1066 3953 oculi,
1094 3884 1184 3955 qui
1211 3884 1474 3942 deliciunt
1494 3887 1551 3942 in
1574 3888 1861 3959 lacrymas.
1886 3888 1958 3944 Et
1975 3888 2142 3944 alibi:

545 3978 740 4033 Oculus
767 3994 907 4033 meus
946 3979 1218 4049 absorptus
1260 3990 1333 4043 est
1362 3979 1581 4053 (Tltt'en.
1616 3996 1706 4046 In,
1739 3980 1853 4053 i9).
1885 3982 1993 4039 Sed
2024 3982 2145 4051 plus

542 4079 627 4126 est
655 4084 823 4140 aquas
853 4069 1110 4142 lacrymis
1137 4073 1357 4128 vincere
1378 4112 1393 4138 ,
1436 4088 1597 4143 quam
1634 4075 1825 4130 oculos
1864 4074 2144 4132 absorberi

538 4160 775 4219 ﬂetibus.
826 4163 893 4219 Et
931 4164 1060 4222 alibi
1100 4165 1242 4223 idem
1280 4166 1585 4225 Hieremias
1623 4187 1635 4223 :
1690 4169 2014 4224 Exclamavit
2056 4186 2146 4225 cor

541 4273 721 4312 eorum
742 4257 811 4311 ad
839 4254 1158 4315 Dominum:
1188 4262 1323 4315 muri
1349 4263 1476 4331 ﬁlia:
1505 4264 1634 4319 Sion
1661 4263 1919 4319 deducant
1946 4275 2146 4320 torren-

539 4359 646 4416 tes,
685 4350 853 4420 ﬂuant
893 4351 1149 4422 lacrymas
1188 4353 1272 4407 die
1316 4372 1378 4409 ac
1419 4366 1584 4410 nocte.
1619 4354 1750 4411 Noli
1787 4357 1915 4412 dare
1938 4358 2029 4411 tibi
2058 4370 2143 4412 re-

541 4443 733 4512 quiem,
789 4459 893 4498 non
937 4445 1083 4499 sileat
1124 4444 1326 4517 pupilla
1371 4447 1510 4501 oculi
1552 4448 1625 4501 (ai
1664 4446 1882 4519 (Threu.
1930 4464 1988 4515 ιι,
2025 4450 2139 4522 18).

538 4532 693 4589 Oculi
739 4535 901 4605 igitur
949 4535 1039 4606 qui
1087 4544 1359 4594 torrentes
1398 4537 1676 4595 deducunt
1711 4540 1963 4612 lacrymis
2002 4541 2140 4609 suis,

2257 3332 2378 3380 rant
2401 3323 2823 3395 indulgentiam:
2848 3335 2904 3381 et
2923 3324 3017 3395 qui
3046 3324 3265 3381 ﬂetibus
3283 3335 3339 3380 et
3362 3324 3617 3396 lacrymis
3638 3324 3864 3396 propria

2253 3416 2452 3474 delicta
2480 3416 2754 3484 laverunt,
2776 3417 3020 3488 requiem
3045 3424 3447 3487 promerentur.

2323 3511 2378 3565 2.
2414 3510 2542 3567 litec
2564 3511 2744 3566 omnia
2774 3511 2827 3565 in
2857 3510 3157 3581 Scripturis
3186 3510 3389 3567 divinis
3406 3510 3498 3582 qui
3525 3511 3739 3583 quaerit,
3770 3512 3862 3568 in-

2253 3604 2421 3659 venit.
2460 3602 2595 3660 Nam
2627 3604 2867 3674 primum
2896 3602 3031 3659 illud
3063 3612 3121 3659 ut
3146 3605 3200 3658 in
3224 3603 3412 3660 dolore
3440 3605 3646 3674 positos
3664 3618 3866 3661 conso-

2255 3697 2459 3761 lemur,
2508 3697 2668 3754 docet
2717 3697 2809 3752 illa
2856 3711 2975 3767 qua:
3020 3697 3074 3751 in
3115 3697 3255 3754 libro
3285 3697 3864 3756 Hieremiaeﬂebiliter

2250 3791 2448 3847 clamat
2488 3790 2554 3847 ad
2593 3790 2840 3861 captivos
2885 3801 2940 3846 et
2968 3791 3187 3847 exsules
3210 3790 3523 3848 Iudaeorum
3557 3809 3570 3845 :
3605 3791 3707 3857 Ite,
3731 3808 3860 3863 pro-

2249 3882 2560 3951 ﬁciscimini,
2589 3883 2721 3951 ﬁlii;
2748 3898 2840 3955 ego
2872 3883 3004 3937 enim
3037 3882 3287 3938 derelicta
3324 3898 3440 3938 sum
3464 3881 3688 3943 lacerta.
3714 3882 3860 3939 Εκιιὶ

2248 3993 2328 4032 nte
2355 3978 2541 4031 stolam
2571 3978 2714 4047 pacis
2741 3992 2761 4030 ς
2790 3976 2938 4030 indui
2966 3986 3143 4031 autem
3161 3978 3345 4032 stolam
3368 3972 3682 4047 precationis
3704 3992 3855 4045 mw,

2250 4080 2298 4126 et
2336 4070 2569 4127 clamabo
2612 4071 2681 4124 ad
2711 4067 2987 4125 Excelsa»:
3016 4072 3070 4125 in
3099 4071 3279 4126 diebus
3307 4073 3455 4126 nteis.
3495 4072 3684 4126 Animo
3708 4082 3856 4142 (can

2247 4174 2428 4231 estote,
2462 4163 2581 4231 ﬁlii,
2614 4163 2831 4216 clamate
2872 4164 2943 4216 ad
2981 4160 3298 4229 Dominum;
3324 4172 3375 4218 ιι
3403 4165 3635 4219 subtrahet
3657 4174 3750 4218 eos
3780 4162 3847 4218 de

2248 4272 2402 4310 manu
2442 4256 2736 4326 principum
2761 4255 3110 4310 inimicorum.
3144 4255 3259 4329 Ego
3285 4257 3425 4311 enim
3447 4256 3648 4326 speravi
3676 4256 3729 4309 in
3757 4254 3853 4311 illo

2248 4360 2437 4405 eterna
2456 4351 2673 4405 salutem
2692 4359 2910 4405 vestram
2932 4348 3147 4421 (Barac.
3174 4363 3248 4416 IV,
3274 4344 3342 4405 l9
3368 4359 3414 4405 et
3435 4348 3587 4423 ωηο).
3613 4347 3854 4405 Creden-

2250 4442 2395 4498 tibus
2422 4442 2586 4513 igitur
2611 4442 2665 4497 in
2696 4441 3004 4508 Dominum,
3034 4450 3121 4497 est
3151 4442 3205 4496 in
3238 4440 3446 4497 Domini
3476 4440 3852 4498 misericordia

2247 4534 2566 4589 consolatio.
2620 4534 2714 4589 Est
2740 4534 2904 4589 etiam
2949 4532 3094 4589 aliud
3139 4533 3531 4589 consolationis
3570 4544 3746 4603 genus
3782 4532 3852 4590 iis

541 4625 642 4696 ipsi
672 4624 866 4680 ductus
902 4642 1165 4696 aquarum
1194 4628 1559 4698 descendunt,
1595 4631 1698 4687 huc
1723 4641 1831 4699 est,
1859 4634 2140 4689 cumulan-

2254 4627 2339 4698 qui
2385 4642 2578 4697 graves
2623 4628 2883 4683 solverint
2930 4642 3141 4698 poenas,
3170 4638 3228 4683 ut
3274 4627 3441 4682 habes
3485 4626 3744 4697 scriptum
3792 4626 3850 4683 in

540 4727 665 4783 tur;
717 4724 778 4771 ut
831 4716 1031 4772 faciant
1072 4735 1166 4775 eos
1209 4723 1323 4778 suis
1369 4734 1632 4795 augentes
1680 4724 1898 4782 ﬂetibus
1936 4725 2142 4796 impetu

541 4810 819 4868 enuntiare
851 4814 1194 4868 torrentium.

606 4905 697 4960 55.
754 4903 893 4959 Sunt
938 4912 1120 4961 tamen
1169 4907 1387 4964 codices
1434 4913 1524 4979 qui
1573 4911 1853 4970 habeant:
1897 4915 2140 4983 διεξόδοις

540 4992 743 5051 ὑδάτων
778 4997 1121 5053 κατεϐίϐασαν
1152 5000 1199 5053 οἱ
1244 5000 1489 5073 ὀφθαλμοί
1515 5024 1633 5077 μου,
1669 5006 1771 5060 hoc
1799 5016 1905 5072 est,
1938 5008 2142 5065 Ductus

538 5103 793 5159 aquarum
843 5087 1143 5144 direxerant
1196 5092 1333 5145 oculi
1378 5094 1498 5147 mei.
1539 5094 1646 5150 Sed
1696 5111 1799 5167 ego
1847 5099 1898 5153 in
1943 5100 2138 5156 Graeco

541 5180 758 5256 1194
796 5182 982 5238 codice
1033 5200 1152 5240 meo
1197 5183 1226 5223 ι’
1268 5188 1557 5247 κατέϐησαν
1585 5189 1711 5260 legi,
1744 5191 1846 5247 hoc
1875 5202 1988 5260 est,
2046 5194 2136 5250 de-

536 5278 845 5330 scendct'uul
875 5292 893 5330 :
923 5276 976 5330 itt
1008 5292 1111 5347 quo
1137 5288 1314 5349 potest
1336 5282 1473 5349 lieri,
1504 5291 1561 5338 nt
1590 5283 1643 5337 in
1672 5284 1987 5342 utramlibet
2015 5302 2138 5356 par-

530 5376 639 5424 tem
682 5368 909 5422 duarnm
956 5368 1264 5437 adjectione
1309 5382 1402 5427 aut
1440 5373 1801 5435 diminutione
1831 5378 2130 5435 litterarum

530 5461 764 5532 scriptor
793 5464 1077 5519 erraverit.

602 5553 691 5609 56.
721 5554 787 5608 Et
823 5553 1011 5611 habuit
1038 5557 1254 5627 quidem
1286 5559 1450 5614 multa
1478 5577 1595 5633 qum
1623 5564 1776 5621 ﬂeret
1801 5608 1814 5633 ,
1852 5567 1933 5623 vel
1983 5568 2131 5625 ince-

595 5704 619 5732 ει
646 5692 844 5771 Decem
870 5709 1025 5759 mss.,
1059 5695 1194 5771 oculi
1222 5695 1317 5771 mei
1354 5699 1720 5771 religaverunt.
1758 5705 1883 5771 Alii,
1922 5715 1979 5761 et
2000 5722 2120 5762 nm-

520 5782 616 5820 nes
647 5764 779 5819 edit.
801 5780 922 5820 cum
955 5770 1127 5823 sacris
1155 5767 1303 5834 cod.,
1332 5764 1684 5830 conturbatum
1708 5784 1786 5831 est
1808 5764 1897 5831 cor
1925 5794 2113 5831 meum.

588 5836 613 5873 ¹ι
642 5835 785 5891 Etiit.
831 5836 1045 5904 Aldina,
1088 5849 1143 5894 ct
1170 5840 1569 5909 (jontpltttensis
1602 5848 1807 5904 habent
1835 5849 2119 5908 naridvoav

2249 4722 2425 4777 Esaia:
2442 4721 2608 4777 libro:
2631 4720 3008 4791 Consolamini,
3021 4721 3363 4777 consolamin‘i
3385 4720 3639 4791 populum
3650 4736 3848 4789 meum,

2245 4815 2368 4870 dicit
2398 4813 2695 4871 Dominus:
2736 4815 3042 4872 Sacerdotes
3070 4814 3341 4885 loquimini
3380 4815 3436 4869 in
3456 4826 3549 4869 cor
3587 4812 3850 4868 Hierusa-

2245 4908 2379 4975 lem,
2407 4909 2749 4964 consulamini
2776 4924 2923 4975 eant;
2949 4908 3195 4979 quoniam
3220 4906 3419 4979 repleta
3447 4916 3522 4962 est
3547 4905 3846 4961 humiliatio

2241 5003 2355 5072 ejus
2374 5040 2387 5063 .
2436 5002 2661 5056 solutum
2698 5012 2775 5057 est
2802 5010 3069 5073 peccatum
3093 5002 3209 5071 ejus
3237 5015 3256 5053 :
3282 5000 3528 5067 quoniam
3554 4998 3751 5066 accepit
3778 4997 3849 5053 de

2243 5114 2399 5152 manu
2442 5098 2652 5153 Domini
2695 5098 2923 5166 duplicia
2960 5104 3173 5166 peccatu
3211 5109 3306 5149 sua
3338 5092 3509 5164 (Esai.
3544 5108 3600 5159 x,
3631 5094 3654 5146 i
3683 5101 3732 5146 et
3755 5090 3841 5163 2).

2245 5192 2471 5250 Etiamsi
2504 5194 2635 5249 fides
2675 5194 2899 5260 deerat,
2939 5204 3097 5262 poena
3122 5189 3479 5246 satisfecerat.
3510 5186 3849 5243 Relevantur

2237 5287 2509 5344 solutione
2542 5301 2844 5359 pinnarum,
2873 5286 2962 5356 qui
2985 5285 3341 5340 absolvuntur
3367 5281 3845 5340 commendatione

2236 5383 2576 5437 meritorum.
2597 5378 2837 5434 Tertium
2868 5388 2974 5447 est,
2998 5392 3120 5435 cum
3149 5376 3403 5449 lacrytnis
3424 5375 3634 5430 crimen
3660 5374 3844 5430 ablui-

2236 5485 2359 5534 tur:
2384 5484 2442 5530 ut
2465 5483 2548 5530 est
2571 5472 2702 5529 illud
2732 5491 2745 5527 :
2777 5472 3041 5528 Discedite
3062 5489 3094 5526 a
3116 5487 3217 5535 me,
3246 5485 3420 5524 omnes
3439 5467 3528 5539 qui
3547 5467 3843 5538 operamini

2233 5568 2586 5639 iniquitatem;
2628 5566 2874 5637 quoniam
2918 5564 3183 5621 exaudivit
3220 5560 3472 5618 Dominus
3506 5560 3719 5634 1195
3747 5575 3840 5615 tto-

2222 5721 2395 5763 sensu
2426 5720 2535 5761 non
2564 5706 2794 5761 multum
2816 5704 3054 5760 diverso.

2307 5791 2327 5816 ο
2358 5778 2489 5833 Mss.
2538 5794 2641 5832 non
2680 5777 2865 5847 pauci,
2898 5777 2978 5830 sui
3003 5774 3190 5847 erroris
3222 5773 3442 5847 pretium
3473 5770 3834 5825 vindicabatur

2228 5848 2281 5904 in
2310 5849 2508 5920 plebem
2538 5865 2556 5904 :
2582 5843 2705 5920 qua?
2731 5848 2872 5905 forte
2895 5859 3146 5919 germana
3176 5843 3337 5901 lectio
3360 5852 3470 5899 est.
