3982 6482
79 344 110 402 1
128 342 252 400 435

1200 335 1268 394 1N
1305 333 1638 393 PSALMUM
1675 336 1882 397 CXVIII
1923 339 2305 399 EKPOSITIO.

3286 353 3430 411 1454

77 475 212 514 cem
238 459 407 530 ﬂetus
436 458 558 512 mei.
588 453 741 523 Quod
768 456 929 512 etiam
952 454 1059 510 hoc
1080 453 1219 520 loco,
1254 461 1310 511 et
1338 452 1613 527 plerisque
1639 455 1722 511 ιο·
1750 462 1806 524 Α
1828 457 1966 512 ciunt
1993 468 2157 514 tuum.
2190 457 2457 515 laudasti
2470 457 2732 533 justitiam
2761 463 3057 521 testimonia
3076 474 3185 533 tua,
3220 478 3267 524 et
3295 471 3431 526 veri—

83 552 183 609 cis
221 551 285 606 in
318 550 468 606 libro
488 550 826 607 Psalmorum
857 547 1017 605 facile
1043 548 1331 620 reperitur.

171 646 235 699 5.
278 641 602 698 Consolatio
634 642 798 713 igitur
827 642 1000 712 prima
1028 642 1223 697 ordine
1251 641 1355 716 (De
1386 639 1574 696 Pmnit.
1600 641 1722 697 dist.

88 737 152 803 3,
203 752 335 807 cap.
379 734 561 791 Prima
592 735 921 805 consolatio),
953 735 1210 806 quoniam
1252 750 1358 790 non
1395 733 1730 791 obliviscitur

94 827 269 883 Deus
322 827 511 884 facere
540 827 969 885 misericordiam
992 870 1008 897 ,
1037 842 1211 900 neque
1234 829 1287 883 in
1316 837 1577 885 aeternum
1610 842 1735 899 pro-

84 919 224 991 jicit
253 961 271 988 ,
340 936 479 993 quos
537 923 806 993 putaverit
855 920 1209 978 coercendos.
1258 920 1547 989 Secunda,
1586 919 1732 990 quod

93 1013 367 1069 decursis
395 1013 700 1087 suppliciis,
737 1029 856 1085 quas
884 1023 1110 1085 propter
1140 1020 1355 1084 peccata
1387 1022 1569 1069 nostra
1600 1012 1735 1069 tole-

95 1107 390 1175 ravimus,
411 1106 478 1161 ad
508 1107 722 1163 veniam
752 1107 1104 1179 pertinemus.
1125 1105 1280 1163 Unde
1302 1106 1548 1162 nonnulli
1569 1114 1597 1143 α
1618 1105 1736 1177 pbi—

96 1199 347 1272 losophi
378 1199 794 1271 disputaverunt
814 1200 1006 1255 obesse
1027 1199 1292 1271 improbis
1313 1199 1734 1266 absolutionem,

98 1295 391 1365 prodesse
420 1305 650 1351 mortem
683 1313 696 1349 :
729 1294 874 1367 quod
905 1296 956 1350 in
993 1294 1080 1349 illa
1108 1295 1179 1350 sit
1200 1293 1533 1350 incentivum
1564 1293 1737 1349 delin-

103 1391 353 1463 quendi,
382 1391 450 1445 in-
473 1399 648 1448 morte
683 1397 862 1445 autem
918 1388 1042 1445 finis
1091 1388 1312 1456 delicti;
1353 1388 1497 1459 quod
1529 1404 1739 1444 assum-

105 1496 276 1559 ptum
314 1500 441 1542 esse
476 1486 545 1542 de.
589 1485 788 1542 nostris
813 1485 901 1541 cui
927 1484 1172 1554 dubium,
1198 1500 1320 1541 cum
1348 1484 1402 1539 in
1430 1484 1740 1541 Proverbiis

105 1579 440 1636 Salomonis
487 1581 553 1635 sit
588 1597 601 1634 :
647 1578 744 1647 Qui
796 1579 965 1651 parcit
996 1578 1201 1646 baculo,
1227 1578 1335 1633 odit
1381 1578 1551 1648 ﬁlium
1588 1595 1741 1632 suum

115 1671 319 1744 (Prov.
350 1688 467 1741 xm,
492 1670 614 1743 21);
644 1671 862 1744 castigat
891 1679 1063 1725 autem
1108 1668 1366 1725 Dominus
1391 1686 1540 1739 quem
1570 1669 1742 1741 diligit

117 1765 316 1839 (Prov.
351 1782 447 1833 ιιι,
482 1764 595 1838 1‘2);
639 1764 704 1820 Et
731 1763 873 1820 infra
906 1781 919 1818 :
954 1760 1260 1836 Flagellum
1289 1780 1451 1835 equo,
1482 1771 1529 1817 rt
1558 1764 1743 1817 stimu-

1829 560 1989 607 tatem
2009 561 2150 608 tuam
2175 554 2350 610 nimis.
2388 554 2529 611 Vere
2549 555 2726 627 justus
2756 558 2860 625 vir,
2882 558 2975 631 qni
3005 560 3257 634 lacrymis
3288 578 3428 632 pro-

1829 645 2006 702 ﬂuens
2029 689 2045 715 ,
2101 647 2378 705 involutus
2427 651 2685 707 aerumnis
2706 697 2720 721 ,
2754 655 2908 725 gravi
2937 654 3203 727 supplicio
3232 656 3432 713 delicta

1833 741 2173 812 persolvens,
2206 760 2312 799 non
2345 745 2509 802 taedio
2546 747 2799 814 vincitur,
2827 764 2936 805 non
2962 759 3109 807 metu
3140 750 3429 822 frangitur,

1834 849 1942 890 non
1995 834 2181 891 labore
2229 836 2496 905 lassatur,
2536 854 2642 895 non
2686 840 2949 913 ingratus,
2982 851 3076 899 aut
3121 841 3293 900 tristis
3322 854 3428 900 est.

1834 925 2165 1000 Plerumque
2203 929 2350 985 enim
2394 931 2586 1003 vulgus
2630 933 2910 990 hominum
2953 949 3049 991 sua
3099 934 3295 992 delicta
3322 951 3435 992 non

1837 1031 2098 1093 reputans
2118 1066 2133 1091 ,
2165 1023 2366 1091 injuste
2400 1041 2460 1081 se
2505 1035 2658 1096 putat
2695 1028 2932 1085 tolerare
2960 1046 3081 1101 qua:
3111 1031 3312 1101 patitur
3339 1050 3354 1087 :
3386 1039 3445 1086 at

1837 1130 1971 1172 vero
1993 1117 2075 1172 vir
2095 1114 2270 1189 justus
2292 1118 2381 1189 qui
2404 1134 2463 1176 se
2489 1120 2663 1191 ipsum
2691 1123 2874 1179 statim
2900 1123 2954 1178 in
2982 1125 3210 1181 exordio
3230 1140 3442 1181 sermo—

1841 1208 1923 1262 nis
1944 1218 2185 1278 accusat,
2206 1209 2474 1280 jnstitiam
2506 1212 2719 1269 Domini
2749 1216 3027 1285 praedicat,
3052 1217 3200 1289 quod
3230 1219 3443 1273 meritis

1840 1301 1954 1357 suis
1981 1302 2142 1374 digna
2166 1305 2418 1375 patiatur.
2451 1306 2695 1363 Dieendo
2718 1319 2898 1364 autem
2921 1310 3125 1380 justum
3157 1313 3349 1380 Deum,
3374 1313 3446 1368 de

1842 1409 1936 1450 sua
1976 1395 2196 1468 quidem
2247 1397 2512 1468 iniustitia
2551 1410 2678 1457 ante
2712 1402 2927 1475 1196
2955 1406 3268 1475 pronuntiat
3300 1424 3315 1461 :
3347 1403 3447 1462 sed

1844 1489 1912 1543 de
1951 1487 2157 1559 iustitia
2196 1490 2412 1547 Domini
2456 1502 2639 1563 sperat
2687 1504 2745 1550 et
2783 1497 3017 1552 veniam.
3062 1497 3251 1555 Justus
3297 1499 3448 1556 enim

1843 1597 1955 1639 non
1998 1598 2216 1657 semper
2252 1585 2539 1659 irascitur,
2578 1588 2721 1645 sicut
2757 1590 2902 1646 enim
2953 1592 3099 1648 ultor
3130 1594 3322 1663 culpae,
3375 1595 3451 1650 ita

1846 1676 2161 1734 moderator
2207 1688 2291 1736 est
2319 1695 2497 1751 patum
2530 1683 2710 1738 :sicut
2738 1683 2937 1740 vindex
2970 1694 3343 1756 peccatorum,
3378 1687 3456 1743 ita

1846 1779 2227 1827 remuneratur
2266 1781 2353 1827 est
2398 1772 2691 1855 virtutum,’
2731 1776 3172 1850 eptimorumque
3221 1780 3454 1836 merito-

114 1861 202 1915 lus
253 1860 406 1915 asino
447 1861 663 1930 imperat
695 1875 714 1915 :
767 1860 912 1932 virga
958 1869 1129 1915 autem
1176 1859 1377 1914 nationi
1421 1859 1738 1931 imprudenti
1768 1872 1815 1932 Β
1842 1876 1983 1917 rum.
2010 1863 2114 1931 Qui
2152 1864 2269 1920 vult
2295 1864 2425 1920 dare
2454 1866 2758 1936 praemium,
2789 1867 2954 1925 debet
2984 1880 3236 1942 spectare
3263 1882 3449 1929 certa-

119 1951 317 2024 (Prov.
350 1968 501 2021 xxvr,
530 1952 612 2025 5);
636 1968 797 2027 pinna
828 1953 972 2009 enim
1002 1953 1254 2024 corrigit,
1286 1961 1340 2008 et
1374 1953 1628 2009 emendat
1650 1968 1738 2009 er-

117 2058 364 2105 rantem.
387 2047 443 2107 Si
468 2048 590 2104 talis
617 2056 702 2104 est
724 2048 813 2119 qui
837 2047 1114 2104 emendari
1142 2063 1248 2103 non
1272 2056 1463 2118 queat,
1498 2048 1740 2104 aufertur

125 2158 157 2198 c
193 2144 384 2200 medio
403 2186 418 2207 ,
445 2158 513 2199 ne
542 2142 790 2215 graviora
817 2143 1151 2209 committat;
1184 2150 1430 2198 mortuus
1459 2141 1604 2199 enim
1625 2140 1738 2213 jam

129 2235 315 2290 nescit
353 2250 558 2291 errare.
604 2234 838 2306 ideoque
868 2234 1226 2291 Ecclesiastes
1262 2234 1337 2289 ait
1369 2250 1386 2290 :
1430 2231 1499 2288 Et
1531 2233 1741 2293 laudavi

123 2347 226 2404 ego
270 2340 504 2384 mortuos
548 2330 711 2401 magis
750 2345 905 2399 quam
940 2328 1162 2384 viventes
1192 2345 1209 2383 :
1247 2337 1294 2383 et
1332 2328 1557 2401 optimus
1583 2345 1743 2400 supra

124 2425 222 2479 hos
250 2426 341 2496 qui
369 2424 599 2478 nondum
628 2431 779 2477 natus
807 2432 903 2489 est,
936 2422 1024 2491 qui
1057 2438 1158 2476 non
1179 2421 1305 2476 vidit
1326 2420 1423 2475 hoc
1456 2436 1584 2493 Opus
1613 2420 1741 2475 mali

126 2517 305 2588 (Eccl.
340 2534 419 2587 tv,
456 2519 491 2572 2
531 2526 579 2573 et
614 2517 697 2587 5).
734 2518 980 2573 Mortuus
1021 2515 1309 2587 praefertur
1336 2516 1575 2584 viventi;
1613 2515 1741 2588 quia

128 2626 363 2682 peccare
391 2610 610 2667 desivit.
634 2609 848 2665 Mortuo
876 2606 1163 2681 pra‘fertur
1188 2609 1276 2681 qui
1301 2617 1459 2665 natus
1483 2625 1591 2665 non
1623 2616 1738 2676 est,

127 2707 257 2774 quia
290 2717 519 2774 peccare
546 2701 805 2759 nescivit.

200 2797 259 2851 4.
306 2794 465 2850 Nunc
510 2793 756 2850 dicamus
792 2796 957 2849 etiam
998 2794 1067 2849 de
1098 2794 1196 2860 iis,
1229 2795 1317 2865 qui
1353 2792 1744 2864 pmnas'scele-

132 2903 254 2943 rum
302 2886 586 2943 solverunt
623 2902 867 2943 suorum.
910 2885 1105 2942 Nonne
1150 2886 1242 2941 isti
1287 2888 1528 2942 tulerunt
1570 2887 1744 2958 eulpae

134 2979 400 3050 pretium,
432 2987 486 3034 et
509 2979 620 3050 jam
656 2995 761 3036 non
785 2979 999 3051 integra
1030 2978 1115 3035 his
1143 2994 1303 3051 paena
1329 2979 1597 3036 debetur?
1623 2977 1744 3035 Cla-

138 3082 249 3127 mat
302 3088 400 3147 per
446 3072 657 3128 Esaiam
724 3072 988 3128 Dominus
1037 3070 1443 3128 :Consolamiui
1496 3073 1747 3146 papulum

140 3181 330 3220 meum.
368 3207 381 3220 .
420 3210 433 3223 .
468 3209 480 3222 .
529 3168 651 3238 quia
702 3168 893 3238 recepit
932 3169 996 3223 de
1038 3184 1195 3222 manu
1255 3167 1465 3222 Domini
1515 3167 1748 3239 duplicia

1845 1968 1998 2020 men;
2052 1955 2174 2026 quia
2223 1971 2385 2013 nemo
2430 1957 2555 2015 sine
2599 1960 2905 2017 certamine
2944 1973 3261 2019 coronatur.
3308 1964 3458 2023 Sinit

1841 2063 1974 2120 ergo
2015 2064 2115 2105 nos
2152 2065 2300 2123 saepe
2344 2052 2575 2121 tentari,
2616 2052 2807 2111 volens
2841 2054 2989 2126 juste
3032 2057 3255 2126 praemia
3306 2058 3445 2114 dare

1842 2141 2073 2198 luctanti
2106 2143 2315 2215 utique,
2343 2160 2453 2201 non
2489 2144 2808 2203 dormienti.
2833 2147 2950 2205 Non
2973 2148 3132 2206 decet
3158 2150 3449 2208 redimitos

1843 2235 2070 2293 floribus
2095 2252 2323 2305 corona,
2361 2238 2457 2296 sed
2480 2241 2890 2311 pulverulentos
2921 2260 2933 2295 :
2967 2257 3069 2299 nec
3096 2243 3291 2300 molles
3310 2244 3455 2300 deli-
3554 2234 3561 2237 ’

1844 2328 1967 2395 ciis,
2000 2330 2097 2385 sed
2128 2331 2294 2388 duros
2326 2332 2515 2391 labore
2539 2335 2786 2392 exercitii
2815 2345 2975 2393 ornat
3000 2339 3252 2394 victoria.

1915 2422 1970 2478 6.
2005 2422 2189 2483 Justus
2240 2439 2370 2497 ergo
2412 2427 2464 2481 in
2502 2427 2748 2485 adversis
2772 2429 2887 2485 suis
2911 2429 3179 2500 justitiam
3214 2430 3311 2488 Dei
3334 2432 3461 2487 lau-

1846 2518 1962 2574 dat.
1992 2516 2101 2575 Sed
2132 2534 2240 2575 non
2272 2520 2378 2577 hoc
2403 2522 2571 2577 sentit
2599 2523 2817 2578 amissis
2846 2524 3050 2580 teneris
3089 2538 3289 2595 parens
3325 2525 3466 2581 libe-

1846 2611 1954 2674 ris,
2001 2627 2107 2667 non
2156 2612 2445 2668 immaturo
2475 2623 2653 2685 nupta:
2694 2616 2949 2672 viduatus
2989 2618 3292 2682 consortio,
3344 2630 3457 2673 non

1848 2718 1991 2773 aeger
2031 2703 2087 2759 in
2114 2703 2329 2772 dolore,
2361 2721 2469 2761 non
2500 2696 2794 2778 naufragus
2814 2708 2869 2763 in
2899 2708 3165 2778 periculo,
3193 2723 3301 2764 non
3332 2723 3465 2764 rens

1850 2794 1907 2849 in
1933 2793 2165 2864 judicio,
2210 2811 2320 2851 non
2359 2796 2607 2865 captivus
2637 2798 2689 2852 in
2718 2797 2935 2869 laqueo.
2965 2796 3248 2855 Clamabat
3275 2806 3463 2856 tamen

1853 2886 2177 2953 Hieremias,
2206 2902 2330 2943 cum
2359 2889 2554 2945 futura:
2582 2892 2914 2946 annuntians
2941 2892 3157 2962 populis
3173 2891 3464 2962 captivita-

1850 2978 1926 3033 tis
1973 2984 2271 3036 aerumnam
2300 3022 2314 3047 ,
2350 2981 2403 3035 in
2453 2982 2547 3055 luti
2572 2983 2883 3055 voraginem
2915 2985 3059 3055 turpi
3092 2984 3372 3042 necandus
3399 2985 3469 3041 il-

1852 3072 1997 3130 luvie
2019 3084 2361 3147 mergeretur
2389 3092 2402 3130 :
2431 3074 2615 3133 Justus
2648 3094 2721 3144 es,
2746 3077 2969 3133 Domine
2998 3077 3209 3152 (larem.
3242 3094 3336 3147 stt,
3369 3078 3424 3151 ί)
3449 3097 3465 3136 :

1850 3167 2133 3225 Clamabat
2166 3172 2360 3227 iterum
2387 3187 2511 3228 cum
2545 3171 2704 3227 victm
2740 3171 2915 3243 plebis
2944 3172 3273 3229 miserandis
3292 3172 3469 3230 servi-

143 3274 355 3331 pcccata
384 3264 556 3339 (Esai.
592 3282 694 3332 xc,
732 3266 755 3321 i
789 3276 837 3320 et
867 3265 981 3337 55).
1009 3265 1210 3322 Discite
1238 3265 1379 3322 unde
1399 3265 1427 3303 δ
1455 3266 1609 3322 Plato
1632 3265 1752 3323 haec
1778 3273 1824 3335 ρ
1856 3263 1947 3319 tiis
1967 3272 2277 3335 angeretur.
2304 3265 2489 3321 Justus
2516 3274 2595 3321 est
2621 3265 2905 3335 Dominus;
2935 3277 2959 3307 ε
2982 3268 3106 3338 quia
3128 3283 3186 3322 os
3216 3269 3330 3340 ejus
3353 3267 3470 3322 irri-

143 3359 459 3429 sumpserit.
510 3359 847 3417 Eruditionis
885 3360 1056 3432 gratia
1098 3360 1149 3415 in
1202 3359 1497 3433 )Egyptum
1536 3359 1749 3432 profec-

146 3461 229 3505 tus
251 3493 265 3516 ,
302 3459 359 3506 ut
399 3451 600 3524 Moysis
635 3463 791 3524 gesta
814 3495 828 3519 ,
858 3452 1016 3524 Legis
1062 3452 1284 3507 oracula
1306 3493 1323 3521 ,
1357 3451 1746 3523 prephetarum

146 3543 288 3597 dicta
315 3554 708 3615 cognosceret,
735 3545 943 3602 audivit
967 3545 1403 3602 consolationem
1429 3546 1634 3618 populi,
1658 3546 1749 3620 qui

150 3651 311 3707 supra
358 3636 565 3707 peccati
609 3637 833 3694 modum
872 3638 1160 3695 videbatur
1200 3637 1367 3695 fuisse
1398 3641 1617 3710 punitus
1650 3657 1663 3693 :
1695 3649 1754 3694 et

150 3726 291 3782 hunc
326 3727 503 3784 locum
549 3728 781 3800 quadam
825 3730 1147 3800 adopertum
1198 3728 1325 3785 dote
1357 3730 1647 3786 verborum
1694 3729 1751 3785 in

152 3820 429 3894 Dialogum
463 3823 760 3891 transtulit,
793 3839 952 3894 quem
975 3822 1196 3895 scripsit
1222 3823 1291 3879 de
1323 3823 1551 3880 Virtute.
1577 3824 1748 3893 Quem

152 3915 324 3973 locum
371 3925 550 3973 tamen
602 3916 865 3973 Dominus
905 3918 959 3973 in
999 3918 1297 3990 Evangelia
1346 3918 1555 3988 plenius
1601 3933 1753 3985 com-

156 4009 461 4079 prehendit,
491 4019 546 4064 et
572 4009 813 4080 apertius
835 4009 1156 4078 declaravit,
1185 4009 1372 4065 dicens
1396 4026 1491 4081 per
1518 4010 1752 4066 Abralun

159 4117 440 4172 personam
485 4102 554 4156 ad
601 4102 755 4156 illum
793 4101 1018 4157 divitem
1063 4103 1250 4157 sarcnli
1278 4100 1752 4172 bujus:Fili,re-

161 4195 367 4251 cordare
393 4195 515 4265 quia
540 4194 779 4263 recepisti
812 4194 944 4248 bona
984 4195 1037 4248 in
1064 4195 1167 4248 vita
1199 4203 1286 4248 tua
1306 4236 1320 4260 ,
1349 4202 1397 4248 et
1427 4193 1660 4248 Lazarus
1685 4197 1757 4248 si-

166 4287 346 4341 militer
375 4285 515 4339 mala
544 4302 562 4340 :
592 4301 728 4339 nunc
748 4296 918 4340 autem
941 4285 1025 4340 hic
1052 4287 1453 4341 consolationem
1484 4287 1634 4341 habet
1658 4328 1672 4353 ,
1699 4297 1756 4341 tu

166 4394 275 4434 vero
302 4377 550 4433 cruciaris
570 4393 589 4431 :
607 4386 653 4433 et
682 4378 734 4432 in
765 4378 846 4432 Itis
870 4378 1108 4433 omnibus
1134 4379 1269 4433 inter
1291 4395 1385 4433 nos
1415 4389 1461 4433 et
1484 4395 1569 4433 vos
1600 4379 1757 4434 chaos

167 4486 399 4541 magnam
443 4469 708 4540 ﬁrmatum
749 4480 857 4535 est;
885 4481 941 4524 ut
969 4470 1005 4524 ii
1036 4470 1135 4540 ‘qui
1174 4472 1349 4526 volunt
1383 4471 1504 4526 hinc
1537 4472 1757 4527 transire

170 4564 231 4618 ad
267 4580 373 4632 vos,
416 4579 518 4618 non
546 4564 768 4634 possint,
795 4579 955 4634 neque
979 4563 1101 4619 inde
1127 4566 1227 4619 huc
1249 4574 1564 4621 transmeare
1595 4565 1753 4635 (Lac.

1854 3357 1999 3411 tavit.
2030 3398 2043 3410 .
2073 3396 2086 3411 .
2120 3396 2133 3411 .
2180 3359 2226 3411 A
2266 3358 2396 3430 [oris
2435 3359 2547 3413 sine
2593 3360 2719 3429 ﬁliis
2760 3362 2903 3431 fecit,
2952 3368 3000 3416 et
3038 3360 3102 3416 σύ
3137 3360 3273 3416 intus
3323 3376 3465 3416 mors

1858 3448 2075 3519 (Thren.
2106 3467 2146 3519 ι,
2179 3451 2246 3508 18
2276 3463 2323 3507 et
2350 3452 2464 3523 20).
2496 3451 2816 3509 Clamabam
2844 3454 3059 3511 Hebraei
3095 3470 3216 3512 cum
3238 3464 3466 3527 propter

1853 3545 2111 3602 virtutem
2143 3545 2471 3614 devotionis,
2503 3554 2561 3604 et
2587 3548 2712 3604 fidei
2743 3549 2975 3620 gratiam
2999 3548 3237 3607 fornacis
3264 3549 3469 3619 ardea:

1855 3638 1925 3693 tis
1954 3638 2291 3695 ambirentur
2316 3640 2618 3697 incendiis:
2646 3639 2832 3697 Justus
2872 3660 2923 3698 cs
2944 3685 2959 3711 ,
2984 3640 3232 3712 Domine,
3260 3645 3316 3699 in
3350 3661 3464 3699 ont-

1854 3729 2006 3787 nibus
2030 3747 2145 3802 qua:
2170 3733 2339 3805 fecisti
2374 3732 2537 3803 (Dan.
2571 3750 2649 3801 ιιι,
2678 3735 2804 3805 2ης
2828 3736 3034 3792 θισωθο
3062 3745 3382 3793 meruerunt
3406 3748 3468 3793 ut

1855 3820 2011 3877 illaesi
2048 3822 2299 3893 ignibus,
2328 3825 2543 3880 Domini
2571 3825 2812 3896 justitias
2852 3827 3235 3898 prtediearent.
3266 3829 3463 3886 Daniel

1855 3931 2074 3987 quoque
2100 3919 2359 3989 propheta
2403 3921 2646 3976 secundo
2682 3920 2736 3975 in
2766 3922 2944 3978 lacum
2978 3923 3177 3979 missus
3202 3925 3459 3993 leonum,

1856 4018 1914 4063 et
1942 4008 2260 4065 immanium
2288 4011 2519 4067 ferarum
2553 4012 2759 4068 smvitia
2786 4024 2948 4085 atque
2977 4017 3207 4073 horrore
3227 4018 3465 4074 circum-

1858 4101 2042 4167 datus,
2067 4111 2212 4156 recta
2245 4103 2423 4157 omnia
2462 4103 2514 4158 in
2547 4116 2838 4175 conspectu
2871 4123 2992 4163 esse
3014 4108 3228 4163 Domini
3261 4110 3464 4180 imper-

1858 4194 2054 4249 territo
2072 4194 2312 4251 clamore
2331 4196 2570 4266 jactabat
2600 4197 2759 4269 (Dan.
2794 4216 2870 4269 vi,
2894 4199 3008 4271 ἓξ).
3033 4201 3200 4258 Jonas
3219 4203 3462 4263 inclusus

1860 4293 2017 4341 utero
2040 4286 2270 4354 bestiali,
2297 4287 2585 4344 anbelandi
2608 4290 2830 4360 spiritus
2849 4293 2936 4347 vix
2960 4292 3166 4350 habens
3189 4309 3462 4354 commea-

1860 4387 1975 4434 tum
2007 4379 2221 4450 :justus
2243 4380 2570 4451 injustorum
2598 4393 2745 4438 sorte
2766 4383 3072 4453 damnatus,
3096 4387 3369 4443 clamabat
3392 4390 3464 4446 de

1861 4482 2051 4529 ventre
2086 4474 2192 4529 ceti
2232 4476 2285 4529 in
2319 4474 2453 4530 mari
2488 4493 2502 4529 :
2537 4475 2665 4531 Cum
2700 4493 2819 4532 voce
2848 4478 3018 4532 laudis
3048 4488 3096 4534 et
3124 4482 3464 4553 confessionis

1862 4569 2098 4638 supplico
2129 4569 2218 4623 tibi
2268 4567 2441 4642 (Iona:
2469 4585 2524 4637 ιι,
2554 4569 2662 4643 10).
2686 4571 2853 4627 David
2876 4588 2998 4628 cum
3026 4573 3236 4646 fugeret
3263 4591 3293 4631 a
3325 4576 3464 4636 facie

171 4672 271 4723 xvi,
295 4656 364 4713 25
391 4665 438 4710 et
464 4655 581 4729 26).
605 4656 713 4713 Sed
737 4656 847 4727 jam
875 4655 1159 4713 audiamus
1187 4657 1313 4729 quid
1331 4658 1512 4731 justus
1538 4659 1590 4714 in
1621 4673 1755 4716 con-
1781 4661 1837 4721 D
1863 4660 2161 4715 Abessalon
2216 4661 2630 4730 parricidalibus
2673 4664 2841 4719 armis
2869 4675 2925 4721 et
2968 4668 3127 4723 terris
3155 4668 3372 4739 pulsus,
3405 4681 3463 4727 et

175 4748 385 4804 solando
412 4764 472 4805 se
498 4748 775 4820 loquatur.

237 4842 288 4898 5.
314 4841 497 4913 (Vera.
532 4842 681 4915 157.)
718 4841 906 4901 Justus
930 4860 1005 4913 es,
1037 4843 1277 4913 Domine,
1308 4854 1360 4903 et
1389 4854 1584 4902 rectum
1601 4848 1755 4920 judi—

240 5013 267 5042 ιι
301 5003 412 5060 Hac
457 5005 526 5058 de
558 5019 623 5059 re
667 5000 801 5060 fuse
828 5003 1068 5073 disputat
1115 5005 1266 5059 Plato
1296 5006 1352 5060 in
1398 5005 1621 5075 Gorgia,
1658 5006 1750 5060 tibi

182 5088 333 5144 agens
357 5084 547 5129 contra
576 5076 769 5130 Polum
802 5077 942 5131 inter
966 5078 1071 5130 alia
1098 5076 1289 5131 scribit
1313 5094 1326 5130 :
1354 5081 1443 5132 καὶ
1466 5083 1564 5149 μὴν
1601 5079 1756 5133 ἁπαλ-

184 5144 295 5205 λανή
326 5162 390 5205 ἀνι
432 5148 581 5205 ιφάνη
607 5150 793 5203 τούτου)
835 5154 923 5204 τοῦ
952 5153 1111 5203 κακοῦ
1137 5150 1199 5205 τὸ
1222 5146 1363 5205 δίκην
1387 5148 1581 5205 διδόναι
1611 5190 1625 5205 .
1654 5190 1667 5203 .
1696 5189 1709 5202 .
1738 5190 1751 5202 .

268 5162 295 5207 ή
326 5162 390 5209 ’γε
432 5162 581 5209 (epotam
607 5168 793 5203 τουτου)
835 5162 923 5204 τοῦ
952 5162 1111 5203 κακοῦ
1137 5162 1199 5205 τὸ
1222 5162 1363 5209 δίκην
1387 5162 1581 5206 διδόναι
1611 5190 1625 5205 .
1654 5190 1667 5203 .
1696 5189 1709 5202 .
1738 5190 1751 5202 .

186 5168 295 5219 AW?)
335 5168 390 5222 γε
432 5168 581 5221 ιφανη
607 5168 793 5203 τουτου)
835 5168 923 5204 του
952 5169 1111 5203 κακον
1137 5171 1199 5205 το
1222 5168 1363 5209 osum
1387 5168 1581 5206 οιοοναι
1611 5190 1625 5205 ο
1654 5190 1667 5203 ο
1696 5189 1709 5202 .
1738 5190 1751 5202 .

186 5217 237 5271 τὸ
273 5218 321 5275 δό
349 5239 404 5305 ’χε
433 5217 749 5305 μήΔδιῆὁναιη,
776 5220 966 5291 ἐμμανῆ
989 5225 1096 5305 πεινᾷ.
1122 5227 1300 5305 κακῷ.
1329 5219 1411 5275 Ad
1439 5237 1561 5291 qua:
1593 5223 1756 5276 verba

186 5289 472 5358 respexisSe
500 5289 848 5344 Ambrosium
872 5289 1133 5345 credibile
1158 5301 1264 5344 est.
1458 5289 1473 5291 “

190 5358 275 5434 __b
296 5362 373 5415 De
396 5365 497 5434 hac
521 5358 1119 5434 Platonisproiectione
1150 5363 1202 5415 iu
1225 5361 1541 5434 Egyptnm,
1561 5372 1763 5434 praeter

188 5428 393 5501 Diogen.
419 5431 714 5497 Laertium,
738 5430 835 5501 lib.
859 5446 937 5494 ut,
963 5431 1254 5499 loquuntur
1275 5428 1521 5489 Justinus
1552 5432 1763 5488 Puram.

167 5500 251 5574 {ad
264 5500 450 5570 gentes;
464 5500 1448 5574 Hierttttaepisuadi’aulin.;August.
1461 5545 1476 5570 ,
1494 5503 1768 5560 lib.vmde

188 5568 465 5638 Divinilei,
491 5585 545 5628 et
565 5568 890 5629 aliiﬁtrabo
904 5581 1088 5627 atatem
1112 5568 1215 5628 lib.
1232 5568 1350 5631 rvit
1370 5568 1622 5630 eumdem
1645 5576 1767 5630 istic

198 5644 334 5697 annis
374 5646 440 5700 l3
481 5660 602 5699 eum
641 5645 1312 5715 Egyptiissacerdotibns
1338 5655 1614 5701 versatum
1640 5660 1768 5702 esse

198 5726 466 5788 asseverat.
490 5716 574 5788 ,ιιι
618 5713 763 5771 vero
795 5713 939 5788 quod
972 5717 1049 5768 ab
1091 5717 1282 5772 eodem
1328 5718 1660 5788 philosopho
1710 5719 1767 5773 in

205 5780 322 5853 Dial.
353 5786 420 5843 de
454 5786 652 5841 virtute
683 5780 1004 5841 translatum
1032 5799 1156 5841 esse
1180 5789 1260 5841 ait
1288 5780 1627 5853 Ambrosius,
1652 5803 1765 5844 non

205 5852 295 5910 alio
330 5858 663 5914 commodius
705 5856 943 5921 referas,
973 5871 1132 5926 quam
1169 5859 1235 5913 ad
1284 5859 1377 5914 illa
1413 5859 1576 5915 verba
1614 5852 1770 5917 ἑοῖσι

1870 4767 2041 4823 regno
2070 4767 2352 4823 egressus;
2378 4768 2501 4808 cum
2523 4768 2620 4825 pro
2643 4755 2805 4812 totius
2833 4758 3016 4828 populi
3038 4774 3098 4815 se
3118 4758 3341 4816 oﬂ‘erret
3364 4776 3463 4817 ex-

1865 4847 2033 4915 cidio,
2073 4846 2329 4904 dicebat:
2377 4846 2560 4904 Justus
2593 4865 2677 4916 es,
2732 4850 2980 4919 Domine,
3011 4863 3057 4909 et
3093 4863 3288 4910 rectum
3324 4855 3470 4923 iudi-

1862 5003 2068 5086 γᾴρ-ἂν
2110 5008 2389 5086 φερε-εφόνα
2426 5012 2608 5086 ποινάιι
2648 5011 2867 5086 παλαιοῦ
2909 5013 3114 5086 nivoso;
3144 5013 3361 5081 δέξεται,
3391 5022 3465 5081 si;

1970 5078 2182 5160 ὖπιρξιῦ
2202 5078 2358 5160 ὅξλιον,
2380 5083 2560 5160 ,κείνων
2587 5081 2746 5160 iscire)
2775 5081 2877 5160 ξἰ-ει
2902 5084 3098 5141 ἀνδιδοί
3308 5078 3461 5146 πάλιῦ

1868 5152 1935 5237 ἐκ,
1968 5152 2079 5207 πῖν’
2100 5153 2341 5237 (Salamina:
2368 5154 2554 5237 ἁχαυοὶ
2573 5193 2585 5214 ,
2616 5157 2699 5235 διαὶ
2718 5152 2896 5237 ’σθένει
2935 5152 3379 5237 κροιιπνὸὶξ’σοφίᾳ
3406 5182 3464 5217 τε

1924 5224 1935 5240 1

1974 5220 2111 5303 tot-oi
2139 5220 2318 5299 ἄνδρες
2347 5220 2613 5303 αὔξονῖριι,
2634 5228 2689 5303 in
2717 5227 2910 5295 quibus
2934 5220 3113 5283 V'erbis
3138 5220 3470 5303 ἀιιαμνίὰάεως

1974 5246 2111 5279 moi
2139 5244 2318 5299 ανορες
2347 5244 2613 5288 αυςονται,
2641 5244 2689 5277 ιιι
2717 5244 2910 5295 quibus
2934 5244 2948 5279 ι

1872 5244 2212 5349 mtonianm
2244 5304 2488 5349 versatur
2520 5294 2948 5351 fundamentum.

1951 5376 1973 5403 ε
2002 5364 2079 5419 Ita
2125 5379 2292 5429 mss.;
2339 5365 2472 5419 edit.
2523 5380 2653 5420 vero
2693 5368 2858 5421 multa
2910 5368 2996 5422 hic
3034 5370 3379 5427 inseruerunt
3416 5372 3475 5430 in

1877 5451 2001 5508 e_um
2041 5435 2263 5508 modum
2297 5453 2310 5491 :
2354 5436 2497 5508 Quia
2532 5453 2588 5490 os
2625 5441 2738 5508 ejus
2782 5438 2851 5491 ad
2892 5440 3213 5496 iracundiam
3244 5444 3469 5498 irritavi.

1878 5506 1946 5560 Et
1974 5506 2064 5561 sub
2095 5507 2201 5559 alia
2226 5507 2398 5582 Littera
2426 5522 2443 5560 :
2467 5505 2553 5582 Ita
2593 5505 2720 5582 foris
2749 5509 2857 5564 sine
2883 5510 3008 5579 ﬁliis
3035 5515 3177 5582 fecit,
3214 5524 3270 5567 ut
3292 5514 3356 5567 ab
3390 5518 3474 5568 in—

1872 5587 1954 5651 tus
1988 5594 2122 5632 mors
2152 5593 2170 5631 :
2219 5576 2332 5651 Hoc
2361 5586 2467 5644 est,
2502 5576 2637 5651 sicut
2672 5581 2725 5633 in
2760 5576 3006 5651 paradiso
3035 5576 3155 5651 fecit
3185 5599 3207 5638 :
3242 5586 3314 5636 ita
3343 5585 3473 5638 etin

1872 5648 2035 5730 itan
2072 5650 2273 5730 sicca-li
2293 5665 2578 5730 utrumnam
2603 5648 2837 5707 destituit.
2871 5648 3079 5730 Inpidia
3104 5654 3474 5730 enim_dialtoli

1873 5721 2015 5790 iners
2064 5721 2296 5775 introivit
2340 5722 2395 5775 in
2415 5722 2586 5777 orbem
2614 5731 2890 5778 terrarum.
2918 5724 3103 5778 Uustus
3131 5741 3203 5790 es,
3235 5722 3475 5780 Domine.

1878 5789 2205 5858 Clamabunt,
2233 5801 2342 5848 etc.
