4104 6350
514 249 654 306 1455

1828 248 2071 308 SANCTI
2109 248 2430 312 AMBROSII

3672 259 3811 317 1456

511 370 650 421 ciunt
704 375 870 420 tuum.
933 365 1079 422 Grex
1132 364 1392 420 innocens
1451 364 1551 419 iste
1601 364 1730 435 quid
1779 363 1944 421 fecit?
1992 366 2104 436 Ego
2132 371 2186 429 Α
2281 367 2332 423 9.
2379 368 2559 441 (Vers.
2596 369 2745 442 158.)
2787 368 3050 425 .llandasti
3080 373 3343 440 justitiam
3383 371 3677 428 testimonia
3726 386 3814 429 tua

510 469 696 531 patir
727 459 827 515 feci
858 459 1174 528 malignum,
1204 457 1345 528 apud
1375 457 1577 527 justum
1619 458 1808 523 Deum,
1841 472 1997 527 ptena
2043 457 2111 512 de

512 555 688 621 culpa:
745 559 966 606 auctore
1031 559 1292 606 sumatur.
1352 549 1470 618 Ipse
1529 560 1682 620 pater
1755 549 1876 605 lidei
1933 551 2108 606 Abra-

511 645 678 711 bam,
731 659 852 700 cum
904 643 969 698 ad
1023 643 1410 698 immolandum
1465 646 1658 699 unicus
1711 659 1740 698 a
1785 660 1917 699 sene
1969 645 2108 700 filius

511 747 845 810 posceretur,
881 748 1116 808 patorum
1145 737 1361 806 pietatis
1397 736 1650 792 affectqu
1679 737 1877 793 divina:
1898 739 2112 793 caules-

507 830 661 886 sione
700 831 925 902 justitiae
975 831 1346 898 temperabat,
1388 830 1618 886 dicens:
1651 830 1836 886 Justus
1883 847 1971 897 es,
2003 828 2110 885 Do-

508 925 681 991 mine;
714 940 818 977 non
847 923 990 978 enim
1021 923 1200 992 poscis
1229 923 1486 988 alienum,
1517 923 1614 978 sed
1649 935 1796 978 tuum
1824 925 2105 993 reposcis:

502 1019 681 1093 ipsum
715 1020 808 1073 tibi
840 1020 1090 1082 restituo,
1115 1034 1275 1088 quem
1299 1019 1517 1074 dedisti.
1546 1019 1696 1074 Hunc
1725 1019 1963 1074 imitatus
1981 1018 2106 1085 Job,

503 1115 789 1171 exstinctis
814 1114 1016 1178 liberis,
1037 1113 1470 1184 patrimonioque
1485 1113 1718 1170 nudatus
1731 1113 1952 1180 amisso,
1974 1115 2110 1170 ami-

503 1221 647 1266 cmiu
664 1210 745 1262 stti
768 1207 1014 1277 corporis
1031 1208 1286 1264 scindens
1299 1211 1392 1262 ait:
1408 1206 1592 1262 Nudos
1609 1218 1760 1262 notus
1775 1207 2106 1274 summudus,

502 1305 701 1375 inquit,
719 1313 764 1357 et
788 1303 1002 1356 ntoriar.
1031 1300 1286 1357 Dominus
1307 1303 1469 1366 dedit,
1488 1300 1739 1358 Dominus
1760 1303 2000 1357 abstulit.
2017 1346 2033 1358 .
2051 1341 2066 1358 .
2090 1342 2104 1357 .

504 1395 585 1452 Sit
616 1413 796 1450 nomen
832 1394 1040 1449 Domini
1067 1395 1383 1450 benedictum
1407 1395 1549 1469 (Job.
1590 1396 1724 1456 1.2l
1761 1407 1805 1452 et
1833 1397 1953 1469 22).

577 1489 630 1544 7.
661 1486 866 1543 Omnes
896 1503 1028 1558 ergo
1052 1488 1260 1558 justum
1302 1487 1589 1543 Dominum
1625 1487 1984 1558 prtedit'emtts
2015 1497 2108 1544 :et

499 1584 587 1654 qui
627 1582 948 1638 moribunda
994 1584 1252 1651 sepulcro
1293 1599 1389 1637 sua
1418 1582 1661 1638 membra
1709 1584 2008 1651 componit,
2053 1593 2102 1638 et

503 1678 592 1748 qui
623 1676 825 1731 damno
849 1675 1060 1741 feritur,
1089 1683 1181 1730 aut
1210 1673 1399 1730 funere
1431 1673 1686 1741 filiorum,
1711 1674 1853 1730 dicat
1883 1692 1897 1729 :
1926 1671 2108 1729 Justus

2214 473 2260 514 et
2286 461 2547 517 veritatem
2593 471 2733 516 tuam
2761 463 2932 517 nimis.
2960 462 3149 519 Utrum
3206 463 3368 520 nimis
3425 464 3713 532 mandasti,
3744 483 3810 521 an

2215 553 2434 608 nimiam
2460 553 2789 610 veritatem?
2815 555 2921 612 Sed
2945 565 2999 611 et
3021 555 3182 611 nimia
3204 557 3401 613 veritas
3429 558 3588 628 plena
3614 558 3812 625 laudis,

2212 655 2268 700 ct
2295 644 2519 700 nimium
2571 646 2830 702 mandare
2855 647 3210 718 providentia:
3234 658 3395 719 atque
3431 649 3659 706 cautelae
3707 659 3813 704 est.

2214 739 2428 795 Etenim
2465 739 2706 794 inlirmos
2752 750 3004 807 noverat;
3037 739 3160 797 ideo
3217 741 3416 812 saepius
3461 742 3812 810 admonebat,

2214 841 2272 887 ut
2298 847 2402 887 non
2428 833 2893 889 obliviscerentur.

2271 925 2360 980 10.
2390 923 2568 996 (Vers.
2602 924 2752 998 159.)
2788 926 3042 999 Sequitur
3065 941 3256 983 versus
3297 928 3488 984 tertius
3522 945 3535 982 :
3566 926 3593 966 δ
3617 927 3817 1000 Exqui-

2211 1019 2328 1074 sivit
2353 1036 2433 1073 me
2454 1020 2594 1076 zelus
2621 1019 2802 1075 domus
2819 1030 2960 1086 tuw;
2989 1022 3233 1093 quoniam
3277 1021 3422 1076 obliti
3473 1032 3589 1076 sunt
3639 1021 3817 1076 verbo-

2213 1125 2327 1164 rum
2378 1121 2581 1166 tuorunt
2632 1112 2826 1167 inimici
2873 1114 2989 1168 mei.
3022 1113 3119 1168 Est
3147 1115 3294 1169 zelus
3315 1113 3382 1168 ad
3413 1116 3598 1182 vitam,
3645 1123 3702 1170 et
3729 1122 3816 1170 est

2213 1207 2360 1262 zelus
2402 1204 2470 1260 ad
2523 1216 2774 1262 mortem.
2817 1207 2899 1262 Ad
2937 1208 3101 1262 vitam
3147 1208 3296 1264 zelus
3335 1218 3418 1264 est
3456 1208 3635 1264 divina
3677 1224 3816 1278 pra:-

2213 1301 2369 1362 cepta
2401 1305 2644 1358 servare,
2672 1301 2728 1348 et
2757 1307 2944 1348 amore
2975 1293 3187 1348 Domini
3212 1292 3330 1362 ejus
3355 1292 3632 1352 custodire
3660 1308 3815 1348 man-

2212 1382 2360 1448 data,
2390 1396 2446 1439 ut
2488 1385 2615 1442 fecit
2634 1385 2892 1454 Pbinees,
2944 1385 3011 1441 de
3036 1401 3141 1457 quo
3181 1385 3410 1457 legimus
3440 1385 3493 1440 in
3539 1384 3811 1454 Numeris,

2211 1476 2424 1532 dicente
2479 1477 2709 1533 Domino
2762 1477 2828 1532 ad
2855 1477 3078 1548 Moysen
3111 1494 3122 1532 :
3154 1475 3378 1532 Pltinees
3422 1475 3565 1547 ﬁlius
3593 1473 3818 1531 Eleazar

2210 1567 2308 1635 lilii
2339 1569 2514 1622 Aaron
2541 1569 2821 1624 sacerdotis
2849 1568 3042 1625 sedavit
3063 1570 3293 1638 furorem
3322 1585 3491 1622 meum
3519 1585 3551 1622 a
3573 1568 3696 1638 [iliis
3726 1567 3815 1624 Is-

2210 1661 2337 1727 rael,
2368 1661 2422 1714 in
2452 1677 2508 1716 eo
2529 1661 2668 1733 quod
2697 1663 2966 1718 temulatus
2987 1673 3060 1716 est
3089 1661 3256 1716 zelum
3295 1677 3462 1716 meum
3499 1661 3552 1715 in
3585 1661 3689 1716 illis
3718 1678 3737 1716 :
3762 1671 3817 1718 et

501 1786 584 1837 es,
619 1768 853 1823 Domine.
901 1769 1039 1835 Quid
1068 1768 1212 1825 enim
1249 1778 1496 1823 nostrum
1534 1766 1876 1822 amittimus?
1901 1768 2093 1822 Clamat

2213 1768 2316 1805 non
2336 1753 2684 1808 consummavi
2713 1753 2848 1815 ﬁlios
2875 1752 3050 1808 Israel
3073 1754 3124 1808 in
3145 1754 3255 1809 zelo
3306 1769 3440 1822 meo,
3495 1754 3628 1808 sicut
3677 1754 3812 1811 dixi.

500 1865 797 1934 Apostolus
819 1879 833 1915 :
852 1862 989 1929 Quid
1009 1861 1165 1916 habes
1187 1861 1328 1931 quod
1343 1879 1440 1916 non
1458 1861 1700 1931 accepisti
1717 1861 1756 1932 (l
1782 1860 1904 1915 Cor.
1931 1877 2005 1919 tv.
2022 1861 2105 1931 7)?

501 1956 656 2026 Quod
688 1955 950 2011 habemus
979 1971 1145 2028 ergo,
1178 1956 1486 2024 accepimus
1520 1971 1534 2009 :
1567 1954 1710 2024 quod
1754 1953 1918 2023 igitur
1948 1957 2108 2007 amit-

501 2054 690 2117 timus,
737 2051 1036 2116 reddimus,
1065 2066 1171 2104 non
1206 2050 1525 2104 amittimus.
1548 2047 1734 2104 Justus
1769 2048 1976 2120 1197
2005 2049 2107 2103 Do-

500 2149 683 2202 minus
732 2146 784 2200 itt
834 2145 1123 2216 periculis,
1151 2144 1333 2215 justus
1381 2145 1432 2197 itt
1463 2142 1697 2206 damnis,
1727 2142 1905 2212 justus
1944 2147 1995 2195 in
2026 2140 2107 2195 ul-

498 2239 737 2296 tionibus
763 2246 865 2300 est,
891 2253 995 2291 non
1023 2237 1196 2292 solum
1222 2237 1348 2306 quia
1379 2237 1748 2306 unusquisque
1768 2235 1910 2305 justo
1931 2233 2105 2304 culpa:

501 2347 616 2386 sure
657 2331 889 2400 pretium
927 2330 1021 2384 luit
1048 2345 1062 2394 ;
1088 2329 1442 2384 verumetiam
1470 2329 1593 2399 quia
1621 2327 1747 2381 dum
1782 2343 1920 2381 unus
1947 2327 2105 2397 puni-

498 2432 606 2484 lur,
643 2422 859 2492 plurimi
891 2423 1258 2492 corriguntur.
1294 2419 1531 2475 Attaoias
1559 2421 1609 2473 in
1638 2419 1862 2474 Artibus
1889 2427 2105 2490 aposto-

495 2517 673 2572 lorum
725 2515 956 2571 fraudati
1007 2515 1164 2586 pretii
1206 2515 1349 2585 quod
1398 2514 1468 2570 de
1516 2514 1629 2584 agri
1678 2515 1760 2569 sui
1791 2513 2104 2569 venditione

496 2619 849 2681 perceperat,
899 2609 1105 2664 crimen
1146 2607 1366 2663 admisit
1407 2608 1548 2672 (Act.
1577 2622 1642 2670 v,
1679 2607 1702 2662 1
1736 2617 1781 2661 et
1810 2604 1940 2678 seq.)
1971 2624 1984 2659 :
2014 2606 2103 2673 qui

491 2715 740 2777 potuerat
772 2704 905 2760 nihil
937 2702 1159 2769 olferre,
1192 2713 1247 2757 et
1284 2703 1489 2758 crimen
1519 2701 1775 2757 evadere.
1804 2700 1999 2758 \‘erum
2033 2716 2102 2757 ne

490 2802 619 2869 quis
661 2799 886 2868 impune
930 2799 1462 2854 circumscribendos
1509 2797 1786 2866 apostolos
1811 2797 2105 2852 arbitrare-

492 2904 602 2958 tur,
631 2903 727 2948 aut
750 2892 1142 2948 misericordia:
1173 2908 1284 2946 sure
1314 2906 1512 2947 munus
1545 2890 1733 2948 fraude
1756 2893 2102 2946 contamina-

500 2996 583 3042 ret
633 2985 873 3056 perlidia:
895 3027 911 3052 ,
941 2996 968 3023 ι
992 2986 1150 3039 morti
1183 2969 1700 3049 addietus'mterna),
1727 2985 2008 3040 universos
2033 2983 2100 3039 ad

495 3078 619 3136 lidei
663 3078 901 3134 Studium
945 3077 1095 3148 justo
1125 3087 1336 3132 terrore
1374 3077 1704 3146 composuit.
1738 3077 1948 3133 Pharao
1974 3091 2098 3132 cum

2215 1840 2351 1897 Ecce
2366 1860 2462 1914 ego
2484 1844 2552 1899 do
2579 1845 2624 1899 ei
2671 1853 3026 1900 testamentum
3053 1845 3197 1917 pacis
3217 1884 3232 1909 ,
3257 1853 3306 1899 et
3333 1845 3430 1898 erit
3455 1843 3535 1899 illi
3556 1854 3603 1899 et
3627 1845 3815 1900 semini

2223 1936 2332 1999 eius
2363 1945 2476 2006 post
2497 1951 2612 1991 eum
2641 1945 2993 1992 testamentum
3042 1935 3318 1990 sacerdotii
3367 1944 3638 2003 wternum,
3687 1951 3812 2008 pro-

2211 2041 2323 2101 pter
2343 2033 2480 2103 quod
2506 2034 2778 2088 tumulatus
2807 2041 2882 2086 est
2910 2032 3076 2087 Deum
3105 2043 3127 2070 ο
3158 2048 3332 2098 suunt,
3362 2041 3408 2085 et
3438 2048 3540 2086 non
3583 2030 3812 2086 exoravit

2213 2140 2307 2194 pro
2346 2125 2471 2194 ﬁliis
2511 2125 2680 2181 Israel
2712 2123 2900 2196 (Nunt.
2947 2141 3074 2192 xxv,
3107 2125 3164 2181 11
3210 2135 3258 2180 et
3285 2124 3440 2197 seq.).
3483 2124 3634 2180 Cresa
3660 2125 3812 2196 jace-

2210 2220 2337 2275 bant
2365 2220 2553 2291 viginti
2575 2229 2806 2290 quatuor
2828 2220 2994 2275 millia
3017 2220 3336 2292 populorum
3367 2236 3382 2274 :
3414 2219 3666 2275 tendebat
3695 2233 3811 2290 pce-

2209 2330 2275 2370 na
2301 2315 2354 2369 in
2377 2329 2587 2381 omnes,
2621 2329 2720 2370 nec
2749 2313 2892 2369 ullus
2933 2314 3054 2368 linis
3081 2313 3256 2369 exitii.
3312 2313 3553 2382 Arripuit
3579 2312 3810 2369 siroma-

2209 2421 2326 2464 sten
2375 2407 2787 2475 Pl‘tinees,duos
2813 2408 3012 2464 occidit
3035 2408 3322 2464 interdicta
3368 2408 3471 2464 sibi
3514 2416 3810 2465 consuetu-

2209 2503 2336 2559 dine
2362 2504 2660 2574 copulatos,
2695 2490 2928 2558 redemit
2961 2518 3172 2569 omnes,
3236 2502 3658 2574 indignationem
3700 2503 3811 2558 Do-

2209 2597 2341 2654 mini
2367 2597 2652 2666 mitigavit,
2676 2595 2827 2651 dedit
2848 2596 3126 2652 victoriam
3150 2595 3346 2668 quibus
3385 2597 3617 2668 negabat
3663 2597 3811 2655 saltt-

2211 2703 2340 2748 tem.
2368 2692 2538 2761 Quam
2577 2691 2830 2746 salutaris
2851 2699 2936 2745 est
2963 2691 3123 2761 igitur
3150 2691 3248 2748 Dei
3279 2691 3458 2747 zelus!

2287 2786 2499 2858 1198
2524 2786 2613 2841 ll.
2655 2784 2772 2840 Non
2805 2784 2966 2839 unius
2997 2781 3256 2854 temporis
3279 2783 3406 2840 illttd
3441 2785 3631 2840 vitium
3673 2784 3806 2842 luit:

2207 2889 2262 2936 et
2293 2895 2436 2934 nunc
2460 2878 2761 2935 Madianitis
2794 2877 3054 2933 miscetur
3080 2876 3290 2934 Judceo.
3342 2877 3647 2935 Madianitis
3694 2890 3804 2947 est,

2207 2990 2327 3045 qure
2386 2975 2533 3029 nullo
2567 2982 2651 3028 est
2687 2972 2871 3028 uxoris
2909 2971 3166 3043 legitima:
3221 2971 3473 3041 copulata
3528 2973 3804 3044 conjugio,

2207 3068 2360 3124 nullo
2393 3067 2519 3122 lidei
2543 3066 2733 3138 juncta
2758 3067 3056 3122 consortio.
3108 3064 3416 3121 Madianitis
3461 3075 3543 3122 est
3587 3065 3808 3122 haereti-

491 3173 692 3244 populo
724 3187 822 3226 suo
859 3169 1113 3226 fluctibus
1143 3185 1377 3234 mersus,
1412 3169 1701 3224 mundana:
1729 3171 2097 3225 conversatio-
2123 3164 2169 3227 C
2203 3177 2391 3219 COI‘llm
2419 3159 2665 3230 Perﬁdia,
2689 3173 2811 3214 cum
2842 3158 3098 3230 Populum
3124 3157 3220 3213 υεί
3247 3165 3438 3213 ιευιθῑ-
3465 3156 3639 3226 Quam
3665 3158 3807 3214 mlli-

491 3268 573 3324 nis
594 3267 903 3337 exemplum
933 3272 1051 3330 est;
1077 3279 1143 3320 ne
1169 3264 1288 3333 quis
1314 3263 1408 3318 Dei
1439 3264 1694 3334 pupulum
1719 3275 2098 3335 persequatur.

491 3360 733 3431 Denique
776 3359 950 3430 potuit
987 3373 1111 3412 eum
1157 3357 1298 3412 Deus
1329 3355 1595 3412 voluntati
1621 3371 1732 3411 sua:
1761 3354 1935 3411 facere
1971 3358 2101 3412 obe-

488 3455 727 3510 dientem
770 3471 784 3508 :
839 3451 1101 3522 sed.ejus
1151 3464 1308 3520 pmna
1355 3466 1544 3505 onmcs
1584 3449 1753 3503 voluit
1792 3449 2094 3504 emendari.

482 3547 719 3614 Ideoque
760 3545 890 3600 dicit
938 3543 1003 3598 ad
1030 3557 1152 3598 eum
1183 3542 1442 3598 Dominus
1476 3558 1488 3595 :
1531 3541 1666 3610 Quia
1700 3541 1768 3596 ad
1799 3541 1894 3596 hoc
1924 3543 2098 3611 ipsum

485 3649 533 3693 te
560 3637 805 3693 suscitavi
835 3652 854 3691 :
882 3645 936 3690 ut
965 3634 1232 3690 ostendam
1268 3635 1321 3688 in
1349 3643 1395 3688 te
1420 3633 1656 3688 virtutem
1687 3651 1852 3688 meum
1885 3650 1904 3689 :
1933 3646 1978 3690 et
2000 3652 2096 3690 an-

486 3733 747 3786 nuntietur
790 3745 972 3783 nomen
1018 3744 1187 3782 nteant
1236 3728 1291 3780 in
1337 3727 1573 3781 universa
1623 3735 1757 3781 terra
1789 3727 1985 3799 (Exod.
2019 3745 2093 3796 Ix,

488 3823 601 3895 16).
633 3822 748 3878 Νοιι
774 3821 962 3893 utique
987 3820 1250 3876 Dominus
1273 3835 1385 3874 sua:
1410 3819 1605 3888 laudis,
1631 3818 1727 3875 sed
1752 3831 1954 3876 nostra:
1975 3837 2096 3877 cor-

489 3915 748 3972 rectionis
779 3913 1114 3968 incrementa
1142 3911 1437 3983 quaerebat.

556 4011 609 4066 8.
650 4009 856 4065 Omnes
881 4022 1012 4078 ergo
1039 4005 1313 4076 sapientes
1343 4004 1571 4061 dicunt:
1600 4003 1780 4062 Justus
1807 4025 1877 4070 es,
1911 4007 2094 4062 Domi-

485 4125 567 4175 ne,
589 4116 640 4162 et
665 4117 855 4161 rectum
871 4105 1131 4178 judicium
1175 4114 1357 4168 tuum;
1406 4118 1581 4174 neque
1635 4104 1778 4160 enim
1831 4104 2093 4160 tradimur

485 4198 814 4255 adversariis
831 4199 950 4252 sine
972 4195 1178 4265 judicio
1204 4195 1395 4264 ipsius,
1432 4209 1610 4265 neque
1639 4196 1759 4251 sine
1789 4196 1956 4268 ipsius
2001 4197 2090 4267 ju-

484 4290 629 4346 dicio
677 4290 729 4344 in
755 4288 1135 4346 tribulationes
1190 4286 1461 4341 venimus.
1521 4285 1650 4341 lith
1701 4285 1971 4356 justorum
2003 4297 2090 4343 est

481 4380 782 4437 consolatio
817 4397 830 4433 :
861 4381 962 4435 hoc
1009 4387 1094 4434 est
1142 4377 1352 4432 Domini
1389 4377 1679 4447 judicium.
1739 4379 1980 4450 Denique
2031 4390 2084 4436 et

485 4488 645 4543 supra
686 4471 893 4526 habes:
927 4469 1128 4524 Mentor
1156 4469 1236 4540 fui
1257 4468 1578 4538 judiciorum
1625 4479 1850 4533 tuorum,
1894 4486 2009 4538 qua:
2052 4489 2084 4524 a

2205 3255 2272 3310 tis
2302 3252 2517 3324 populis
2539 3252 2798 3308 meretrix
2828 3251 2927 3306 i5ta
2960 3249 3143 3306 feralis
3164 3250 3409 3320 irrepsit,
3441 3267 3561 3322 qua:
3587 3251 3806 3322 publico

2202 3346 2392 3402 funere
2425 3353 2596 3399 totum
2631 3343 2888 3415 populum
2939 3342 3212 3397 communi
3261 3351 3439 3398 morte
3479 3341 3800 3399 tumulavit!

2208 3437 2336 3494 Veni
2368 3445 2424 3492 et
2449 3451 2613 3502 nunc,
2643 3435 2899 3501 Phinees,
2925 3433 3106 3504 arripe
3136 3433 3372 3504 gladium
3418 3434 3593 3502 verbi,
3628 3435 3796 3491 inter-

2200 3531 2300 3588 ﬁce
2333 3528 2908 3603 perfidiam,jugulato
2939 3525 3233 3593 haeresim;
3280 3541 3348 3581 ne
3407 3535 3633 3597 propter
3679 3542 3800 3584 eam

2200 3625 2430 3697 populus
2459 3623 2747 3678 universus
2768 3620 3023 3676 intereat.
3057 3617 3226 3689 Urget
3269 3618 3346 3672 ira
3373 3619 3644 3684 etelestis,
3679 3635 3802 3688 per-

2198 3727 2322 3774 cute
2379 3717 2550 3786 ipsam
2589 3715 2802 3770 vulvam
2879 3711 3170 3782 impietatis
3205 3753 3220 3779 ,
3285 3713 3800 3783 generatoriumque

2198 3810 2484 3884 perfidiae;
2529 3826 2598 3865 ne
2651 3818 2838 3879 partus
2882 3806 3146 3862 formetur
3200 3805 3420 3873 infelix,
3464 3823 3532 3862 ne
3590 3808 3789 3865 adulte-

2197 3907 2313 3963 rina
2341 3905 2626 3975 conceptio
2652 3901 2920 3959 diffundat
2949 3903 3303 3958 seminarium
3336 3903 3798 3972 prazvaricationis

2197 4011 2251 4058 et
2302 3999 2650 4064 sceleris;ut
2712 3997 2972 4052 Dominus
3032 4005 3206 4052 tecum
3266 4003 3471 4051 statuat
3503 4007 3798 4054 testamen-

2197 4104 2308 4150 tum
2383 4093 2579 4164 pacis,
2642 4099 2698 4146 et
2755 4097 3138 4146 testamentum
3204 4087 3426 4158 gratiae,
3495 4098 3793 4144 testamen-

2197 4197 2309 4243 tum
2347 4184 2768 4257 promissionum
2810 4183 3136 4240 cmlestium.
3161 4181 3347 4237 Zelum
3385 4181 3586 4237 habere
3625 4181 3792 4239 debet

2193 4281 2488 4347 sacerdos,
2537 4280 2629 4351 qui
2676 4280 3047 4348 incorruptam
3101 4291 3324 4333 servare
3375 4275 3557 4331 studet
3600 4274 3792 4332 Eccle-

2193 4377 2286 4430 size
2311 4374 2619 4430 castitatem
2646 4388 2662 4438 ;
2695 4380 2751 4427 et
2773 4371 2899 4427 ideo
2943 4371 3205 4442 Princeps
3234 4369 3577 4426 sacerdotum
3609 4369 3745 4424 dixit
3772 4388 3787 4426 :

2191 4469 2346 4525 Zelus
2379 4469 2562 4523 domus
2603 4464 2751 4523 tuted
2783 4466 3042 4521 devoravit
3093 4481 3174 4521 me
3225 4463 3407 4538 (Joan.
3455 4480 3516 4531 tt,
3550 4463 3661 4536 17).
3720 4462 3790 4519 Et

481 4561 672 4617 steculo
699 4571 838 4626 sunt,
871 4573 916 4614 et
945 4577 1026 4615 me
1067 4559 1365 4614 consolatus
1412 4575 1525 4612 sum
1556 4558 1716 4631 (Sup.
1749 4577 1798 4615 v.
1829 4559 1942 4630 5‘2).
1980 4561 2090 4616 Ad-
2113 4571 2167 4632 Ῑ)
2194 4561 2430 4618 Phinees
2457 4559 2714 4616 sacerdos
2744 4567 2884 4625 erat,
2916 4567 2972 4615 et
3003 4572 3171 4629 nepos
3197 4555 3517 4624 sacerdotis,
3555 4565 3610 4612 et
3646 4555 3788 4614 ﬁlius

481 4656 650 4712 vertis
677 4671 806 4725 ergo
833 4654 955 4725 quia
973 4653 1178 4724 judicia
1211 4651 1425 4707 Domini
1453 4652 1855 4708 consolationes
1885 4661 2030 4710 sunt.

556 4793 579 4819 ⁸
625 4782 767 4854 fidit.
787 4790 927 4846 vet.,
960 4782 1113 4835 morti
1141 4781 1372 4854 addictos
1393 4791 1594 4854 teternw
1614 4784 1860 4854 per/idos.
1895 4784 2078 4852 Rom.,

485 4855 635 4909 morti
661 4853 881 4908 addictis
908 4864 1113 4908 aeterna:
1140 4853 1368 4923 perﬁdis.
1393 4853 1590 4907 Verum
1618 4853 1749 4909 Satis
1774 4869 1998 4925 apparet
2027 4860 2079 4915 id

484 4929 553 4980 ita
583 4926 1147 4980 ceneinnalumlnisse
1168 4925 1236 4977 ab
1265 4925 1328 4978 iis
1359 4925 1448 4992 qui
1481 4933 1602 4994 post
1629 4941 1822 4981 nomen
1854 4929 2080 4986 Ananize

484 4996 1353 5068 Saplttramtptoque,cujusAnulla
1383 4999 1435 5047 itt
1464 5011 1595 5068 mss.
1624 5000 1828 5052 mentio
1864 5001 1943 5066 fit,
1969 5017 2076 5068 quo

484 5017 767 5068 nupturam
783 5017 1188 5067 quoque,cu1us
1211 5017 1353 5049 llllllil
1383 5017 1435 5047 111
1464 5017 1595 5050 11155.
1625 5017 1828 5052 ιηεηιιο
1864 5017 1943 5066 Itt,
2009 5017 2074 5057 Ilo

482 5070 605 5136 jure
635 5084 808 5139 quave
839 5067 1033 5138 injuria
1063 5068 1114 5120 iu
1134 5065 1272 5139 ed;t.
1290 5065 1583 5139 intrudere
1626 5069 1932 5124 voluerunt.
1965 5017 2074 5128 ﬁos

487 5136 666 5194 locum
694 5155 761 5210 ex
818 5136 948 5192 mss.
1000 5137 1238 5210 omnium
1283 5136 1385 5191 fide
1413 5147 1883 5210 reprgesentamus.
1917 5141 2070 5210 Quod

486 5227 617 5267 vero
647 5209 835 5266 iisdem
884 5209 1201 5278 coniugibus
1242 5223 1469 5278 quorum
1518 5207 1587 5260 ibi
1617 5210 1848 5272 crimen,
1879 5207 2068 5268 nu'llibi

485 5299 614 5337 vero
643 5280 956 5350 prenitentia
981 5281 1306 5344 declaratur,
1340 5289 1565 5332 tttortetn
1589 5287 1846 5335 aeternam
1903 5283 2071 5340 fuisse

486 5349 741 5425 iltilittlttlll
765 5349 1328 5425 θεερνίελΑηψι-οῖῇηε,
1359 5350 1420 5425 in_
1441 5365 1506 5404 eo
1519 5350 1734 5425 quidem
1759 5355 1826 5408 ab
1843 5351 2076 5425 Origene

486 5424 712 5492 aliisque
743 5421 1017 5475 nonnullis
1077 5421 1325 5492 Pati-ibus
1370 5420 1620 5492 dissentit
1675 5438 1886 5482 umnam
1942 5420 2078 5482 banc

484 5512 590 5549 non
627 5490 726 5548 nisi
760 5492 1112 5558 temporalem
1153 5491 1423 5545 exstitisse
1470 5490 1884 5551 aflirmantibus.
1912 5498 2072 5553 Certe

485 5565 814 5635 Augustinus
837 5570 890 5618 et
906 5567 1132 5638 quidam
1155 5561 1245 5616 alii
1270 5575 1334 5638 ea
1357 5561 1422 5638 de
1447 5577 1505 5616 re
1521 5565 1826 5638 dubitanter
1844 5567 2071 5638 loquun-

487 5633 592 5692 tur.
626 5637 783 5690 Plura
833 5633 1014 5689 videas
1039 5635 1163 5706 licet
1183 5633 1320 5706 apud
1365 5634 1558 5688 Baron.
1584 5635 1650 5690 ad
1680 5654 1769 5692 an.
1796 5640 1888 5706 54,
1916 5633 2066 5696 itum.

479 5709 609 5773 269,
632 5716 687 5763 et
709 5707 1031 5777 interpretes
1049 5707 1100 5761 in
1130 5704 1273 5760 hunc
1294 5703 1491 5759 locmn.

551 5778 574 5818 δ
619 5778 691 5833 Ita
717 5792 845 5835 mss.
870 5786 926 5834 et.
947 5777 1077 5834 edit.
1106 5790 1296 5834 omnes
1331 5791 1526 5848 magno
1554 5791 1846 5836 consensu.
1907 5782 2060 5838 Alta-

2189 4655 2508 4713 sacerdotis.
2545 4655 2725 4710 Bonus
2751 4653 2920 4722 zelus,
2955 4663 3011 4709 ct
3040 4652 3186 4707 utilis
3209 4651 3263 4706 in
3285 4651 3568 4708 sacerdote
3596 4667 3610 4706 :
3639 4667 3783 4723 pra:-

2187 4807 2309 4848 men
2334 4806 2437 4847 non
2467 4791 2644 4848 solum
2674 4791 2808 4848 varii
2833 4792 3125 4862 Scripturte
3156 4800 3379 4862 textus,
3412 4804 3474 4844 ac
3501 4789 3784 4846 versiones

2186 4865 2544 4936 refragantur,
2570 4863 2664 4936 sed
2691 4864 2856 4920 etiam
2879 4861 3054 4919 Graeci
3081 4877 3146 4936 ac
3173 4862 3344 4918 Latini
3369 4861 3576 4936 Patres,
3605 4877 3634 4915 a
3663 4865 3785 4936 qui-

2181 4934 2282 4990 bus
2303 4931 2503 4991 citatur
2529 4935 2671 4990 idem
2719 4937 3041 4991 versiculus.
3084 4934 3179 4989 Est
3209 4943 3388 4988 autem
3423 4931 3555 4988 satis
3587 4933 3782 4988 verisi-

2181 5009 2311 5062 mile
2339 5007 2392 5061 in
2422 5006 2547 5062 cod.
2577 5007 2735 5061 Amb.
2762 5021 2864 5077 pro
2893 5008 3083 5072 ἐξέτηξε
3114 5027 3175 5078 με
3200 5005 3226 5061 ὁ
3248 5006 3416 5070 ζῆλος,
3445 5013 3577 5072 etc.,
3609 5003 3779 5060 libra-

2180 5080 2242 5132 rii
2269 5080 2419 5145 lapsu
2449 5079 2709 5146 scriptum
2734 5077 2902 5132 fuisse
2943 5079 3206 5150 ἐξεζήτησέ
3232 5098 3319 5150 με,
3349 5085 3456 5132 etc.

2255 5161 2276 5188 ο
2321 5150 2478 5204 llam.
2509 5150 2666 5211 edit.,
2697 5159 2745 5202 et
2775 5151 3037 5219 exoravit;
3064 5149 3117 5202 in
3154 5146 3261 5219 quo
3295 5151 3343 5202 ei
3372 5154 3549 5219 textus
3581 5146 3771 5216 chr.,

2178 5219 2303 5291 Syr.
2353 5230 2407 5274 et
2453 5234 2641 5274 omnes
2671 5218 2949 5274 versiones
2996 5217 3292 5287 Scriptura:
3342 5217 3766 5289 patrocinentur.

2179 5291 2310 5344 Cum
2341 5300 2518 5345 tamen
2544 5291 2597 5346 in
2627 5303 2757 5343 mss.
2785 5300 2837 5344 et
2865 5299 2980 5345 ant.
3004 5293 3134 5345 etlit.
3189 5291 3415 5360 legatur,
3441 5298 3488 5342 et
3516 5305 3620 5343 non
3649 5305 3772 5344 exo-

2182 5364 2331 5427 t'avit,
2359 5362 2444 5417 vel
2467 5371 2524 5416 ttt
2543 5365 2593 5416 in
2616 5361 2937 5432 quibusdam
2961 5376 3117 5420 mss..
3140 5373 3186 5416 et
3213 5379 3313 5416 non
3344 5363 3644 5430 deprecatus
3671 5370 3766 5428 est,

2184 5433 2318 5487 satis
2345 5434 2627 5501 probabile
2647 5432 2716 5487 sit
2743 5447 2840 5502 pro
2865 5437 2951 5489 καὶ
2993 5435 3254 5498 ἔξιλάσατο
3272 5474 3286 5496 ,
3319 5435 3576 5502 scriptum
3603 5432 3656 5487 in
3677 5447 3774 5485 eo.-

2185 5503 2304 5578 diee
2325 5503 2604 5578 Ambrosii
2625 5501 2790 5560 fuisse
2811 5546 2825 5570 ,
2849 5509 2935 5561 καὶ
2955 5508 3057 5578 οὐχ
3087 5507 3324 5571 Data-atro;
3355 5502 3447 5560 ubi
3475 5501 3648 5558 facilis
3674 5502 3773 5559 ad-

2175 5576 2391 5630 modum
2421 5577 2666 5631 mutatio.

2247 5645 2273 5684 d
2313 5646 2446 5702 Cod.
2479 5646 2630 5702 Vind.
2661 5657 2716 5703 et
2737 5648 2891 5704 Colb.
2923 5647 3604 5714 annorum,utminimum,
3636 5648 3764 5717 800,

2174 5719 2433 5773 coronavit
2461 5734 2560 5776 me.
2586 5719 2653 5774 Et
2681 5719 2760 5788 sic
2784 5721 2945 5776 etiam
2974 5721 3130 5775 infra.
