3982 6496
30 384 205 441 1437

1163 378 1228 436 ΙΝ
1270 376 1601 436 PSALMUM
1639 375 1851 435 CXVIII
1892 379 2276 437 EXPOSITIO.

3251 387 3390 442 “58

32 505 231 574 cipue
260 519 340 560 ne
372 504 666 576 negligens,
725 518 790 558 ne
850 501 1108 558 remissus
1159 502 1249 558 sit.
1296 501 1486 559 Melius
1510 514 1594 560 est
1621 515 1680 561 ut
1707 502 1760 562 Α
1859 501 1945 557 15.
1989 503 2056 558 Ει
2090 503 2218 575 quid
2265 503 2526 560 miremur
2549 503 2595 558 si
2630 503 2818 574 Angeli
2845 517 2970 559 eum
2999 503 3237 560 habent?
3268 504 3392 575 Ipse

38 597 239 652 unius
271 638 289 664 ,
343 606 436 652 aut
462 597 690 652 duorum
729 595 1076 652 damnatione
1106 594 1321 668 plurimi
1363 597 1681 667 liberentur,

40 705 235 760 quam
268 690 504 745 duorum
545 690 886 746 absolutione
919 689 1102 759 plures
1141 689 1532 758 periclitentur.

134 782 242 836 12.
295 782 614 853 Exquisivit,
638 783 836 854 inquit,
866 800 944 838 me
990 783 1132 836 zelus
1161 783 1342 837 domus
1371 792 1489 836 tute.
1521 781 1682 838 Vides

44 880 188 949 quia
224 877 394 933 zelus
425 879 516 933 Dei
541 879 714 950 gratia
746 887 854 945 est,
886 879 975 948 qui
1007 878 1264 946 exquirit,
1302 879 1391 947 qui
1420 891 1679 946 superve-

44 976 162 1037 nit,
200 974 307 1043 qui
339 987 399 1028 se
420 972 554 1043 justi
587 971 817 1028 infundit
841 971 1068 1044 pectori.
1095 969 1253 1025 Zelus
1282 970 1376 1026 Dei
1417 970 1522 1026 vita
1573 982 1676 1026 est.

45 1063 332 1136 Denique
366 1065 622 1121 Dominus
644 1067 718 1121 ait
755 1085 768 1121 :
792 1065 948 1120 Zelus
969 1065 1150 1119 domus
1173 1075 1274 1119 tua:
1290 1064 1550 1118 devoravit
1580 1081 1678 1119 me.

49 1156 230 1212 Sicut
296 1158 451 1214 enim
501 1166 628 1214 ante
673 1158 729 1213 in
777 1157 948 1213 Adam
997 1155 1351 1212 devoraverat
1407 1156 1681 1212 hominem

51 1264 222 1305 mors
263 1251 616 1320 prtevalens:
669 1251 740 1306 ita
788 1251 937 1307 zelus
969 1250 1266 1317 devoravit,
1319 1265 1478 1321 quem
1509 1250 1683 1304 viviﬁ-

53 1344 217 1400 cavit
251 1344 314 1399 in
345 1342 584 1400 Christo.
613 1343 798 1400 Zelum
851 1343 1037 1399 habuit
1065 1343 1234 1407 Elias,
1266 1351 1323 1398 et
1347 1342 1470 1398 ideo
1495 1353 1683 1413 raptus

55 1439 130 1493 ad
159 1438 380 1494 caelum
411 1448 514 1495 est.
547 1438 768 1505 Zelans,
822 1439 1014 1508 inquit,
1056 1438 1216 1493 ποιαυὶ
1267 1436 1546 1492 Dominum
1590 1437 1682 1505 (Ill

61 1533 209 1604 Reg.
236 1531 498 1604 303,10).
521 1531 705 1588 Zelunt
725 1533 948 1588 habuital
964 1531 1289 1587 Mathathias
1312 1530 1571 1595 Butanus,
1590 1529 1682 1602 qui

61 1623 354 1680 adversus
395 1623 676 1695 sacrilegia
723 1623 973 1678 Antiochi
1024 1622 1285 1678 excitavit
1314 1622 1408 1678 Dei
1441 1622 1677 1693 plebem.

65 1720 269 1774 Zelum
301 1719 394 1790 qui
426 1718 642 1787 habent,
672 1734 861 1774 omnes
891 1718 994 1773 sibi
1023 1718 1275 1773 inimicos
1319 1731 1450 1773 suos
1492 1724 1683 1788 putant

66 1813 162 1883 qui
198 1821 337 1866 sunt
367 1812 550 1866 hostes
581 1812 693 1874 Dei,
724 1812 970 1882 quamvis
997 1822 1230 1884 patrem.
1271 1809 1492 1878 fratres,
1525 1824 1680 1864 soro-

1787 595 1929 650 Deus
1953 595 2113 652 Pater
2135 599 2252 653 ait:
2291 598 2479 654 Zelans
2505 597 2680 652 zelabo
2735 596 3056 653 Hierusalem
3077 599 3188 654 zelo
3207 617 3398 672 magno

1785 690 1972 765 (Zach.
2001 709 2111 758 vnt,
2137 692 2216 765 ἓ).
2248 693 2383 762 Quia
2411 694 2554 749 Deus
2581 708 2831 764 magnus,
2856 692 2978 749 ideo
3001 703 3056 750 et
3095 693 3246 749 zelus
3273 693 3393 764 ejus

1785 801 2018 858 magnus
2035 797 2119 841 est
2141 804 2156 844 :
2181 796 2237 843 et
2266 804 2362 858 pro
2384 787 2808 858 uniuscujusque
2828 788 3082 854 potentia:
3104 788 3391 856 qualitate,

1787 881 1858 937 ita
1889 882 2038 936 zelus
2066 891 2159 937 aut
2182 883 2492 942 mediocris.
2533 892 2627 937 aut
2651 897 2877 953 magnus
2903 893 3000 936 est.
3040 880 3171 937 Zelo
3215 880 3393 936 vindi-

1786 984 1940 1030 catur
1959 975 2318 1042 Hierusalem,
2347 976 2464 1030 zelo
2493 975 2737 1030 Ecclesia
2766 983 3148 1046 congregatur,
3179 975 3296 1029 zelo
3324 973 3387 1027 ll-

1785 1069 1884 1125 des
1928 1070 2248 1141 acquiritur,
2293 1072 2413 1124 zelo
2455 1069 2712 1138 pudicitia
2743 1069 3074 1140 possidetur.
3120 1068 3390 1124 Dominus

1789 1177 2004 1232 quoque
2020 1161 2176 1218 Jesus
2208 1163 2283 1215 ait
2311 1177 2328 1214 :
2353 1159 2508 1214 Zelus
2526 1159 2706 1215 domus
2731 1173 2834 1216 tua:
2853 1161 3071 1216 comedit
3090 1178 3168 1216 me
3199 1160 3382 1232 (Joan.

1790 1273 1848 1324 tt,
1885 1258 2005 1327 l7);
2040 1257 2326 1323 increpans
2347 1254 2563 1310 Judteos
2593 1255 2735 1324 quod
2762 1256 2981 1309 domum
3024 1255 3289 1309 orationis
3314 1253 3392 1310 fe-

1787 1349 1962 1404 cerint
2014 1347 2328 1418 speluncam
2380 1347 2672 1412 latronum,
2705 1345 2934 1402 fecerint
2961 1357 3016 1402 et
3047 1346 3266 1402 domum
3295 1361 3390 1402 tte-

1788 1439 2118 1513 gotiationis.

1861 1532 1946 1586 16.
1989 1530 2096 1587 Sed
2135 1548 2238 1587 non
2267 1531 2440 1588 solum
2472 1531 2650 1587 locum
2702 1530 2964 1586 Ecclesia:
3012 1530 3191 1588 zelare
3229 1530 3392 1586 debe-

1787 1641 1930 1692 mus,
1963 1626 2057 1682 sed
2087 1626 2224 1683 hanc
2261 1642 2476 1698 quoque
2513 1627 2828 1682 interiorem
2881 1627 2932 1679 iu
2959 1627 3117 1681 nobis
3168 1624 3389 1681 domum

1789 1718 1915 1782 Dei;
1950 1734 2016 1774 ne
2044 1719 2115 1773 sit
2137 1719 2328 1774 domus
2353 1718 2760 1791 negotiationis,
2794 1728 2887 1772 aut
2928 1719 3183 1788 spelunca
3212 1717 3386 1772 latro-
3456 1721 3476 1745 θ

1785 1829 1934 1867 ιιιιιιι.
1963 1813 2018 1867 Si
2045 1813 2187 1867 enim
2216 1813 2386 1881 lucra,
2425 1821 2684 1884 quassttts,
2742 1809 2983 1882 pecuni-.0
3014 1809 3381 1866 emolumenta

67 1921 182 1960 res.
220 1904 301 1958 De
315 1904 566 1960 omnibus
587 1903 752 1959 dicit:
785 1902 850 1958 In
871 1903 1042 1958 hostes
1064 1901 1191 1974 facti
1216 1913 1333 1956 sunt
1357 1903 1480 1956 mihi
1501 1901 1675 1974 (Psal.
1709 1905 1757 1965 B
1783 1920 2132 1976 aucupentur,
2163 1906 2380 1960 domum
2406 1905 2788 1976 negotiationis
2813 1904 3060 1960 fecimus.
3088 1905 3142 1959 Si
3172 1904 3387 1959 invada-

67 2011 360 2064 euxvut,
393 1997 512 2068 29.),
558 1998 696 2052 sicut
749 1997 916 2052 David
953 1997 1048 2052 ait.
1105 1996 1246 2066 Quid
1280 1996 1489 2051 multa?
1531 1998 1680 2067 Apo-

69 2090 252 2144 Stolus
285 2104 502 2160 quoque
537 2089 751 2145 Domini
777 2091 878 2146 hoc
908 2089 1214 2145 declaratus
1241 2097 1327 2145 est
1355 2091 1594 2157 nomine,
1622 2100 1679 2144 ut

70 2181 248 2237 Judas
277 2182 496 2238 Zelotes
539 2183 833 2251 diceretur,
875 2183 1014 2240 sicut
1043 2183 1275 2255 legimus
1306 2184 1357 2238 in
1389 2183 1681 2255 Evangelio

73 2271 235 2344 (Luc.
273 2289 346 2341 νι,
377 2274 489 2345 is).

150 2366 244 2421 13.
291 2365 425 2422 Zelo
453 2367 576 2422 ﬁdei
606 2369 833 2438 p0pulus
857 2369 1136 2440 gentilium
1165 2371 1330 2425 vitam
1361 2370 1466 2427 sibi
1490 2371 1679 2443 aequis

74 2460 206 2516 sivit
225 2469 516 2528 aeternam,
535 2478 693 2533 quam
713 2463 1035 2534 negligentia
1054 2473 1216 2535 atque
1235 2463 1441 2518 desidia
1466 2462 1682 2519 Judteo-

76 2567 199 2609 rum
230 2556 468 2627 populus
511 2558 711 2611 amisit.
748 2557 876 2613 Ideo
901 2559 1160 2628 scriptum
1205 2566 1332 2614 est:
1381 2557 1538 2613 Zelus
1587 2575 1682 2629 ap-

79 2646 360 2718 prehendit
382 2648 632 2719 populum
659 2648 972 2703 ineruditum
996 2647 1167 2720 (Esai.
1194 2664 1346 2717 xxvr,
1383 2650 1469 2721 11)
1497 2665 1512 2716 ;
1549 2665 1684 2720 quo-

81 2743 230 2797 niam
267 2743 502 2814 p0pu|us
529 2745 620 2813 qui
649 2753 766 2799 erat
796 2744 1041 2798 eruditus
1063 2743 1116 2798 in
1141 2742 1302 2813 Lege,
1329 2743 1532 2798 nullum
1559 2743 1683 2800 ﬁdei

81 2835 328 2890 habebat
358 2835 629 2891 ardorem.
662 2833 907 2892 Contulit
928 2851 986 2890 se
1013 2837 1159 2890 zelus
1186 2836 1253 2891 ad
1273 2846 1464 2907 gentes
1490 2855 1502 2890 :
1529 2837 1684 2908 cujus

85 2937 236 2984 tanta
269 2936 355 2984 est
379 2928 554 2999 gratia
580 2945 595 2994 ;
624 2937 682 2983 ut
707 2928 990 2984 electionis
1027 2931 1436 3000 praerogativam
1471 2930 1681 2994 vicerit,

92 3032 146 3076 et
189 3019 519 3076 eruditionis
579 3020 918 3077 industriam.
977 3022 1217 3092 Denique
1268 3021 1685 3093 apprehendens

88 3115 352 3186 populum
385 3113 734 3182 ineruditum,
769 3115 898 3172 fecit
925 3131 1047 3172 esse
1078 3116 1380 3172 meliorem.
1408 3117 1592 3188 Itaque
1620 3133 1685 3174 ea

88 3210 258 3280 gratia
292 3221 514 3280 operata
541 3219 624 3266 est
653 3210 706 3266 in
734 3211 936 3282 populo
966 3212 1244 3267 nationum
1279 3229 1294 3278 ;
1355 3223 1411 3268 ut
1453 3213 1686 3268 haeredi-

1787 2015 1906 2055 mus
1937 2000 2142 2054 alienas
2173 2001 2561 2069 possessiones,
2594 1998 2730 2054 ﬁnes
2773 1999 2950 2054 vidum
2978 1999 3064 2055 vel
3091 1998 3390 2061 minorum.

1787 2094 2013 2148 fecimus
2061 2092 2370 2161 speluncam
2414 2092 2707 2148 latrottum.
2776 2091 2966 2148 Veniat
2989 2107 3120 2161 ergo
3148 2089 3384 2146 Verbum

1786 2186 1900 2255 Dei,
1935 2195 1990 2241 et
2019 2185 2086 2241 de
2109 2184 2207 2240 hac
2228 2183 2395 2240 domo
2426 2185 2676 2255 projiciat
2703 2183 2872 2251 fures,
2901 2183 3230 2254 direptores,
3258 2197 3387 2239 cauo

1785 2295 1997 2353 pones;
2028 2289 2088 2335 ut
2111 2279 2366 2334 mundum
2395 2282 2467 2334 sit
2493 2295 2588 2335 cor
2612 2292 2783 2347 tuum,
2838 2289 3026 2350 pectus
3077 2287 3246 2334 tuum.

1863 2377 1948 2430 17.
1993 2374 2098 2430 Sed
2117 2385 2199 2430 est
2222 2373 2373 2430 zelus
2402 2373 2468 2428 ad
2492 2373 2732 2442 culpam,
2763 2380 2848 2426 est
2874 2383 2926 2426 et
2953 2371 3103 2426 zelus
3156 2370 3222 2424 ad
3267 2385 3392 2440 gra-

1786 2469 1939 2526 tiam.
1984 2467 2116 2525 Nam
2158 2478 2213 2523 et
2250 2466 2367 2535 ipse
2419 2464 2582 2519 David
2611 2468 2686 2519 ait
2718 2480 2735 2518 :
2764 2462 2939 2518 Zelavi
2966 2464 3020 2516 in
3043 2461 3396 2532 peccatoribus

1785 2579 1960 2634 pacem
1993 2561 2167 2634 (Psal.
2203 2575 2369 2622 Lxxtt,
2396 2556 2475 2630 ‘2).
2505 2558 2571 2612 Et
2616 2558 2667 2610 itt
2718 2556 3102 2611 Ecclesiastico
3129 2556 3392 2624 scriptum

1787 2667 1871 2713 est
1904 2675 1917 2712 :
1950 2655 2071 2710 Non
2097 2655 2227 2709 zeles
2268 2653 2536 2708 mulierem
2564 2652 2708 2705 sinus
2734 2652 2806 2704 tui
2823 2667 2842 2718 ;
2872 2667 2934 2705 ne
2965 2649 3202 2703 ostendat
3243 2663 3398 2717 super

1785 2763 1835 2807 te
1861 2751 2104 2805 malitiam
2147 2747 2396 2801 doctrina:
2444 2761 2658 2808 nequam
2681 2742 2849 2814 (Eccl.
2900 2759 2976 2808 ιιι,
3010 2743 3086 2812 1).
3115 2739 3176 2794 Et
3205 2739 3398 2793 mulier

1787 2846 2036 2914 zelotypa
2093 2843 2144 2895 in
2191 2841 2474 2894 mulierem
2525 2837 2738 2892 ﬁdelem
2782 2841 2903 2906 jure
2951 2833 3394 2905 reprehenditur.

1789 2937 2136 2994 Advenimus
2150 2947 2280 3002 ergo
2300 2930 2443 3002 quod
2465 2945 2714 2986 mensura
2737 2928 2985 2999 qumdam
3018 2938 3070 2982 et
3108 2927 3394 2998 disciplina

1787 3032 1858 3085 sit
1888 3028 2012 3093 zeli,
2037 3029 2176 3081 sicut
2200 3025 2486 3093 disciplina
2513 3021 2746 3076 virtutis.
2784 3019 2850 3076 Et
2891 3019 3013 3075 ideo
3058 3019 3250 3074 beatus
3295 3018 3392 3086 qtti

1787 3125 1889 3180 zeli
1941 3122 2150 3176 noverit
2199 3119 2564 3188 disciplinam.
2595 3127 2648 3171 et
2689 3114 2868 3170 oderit
2916 3129 3011 3170 eos
3057 3114 3148 3185 qui
3180 3112 3395 3168 Domini

1787 3215 2012 3288 gratiam
2059 3213 2449 3284 relinquentes,
2489 3210 2716 3264 salutem
2776 3207 3050 3279 propriam
3111 3207 3391 3272 deserant,

92 3315 258 3360 tatem
294 3303 512 3359 Domini
530 3313 850 3376 mereretur,
873 3323 975 3377 qua
1003 3315 1261 3376 operatus
1289 3315 1371 3362 est
1402 3307 1682 3376 Dominus,
1715 3297 1762 3362 C
1791 3323 2007 3367 errores
2025 3305 2126 3362 sibi
2149 3305 2354 3360 fraudis
2379 3303 2706 3358 adsciscunt.

93 3412 152 3454 ut
177 3400 478 3456 Ecclesiam
498 3401 598 3455 sibi
621 3417 684 3455 ex
707 3401 1014 3457 nationibus
1043 3401 1343 3472 copularet.
1375 3401 1537 3458 Zelus
1557 3417 1686 3473 ergo

97 3491 328 3547 Charitas
340 3501 440 3548 est.
473 3492 686 3565 1199
707 3493 946 3564 Denique
968 3493 1139 3548 valida
1163 3505 1234 3549 est
1253 3495 1385 3549 sicut
1407 3511 1544 3549 mors
1565 3495 1688 3549 clta-

97 3587 216 3639 ritas
236 3601 252 3640 :
267 3585 428 3640 durus
443 3586 575 3640 sicut
590 3586 744 3656 inferi
757 3587 896 3640 zelus
914 3585 1089 3657 (Cant.
1111 3602 1228 3654 vut,
1247 3586 1324 3658 6).
1347 3587 1520 3643 Durus
1539 3589 1687 3644 zelus

99 3695 250 3750 quem
275 3680 406 3735 vitae
439 3679 600 3750 hujus
631 3680 774 3735 nulla
805 3681 970 3734 vincit
1003 3680 1279 3736 illecebra.
1328 3679 1506 3736 Durus
1547 3681 1690 3735 sicut

101 3771 272 3838 inferi,
308 3787 400 3842 per
427 3787 586 3842 quem
615 3780 837 3843 peccato
866 3774 1160 3837 morimur;
1193 3783 1250 3828 ut
1273 3773 1519 3829 vivamus
1551 3774 1682 3828 Deo.

177 3864 257 3919 14.
299 3864 486 3934 Angeli
510 3879 724 3937 quoque
755 3867 873 3922 sine
895 3866 1011 3921 zelo
1042 3867 1337 3932 nihilsuttt,
1361 3875 1418 3922 et
1437 3867 1692 3923 substan-

109 3955 192 4010 tiae
215 3973 324 4012 sua:
352 3959 604 4013 amittunt
630 3959 1062 4029 praerogativam,
1097 3960 1200 4014 nisi
1223 3975 1342 4015 eam
1366 3959 1467 4015 zeli
1491 3961 1692 4015 ardore

116 4059 424 4106 sustentem.
469 4051 708 4122 Denique
757 4053 808 4106 in
850 4053 1177 4124 Apocalypsi
1231 4052 1456 4108 Joannis
1513 4053 1692 4108 Domi-

118 4159 212 4198 nus
239 4145 300 4199 ad
332 4144 592 4215 Angelum
616 4145 882 4200 Laodicia:
908 4145 1039 4200 dicit
1064 4161 1082 4199 :
1108 4144 1230 4199 Scio
1251 4161 1409 4214 opera
1439 4157 1526 4199 tua
1555 4161 1574 4199 :
1603 4161 1695 4199 ne.

122 4250 210 4303 que
237 4236 449 4308 [rigidus
475 4254 552 4301 es,
575 4253 734 4308 neque
771 4238 989 4291 calidus.
1043 4234 1252 4292 Utinam
1289 4237 1512 4308 frigidus
1538 4253 1692 4300 esses,

126 4337 205 4381 aut
231 4329 420 4382 calidus
453 4346 471 4384 :
501 4330 590 4383 sed
636 4331 757 4400 quia
788 4331 989 4398 tepidus
1019 4345 1091 4395 es,
1125 4330 1366 4401 incipiam
1393 4341 1441 4384 te
1469 4346 1696 4386 evomere

129 4435 187 4474 ea:
207 4437 286 4476 ore
302 4438 436 4487 meo;
476 4422 595 4493 quia
625 4424 755 4477 dicis
784 4438 802 4476 :
830 4421 981 4476 Dives
1011 4438 1148 4487 sunt,
1191 4433 1242 4478 et
1271 4423 1484 4490 ditatus,
1516 4435 1566 4478 et
1588 4425 1700 4479 nu!-

132 4515 221 4569 lius
241 4533 349 4589 egeo
374 4533 392 4571 :
414 4527 458 4572 e!
485 4519 647 4572 nescis
671 4517 808 4588 quod
829 4529 879 4571 tu
897 4533 948 4572 es
975 4517 1146 4583 miser,
1180 4527 1227 4572 et
1271 4517 1596 4587 miserabilis,
1651 4529 1700 4573 et

135 4612 394 4678 mendicus,
449 4623 494 4667 et
541 4612 730 4678 nudus,
757 4620 803 4665 et
829 4626 1014 4665 ctccus.
1045 4609 1271 4666 Consule
1298 4610 1407 4678 tibi,
1425 4622 1480 4666 ut
1505 4629 1644 4667 emas
1669 4630 1702 4666 a

1862 3404 1948 3457 18.
1993 3401 2224 3470 Ideoque
2277 3399 2400 3452 ait:
2434 3395 2697 3463 Quoniam
2746 3394 2889 3448 obliti
2953 3403 3072 3447 sunt
3125 3392 3394 3447 uerborum

1791 3507 1992 3550 tuorum
2025 3493 2222 3547 inimici
2248 3492 2366 3546 mei.
2398 3489 2499 3558 Qui
2527 3499 2655 3543 sunt
2703 3487 2791 3542 isli
2818 3486 3059 3542 inimici?
3081 3487 3136 3543 Si
3163 3486 3393 3557 populus

1791 3587 2099 3643 Judaeorum
2126 3627 2141 3650 ,
2171 3581 2441 3654 quomodo
2464 3580 2666 3636 inimici
2695 3592 2848 3635 erant
2879 3582 2979 3634 sub
3018 3581 3140 3649 ejus
3166 3579 3395 3649 imperio

1789 3680 2108 3738 constituti?
2157 3678 2322 3732 David
2367 3677 2511 3732 enim
2564 3675 2782 3730 .Ittdaeos
2828 3689 3016 3729 omnes
3056 3687 3224 3743 regno
3272 3688 3396 3743 pro-

1793 3777 1912 3846 prio
1933 3771 2292 3844 gubernabat.
2317 3772 2373 3826 Si
2401 3769 2633 3841 gentiles
2662 3785 2680 3822 :
2703 3767 2976 3839 quomodo
3002 3766 3216 3839 1200
3239 3765 3392 3818 obliti

1793 3867 2085 3922 verborum
2109 3864 2224 3932 Dei,
2258 3863 2349 3933 qui
2397 3864 2564 3932 legem
2598 3862 2808 3914 liotnitti
2842 3863 3200 3914 nesciebant?
3225 3857 3395 3912 Nemo

1796 3959 1939 4014 enim
1969 3957 2070 4011 nisi
2105 3955 2155 4010 id
2177 3953 2318 4024 quod
2345 3953 2638 4023 acceperit,
2690 3951 2936 4007 oblivisci
2969 3959 3163 4020 potest.
3199 3949 3279 4004 llli
3308 3965 3395 4004 er-

1797 4070 1864 4123 go
1894 4052 2096 4106 inimici
2126 4051 2255 4114 mei,
2277 4051 2366 4119 qui
2399 4048 2602 4102 inimici
2621 4049 2717 4111 ttti,
2748 4045 2838 4114 qui
2881 4045 3165 4098 Dominum
3197 4043 3248 4095 in
3278 4056 3401 4110 pto-

1799 4147 1916 4216 pria
1943 4159 2037 4198 sua
2063 4142 2366 4196 venit-mem
2391 4155 2495 4195 non
2525 4152 2681 4194 erant
2725 4137 3018 4206 recepturi.
3068 4134 3178 4189 Hos
3202 4147 3398 4204 graves

1800 4237 2006 4304 hostes,
2034 4235 2133 4289 hos
2161 4233 2407 4289 inimicos
2433 4247 2562 4288 suos
2590 4230 2860 4300 Propheta
2888 4237 3145 4294 testatur;
3184 4242 3290 4280 tton
3307 4223 3401 4294 qui

1801 4332 1903 4388 sibi
1954 4340 2160 4392 essent,
2209 4330 2301 4382 sed
2350 4328 2441 4398 qui
2470 4324 2690 4380 Christo
2717 4324 2971 4380 rebelles.
3009 4322 3250 4390 Denique
3271 4318 3399 4376 alibi

1802 4424 1968 4480 dicit:
1999 4421 2066 4477 Et
2091 4438 2243 4486 super
2263 4421 2499 4474 inimicos
2530 4430 2643 4473 tuos
2673 4416 2986 4471 tabescebam
3011 4431 3030 4468 :
3052 4425 3100 4467 et
3119 4416 3264 4486 justo
3281 4413 3401 4465 odto

1803 4522 2011 4575 oderam
2043 4518 2161 4573 illos
2183 4515 2354 4585 (Psal.
2388 4527 2648 4576 cxxxvtu,
2679 4511 2744 4566 21
2774 4520 2820 4564 et
2848 4508 2975 4581 22.);
3009 4507 3255 4579 graviora
3305 4521 3402 4575 pu-

1807 4625 1925 4668 tans
1942 4627 2090 4666 arma
2122 4608 2360 4680 perﬁdia:
2405 4622 2548 4666 esse.
2581 4621 2740 4676 quam
2795 4617 3006 4672 pugnae.
3040 4599 3211 4655 Nemo
3256 4599 3403 4653 enint

138 4721 207 4759 nte
233 4723 404 4761 aurum
441 4708 556 4778 igne
579 4705 847 4776 probatum
871 4706 1062 4776 (Λροε.
1115 4720 1193 4771 ιιι,
1222 4706 1437 4776 15-18).
1473 4707 1570 4763 Hic
1617 4719 1690 4762 est

1805 4708 2023 4778 gravior
2054 4703 2228 4759 hostis
2252 4701 2515 4762 omnium,
2549 4715 2706 4770 quam
2727 4697 2818 4770 qui
2855 4695 3100 4751 omnium
3124 4693 3273 4750 laedit
3304 4708 3405 4747 att-

141 4800 228 4856 Dei
247 4803 404 4866 zelus,
438 4803 525 4858 hic
545 4812 628 4856 est
656 4802 778 4856 ﬁdei
816 4815 1007 4872 vapor,
1039 4800 1454 4870 devotionisque
1496 4802 1696 4864 fervor.

142 4897 220 4965 qtti
263 4913 350 4953 nos
402 4897 547 4953 velut
595 4911 813 4952 suavem
838 4895 1018 4950 cibum
1065 4895 1118 4950 in
1145 4894 1364 4950 Christo
1389 4895 1704 4952 remollitet

146 4989 333 5048 format.
354 4992 560 5061 Quanta
586 4991 796 5046 Domini
826 4991 1022 5062 gratia,
1049 4999 1106 5045 ut
1133 5004 1231 5045 nos
1250 4991 1303 5046 in
1323 5005 1424 5046 suo
1455 5006 1548 5046 ore
1571 5005 1703 5047 con-

147 5082 328 5152 stituat,
356 5095 408 5140 et
429 5083 687 5154 quasdam
733 5083 1046 5138 meritorum
1096 5093 1405 5137 nostrorum
1455 5084 1706 5153 epuletur

151 5175 310 5248 dapes;
334 5195 415 5245 ac,
447 5180 489 5232 si
517 5193 808 5244 meremur,
836 5176 1083 5242 devoret,
1125 5176 1170 5231 si
1195 5177 1364 5231 nostri
1397 5176 1503 5232 cibi
1531 5179 1712 5234 suavi-

155 5273 320 5328 tatibus
346 5273 668 5328 delectetur.
700 5270 892 5326 Beatus
921 5285 1082 5340 quem
1109 5269 1372 5340 sapientia
1411 5269 1704 5327 devorave-

156 5364 232 5427 rit,
251 5381 392 5436 quem
435 5366 604 5420 virtus
650 5363 917 5430 hauserit,
949 5378 1110 5434 quem
1153 5363 1362 5433 justitia
1392 5365 1662 5436 receperit
1693 5385 1705 5421 :

156 5458 285 5528 culpa
309 5460 353 5515 in
378 5476 442 5514 eo
467 5458 667 5514 habere
698 5472 804 5512 non
849 5465 1027 5529 potest
1071 5459 1397 5529 portionem,
1426 5475 1584 5529 quem
1611 5460 1706 5514 ab-

161 5555 389 5611 sorbuerit
432 5554 680 5610 remissio
713 5561 1097 5623 peccatorum;
1129 5553 1218 5607 ubi
1267 5554 1412 5608 enim
1445 5567 1601 5609 error
1632 5553 1712 5608 iu-

161 5649 325 5716 veniet,
346 5664 500 5720 quem
522 5648 804 5720 integritas
851 5647 1189 5701 immaculata
1239 5647 1574 5717 susceperit?

226 5790 247 5818 λ
281 5781 419 5836 Rom.
441 5779 600 5843 edit.,
624 5777 946 5832 Matltatltias
975 5777 1065 5830 bar
1098 5773 1339 5832 Joannis.
1365 5777 1469 5832 Sed
1497 5787 1720 5847 printer-

197 5867 296 5906 uani
345 5852 480 5922 quod
535 5852 793 5906 abhorret
817 5868 846 5902 a
887 5847 1282 5904 consuetudine
1331 5847 1606 5904 Ambrosii
1651 5847 1722 5902 ab

165 5869 354 5974 ilehrato
373 5932 428 5974 et
455 5921 594 5974 Svro
622 5919 924 5974 istiusmodi
953 5918 1172 5974 nomina
1200 5921 1566 5974 comninuerc.
1598 5936 1717 5974 ont-

188 5919 428 5980 lehraeo'et
455 5921 594 5991 Syro
622 5919 924 5980 istiusmodi
953 5919 1172 5974 nomina
1200 5921 1566 5991 compingerc,
1598 5936 1717 5974 om-

1809 4808 2043 4853 ctorem.
2074 4795 2201 4850 Ideo
2219 4811 2348 4865 ergo
2369 4795 2485 4848 zelo
2518 4808 2712 4864 magno
2741 4790 3038 4861 acquisitus
3067 4798 3149 4844 est
3177 4789 3406 4858 ponulus

1811 4894 2089 4945 nationum
2117 4888 2591 4958 ;qnouiamasuo
2638 4887 2782 4941 Deus
2832 4883 3034 4955 populo
3085 4881 3404 4952 negabatur.

1810 4987 1921 5043 Nec
1938 4985 2079 5044 enim
2109 4992 2361 5056 poterant
2385 4993 2478 5038 aut
2503 4981 2624 5037 ﬁdei
2652 4981 3022 5043 devotionem,
3052 4975 3411 5044 autdiscipli-

1811 5098 1938 5138 nam
1982 5092 2168 5136 tenere
2219 5079 2455 5142 virtutis,
2495 5078 2584 5148 qui
2631 5073 2951 5131 memoriam
3015 5083 3410 5142 praeceptorum

1815 5177 2120 5234 ctelestium
2152 5189 2258 5228 non
2290 5173 2560 5228 tenebant.
2589 5169 2680 5225 Sic
2703 5168 2872 5223 Adam
2903 5165 2971 5220 de
3001 5163 3252 5235 paradiso
3299 5163 3416 5233 eje-

1811 5283 1930 5326 ctus
1959 5311 1976 5337 ,
2004 5269 2083 5325 sic
2106 5267 2336 5340 populus
2363 5264 2672 5322 Judacorum
2698 5262 2766 5319 de
2798 5258 3155 5334 praerogativa
3190 5256 3414 5313 electio—

1813 5367 1897 5422 nis
1913 5366 2168 5420 exclusus
2196 5371 2299 5417 est.

1875 5456 1960 5512 19.
1987 5450 2328 5526 (Vers.liO.)
2344 5450 2627 5520 Sequitur:
2649 5448 2880 5519 Ignitum
2893 5443 3148 5515 eloquium
3168 5451 3313 5495 tuum
3336 5443 3416 5495 ni-

1819 5550 1939 5612 mis,
1959 5558 2004 5601 et
2019 5562 2192 5601 servus
2208 5554 2326 5599 tuus
2350 5543 2534 5597 dilexit
2556 5542 2708 5596 illud.
2725 5539 2904 5610 Ignem
2918 5537 3136 5608 quidem
3151 5533 3417 5588 Dominus

1823 5643 1971 5700 misit
1994 5644 2045 5697 itt
2071 5651 2294 5706 terram,
2315 5654 2426 5693 non
2457 5646 2516 5692 ut
2540 5653 2656 5691 eam
2687 5634 3032 5690 sodomizano
3060 5643 3270 5692 rursus,
3305 5627 3411 5681 sic-

1824 5790 1923 5832 nes
1951 5789 2083 5830 mss.
2109 5781 2164 5828 et
2185 5780 2293 5826 vet.
2321 5770 2452 5825 edit.
2489 5769 2841 5838 rt‘efragantur.
2899 5767 3082 5835 Itaque
3123 5758 3412 5843 lectionem

1825 5847 2098 5917 antiquam
2146 5843 2514 5917 reposuimus,
2550 5846 2759 5896 tametsi
2800 5847 2976 5894 utrum
3006 5851 3067 5891 ea
3105 5842 3268 5889 etiam
3299 5843 3413 5883 suam

1827 5935 1946 5973 cura
1961 5913 2070 5982 ‘sit,
2097 5913 2528 5970 subdubitemns.
