3982 6506
68 335 260 393 1461

1249 328 1314 385 ΙΝ
1353 328 1682 388 PSALMUM
1720 329 1933 389 CXVIII
1967 329 2350 398 EXPOSITIO.

3309 337 3332 396 1
3345 335 3452 393 ιθε

71 457 492 529 despiciens,
521 460 777 532 singulari
808 454 1107 514 certamine
1134 457 1454 523 provocaret
1473 490 1488 515 ,
1519 448 1748 503 timcnti-
1778 453 1828 507 A
1857 449 1972 504 vias
1996 448 2130 504 mihi
2160 456 2291 519 opto
2315 447 2650 505 descendere
2669 489 2683 515 ,
2708 463 2843 521 quas
2873 459 3001 506 ante
3025 451 3261 510 mirabor
3295 471 3308 508 τ
3343 467 3452 510 non

77 551 212 608 bus
261 554 540 622 cateris,
574 555 820 625 paposcit
857 567 887 607 a
928 565 1095 622 rege,
1123 557 1181 603 ut
1221 542 1607 616 congrediendi
1643 541 1747 597 sibi

79 649 492 716 permitteret
515 648 848 704 facultatem.
878 644 1120 702 Necdum
1145 640 1360 712 quidem
1394 646 1546 691 tanto
1572 645 1747 690 certa-

83 739 253 792 mini
333 740 536 795 habilis
586 742 888 795 teStimatus
932 746 1050 802 est,
1087 735 1296 807 1202
1319 745 1443 802 rege
1485 729 1741 784 dicente:

86 833 157 888 Ν
161 851 245 888 οη
274 844 436 905 potes
463 837 538 890 ire
563 836 632 890 ad
653 834 1011 906 Allophylum,
1036 840 1083 886 et
1107 843 1336 900 pugnare
1363 839 1478 879 cum
1501 839 1592 889 eo;
1617 837 1746 891 quo-

84 929 263 984 niam
301 939 368 985 tu
401 945 532 1002 puer
551 946 602 985 es
620 973 634 996 ,
661 941 707 984 et
737 930 829 984 ille
855 929 934 982 vir
960 927 1175 982 bellator
1193 930 1268 976 est
1297 937 1328 974 a
1349 923 1618 994 juventute
1650 934 1744 972 sua

81 1022 138 1091 (Ι
168 1022 327 1095 Reg.
354 1037 491 1086 xvu,
522 1023 639 1090 55).
671 1021 858 1092 Neque
883 1027 1034 1074 esset
1057 1015 1356 1080 admissus,
1389 1012 1493 1067 nisi
1527 1011 1745 1067 fecisset

94 1113 322 1178 fidem,
347 1113 498 1184 quod
533 1113 587 1169 in
610 1128 707 1168 sua
736 1111 1099 1168 adolescentia
1129 1111 1340 1164 leonem
1357 1106 1468 1161 suis
1495 1105 1743 1160 manibus

93 1208 540 1278 strangulatum
566 1248 580 1270 ,
620 1208 879 1262 extractis
926 1214 1092 1275 rapta:
1135 1202 1249 1257 ovis
1288 1199 1536 1255 cruribus
1582 1214 1740 1269 pere-

97 1301 347 1356 misset.
384 1301 508 1371 Ipse
531 1302 696 1356 etiam
731 1300 1017 1368 despectus
1047 1296 1113 1350 ab
1132 1293 1442 1364 Allophylo,
1475 1292 1618 1372 quod
1641 1292 1739 1346 ad.

94 1406 330 1447 versus
357 1403 630 1447 armatum
667 1391 1028 1460 praeliatorem
1060 1402 1182 1442 cum
1211 1388 1361 1456 virga
1387 1392 1442 1438 et
1474 1375 1741 1454 lapidibus

99 1487 532 1558 processisset,
561 1486 745 1542 retulit
773 1500 878 1540 non
901 1483 1104 1538 viribus
1143 1497 1202 1537 se
1239 1482 1437 1536 fretum
1467 1494 1611 1548 esse,
1632 1497 1738 1534 non

101 1577 296 1633 armis
339 1596 352 1630 :
387 1577 482 1632 sed
520 1578 571 1632 in
605 1577 825 1632 nomine
852 1574 1063 1630 Domini
1098 1573 1463 1628 confidentem
1500 1571 1566 1627 ad
1600 1587 1741 1642 prte-

104 1669 254 1724 lium
307 1684 437 1725 esse
474 1682 850 1738 progressum;
886 1676 943 1722 ut
985 1666 1248 1722 lacessita:
1288 1664 1460 1736 plebis
1501 1663 1740 1720 auferret

106 1759 510 1830 approbrium.
539 1759 636 1814 Hic
664 1772 796 1828 ergo
817 1758 1034 1828 juvenis
1051 1801 1068 1826 ,
1092 1768 1252 1830 atque
1277 1757 1568 1829 despectus
1593 1769 1737 1814 stra-

1853 556 2054 596 manna
2085 542 2229 612 quod
2263 551 2393 598 ante
2434 543 2570 598 cibis
2610 544 2864 600 omnibus
2905 545 3291 616 praeferebant;
3323 549 3451 617 quia

1851 634 1944 703 qui
1975 649 2172 687 manna
2205 634 2668 692 manducaverunt
2702 647 2908 708 patres,
2946 639 3275 694 esurierunt.
3303 639 3454 695 Meus

1850 726 2003 782 cibus
2031 735 2115 781 est
2139 769 2153 791 ,
2184 744 2346 796 quem
2388 731 2432 784 si
2464 731 2585 801 quis
2611 731 3053 799 manducaverit,
3082 747 3192 788 non
3220 733 3448 788 esuriet.

1851 819 2000 875 Meus
2020 819 2174 874 cibus
2196 832 2299 888 est,
2333 823 2423 891 qui
2452 838 2561 878 non
2597 838 2797 894 corpus
2827 825 3159 896 impinguat,
3190 826 3286 882 sed
3316 841 3450 882 con-

1849 911 2029 967 firmat
2051 926 2148 968 cor
2175 911 2435 968 hominis.

1917 1007 2006 1060 27.
2061 1005 2258 1061 Fuerat
2299 1005 2437 1060 mihi
2478 1017 2607 1063 ante
2648 1008 2928 1065 mirandus
2978 1009 3132 1080 panis
3169 1009 3239 1064 de
3275 1009 3445 1074 coelo;

1846 1099 2107 1169 scriptum
2140 1107 2225 1154 est
2254 1099 2400 1153 enim
2437 1115 2450 1152 :
2486 1097 2684 1154 Panem
2713 1102 2777 1156 de
2802 1103 2928 1156 creto
2959 1101 3104 1156 dedit
3133 1103 3204 1156 eis
3231 1103 3451 1156 mandu-

1846 1209 1960 1246 care
1990 1189 2174 1264 (Joan.
2205 1207 2278 1257 Vl,
2307 1190 2399 1262 3i)
2435 1208 2448 1246 :
2487 1193 2582 1248 sed
2624 1209 2730 1248 non
2772 1203 2892 1250 erat
2915 1209 3078 1250 verus
3120 1195 3212 1250 ille
3249 1196 3406 1265 panis
3433 1236 3448 1255 .

1846 1286 1941 1341 sed
1972 1283 2139 1340 futuri
2169 1284 2381 1340 umbra.
2423 1287 2634 1359 1203
2656 1287 2858 1342 Panem
2891 1289 2958 1343 de
2989 1290 3130 1346 cmlo
3161 1289 3316 1344 illum
3349 1305 3448 1344 ve-

1844 1394 1965 1434 rum
1997 1378 2129 1433 mihi
2156 1379 2390 1434 servavit
2414 1379 2596 1434 Pater.
2626 1380 2752 1435 Mihi
2783 1381 2875 1436 ille
2905 1382 3060 1451 panis
3087 1381 3183 1435 Dei
3212 1381 3448 1436 descen-

1843 1472 1924 1527 dit
1951 1472 2018 1527 de
2047 1473 2216 1538 caelo,
2240 1474 2329 1544 qui
2357 1475 2523 1530 vitam
2556 1475 2649 1530 dat
2674 1475 2798 1531 huic
2837 1476 3065 1530 mundo.
3097 1475 3218 1530 Non
3243 1475 3450 1530 Judaris

1841 1567 2153 1634 descendit,
2194 1582 2298 1621 non
2345 1567 2645 1639 Synagoga:
2677 1567 2959 1624 descendit
2991 1587 3004 1622 :
3036 1567 3132 1623 sed
3177 1567 3442 1622 Ecclesim

1842 1660 2126 1717 descendit
2158 1678 2170 1713 :
2200 1660 2294 1715 sed
2341 1661 2542 1731 populo
2585 1660 2681 1716 Dei
2713 1661 2922 1730 iuniori
2968 1660 3275 1717 descendit.
3309 1659 3446 1715 Nam

1841 1754 2118 1827 quomodo
2147 1754 2348 1811 Judacis
2388 1755 2676 1812 descendit
2715 1757 2869 1826 panis
2914 1758 3004 1828 qui
3036 1759 3200 1812 vitam
3249 1755 3443 1818 dedit;

106 1851 194 1905 vit
226 1850 616 1922 Allupbylum,
642 1850 950 1922 potitusque
981 1851 1238 1917 victoria,
1274 1852 1325 1905 itt
1357 1851 1544 1906 decem
1574 1851 1737 1907 tnilli-
1766 1881 1812 1941 Β
1841 1863 1962 1904 cum
2003 1861 2194 1902 omnes
2245 1847 2336 1918 qui
2384 1847 2536 1902 illum
2578 1863 2769 1917 panem
2809 1849 3304 1916 manducaverunt,
3341 1847 3446 1902 hoc

103 1946 217 2000 bus
231 1945 656 2014 juvencularum
678 1945 1018 2014 psallentium
1035 1945 1345 1999 testimonio
1365 1945 1732 2015 triumphavit.

185 2039 289 2095 25.
337 2038 579 2096 Gerebat
600 2039 744 2094 enim
777 2047 963 2110 typum
991 2040 1109 2109 ejus
1139 2039 1230 2108 qui
1269 2038 1423 2108 quasi
1450 2039 1738 2110 despectus

107 2143 396 2186 venturus
425 2139 574 2187 esset
611 2130 666 2184 in
701 2136 879 2185 terras
903 2171 917 2195 ,
945 2140 997 2184 et
1033 2129 1154 2185 sine
1187 2130 1398 2200 legato,
1432 2131 1550 2185 sine
1584 2131 1737 2201 adju-

111 2230 268 2286 tore,
305 2225 433 2277 sine
460 2223 653 2277 nuntio
681 2231 850 2276 totum
875 2221 1133 2291 populum
1155 2221 1341 2276 mundi
1367 2221 1532 2291 hujus
1558 2222 1737 2276 crucis

109 2328 235 2368 suae
271 2315 466 2383 praelio
491 2314 753 2369 liberaret
787 2331 802 2369 ;
833 2312 920 2368 cui
947 2313 1335 2384 applaudereut
1361 2313 1555 2368 animae
1582 2327 1737 2370 sanc-

113 2417 333 2474 torum,
362 2423 460 2477 per
484 2407 827 2476 baptismatis
842 2414 1242 2462 sacramentum
1274 2414 1566 2470 renovatae,
1591 2406 1735 2476 quod

115 2517 315 2556 verum
348 2501 504 2556 illum
547 2499 759 2556 Goliam
799 2499 1096 2555 revelatum
1143 2500 1334 2565 nobis,
1366 2513 1430 2554 ac
1465 2498 1735 2569 proditum

116 2596 276 2651 verbi
305 2597 388 2650 sui
412 2595 596 2665 gladio
623 2595 970 2650 trucidasset.
995 2596 1147 2650 Jacet
1174 2597 1339 2665 igitur
1364 2609 1525 2650 verus
1550 2593 1736 2650 Colias

121 2689 444 2743 humilitate
496 2687 618 2742 Filii
671 2688 766 2742 Dei
812 2695 1053 2742 stratus:
1082 2687 1262 2742 amisit
1299 2697 1460 2757 caput
1497 2687 1638 2757 quod
1681 2689 1735 2742 in

124 2783 330 2840 multas
361 2789 509 2837 artes
531 2782 776 2836 vertebat
797 2791 853 2836 et
874 2780 1112 2837 fraudes.
1129 2781 1373 2835 Psallunt
1394 2795 1603 2836 securae
1624 2781 1736 2850 jam

125 2878 354 2941 animas,
386 2891 508 2944 qua:
539 2882 666 2928 ante
704 2881 1052 2944 peccatorum
1083 2888 1304 2928 suorum
1344 2881 1618 2927 tormenta
1646 2873 1739 2927 de-

129 2971 358 3024 ﬂebant.
404 2967 598 3021 Dicunt
637 2964 914 3036 tympanis
939 3007 952 3030 ,
989 2965 1089 3020 hoc
1129 2974 1242 3029 est,
1272 2963 1597 3034 corporibus
1626 2964 1738 3018 suis

131 3070 364 3132 peccato
418 3059 649 3116 mortuis
694 3058 1022 3114 resultantes
1074 3073 1088 3110 :
1139 3057 1268 3114 Saul
1310 3057 1645 3124 trimnphavit
1683 3057 1739 3110 in

130 3156 362 3210 millibus
391 3170 408 3208 :
444 3152 616 3207 David
655 3153 707 3206 in
733 3151 906 3205 decem
949 3151 1176 3206 millibus
1203 3150 1246 3221 (I
1283 3150 1414 3222 Reg.
1461 3164 1620 3216 xvnt,
1652 3150 1732 3218 '1).

137 3251 252 3306 liex
280 3249 372 3304 ille
405 3248 573 3303 durus
603 3246 912 3316 indignatur
937 3285 952 3312 ,
980 3253 1036 3299 et
1071 3244 1322 3299 irascitur
1348 3242 1595 3297 diabolus
1624 3258 1638 3308 ;
1669 3256 1734 3296 eo
1763 3277 1809 3342 Ο

135 3344 278 3415 quod
312 3348 572 3397 canerent
607 3339 908 3408 iuvencula:
945 3337 1071 3406 quia
1103 3335 1318 3390 duritiae
1359 3334 1500 3388 filius
1533 3348 1732 3404 paucos

137 3435 368 3505 decepit;
399 3432 648 3488 Christus
674 3439 845 3486 totum
873 3430 1131 3485 mundum
1156 3428 1402 3485 redemit.
1440 3426 1577 3483 Dicit
1603 3441 1733 3498 ergo

139 3531 384 3586 Christus
415 3535 575 3581 natus
628 3539 693 3580 ex
727 3523 950 3595 Virgine
983 3541 995 3576 :
1026 3522 1242 3578 Iuvenis
1272 3539 1366 3594 ego
1388 3537 1499 3575 sum
1521 3563 1537 3589 ,
1567 3531 1613 3575 et
1645 3521 1734 3575 de-

142 3631 338 3694 spectus
363 3638 380 3676 :
393 3619 798 3694 justi/icutiones
832 3627 946 3672 tuas
968 3633 1072 3671 non
1097 3633 1210 3670 sum
1239 3617 1442 3670 oblitus.

209 3717 298 3772 26.
339 3716 475 3771 Diclt
510 3714 672 3770 etiam
715 3713 948 3785 populus
991 3714 1301 3777 nationum,
1336 3712 1428 3766 illc
1469 3711 1522 3766 in
1557 3710 1732 3782 prima

143 3810 405 3867 electione
445 3810 767 3880 despectus,
801 3807 950 3864 rudis
988 3807 1164 3863 adhuc
1202 3809 1254 3862 in
1297 3806 1438 3874 fide,
1471 3815 1524 3861 et
1551 3807 1731 3861 studio

148 3906 413 3976 primaeva:
440 3903 746 3958 devotionis
778 3901 1127 3965 adolescens,
1155 3900 1240 3954 vel
1269 3906 1415 3954 certe
1436 3910 1730 3954 renovatus

147 3997 331 4067 aquilae
356 3996 636 4066 juventute
674 4008 772 4064 per
797 3993 1138 4062 baptismatis
1159 4000 1495 4046 sacramenta
1532 4009 1544 4044 :
1573 3988 1731 4044 Juve-

149 4091 225 4144 nis
250 4104 338 4159 ego
367 4103 501 4152 sum,
533 4097 580 4141 et
601 4086 871 4157 despectus
898 4101 913 4139 :
931 4085 1329 4157 justiﬁcationes
1355 4093 1469 4137 tuas
1493 4098 1592 4137 non
1619 4099 1731 4136 sum

149 4181 348 4234 oblitus.
378 4178 472 4233 Ille
508 4194 609 4247 ego
647 4179 938 4245 despectus
965 4189 1092 4232 ante
1116 4217 1128 4240 ,
1151 4177 1261 4246 jam
1292 4176 1552 4246 prmleror
1576 4218 1590 4243 ,
1619 4177 1730 4246 jam

152 4281 440 4341 anteponor
468 4270 680 4326 electis.
711 4269 808 4324 Ille
845 4279 970 4322 ante
1004 4269 1297 4338 despectus
1338 4268 1573 4338 populus
1604 4283 1730 4338 pec-

153 4375 418 4428 catorum,
465 4362 640 4417 habeo
697 4361 1002 4419 cmleStium
1049 4369 1516 4416 sacramentorum
1568 4377 1734 4418 vene-

156 4457 314 4514 randa
342 4457 636 4512 consortia.
670 4455 788 4511 .Iam
821 4467 1023 4509 mensae
1052 4453 1298 4508 ccclestis
1325 4454 1530 4511 honore
1558 4456 1730 4511 susci-

159 4553 266 4624 pior
297 4569 309 4604 :
347 4550 519 4620 epulis
564 4551 700 4605 meis
746 4564 851 4602 non
889 4549 1068 4618 pluvia
1113 4547 1346 4603 nudatur
1371 4590 1384 4613 ,
1418 4566 1521 4604 non
1570 4561 1730 4606 terrai

1843 1951 1926 1997 est
1951 1983 1966 2008 ,
1991 1955 2217 2007 manna,
2253 1956 2411 2010 quem
2436 1949 2762 2010 putaverunt
2790 1939 2962 1997 Judaei
2991 1957 3178 1998 verum
3207 1956 3401 2014 panem
3431 1984 3444 2004 ,

1845 2037 1896 2090 in
1942 2035 2162 2091 deserto
2205 2035 2404 2089 mortui
2448 2035 2619 2091 sunt?
2673 2035 2961 2104 Quomodo
3003 2035 3303 2109 Synagogac
3345 2033 3442 2088 de-

1841 2129 2056 2187 scendit
2081 2147 2096 2195 ;
2120 2145 2244 2184 cum
2272 2127 2553 2200 Synagoga
2583 2131 2760 2184 omnis
2802 2130 3100 2196 interierit,
3135 2139 3190 2184 et
3237 2139 3448 2184 aeterno

1835 2221 2045 2292 jejunio
2075 2219 2196 2276 fidei
2222 2231 2491 2276 macerata
2519 2220 2820 2277 defecerit?
2847 2222 3093 2292 Denique
3115 2221 3161 2277 si
3189 2221 3406 2291 accepis
3424 2253 3440 2260 -

1840 2324 1965 2372 sent
1996 2330 2186 2386 panem
2216 2330 2429 2381 verum,
2460 2333 2565 2370 non
2599 2313 2863 2371 dixissent
2895 2334 2906 2370 :
2940 2311 3183 2385 Domine,
3211 2315 3278 2369 da
3301 2315 3446 2369 nobis

1840 2424 2039 2479 semper
2065 2423 2252 2478 panem
2270 2407 2407 2461 hunc
2441 2406 2634 2479 (Ibid.,
2660 2406 2772 2478 54).

1911 2501 2002 2556 28.
2044 2499 2183 2569 Quid
2231 2500 2399 2570 petis,
2445 2499 2664 2568 Judaee;
2715 2512 2770 2556 ut
2814 2502 3014 2557 tribuat
3059 2501 3156 2557 tibi
3209 2515 3443 2569 panem,

1841 2609 2000 2663 quem
2042 2595 2135 2648 dat
2163 2595 2417 2649 omnibus
2437 2637 2452 2663 ,
2481 2594 2577 2650 dat
2599 2606 2624 2633 ει
2648 2594 2892 2666 quotidie
2912 2639 2926 2663 ,
2962 2595 3057 2650 dat
3101 2594 3358 2665 semper?
3389 2595 3444 2648 In

1842 2693 1894 2740 te
1924 2685 2042 2754 ipso
2063 2696 2167 2752 est,
2202 2697 2260 2740 ut
2288 2687 2524 2758 accipias
2552 2686 2697 2743 hunc
2725 2702 2923 2758 panem
2952 2705 2964 2740 :
2992 2687 3188 2742 accede
3211 2685 3275 2740 ad
3302 2685 3449 2740 hunc

1844 2794 2067 2848 panem,
2097 2788 2154 2835 et
2179 2781 2418 2849 accipies
2449 2797 2596 2837 eum.
2641 2783 2715 2836 De
2765 2783 2868 2837 hoc
2909 2797 3047 2852 pane
3075 2782 3276 2836 dictum
3311 2789 3395 2835 est
3428 2797 3443 2834 :

1847 2870 2034 2925 Omnes
2064 2872 2149 2941 qui
2180 2873 2424 2944 elongant
2449 2890 2503 2933 se
2528 2873 2619 2927 abs
2655 2883 2702 2927 te
2726 2913 2741 2940 ,
2772 2874 3009 2943 peribunt
3039 2872 3216 2944 (Psal.
3247 2887 3396 2927 Lxxn
3428 2914 3444 2938 ,

1841 2964 1958 3037 9.7).
1989 2963 2043 3020 Si
2078 2974 2128 3021 te
2155 2967 2493 3036 elongaveris
2534 2967 2602 3022 ab
2631 2982 2730 3032 eo,
2763 2967 2968 3038 peribis
3003 2986 3016 3022 :
3061 2968 3106 3023 si
3150 2967 3446 3037 apprOpin-

1842 3060 2095 3125 quaveris
2134 3060 2202 3114 ad
2250 3075 2404 3126 eum,
2439 3062 2612 3117 vives.
2653 3062 2752 3117 Hic
2797 3071 2881 3118 est
2920 3063 3076 3132 panis
3119 3061 3242 3115 vita:
3289 3079 3301 3115 :
3350 3060 3442 3132 qui

1841 3166 1974 3222 ergo
2011 3153 2176 3206 vitam
2227 3154 2535 3221 manducat,
2569 3156 2706 3210 mori
2757 3172 2862 3211 non
2907 3165 3106 3226 potest.
3158 3153 3445 3221 Quomodo

1843 3243 1985 3298 enim
2025 3244 2313 3312 morietur,
2347 3247 2432 3300 cui
2478 3247 2633 3300 cibus
2670 3244 2781 3301 vita
2819 3247 2946 3302 est?
2982 3245 3265 3314 Quomodo
3309 3243 3442 3300 deli-

1840 3335 1968 3400 cict,
1999 3334 2088 3406 qui
2120 3336 2369 3392 habuerit
2399 3338 2616 3392 vitalem
2650 3337 3054 3395 substantiam?
3081 3335 3339 3392 Accedite
3370 3337 3438 3391 ad

1838 3443 1982 3494 eum,
2016 3437 2070 3483 et
2093 3430 2386 3497 satiamini,
2415 3429 2539 3502 quia
2573 3432 2727 3501 panis
2756 3438 2839 3487 est
2870 3446 2883 3484 :
2917 3429 3160 3486 accedite
3180 3429 3247 3486 ad
3269 3443 3392 3485 eum
3422 3473 3440 3494 ,

1837 3531 1891 3576 et
1924 3529 2100 3590 potate
2125 3537 2140 3588 ;
2165 3523 2292 3594 quia
2322 3522 2441 3579 fons
2469 3534 2554 3579 est
2586 3539 2600 3578 :
2634 3525 2876 3581 accedite
2917 3525 2982 3581 ad
3016 3539 3138 3580 eum
3168 3568 3183 3593 ,
3210 3533 3266 3581 et
3311 3524 3439 3579 illu-

1835 3612 2150 3680 minamini;
2184 3615 2309 3685 quia
2337 3615 2428 3671 lux
2457 3628 2540 3672 est
2570 3634 2583 3670 :
2612 3618 2856 3674 accedite
2881 3619 2947 3673 ad
2975 3634 3122 3685 eum,
3153 3627 3208 3674 et
3238 3617 3440 3674 libera-

1836 3707 1968 3760 mini
1994 3724 2007 3772 ;
2039 3707 2160 3776 quia
2191 3708 2275 3763 ubi
2297 3710 2507 3781 spiritus
2525 3707 2756 3778 Domini,
2783 3712 2854 3766 ibi
2884 3710 3090 3766 libertas
3110 3709 3177 3783 (II
3201 3708 3324 3766 Cor.
3353 3725 3438 3776 nt,

1838 3800 1926 3871 i7)
1963 3819 1974 3854 :
2002 3801 2245 3858 accedite
2266 3803 2332 3858 ad
2351 3819 2497 3867 eum,
2527 3813 2580 3859 et
2606 3806 2988 3873 absolvimini;
3023 3805 3146 3876 quia
3180 3804 3438 3860 remissio

1836 3902 2178 3964 peccaturum
2205 3904 2306 3951 est.
2339 3895 2473 3963 Quis
2503 3898 2571 3952 sit
2597 3899 2701 3953 iste
2727 3899 3008 3969 quaeritis?
3027 3896 3227 3952 Audite
3259 3898 3433 3966 ipsum

1835 3987 2106 4041 dicentem
2144 4005 2156 4039 :
2192 3987 2303 4059 Ego
2325 4005 2440 4042 sum
2463 3990 2611 4058 panis
2636 3991 2754 4044 vita:
2778 3992 2898 4060 :qui
2930 3991 3067 4044 venit
3092 3990 3160 4043 ad
3184 4004 3264 4042 me
3286 4031 3299 4051 ,
3333 4005 3433 4042 non

1833 4083 2022 4135 esuriet
2049 4098 2067 4135 :
2093 4091 2139 4135 et
2171 4082 2260 4149 qui
2283 4083 2441 4136 credit
2467 4083 2521 4136 in
2541 4097 2622 4137 me
2642 4126 2656 4149 ,
2681 4099 2782 4136 non
2817 4083 2953 4137 sitiet
2986 4099 3227 4153 umquam
3250 4079 3431 4154 (Jomt.

1836 4190 1908 4238 v1,
1935 4173 2049 4245 55).
2073 4173 2315 4230 Audistis
2343 4191 2485 4242 cum,
2517 4185 2573 4232 et
2601 4177 2808 4232 vidistis
2839 4193 2962 4232 eum
2985 4220 3000 4243 ,
3032 4187 3085 4231 et
3115 4192 3222 4230 non
3252 4174 3434 4230 credi-

1835 4267 1993 4322 distis
2016 4268 2104 4333 ei;
2146 4268 2270 4324 ideo
2317 4269 2515 4324 mortui
2557 4270 2688 4324 estis
2721 4287 2734 4322 :
2766 4270 2849 4325 vel
2899 4281 3043 4324 nunc
3091 4266 3298 4323 credite
3327 4311 3340 4332 ,
3379 4277 3438 4322 ut

1835 4362 2057 4432 possitis
2085 4362 2285 4418 vivere.

1903 4455 1994 4511 29.
2027 4455 2132 4512 Sed
2156 4455 2428 4512 miramini
2454 4457 2698 4531 Moysen,
2725 4457 2848 4528 quia
2878 4466 3063 4529 patres
3093 4465 3307 4513 vestros
3339 4471 3435 4528 per

1835 4563 1983 4603 mare
2025 4550 2184 4604 siccis
2225 4551 2382 4604 duxit
2417 4551 2682 4621 vestigiis.
2707 4550 2920 4622 Moyses
2961 4565 3070 4606 non
3124 4549 3432 4620 imperavit,
3527 4607 3530 4610 ,

159 4655 329 4716 partes
358 4645 598 4710 laborat,
629 4656 735 4699 non
758 4643 1012 4706 arborum
1044 4640 1269 4697 fructus.
1299 4642 1452 4697 Potui
1480 4660 1600 4700 meo
1622 4661 1728 4702 non
1756 4667 1814 4728 D
1839 4640 1934 4695 sed
1967 4640 2272 4710 impetravit
2300 4661 2313 4697 :
2350 4656 2457 4697 non
2481 4642 2644 4711 jussit
2670 4643 2828 4711 mari,
2859 4644 2951 4699 sed
2977 4641 3433 4712 scrvivitjubenti

160 4739 358 4795 ﬂumina
381 4738 696 4808 quaarenda,
729 4752 834 4792 non
869 4738 1044 4791 fontes
1077 4755 1088 4789 :
1117 4733 1366 4791 Christus
1397 4738 1528 4792 mihi
1551 4739 1726 4805 cibus,

161 4831 386 4887 Christus
435 4831 562 4885 mihi
617 4840 776 4900 potus
810 4847 822 4882 :
857 4844 986 4883 caro
1036 4829 1132 4884 Dei
1175 4830 1328 4883 cibus
1368 4830 1521 4896 mihi,
1548 4838 1604 4886 et
1635 4831 1730 4886 Dei

163 4925 357 4995 sanguis
385 4934 540 4992 potus
569 4933 655 4978 est
692 4923 843 4976 tnihi.
875 4922 995 4978 Non
1030 4924 1140 4992 jam
1173 4923 1241 4976 ad
1279 4924 1584 4978 satietatem
1623 4925 1730 4979 mei

167 5034 353 5074 annuos
379 5025 637 5087 exstiecto
680 5029 977 5087 proventus
999 5061 1013 5083 ,
1039 5017 1288 5072 Christus
1324 5017 1452 5072 mihi
1488 5019 1727 5088 quotidie

169 5112 500 5168 ministratur.
528 5109 646 5164 Non
675 5111 924 5182 verebor,
953 5126 1019 5165 ue
1043 5126 1146 5180 qua
1179 5110 1455 5165 mihicum
1487 5111 1610 5166 cteli
1644 5111 1727 5166 iu-

169 5205 457 5274 temperies,
489 5209 583 5256 aut
611 5202 872 5257 sterilitas
903 5203 1045 5258 ruris
1089 5203 1370 5257 imminuat
1390 5243 1403 5267 ,
1433 5203 1478 5257 si
1508 5204 1579 5273 pii
1616 5205 1728 5259 cul-

168 5308 242 5354 tus
267 5295 530 5368 diligentia
566 5301 892 5365 perseveret.
939 5294 1053 5348 Non
1085 5295 1197 5364 jam
1237 5296 1579 5351 coturnicum
1611 5297 1728 5366 plu-

234 5503 255 5529 α
280 5491 658 5546 Perseverabat
685 5489 862 5562 adhuc
893 5486 945 5541 in
984 5488 1222 5562 Ecclesia
1254 5488 1470 5544 Mediol.
1501 5493 1722 5562 antiqua

179 5566 379 5619 ﬁdelium
414 5561 753 5617 consuetudo
782 5574 886 5629 qua
917 5560 1157 5627 quotidie
1193 5575 1359 5616 sacra:
1386 5560 1728 5621 communio-

178 5639 250 5691 nis
282 5635 547 5705 participes
592 5632 709 5688 fieri
748 5630 1017 5705 solebant.
1062 5631 1196 5684 Ilinc
1221 5634 1304 5705 in
1338 5633 1431 5689 lib.
1464 5651 1496 5688 v
1527 5635 1594 5690 de
1635 5637 1730 5692 Sa-

181 5701 324 5762 cram.
347 5701 552 5778 capit:
581 5705 784 5778 Accipe
805 5701 1061 5778 quotidie,
1093 5704 1226 5778 quod
1249 5704 1338 5757 tibi
1363 5707 1593 5772 quotidie
1615 5725 1732 5778 pro-

181 5779 371 5842 sit,etc.
413 5772 518 5833 Sed
552 5772 738 5831 monet
772 5776 914 5829 idetn
949 5783 1138 5827 auctor
1159 5772 1375 5829 Graecos
1417 5789 1527 5830 tum
1563 5772 1732 5833 semel

186 5852 229 5921 iu
257 5863 374 5904 anno
405 5848 753 5906 Eucltaristiac
785 5846 1168 5905 communione
1201 5855 1502 5907 contentos.
1535 5849 1588 5903 ltt
1619 5851 1734 5929 ple.

1839 4732 2112 4788 ﬂuctibus.
2147 4733 2367 4806 Moysen
2397 4735 2628 4789 laudatis
2649 4776 2662 4798 ,
2687 4737 2812 4805 quia
2841 4750 3025 4806 regem
3057 4733 3270 4790 Pharao
3305 4749 3428 4789 cum

1837 4827 2075 4880 exercitu
2107 4839 2205 4881 suo
2255 4829 2480 4883 mersit:
2512 4827 2724 4898 Moyses
2779 4830 2999 4896 orabat,
3037 4839 3091 4884 et
3127 4829 3268 4883 alius
3330 4829 3434 4882 itu-

1838 4921 2080 4988 perabat.
2130 4922 2341 4993 Moyses
2386 4925 2706 4991 precabatur
2734 4966 2747 4990 ,
2788 4924 3033 4980 Chrisuts
3079 4925 3432 4996 operabatur.

1836 5012 2048 5085 Moyses
2072 5014 2306 5084 fugiebat
2332 5057 2345 5080 ,
2368 5013 2619 5071 Christus
2645 5018 3052 5087 insequebatur.
3097 5018 3313 5088 Moyses
3343 5032 3435 5072 co‘

1834 5112 2072 5165 lumnam
2109 5111 2438 5181 sequebatur
2460 5154 2473 5176 ,
2503 5119 2563 5164 ut
2583 5119 2878 5165 nocturnas
2906 5110 3161 5165 tenebras
3191 5111 3437 5166 declina-

1832 5214 1956 5260 ret:
1995 5201 2249 5259 Christus
2288 5204 2644 5258 illuminabat.
2686 5204 2902 5274 Moysen
2945 5203 3276 5273 agnoscitis,
3307 5205 3435 5273 quia

1834 5313 1988 5370 aquae
2013 5297 2430 5354 amaritudinem
2462 5299 2808 5368 temperavit.
2849 5297 3068 5368 Moysen
3099 5297 3393 5367 agnoscitis
3419 5339 3434 5363 ,

1833 5496 2015 5565 risque
2037 5509 2172 5550 vero
2188 5494 2496 5551 Occidentis
2521 5493 2782 5552 Ecclesiis
2803 5509 2920 5551 mos
2940 5495 3272 5564 quotidianae
3290 5509 3438 5549 com-

1837 5566 2106 5620 munionis
2139 5567 2189 5620 itt
2220 5567 2630 5622 desuetudinem
2661 5569 2862 5622 abierat
2885 5610 2901 5632 ,
2933 5567 3073 5621 adeo
3101 5578 3158 5620 ut
3191 5565 3433 5635 episcopi

1835 5639 2033 5707 aliique
2072 5637 2348 5692 doctiores
2371 5637 2470 5692 viri
2499 5655 2618 5691 eum
2663 5655 2762 5692 nec
2806 5638 3297 5706 reprehenderent,
3331 5651 3432 5690 nec

1837 5709 2140 5764 laudarent.
2185 5710 2406 5763 Hieron.
2451 5709 2609 5780 epist.
2649 5709 2718 5765 50
2758 5709 2822 5765 ad
2869 5708 3204 5766 Pammacln.
3236 5715 3288 5760 et
3317 5708 3430 5760 Au-

1837 5789 1980 5850 gust.
2010 5782 2173 5849 epist.
2203 5780 2270 5835 ad
2295 5780 2513 5835 Ianuar.
