4104 6350
437 221 575 278 1465

1761 211 2006 270 SANCTI
2044 213 2367 270 AMBROSII

3601 207 3738 265 1164

427 337 553 407 quia
582 348 776 408 aquam
801 335 1056 406 produxit
1085 335 1154 391 de
1187 342 1336 404 petra
1370 348 1384 388 :
1414 329 1690 386 Christum
1723 344 1830 386 non
1861 344 2031 400 agno—
2056 330 2111 388 A
2141 329 2437 386 arbitratus
2480 343 2605 386 esse
2632 345 2693 386 se
2723 330 2990 402 aqualem
3017 328 3130 386 Deo
3151 370 3165 396 ,
3199 330 3428 384 formam
3465 325 3609 383 servi
3637 325 3741 381 sibi

432 431 606 496 scitis,
635 431 728 502 qui
749 433 862 486 veri
887 430 1029 486 illius
1056 426 1290 500 ngyptii
1323 425 1466 496 regis
1493 426 1686 480 stravit
1707 425 2034 490 exercitum,

437 531 493 579 et
522 524 706 596 abyssi
738 525 926 579 mersit
962 519 1232 594 profundo
1263 537 1275 574 :
1306 519 1396 589 qui
1427 533 1528 574 nos
1563 517 1758 573 liberat
1793 515 2039 589 quotidie

435 619 506 674 de
546 619 730 674 mundi
761 618 917 687 hujus
958 616 1248 679 fluctibus;
1278 627 1346 669 ne
1375 627 1473 667 nos
1498 611 1680 666 smculi
1709 610 1873 680 hujus
1908 626 2038 681 pro-

439 713 580 768 cella
614 711 916 781 demergat.
959 708 1098 777 Quid
1147 705 1346 778 profuit
1385 703 1640 775 patribus
1674 703 1907 758 transire
1947 719 2043 772 per

442 819 594 858 mare
623 803 887 865 Rubrum,
917 801 1114 869 quibus
1139 798 1204 852 ad
1237 808 1433 852 terram
1465 792 1904 865 repromissionis
1935 807 2041 847 non

439 897 596 952 licuit
657 893 999 966 pervenire?
1052 891 1393 960 Quicumque
1451 891 1596 944 enim
1666 888 1919 943 exierunt
1975 885 2045 941 de

445 990 719 1058 Egypto,
756 989 1032 1059 perierunt
1071 986 1122 1041 in
1174 987 1414 1042 deserto.
1456 984 1698 1040 Mortuus
1727 981 2043 1049 estAaron,

443 1092 656 1138 mortua
697 1093 782 1136 est
819 1081 981 1134 Maria
1005 1123 1019 1147 ,
1047 1089 1295 1135 mortuus
1325 1087 1408 1133 est
1435 1085 1489 1132 et
1520 1077 1636 1146 ipse
1667 1076 1880 1147 Moyses
1914 1092 1925 1128 :
1959 1088 2048 1128 so-

445 1178 556 1231 lum
597 1175 780 1231 .lcsum
824 1175 970 1230 Nave
1003 1174 1235 1230 nominis
1266 1173 1406 1227 sacri
1438 1168 1742 1226 similitudo
1783 1167 2044 1223 servavit.

450 1268 678 1324 Plaudat
725 1269 980 1334 Iudaeus;
1029 1269 1154 1340 quia
1189 1266 1393 1322 sitienti
1433 1264 1508 1319 illi
1557 1262 1754 1318 undam
1797 1276 1927 1316 saxa
1955 1274 2050 1315 vo-

449 1373 703 1419 muerunt
730 1381 743 1417 :
775 1363 906 1418 mihi
930 1362 997 1418 de
1038 1375 1268 1432 corpore
1308 1358 1402 1413 Dei
1427 1357 1548 1412 fons
1577 1355 1733 1410 ﬂuxit
1759 1363 1996 1409 :etcrnus
2033 1370 2046 1406 :

451 1474 601 1514 meas
631 1458 1025 1534 amaritudines
1067 1457 1205 1512 bibit
1235 1453 1489 1512 Christus
1513 1469 1526 1520 ;
1550 1460 1610 1506 ut
1638 1448 1769 1505 mihi
1797 1463 1914 1504 suae
1954 1446 2051 1502 do-

449 1563 605 1610 naret
627 1555 816 1624 gratia:
847 1553 1192 1609 suavitatem.

522 1691 612 1747 50.
634 1689 771 1758 Dicit
795 1705 924 1760 ergo
952 1689 1184 1758 populus
1203 1685 1545 1742 Christianus

453 1879 660 1933 oblitus.
697 1877 840 1932 Bene
869 1876 973 1930 hoc
1008 1875 1161 1937 dicit,
1195 1873 1284 1942 qui
1305 1870 1622 1942 justificavit
1656 1869 1820 1923 Deum
1853 1865 2056 1934 baptis-

455 1973 612 2024 matis
665 1967 1040 2024 sacramentis.
1095 1966 1196 2034 Qui
1246 1966 1389 2021 enim
1439 1963 1767 2034 baptizatur,
1793 1960 2056 2031 justilicat

455 2062 661 2128 Deum;
693 2065 818 2132 quia
849 2068 1066 2130 peccata
1103 2059 1319 2130 propria
1352 2058 1662 2120 conﬁtetur,
1688 2063 1742 2110 et
1768 2070 1796 2108 a
1829 2054 2058 2108 Domino

456 2173 676 2212 Suorum
701 2164 726 2192 ³
752 2153 1091 2226 prmstolatur
1118 2151 1510 2221 indulgentiam
1540 2157 1906 2219 peccatorum.
1965 2145 2060 2200 Ju-

377 2301 380 2304 .
453 2250 710 2306 stificavit
735 2247 923 2314 David,
953 2248 1043 2318 qui
1074 2247 1149 2301 ait
1183 2261 1200 2299 :
1229 2243 1346 2299 Tibi
1386 2245 1484 2298 soli
1522 2243 1755 2313 peccavi,
1787 2249 1835 2295 et
1864 2239 2058 2293 malum

457 2359 632 2397 coram
653 2354 700 2396 le
716 2342 815 2411 feci
832 2358 850 2398 :
873 2350 926 2394 ut
943 2338 1253 2408 justiﬁceris
1270 2339 1324 2392 in
1342 2335 1663 2392 sermonibus
1683 2334 1784 2387 tuis
1804 2332 1977 2405 (Psal.
1998 2349 2055 2397 L,

462 2435 539 2507 6).
573 2435 688 2491 Non
709 2434 1139 2505 juStilicaverunt
1165 2431 1453 2503 pharisaei,
1487 2430 1576 2501 qui
1608 2427 1872 2498 baptizari
1897 2426 2064 2482 Ioan-

463 2528 549 2582 nis
622 2527 888 2596 baptismo
937 2527 1258 2589 noluerunt,
1316 2531 1374 2577 ut
1424 2522 1478 2576 in
1536 2519 1832 2590 Evangelio
1888 2517 2062 2589 legisti

459 2617 618 2688 (Luc.
655 2634 752 2685 vu,
797 2618 913 2689 50).
963 2615 1072 2672 Nec
1119 2614 1301 2671 solum
1330 2612 1628 2683 justilicare
1659 2609 1788 2665 satis
1811 2619 1932 2674 est,
1970 2606 2064 2662 sed

463 2710 630 2764 etiam
673 2725 780 2764 non
824 2708 1072 2764 oblivisci
1116 2704 1562 2778 justiﬁcationum
1614 2703 1745 2769 Dei,
1775 2701 1827 2756 id
1856 2712 1977 2766 est,
2007 2709 2067 2754 ut

461 2804 780 2859 intemerata
831 2803 1020 2876 gratiae
1063 2801 1321 2872 spiritalis
1369 2799 1510 2853 dona
1551 2796 1855 2859 custodiat,
1884 2803 1940 2848 et
1979 2807 2069 2847 sa-

465 2910 574 2951 cra:
598 2896 933 2952 remissionis
961 2907 1187 2950 munera
1212 2891 1420 2947 illibata
1448 2900 1610 2962 atque
1639 2887 1903 2944 inoffensa
1933 2899 2064 2941 cou-

469 2997 676 3045 servet.

542 3105 632 3160 3L
680 3104 807 3159 Haec
840 3103 1117 3175 generalia
1149 3121 1160 3156 :
1190 3102 1286 3158 sed
1332 3101 1492 3157 etiam
1542 3097 1798 3170 specialis
1844 3092 2070 3165 singulis

2140 423 2446 490 accipiens,
2479 432 2533 478 et
2573 422 2755 492 specie
2802 423 3055 478 inventus
3101 430 3160 476 ut
3199 422 3361 476 homo
3397 438 3410 475 :
3442 419 3746 476 humiliavit

2142 517 2490 588 semetipsum
2517 557 2533 582 ,
2567 514 2742 570 factus
2763 514 3024 572 obedieus
3054 529 3224 584 usque
3253 514 3319 568 ad
3343 523 3597 568 ruortem.
3625 511 3744 568 Non

2143 616 2196 662 te
2249 615 2482 675 moveat,
2511 608 2636 676 quia
2683 607 2943 675 scriptum
2991 615 3096 671 est,
3131 616 3186 660 ut
3227 605 3411 670 homo;
3447 620 3552 659 non
3598 603 3744 659 enim

2145 700 2554 755 similitudinem
2583 701 2826 769 suscepit
2850 699 3086 755 hominis
3106 741 3119 763 ,
3153 699 3247 754 sed
3271 700 3571 755 veritatem.
3609 696 3745 752 Nam

2146 801 2199 846 ct
2227 794 2341 862 ipse
2373 792 2665 861 Apostolus
2687 793 2761 848 ait
2794 794 2919 849 alibi
2956 813 2967 846 :
3002 793 3260 849 Mediator
3292 791 3390 849 Dei
3411 803 3458 847 et
3478 792 3749 846 hominum

2147 882 2300 937 homo
2323 881 2556 938 Christus
2581 883 2735 938 Iesus
2758 883 2803 957 (l
2836 883 2969 938 Tim.
3005 884 3168 956 11,5).
3202 885 3266 940 Ει
3303 895 3359 938 ut
3387 885 3454 939 de
3505 884 3752 955 Evange-

2148 979 2223 1033 lio
2255 977 2551 1033 alfcramus
2579 979 2893 1049 exemplum
2925 999 2938 1034 :
2979 978 3238 1046 Vidimus,
3273 981 3447 1048 inquit
3468 978 3708 1035 Joannes
3735 1020 3750 1044 ,

2149 1070 2368 1141 gloriam
2394 1071 2527 1140 ejus,
2555 1071 2778 1140 gloriam
2803 1073 2953 1141 quasi
2978 1071 3231 1144 unigeniti
3258 1089 3289 1125 a
3317 1071 3478 1126 Patre
3497 1113 3512 1136 ,
3541 1073 3752 1144 plenum

2149 1161 2332 1230 gratia:
2355 1171 2405 1215 et
2439 1161 2668 1216 veritatis
2690 1160 2867 1231 (Ioan.
2889 1180 2926 1228 ι,
2965 1165 3077 1234 id).
3109 1163 3382 1235 Numquid
3411 1165 3534 1234 quia
3565 1164 3702 1218 dixit
3733 1204 3750 1230 ,

2151 1253 2300 1323 quasi
2325 1254 2575 1326 unigeniti
2589 1271 2607 1320 ;
2629 1255 3042 1312 similitudinem
3072 1258 3241 1329 magis
3271 1259 3561 1330 unigeniti,
3590 1274 3753 1330 quatn

2152 1347 2434 1403 veritatem
2464 1348 2632 1403 voluit
2666 1349 2963 1406 aestimari?

2223 1438 2314 1494 55.
2340 1439 2456 1494 Νοιι
2499 1455 2630 1512 ergo
2671 1454 3011 1512 supervacuo
3053 1441 3300 1500 Christus
3345 1446 3586 1502 advenit.
3633 1446 3755 1503 Iam

2155 1539 2335 1601 potest
2365 1531 2550 1588 dicere
2590 1533 2753 1588 homo
2777 1553 2789 1589 :
2819 1534 3036 1591 Iuvenis
3064 1554 3159 1604 ego
3187 1555 3337 1604 sum,
3363 1550 3409 1594 et
3449 1539 3713 1611 despectus
3737 1559 3756 1608 ;

2158 1625 2248 1694 qui
2277 1633 2540 1701 eratante
2566 1625 2618 1680 in
2645 1628 2844 1697 p0pulo
2873 1629 3053 1700 priore
3073 1645 3243 1686 senex
3270 1631 3557 1702 superbus.
3581 1633 3755 1688 Dicit:

1228 1685 1545 1741 lhristianus
1566 1701 1579 1736 :
1600 1682 1816 1736 Iuvenis
1843 1677 2055 1752 1204

2176 1677 2190 1694 ,
2311 1677 2325 1678 κ
2363 1677 2389 1701 ι.
2645 1677 2840 1697 r_r_--
2874 1677 3052 1700 νη-.-
3074 1677 3243 1686 ηπ-.-
3270 1677 3557 1702 -..,--.....-.
3581 1677 3721 1688 ...νη
3743 1677 3755 1687 .

2166 1712 2368 1771 Iuvenis
2410 1734 2524 1771 sum
2568 1727 2616 1772 et
2650 1719 2939 1792 despectus,
2981 1722 3254 1792 quomodo
3303 1723 3434 1780 dicit
3477 1726 3757 1782 Ecclesia:

453 1801 556 1888 ea.
756 1791 803 1836 ει
847 1782 1177 1888 terra)
1211 1778 1618 1888 J“.‘f"“.‘.‘.‘.‘f’_"f’.‘.
1651 1785 2052 1888 ii‘f’if'i’ffffi"
2085 1777 2131 1836 ι’
2164 1807 2334 1882 mam
2524 1820 2572 1865 ει
2812 1812 2987 1886 (eam.
3015 1832 3051 1880 ι›
3085 1816 3164 1888 4)-
3199 1818 3236 1872 ι’

3242 1819 3464 1874 rannisit
3501 1820 3708 1891 nigram
3740 1863 3756 1887 ,

2164 1911 2217 1955 ut
2247 1911 2468 1970 augeret
2489 1905 2762 1960 decorem.
2795 1905 2884 1961 Sic
2909 1918 2963 1962 et
2991 1907 3076 1962 hic
3101 1911 3362 1979 praemisit
3386 1912 3663 1981 juvenem,
3699 1923 3760 1968 ut

2162 2004 2385 2067 augeret
2413 1995 2794 2055 humilitatem.
2830 2000 2945 2056 Non
2979 2001 3151 2056 dixit:
3187 2003 3396 2076 1205
3443 2003 3603 2076 Nigra
3639 2022 3758 2061 sum

2161 2087 2391 2154 decora;
2424 2105 2492 2145 ne
2521 2090 2664 2160 quod
2701 2091 2911 2162 nigrum
2948 2103 3054 2160 cst,
3084 2093 3342 2149 decorum
3374 2097 3758 2152 aestimaretur.

2163 2180 2274 2237 Nec
2299 2180 2434 2236 dixit
2463 2199 2476 2235 :
2510 2181 2736 2239 Iuvenis
2768 2200 2888 2240 sum
2917 2185 3238 2255 despectus;
3269 2202 3338 2244 ne
3357 2187 3613 2258 juventus
3664 2189 3762 2245 de-

2164 2276 2445 2345 spicabilis
2470 2286 2790 2346 putaretur;
2816 2279 2912 2335 sed
2943 2280 3038 2346 ait,
3071 2278 3305 2346 Iuvenis,
3333 2291 3388 2337 ct
3415 2282 3556 2352 quod
3600 2283 3764 2340 mire-

2165 2369 2240 2423 ris
2263 2411 2277 2436 ,
2310 2369 2531 2425 humilis
2555 2412 2569 2436 ,
2604 2387 2710 2426 non
2749 2372 3045 2442 superbus,
3087 2372 3299 2443 dejecto
3342 2374 3562 2445 propior
3601 2391 3762 2446 quam

2167 2461 2421 2515 tumenti.
2453 2461 2545 2518 Sic
2586 2472 2640 2518 et
2681 2462 2796 2518 ibi:
2829 2464 2989 2536 Nigra
3031 2481 3149 2520 sum
3175 2465 3456 2535 superiore
3504 2477 3761 2537 peccato,

2167 2554 2264 2610 sed
2305 2555 2502 2611 decora
2543 2556 2890 2614 confessione
2915 2559 3117 2628 peccati
3144 2601 3158 2623 ,
3186 2569 3244 2614 et
3273 2559 3626 2615 correctionis
3652 2571 3768 2615 stu-

2168 2645 2283 2714 dio,
2314 2657 2476 2719 atque
2500 2664 2687 2706 amore
2715 2651 2948 2706 virtutis.
2982 2651 3241 2719 Quamvis
3273 2667 3403 2723 ergo
3435 2661 3489 2707 et
3519 2652 3727 2724 syllaba
3747 2694 3762 2714 ,

2170 2746 2228 2793 ut
2266 2742 2604 2809 grammatici
2647 2742 2952 2813 appellant,
2979 2743 3327 2814 conjunctiva
3358 2745 3462 2810 sit;
3494 2744 3653 2800 habet
3682 2755 3764 2799 ta-

2171 2847 2296 2887 men
2320 2831 2725 2890 distinctionem
2757 2851 2862 2906 qua
2890 2836 3142 2892 confusio
3169 2836 3494 2908 disiungitur
3524 2852 3586 2893 ac
3608 2852 3767 2908 sepa-

2173 2938 2363 2984 ratur:
2393 2940 2450 2984 ut
2492 2929 2540 2984 si
2583 2929 2732 2987 dicas
2757 2931 3106 2988 Ambrosium
3157 2931 3383 2987 Bassum
3431 2931 3575 2988 intus
3623 2946 3765 3000 esse,

2176 3037 2313 3076 unus
2373 3033 2596 3093 putatur
2626 3042 2640 3080 :
2669 3026 2752 3080 sin
2799 3034 2980 3082 autem
3030 3041 3249 3084 asseras
3307 3026 3656 3084 Ambrosium
3714 3035 3770 3082 et

2174 3113 2400 3169 Bassum
2431 3116 2573 3170 intus
2599 3131 2741 3183 esse,
2774 3118 2881 3174 duo
2911 3119 3097 3190 utique
3120 3119 3514 3190 intelliguntur.

471 3196 795 3255 (Ῑδτῖδιίδηίε
835 3199 1075 3269 suppetit
1137 3196 1495 3268 ωηενοεειιίνε
1541 3192 1762 3249 dicendi
1803 3206 1822 3244 ³
1855 3188 2070 3284 "minis
2098 3175 2144 3241 Ο
2245 3209 2334 3264 51.
2387 3209 2536 3267 Dicat
2578 3228 2706 3283 ergo
2727 3175 2752 3267 ἐ
2784 3175 3023 3268 Iuvenis.
3050 3230 3182 3280 sum,
3214 3223 3258 3268 et
3295 3175 3601 3284 despectus;
3645 3214 3767 3284 quia

472 3308 566 3361 ego
593 3307 737 3357 smn;
768 3300 815 3344 et
843 3290 1148 3362 despectus,-
1172 3289 1216 3344 si
1257 3288 1476 3344 humilis
1502 3287 1668 3342 corde
1707 3285 1773 3339 sit
1793 3327 1808 3351 ,
1835 3282 1884 3339 si
1924 3281 2070 3336 mitis

470 3394 634 3452 atque
677 3396 1016 3439 mansuetus.
1065 3382 1220 3437 Dicat
1245 3375 1376 3453 ergo
1409 3399 1421 3433 :
1464 3379 1680 3434 Iuvenis
1717 3393 1810 3450 ego
1841 3391 1994 3438 sum,
2023 3381 2071 3427 et

473 3479 756 3549 despectus.
811 3477 1108 3532 Praemittat
1153 3476 1332 3533 aetatis
1369 3476 1680 3547 generalem
1716 3472 2068 3543 iactantiam,

474 3587 582 3642 quo
619 3573 741 3642 plus
781 3571 1127 3626 commendet
1162 3570 1483 3626 humilitatis
1520 3582 1634 3624 sua:
1673 3565 1921 3637 gratiam.
1953 3562 2070 3618 Non

478 3665 742 3720 mirabilis
786 3664 1064 3718 humilitas
1113 3664 1167 3718 in
1211 3670 1531 3728 senectute,
1585 3675 1706 3730 quae
1749 3657 1906 3712 effeta
1945 3657 2075 3710 viri-

479 3758 614 3824 bus,
648 3757 816 3813 fracta
860 3756 1234 3813 debilitatibus
1264 3797 1280 3823 ,
1319 3756 1488 3810 tristis
1531 3752 1810 3809 doloribus
1832 3792 1846 3817 ,
1877 3748 2074 3804 anhela

479 3852 761 3921 suspiriis,
807 3861 959 3906 cocta
1008 3867 1263 3907 curarum
1318 3849 1573 3915 testibus,
1617 3857 1673 3903 et
1716 3849 1834 3918 ipso
1859 3844 2074 3900 vivendi

478 3954 672 4001 moesta
697 3944 928 4010 fastidio,
947 3945 1286 4000 alacritatem
1305 3953 1389 3999 est
1416 3943 1578 3998 oblita
1606 3940 1903 4012 jactautiac.
1934 3937 2076 3992 Rara

479 4051 612 4094 Sane
655 4036 708 4092 iu
747 4037 1038 4108 juvenibus
1071 4046 1154 4093 est
1193 4036 1764 4106 humilitas,ideoque
1807 4031 2074 4088 miranda.

478 4126 620 4184 Dum
668 4139 800 4184 artas
852 4129 1031 4200 viget,
1071 4130 1198 4185 dum
1233 4131 1376 4185 vires
1429 4129 1652 4193 solidae,
1685 4128 1812 4182 dum
1858 4124 2078 4195 sanguis

477 4232 746 4278 exaestuat
770 4265 784 4290 ,
818 4222 944 4277 dum
982 4222 1294 4277 sollicitudo
1339 4221 1610 4288 nescitur,
1643 4221 1769 4275 dum
1800 4221 2078 4290 ignoratur

480 4313 754 4376 debilitas.
787 4315 913 4370 dum
938 4315 1122 4370 laetitia
1149 4313 1520 4384 frequentatur
1553 4330 1568 4368 :
1605 4321 1734 4368 tunc
1763 4313 1935 4367 fervet
1965 4311 2076 4380 jac-

478 4408 648 4462 tantia
684 4426 697 4461 :
733 4417 860 4463 tunc
886 4423 946 4464 se
971 4408 1274 4476 juventutis
1297 4406 1562 4475 superbus
1586 4404 1798 4459 extollit
1818 4402 2074 4458 allectus:

476 4511 612 4556 tunc
651 4501 931 4557 humilitas
957 4501 1109 4573 quasi
1136 4500 1375 4566 vilescit,
1410 4499 1623 4570 abjecta
1663 4496 2027 4552 contemnitur
2062 4515 2074 4550 :

479 4606 610 4651 tunc
635 4596 904 4665 subjectio
928 4596 1210 4667 degeneris
1233 4594 1583 4651 conscientia:
1605 4595 1908 4649 aestimatur
1929 4590 2077 4645 iulir-

481 4688 664 4744 initas.
710 4686 944 4742 Grandis
978 4689 1139 4758 igitur
1171 4703 1384 4744 morum
1413 4684 1821 4744 assuefacienda
1852 4684 2078 4741 maturi-

483 4792 592 4849 tas,
619 4797 738 4853 quae
768 4781 946 4836 vincat
975 4791 1248 4838 naturam.

556 4896 646 4950 52.
685 4895 930 4965 Denique
957 4896 1000 4951 si
1033 4895 1484 4962 consideremus,
1506 4897 1558 4951 in
1591 4895 1841 4966 paradiso
1879 4895 2080 4952 defecit

481 4989 788 5055 humilitas;
823 5000 877 5044 et
901 4989 1022 5043 ideo
1054 4989 1202 5043 venit
1229 5005 1260 5044 e
1288 4990 1449 5046 coelo.
1482 4988 1536 5044 In
1567 4988 1822 5060 paradiso
1846 4999 1962 5043 orta
1994 5001 2077 5045 est

479 5081 882 5145 inobedientia;
911 5090 966 5135 et
1001 5081 1126 5137 ideo
1161 5081 1470 5138 obedientia
1521 5098 1644 5137 cum
1668 5081 1954 5139 Salvatore
1977 5081 2075 5138 de-

482 5174 718 5230 scendit.
749 5173 1044 5230 lnilabatur
1068 5190 1219 5244 caro,
1247 5175 1387 5231 unde
1416 5176 1681 5247 subjeCtio
1713 5177 2084 5233 mansuetudi-

481 5265 567 5320 nis
612 5266 839 5321 iuveniri
871 5281 979 5322 non
1020 5278 1231 5337 pOIerat
1271 5269 1322 5322 in
1367 5270 1548 5324 terris.
1590 5269 1928 5326 intumuerat
1957 5285 2076 5325 om-

479 5357 566 5412 nis
588 5359 1022 5425 praevaricatoris
1046 5360 1359 5416 haereditas.
1387 5361 1618 5418 Veniens
1641 5362 1900 5419 Dominus
1920 5363 2080 5421 Jesus

477 5449 714 5521 primum
751 5466 812 5508 se
847 5453 1145 5510 exinanivit
1169 5453 1395 5527 (Philip.
1428 5456 1657 5529 11,6-8),
1683 5473 1791 5513 uon
1833 5462 2075 5531 rapinam

553 5671 577 5695 ἰ
594 5657 727 5714 Cod.
753 5657 986 5734 .Lazt.__et
1010 5657 1378 5734 Navar._unus
1397 5700 1420 5734 ,_
1449 5667 1723 5729 priestatur
1748 5660 2072 5734 indulgentia

476 5743 818 5799 peccatorum.
845 5729 952 5786 Alii
985 5746 1105 5787 cum
1141 5731 1272 5787 edit.
1319 5740 1375 5786 ttt
1409 5731 1461 5787 iu
1495 5745 1757 5803 corpore,
1790 5729 2069 5806 nisi'quod

2169 3303 2417 3360 Christus
2452 3304 2506 3360 in
2541 3321 2778 3378 paupere
2814 3316 2976 3377 atque
3016 3307 3273 3377 deSpeeto
3315 3307 3573 3362 mundum
3617 3306 3774 3363 rede-

2173 3399 2293 3465 mit,
2324 3398 2447 3468 quia
2485 3397 2736 3454 Christus
2767 3398 3069 3454 huinilitate
3098 3399 3376 3455 diabolum
3404 3398 3553 3454 vicit.
3587 3396 3769 3464 Dicat;

2173 3489 2455 3561 Despectus
2480 3510 2619 3560 sum;
2637 3493 2762 3564 quia
2786 3494 3236 3549 corhumiliatum
3259 3495 3400 3550 Deus
3423 3509 3529 3550 non
3544 3495 3770 3566 spernit;

2173 3586 2298 3655 quia
2327 3585 2616 3656 despectus
2648 3587 2739 3643 ille
2765 3586 3001 3643 Lazarus
3027 3587 3081 3642 in
3124 3586 3355 3643 Abrahae
3384 3601 3528 3644 nunc
3555 3587 3768 3658 requie-

2175 3679 2280 3735 scit
2317 3680 2469 3746 sinu,
2503 3688 2557 3735 et
2598 3679 2748 3736 dives
2779 3681 2869 3736 ille
2903 3681 3196 3756 jactantior
3223 3680 3480 3751 afﬂigitur
3511 3681 3563 3736 in
3595 3679 3766 3738 infer-

2178 3786 2268 3825 uo.
2301 3772 2598 3842 Despectus
2625 3782 2742 3826 erat
2771 3771 3007 3844 Moyses,
3038 3789 3137 3828 nec
3163 3772 3265 3828 sibi
3297 3773 3523 3829 idoneus
3550 3774 3775 3830 videba-

2181 3875 2287 3930 tur,
2319 3878 2440 3920 cum
2472 3865 2539 3919 ad
2569 3863 2906 3921 liberandum
2953 3865 3310 3921 Hebraeorum
3358 3867 3612 3938 populum
3657 3869 3776 3924 mit~

2183 3965 2412 4012 teretur.
2474 3957 2772 4028 Despectus
2828 3969 2945 4014 erat
2995 3959 3317 4025 Hieremias,
3385 3963 3474 4031 qui
3539 3960 3774 4017 dicebat:

2183 4049 2488 4107 Dominator
2514 4049 2754 4116 Domine,
2783 4068 2898 4107 ecce
2918 4052 3089 4107 nescio
3111 4051 3272 4123 loqui;
3295 4053 3416 4124 quia
3428 4054 3633 4125 juvenis
3657 4069 3774 4107 sum

2179 4162 2271 4217 ego
2303 4144 2520 4220 (Ierem.
2555 4146 2676 4218 1,6).
2702 4146 2808 4203 Sed
2843 4147 3053 4202 facilius
3084 4147 3185 4202 iste
3225 4148 3510 4219 deSpeCIus
3533 4148 3766 4219 eligitur.

2180 4241 2423 4312 Denique
2446 4241 2645 4297 dicitur
2664 4243 2712 4297 ei
2745 4261 2757 4295 :
2793 4240 2921 4296 Noli
2946 4241 3114 4295 dicere
3140 4242 3260 4312 quia
3275 4243 3483 4311 juvenis
3513 4258 3627 4296 sum
3653 4258 3769 4314 ego;

2177 4336 2299 4402 quia
2324 4335 2391 4389 ad
2411 4351 2582 4390 omnes
2611 4338 2679 4389 ad
2703 4350 3045 4406 quoscumque
3067 4335 3252 4388 misero
3283 4345 3350 4402 te,
3379 4333 3540 4387 abibis
3558 4350 3578 4388 :
3607 4345 3653 4388 et
3679 4351 3772 4404 per

2182 4431 2374 4498 omnia,
2424 4447 2756 4502 quaecumque
2786 4432 3097 4484 mandavero
3126 4429 3236 4496 tibi,
3290 4429 3533 4498 loqueris.
3568 4427 3654 4484 Ne
3711 4430 3777 4482 ti-

2106 4563 2158 4622 D
2183 4543 2322 4580 meas
2348 4542 2378 4578 a
2409 4526 2541 4594 facie
2567 4540 2774 4590 eorum;
2802 4525 2922 4593 quia
2949 4540 3042 4596 ego
3067 4533 3232 4577 tecum
3258 4538 3391 4587 sum,
3435 4522 3559 4576 dicit
3591 4520 3773 4575 Domi-

2183 4638 2300 4687 nus,
2333 4629 2385 4674 ut
2413 4619 2618 4675 liberem
2662 4629 2709 4674 te
2733 4617 2962 4693 (Ibid.,7
2992 4629 3036 4672 et
3063 4617 3138 4689 8).
3192 4618 3492 4687 Despectus
3534 4626 3653 4671 erat
3680 4615 3776 4671 ille

2185 4711 2542 4778 Publicanus,
2574 4711 2666 4782 qui
2694 4711 2881 4766 oculos
2907 4710 2974 4765 ad
3006 4711 3201 4767 conum
3233 4726 3340 4764 non
3369 4708 3603 4764 audebat
3629 4710 3775 4764 leva-

2185 4822 2244 4861 re
2277 4823 2291 4860 :
2326 4816 2379 4860 et
2411 4805 2534 4860 ideo
2563 4803 2777 4859 facilius
2821 4819 2982 4874 quam
3015 4804 3106 4859 ille
3125 4802 3430 4858 Phariszeus
3453 4801 3780 4858 exaudieba-

2184 4909 2270 4955 tur
2295 4917 2308 4953 :
2337 4897 2518 4955 Omnis
2549 4899 2691 4954 cnim
2722 4900 2811 4970 qui
2857 4915 2911 4951 se
2951 4899 3164 4962 exultat,
3194 4896 3572 4960 Itumiliabitur;
3602 4904 3651 4949 et
3690 4897 3780 4964 qui

2183 5007 2236 5046 se
2265 4992 2627 5054 Innailiaverit,
2660 4990 2966 5046 excitabitur
2995 4987 3146 5058 (Luc.
3182 5004 3335 5054 xvut,
3365 4990 3480 5059 14).

2259 5085 2347 5139 '55.
2385 5083 2566 5156 (Vers.
2598 5083 2749 5154 112.)
2777 5083 3032 5152 Sequitur
3065 5099 3079 5135 :
3112 5079 3326 5136 Iustitia
3357 5093 3464 5149 tua,
3487 5082 3700 5156 justitia
3725 5083 3782 5136 in

2184 5190 2462 5235 veternum:
2485 5189 2533 5233 et
2559 5179 2642 5233 lea:
2671 5187 2758 5231 tua
2786 5176 2993 5231 veritas.
3042 5175 3276 5231 Possunt
3315 5175 3533 5245 quidem
3583 5175 3778 5247 singuli

2183 5273 2360 5328 facere
2382 5287 2544 5340 opera
2573 5269 2818 5340 juStitiie,
2845 5269 2939 5325 sed
2967 5285 3074 5324 non
3109 5271 3161 5322 in
3191 5277 3452 5323 mlcrntttn
3483 5268 3776 5324 manentia.

2184 5365 2347 5421 Dives
2375 5365 2468 5419 ille
2493 5364 2576 5418 cui
2605 5362 3020 5418 abundaverunt
3055 5361 3260 5418 divitiae
3310 5363 3364 5416 in
3397 5361 3501 5417 hoc
3548 5361 3775 5430 saeculo,

2181 5465 2414 5519 fortasse
2437 5458 2626 5513 fecerit
2654 5457 2834 5529 aliqua
2881 5472 3048 5529 opera
3075 5456 3560 5528 justitiai,quorum
3594 5471 3776 5513 remu-

2175 5664 2298 5719 loco
2327 5660 2499 5722 verbi.
2523 5661 2868 5728 prtestolatur,
2895 5675 3027 5716 mss.
3057 5659 3264 5730 aliquot
3300 5659 3535 5728 habent,
3566 5669 3738 5730 sperat
3763 5701 3776 5728 ,

2175 5734 2321 5807 quod
2350 5731 2653 5805 signiﬁcatu
2686 5748 2792 5788 non
2819 5743 2901 5788 est
2931 5731 3232 5789 diversum.
