4104 6350
276 363 412 421 “65

1372 354 1439 411 IN
1478 348 1803 413 PSALMUM
1837 343 2053 407 CXVIII
2093 338 2479 400 EXPOSITIO.

3433 331 3573 390 “66

275 479 623 536 nerationem
654 478 707 534 in
739 473 996 549 praesenti
1024 474 1132 529 vita
1174 482 1203 512 ι
1240 469 1549 541 acceperit;
1578 464 1723 538 quod
1756 478 1866 519 non

1980 476 2099 534 dicit
2127 476 2406 533 Dominus:
2432 471 2579 531 Dabo
2606 472 2742 545 leges
2769 488 2909 528 meas
2932 472 2985 527 in
3015 469 3259 527 cordibus
3289 484 3486 538 eorum,
3522 474 3573 522 et

274 589 466 647 magna
496 573 701 629 fuerint
724 586 891 643 opera
920 570 1035 633 illa,
1066 582 1165 623 nec
1221 562 1661 622 remuneratione
1704 559 1868 629 digna

272 678 554 741 perpetua.
586 665 726 733 Quid
758 664 922 736 quod,
954 662 1116 717 etiam
1147 660 1193 716 si
1222 658 1449 715 facimus
1477 669 1639 727 Opera
1690 652 1867 722 aliqua

267 762 532 837 iustitiae;
564 760 790 816 facimus
840 766 1022 813 tamen
1073 769 1178 810 non
1233 752 1510 817 continua,
1567 747 1662 805 sed
1722 761 1866 802 rara.

274 855 528 924 Plerique
560 868 668 908 non
699 852 916 922 rapiunt
940 849 1137 916 aliena,
1164 845 1258 902 sed
1284 844 1531 901 nesciunt
1556 841 1625 898 de
1655 838 1871 911 pr0prio

270 946 477 1018 largiri.
538 945 644 1002 Alii
700 943 1023 1000 invadentes
1074 938 1343 996 indebitas
1399 935 1702 999 facultates,
1762 945 1871 1004 quo

272 1039 512 1111 speciem
578 1037 804 1108 iustitia:
858 1036 963 1092 sibi
1013 1035 1317 1106 acquirunt,
1374 1029 1555 1086 solent
1621 1026 1872 1083 conferre

272 1130 625 1202 pauperibus.
669 1128 785 1185 Non
815 1137 899 1185 est
926 1129 1030 1184 ista
1052 1127 1106 1183 in
1144 1134 1407 1183 aeternum
1449 1122 1683 1195 justitia.
1723 1119 1871 1175 Multi

270 1224 400 1297 justi
446 1226 765 1296 plerumque
795 1222 1030 1296 graviter
1058 1221 1424 1292 deliquerunt,
1468 1235 1574 1276 non
1614 1217 1875 1274 habentes

275 1327 497 1375 sternte
535 1316 770 1374 fructum
797 1317 1043 1389 justitim.
1087 1315 1199 1373 Soli
1229 1316 1340 1371 Deo
1385 1316 1627 1386 suppetit
1656 1312 1710 1367 in
1752 1326 1876 1382 per-

274 1423 498 1487 petuum
539 1429 636 1485 per
664 1413 845 1470 omnia
877 1411 1159 1484 possidere
1204 1409 1495 1481 justitiam,
1551 1407 1641 1479 qui
1701 1406 1875 1477 pascit

273 1509 447 1580 justus
489 1514 546 1564 et
575 1507 824 1577 injuleS;
856 1520 961 1561 non
993 1504 1140 1562 enim
1179 1507 1210 1549 δ
1253 1501 1513 1559 beneﬁcis
1544 1500 1678 1557 solis
1730 1497 1875 1555 refe-

275 1600 442 1658 renda
470 1601 680 1672 justitia
708 1608 826 1656 est:
848 1598 942 1654 sed
972 1598 1061 1653 illa
1092 1612 1218 1653 vera
1245 1596 1451 1668 iustitia
1496 1603 1601 1662 est,
1645 1608 1767 1662 qua:
1795 1591 1877 1661 ip-

275 1696 354 1752 sis
396 1710 613 1766 quoque
642 1693 882 1749 defertur
908 1690 1165 1748 inimicis.
1208 1688 1507 1760 Meritoque
1549 1686 1623 1741 ait
1661 1684 1873 1742 iustitia

277 1788 373 1844 Dei
398 1804 415 1844 :
438 1786 658 1861 Ditigite
675 1787 911 1842 inimicos
931 1794 1122 1841 uestros
1149 1783 1369 1856 (Matth.
1396 1799 1453 1849 v,
1472 1780 1588 1854 44).

348 1883 443 1940 56.
485 1881 632 1953 Ergo
662 1882 802 1937 sicut
827 1881 880 1936 in
911 1891 1174 1936 aeternum
1197 1888 1281 1934 est
1304 1877 1514 1949 iustitia
1558 1873 1730 1930 solius
1760 1872 1877 1939 Dei,

277 1977 349 2033 ita
404 1976 491 2033 lex
525 1976 620 2032 Dei
665 1975 885 2031 veritas.
926 1973 1033 2031 Sed
1066 1972 1340 2046 quomodo
1370 1970 1512 2028 istud
1561 1967 1883 2039 accipimus?

278 2069 471 2126 Utrum
503 2069 625 2141 quia
649 2068 733 2124 lex
770 2068 862 2124 Dei
907 2069 1131 2134 veritas,
1165 2068 1267 2123 hoc
1297 2074 1403 2132 est,
1446 2079 1572 2121 vera
1600 2080 1615 2119 :
1640 2070 1696 2118 et
1737 2059 1882 2132 quod

274 2163 643 2229 statuitDeus,
666 2176 829 2218 omne
852 2177 1060 2227 verum,
1076 2162 1215 2216 sicut
1237 2159 1372 2215 infra
1397 2160 1473 2213 ait
1500 2176 1512 2212 :
1540 2156 1730 2213 Omnia
1744 2170 1882 2226 prte-

276 2267 429 2329 cepta
444 2268 536 2312 tua
564 2259 888 2314 ueritas?An
917 2258 1042 2328 quia
1078 2256 1277 2313 veritas
1311 2253 1524 2327 1206
1544 2254 1629 2307 lex
1644 2252 1738 2308 Dei
1764 2259 1880 2317 est;

276 2351 408 2421 quia
436 2364 547 2405 non
597 2350 858 2406 mentitur
890 2348 1074 2404 Deus?
1112 2347 1267 2419 Apud
1304 2362 1428 2401 eum
1470 2346 1639 2416 igitur
1683 2344 1882 2399 veritas

278 2445 371 2501 lex
416 2454 523 2511 est,
557 2444 770 2502 fallacia
798 2444 1173 2516 praevaricatio
1199 2453 1305 2498 est.
1346 2440 1455 2498 Sed
1499 2454 1554 2497 et
1595 2440 1676 2495 sic
1703 2447 1882 2510 potest

275 2537 536 2609 intelligi,
579 2538 667 2594 lex
721 2539 814 2612 Dei
872 2537 1073 2592 veritas
1121 2544 1247 2592 est:
1279 2533 1421 2605 apud
1474 2532 1693 2590 Judmos
1752 2545 1882 2601 ergo

274 2648 392 2688 non
421 2640 507 2688 est
529 2632 619 2687 lex
650 2631 769 2699 Dei,
809 2630 934 2702 quia
982 2643 1087 2684 non
1118 2627 1393 2700 recipiunt
1429 2626 1731 2681 veritatem.
1773 2622 1883 2678 Lex

274 2726 383 2782 Dei
410 2728 663 2798 spiritalis
692 2737 765 2782 est
796 2726 972 2798 (Rom.
1002 2741 1098 2793 vn,
1140 2726 1257 2796 it),
1294 2722 1432 2780 sicut
1468 2722 1767 2793 Apostolus
1798 2720 1883 2776 di-

275 2822 360 2877 xit
393 2839 407 2875 :
439 2836 547 2877 non
599 2821 796 2879 habent
830 2835 961 2893 ergo
1009 2834 1192 2875 veram
1240 2818 1440 2890 legem,
1494 2818 1583 2889 qui
1624 2831 1743 2871 eam
1772 2829 1878 2870 non

275 2916 596 2986 acceperint
657 2914 995 2986 spiritaliter.
1047 2912 1204 2982 Quod
1250 2924 1430 2968 autem
1495 2928 1602 2968 non
1667 2924 1876 2975 verum,

276 3008 521 3066 mendax
566 3019 696 3065 est:
739 3010 882 3080 quod
928 3009 1208 3077 mentitur,
1254 3007 1475 3063 occidit.
1518 3005 1721 3062 Littera
1749 3017 1881 3075 ergo

276 3119 405 3176 qua:
430 3103 627 3161 occidit
647 3104 909 3159 mentitur
937 3120 950 3158 :
976 3103 1196 3174 spiritus
1209 3102 1298 3174 qui
1319 3099 1574 3168 vivifical,
1590 3112 1751 3154 verus
1770 3107 1873 3153 est.

353 3198 451 3254 37.
493 3197 838 3270 Accipiamus
864 3204 920 3253 et
947 3197 1029 3252 sic
1058 3215 1071 3251 :
1102 3195 1208 3252 Lex
1250 3195 1346 3251 Dei
1400 3210 1507 3251 non
1551 3203 1734 3265 typus,
1768 3207 1875 3246 non

1972 572 2027 627 in
2056 570 2289 628 sensibus
2339 585 2516 624 eorum
2554 566 2774 623 scribam
2803 582 2920 634 eas,
2950 575 2996 620 et
3047 563 3245 636 peccati
3282 570 3331 617 ct
3366 560 3578 634 injusti-

1972 666 2058 721 tia:
2082 681 2259 720 eorum
2299 679 2401 719 non
2429 678 2518 718 ero
2564 677 2761 717 memor
2812 658 3003 732 (Hebr.
3036 675 3089 728 x,
3129 657 3196 714 i6
3226 667 3273 714 et
3317 653 3427 727 i7).
3469 653 3573 712 Ubi

1972 776 2103 834 ergo
2134 759 2410 826 remissio,
2437 758 2548 829 jam
2581 773 2688 813 non
2745 754 2948 811 oblatio
3002 768 3101 826 pro
3148 751 3411 823 peccatis.
3452 749 3572 819 Quo

1973 854 2257 910 evidenter
2283 851 2597 927 ostenditur
2621 864 2840 906 omnem
2874 848 3157 904 veritatem
3188 848 3243 902 in
3275 842 3574 915 Evangelio

1971 948 2279 1015 contineri;
2322 949 2449 1019 quia
2472 947 2560 1003 lex
2588 946 2680 1001 Dei
2713 944 2771 999 in
2798 942 3050 1000 sensibus
3092 939 3399 1005 hominum,
3430 946 3488 993 et
3516 937 3571 994 in

1975 1040 2233 1097 cordibus
2274 1054 2465 1096 eorum
2516 1037 2793 1102 scribitur,
2840 1050 2947 1091 non
2995 1035 3048 1090 in
3097 1033 3299 1090 tabulis
3342 1029 3577 1103 lapideis

1978 1134 2090 1209 (qui
2114 1148 2245 1206 ergo
2269 1142 2540 1205 prrecepta
2571 1130 2668 1186 Dei
2700 1143 2807 1184 non
2838 1127 3038 1183 habent
3066 1126 3120 1181 in
3148 1124 3407 1181 cordibus
3437 1122 3577 1190 suis,

1977 1240 2086 1282 non
2122 1226 2322 1281 habent
2352 1221 2717 1296 legem),sive
2738 1221 2865 1294 quia
2902 1220 3244 1277 inveteratur
3269 1219 3324 1273 in
3352 1215 3576 1281 Judaais,

1978 1330 2278 1379 renovatur
2305 1320 2359 1375 in
2384 1319 2563 1375 nobis.

2050 1414 2138 1471 58.
2185 1412 2385 1470 Umbra
2415 1420 2520 1479 est,
2548 1424 2656 1465 non
2688 1407 2925 1476 veritas;
2972 1415 3035 1463 ut
3083 1419 3204 1462 cum
3253 1402 3348 1459 ﬁat
3374 1400 3581 1457 oblatio

1979 1522 2078 1580 pro
2117 1505 2355 1579 peccatis
2400 1503 2701 1561 secundum
2758 1502 2981 1573 Legem,
3030 1514 3137 1555 non
3194 1497 3290 1552 ﬁat
3331 1495 3585 1551 remissio

1978 1613 2347 1675 peccatorum.
2390 1597 2721 1671 Impossibite
2748 1606 2824 1652 est
2848 1596 2986 1651 enim
3017 1592 3272 1666 sanguine
3312 1600 3579 1644 taurorum

1976 1706 2026 1752 et
2077 1696 2339 1751 hircorum
2370 1702 2581 1767 peccata
2619 1691 2868 1746 mandari
2909 1687 3101 1764 (Hebr.
3135 1703 3194 1755 x,
3225 1686 3307 1757 4).
3350 1682 3578 1740 Mendax

1977 1804 2108 1862 ergo
2134 1800 2251 1845 erat
2273 1790 2365 1844 illa
2395 1785 2850 1849 rcmissio,donec
2877 1779 3218 1841 remissionis
3246 1777 3452 1833 veritas
3480 1774 3579 1831 ad-

1910 1876 1957 1938 B
1986 1883 2217 1939 veniret.
2270 1880 2411 1950 Quid
2463 1878 2662 1936 deinde
2711 1874 3077 1941 manifestius,
3136 1885 3301 1943 quam
3347 1867 3580 1925 Joannis

1986 1976 2338 2047 evangelistw
2361 1973 2654 2039 sententia,
2680 1971 2771 2043 qui
2794 1970 2872 2025 ait
2902 1985 2915 2022 :
2953 1966 3088 2036 Quia
3113 1963 3225 2019 Lex
3246 1979 3337 2035 per
3363 1959 3581 2033 Moysen

1984 2073 2108 2125 data
2138 2081 2215 2125 est
2248 2086 2267 2125 :
2294 2069 2463 2141 gratia
2489 2075 2657 2121 autem
2682 2075 2730 2119 et
2766 2064 2953 2119 veritas
2986 2077 3079 2135 per
3097 2057 3278 2114 Iesum
3310 2054 3573 2110 Christum

1983 2164 2123 2235 facta
2144 2171 2221 2217 est
2248 2161 2431 2233 (Joan.
2458 2176 2499 2228 ι,
2532 2157 2620 2231 17)
2641 2158 2666 2213 7
2687 2159 2814 2235 Πρὸς
2843 2152 3231 2214 ἀντιδιαστολὴν
3255 2148 3390 2220 legis
3421 2156 3571 2203 retu-

1984 2257 2048 2313 lit
2071 2257 2381 2312 veritatem.
2406 2252 2541 2308 Nam
2568 2266 2693 2307 cum
2724 2250 2820 2315 sit,
2848 2257 3041 2313 autem,
3072 2242 3388 2315 disjunctio,
3422 2238 3585 2295 intel-

1984 2348 2261 2421 ligendum
2292 2356 2377 2404 est
2402 2346 2827 2417 disiunctionem
2860 2341 2987 2398 ideo
3011 2334 3429 2409 interpositam;
3459 2331 3585 2421 quia

1982 2418 2261 2498 si‘veritas
2298 2438 2566 2495 fuissetiu
2609 2437 2774 2508 Lege,
2806 2431 2834 2471 ά
2888 2447 2995 2490 non
3051 2431 3239 2486 fuisset
3291 2425 3432 2483 facta
3483 2418 3580 2496 per

1981 2531 2256 2589 Christum
2269 2575 2282 2588 .

2053 2629 2144 2685 59.
2177 2629 2473 2683 Possumus
2501 2635 2553 2681 et
2584 2624 2662 2679 sic
2694 2621 3001 2692 intelligere
3034 2635 3049 2673 :
3082 2614 3300 2672 Veritas
3330 2611 3581 2669 Christus

1983 2731 2099 2789 est;
2130 2736 2261 2792 ergo
2300 2719 2499 2775 veritas
2537 2717 2623 2772 lex
2663 2723 2768 2771 est.
2810 2714 2881 2769 Et
2909 2713 2957 2768 si
3011 2708 3326 2767 mandatum
3358 2704 3580 2762 Domini

1984 2817 2071 2874 lex
2101 2825 2205 2883 est,
2235 2815 2407 2870 multo
2435 2812 2605 2885 magis
2631 2810 2812 2867 vivum
2838 2815 2896 2864 et
2920 2802 3289 2879 operatorium
3349 2799 3581 2857 Verbum

1984 2912 2078 2969 Dei
2111 2912 2199 2966 lex
2226 2921 2332 2966 eet.
2527 2891 2541 2901 ’

2053 3004 2144 3062 40.
2174 3002 2355 3077 (Vers.
2396 3000 2550 3072 145.)
2589 2998 2847 3071 Sequitur
2900 3009 3091 3051 versus
3120 2991 3390 3064 septimus
3423 3006 3436 3043 :
3465 2986 3583 3043 Tri-

1982 3098 2181 3154 bulatio
2207 3105 2259 3152 et
2284 3095 2560 3151 necessitas
2582 3094 2887 3148 inuenerunt
2913 3105 2996 3144 me
3018 3104 3037 3143 :
3065 3085 3312 3141 mandata
3357 3093 3445 3138 tua
3475 3097 3584 3136 me-

1983 3191 2165 3247 ditatio
2184 3206 2295 3245 nica
2319 3200 2417 3245 est.
2439 3188 2705 3256 Quaerunt
2728 3182 3104 3240 tribulationes
3125 3188 3182 3234 et
3217 3175 3578 3234 necessitates

277 3291 498 3355 umbra,
524 3266 641 3345 non.
662 3291 937 3361 exemplar
963 3290 1288 3355 caelestium;
1336 3289 1430 3344 sed
1464 3290 1575 3361 ipsa
1604 3288 1873 3345 coelestia.
1905 3266 1951 3329 (ἶ
1978 3284 2208 3358 iustum,
2256 3281 2465 3357 1207
2522 3288 2579 3336 et
2624 3276 2894 3334 interdum
2946 3273 3248 3339 inveniunt,
3312 3267 3579 3325 interdum

281 3383 439 3440 Unde
465 3392 521 3440 et
549 3385 813 3455 scriptum
843 3392 949 3447 est,
982 3382 1107 3454 quia
1155 3382 1277 3453 ﬁnis
1327 3381 1481 3454 Legis
1530 3391 1602 3436 est
1647 3379 1882 3435 Christus

282 3478 468 3552 (Rom.
520 3477 687 3549 λι),
730 3477 846 3533 Non
898 3477 1140 3533 defectus
1193 3479 1400 3549 utique,
1456 3476 1551 3533 sed
1606 3475 1883 3547 plenitudo

278 3574 445 3647 Legis
468 3575 521 3630 in
554 3571 774 3630 Christo
804 3584 918 3639 est;
944 3572 1066 3644 quia
1097 3572 1245 3628 venit
1274 3571 1474 3644 Legem
1511 3586 1615 3628 non
1644 3570 1877 3638 solvere,

280 3667 381 3723 sed
410 3665 656 3737 implere.
700 3665 852 3722 Sicut
879 3669 1022 3721 enim
1066 3675 1088 3705 ε
1129 3664 1536 3721 Testamentum
1582 3674 1667 3719 est
1706 3671 1880 3731 vetus,

279 3760 380 3816 sed
413 3760 588 3815 omnis
618 3761 822 3816 veritas
843 3761 895 3814 in
925 3772 1064 3815 novo
1092 3765 1177 3815 est
1201 3758 1551 3815 Testamento
1578 3774 1591 3812 :
1614 3756 1687 3813 ita
1713 3764 1770 3813 et
1798 3757 1882 3812 lex

282 3867 387 3925 per
406 3851 627 3924 Moysen
654 3853 778 3908 data
812 3850 981 3923 ﬁgura
1009 3852 1143 3923 legis
1170 3860 1272 3906 est.
1320 3850 1460 3907 Vere
1488 3865 1622 3922 ergo
1650 3850 1739 3905 illa
1771 3849 1883 3905 Lex

281 3948 534 4005 veritatis
560 3947 845 4018 exemplar
871 3956 980 4012 est,
1012 3948 1064 4000 in
1095 3945 1397 4015 exemplari
1421 3945 1566 4002 enim
1589 3942 1730 4014 Agni
1758 3957 1886 3999 san-

282 4041 408 4113 guis
433 4039 745 4107 eﬂunditur,
776 4041 832 4096 in
861 4040 1091 4096 veritate
1128 4038 1379 4095 Christus
1408 4037 1742 4093 immolatur.
1773 4035 1884 4090 Me-

284 4138 501 4207 ritoque
521 4134 811 4207 Apostolus
839 4148 962 4190 cum
993 4133 1346 4205 praemisisset
1367 4132 1660 4187 vitulorum
1692 4131 1884 4184 immo-

283 4230 548 4287 lationem
595 4229 892 4286 secundum
932 4228 1172 4300 Legem,
1213 4228 1414 4298 adjecit
1460 4245 1474 4280 :
1521 4224 1885 4280 Necessarium

286 4328 460 4396 itaque
481 4335 554 4380 est
574 4325 893 4395 exemplaria
918 4323 1196 4379 cmtestium
1211 4322 1292 4377 his
1313 4321 1555 4376 mandari
1587 4335 1605 4375 :
1633 4336 1751 4374 nam
1770 4319 1885 4390 ipsa

284 4420 516 4475 ctrlestia
554 4419 851 4475 melioribus
878 4417 1105 4485 hostiis;
1146 4434 1248 4472 non
1299 4417 1433 4471 enim
1489 4417 1545 4469 in
1589 4414 1887 4485 manufacta

284 4521 471 4568 sancta
518 4511 729 4567 intravit
762 4509 1001 4568 Christus
1037 4509 1351 4582 exeritptaria
1392 4525 1660 4572 verorum,
1703 4507 1793 4563 sed
1830 4507 1885 4561 in

283 4607 464 4676 ipsum
511 4605 736 4660 calum:
765 4615 813 4659 et
844 4621 977 4659 nunc
1012 4614 1228 4676 apparet
1261 4602 1427 4657 vultui
1453 4600 1551 4657 Dei
1588 4618 1685 4675 pro
1715 4601 1880 4656 nobis.

180 4718 189 4725 ο
292 4697 486 4771 (Hebr.
507 4714 583 4764 ix,
603 4696 676 4753 25
691 4696 866 4770 ιω).
889 4697 954 4754 Ut
969 4709 1362 4766 c0guoscamus
1378 4705 1560 4750 autem
1573 4695 1692 4766 quia
1710 4693 1883 4762 legem

290 4807 490 4848 novam
507 4792 655 4848 dedit
670 4791 932 4847 Dominus
945 4790 1125 4856 Jesus,
1148 4790 1314 4844 habes
1334 4788 1607 4845 dicentem
1623 4787 1885 4858 Spiritum

288 4895 563 4963 sanctum:
582 4884 697 4941 Hoc
725 4894 898 4940 autem
920 4892 1278 4940 testamentum
1295 4883 1433 4955 quod
1450 4881 1672 4937 testabor
1688 4882 1757 4936 ad
1778 4897 1885 4947 eos,

365 5055 392 5084 ι
434 5044 589 5112 Voci,
621 5043 894 5115 acceperit,
943 5041 1344 5115 connecteban_t
1380 5056 1571 5115 omnes
1591 5040 1739 5115 (edit.
1772 5056 1886 5115 quae

288 5118 364 5173 ad
418 5118 572 5173 vitam
606 5113 855 5187 (sternam
898 5131 1003 5169 non
1044 5113 1399 5187 pertinuerint.
1444 5113 1548 5169 Sed
1589 5113 1780 5169 istbtec
1828 5113 1885 5168 in

287 5190 503 5246 cunctis
535 5204 666 5244 mss.
708 5186 1106 5243 desiderantur.

363 5280 394 5321 δ
433 5280 633 5337 Omnes
658 5280 792 5335 edit.
816 5294 880 5334 ac
920 5279 1071 5333 multi
1101 5293 1257 5344 mss.,
1304 5278 1560 5347 beneﬁciis
1589 5277 1748 5342 satis;
1776 5277 1891 5334 ele-

286 5354 508 5432 gautius
538 5353 671 5432 (leg.
699 5349 1199 5432 Sorb.7Rer_ni_g._a_c
1236 5349 1433 5432 Navar.
1460 5365 1636 5432 unus,_
1655 5348 1893 5432 beneﬁcis

288 5421 446 5487 satis;
468 5435 526 5479 ut
552 5425 586 5478 ii
615 5421 956 5495 opponantur
976 5423 1220 5490 inimicis,
1249 5433 1304 5477 et
1329 5422 1545 5495 utrique
1571 5421 1637 5477 ad
1650 5423 1828 5494 justas
1845 5430 1891 5475 et

287 5499 537 5571 injustas.
571 5496 639 5550 de
671 5495 867 5566 quibus
890 5504 1016 5549 ante
1043 5494 1246 5549 dictum
1289 5500 1395 5560 est,
1424 5494 1747 5548 referantur.

368 5580 392 5608 ε
436 5567 514 5624 lia
542 5568 721 5623 cuncti
753 5580 885 5621 mss.
925 5576 1153 5624 exceuto
1177 5567 1321 5624 quod
1353 5566 1405 5620 in
1456 5564 1563 5621 fine
1609 5566 1760 5624 nauci
1790 5561 1822 5617 h

482 5583 514 5622 a
542 5578 721 5623 cuncti
753 5580 885 5621 mss.
925 5578 1153 5635 excepto
1177 5578 1321 5635 quod
1353 5581 1405 5620 in
1456 5578 1563 5621 nne
1609 5579 1760 5635 pauci
1791 5578 1884 5618 na-

368 5581 392 5608 ¢
436 5581 514 5624 tta
542 5581 721 5623 cuncti
753 5581 885 5621 mss.
925 5581 1153 5635 excepto
1177 5581 1321 5637 quoa
1353 5581 1405 5620 in
1456 5581 1563 5621 nne
1677 5581 1760 5619 uel
1791 5581 1883 5618 na-

290 5640 448 5704 bent,
483 5638 614 5693 Vera
637 5653 757 5709 ergo
776 5637 870 5691 illa
890 5634 1230 5709 tex.Cunctte
1250 5651 1384 5709 vero
1400 5636 1560 5709 edit.,
1587 5581 1883 5692 ﬂumen-

291 5723 409 5767 tum
433 5720 576 5766 vetus
612 5707 744 5764 venit
769 5724 874 5763 non
911 5708 1125 5771 soluere,
1168 5708 1258 5763 sed
1288 5707 1527 5777 implere;
1576 5710 1648 5763 ita
1692 5723 1879 5762 novum

290 5783 601 5854 certiﬁcare.
646 5780 756 5854 Sed
783 5782 1101 5854 sicut‘omnis
1125 5780 1311 5854 ueritas
1338 5780 1391 5854 in
1417 5796 1563 5854 navo
1585 5792 1662 5854 est
1699 5777 1881 5833 Testa-

294 5850 503 5923 mento;
528 5854 604 5909 ita
623 5863 669 5910 et
914 5851 1043 5923 legis
1066 5850 1143 5908 est
1168 5866 1316 5908 verte.
1339 5850 1478 5923 Ergo
1524 5851 1615 5907 illa
1635 5852 1747 5928 Item,
1771 5859 1879 5908 etc.

1983 3394 2091 3434 non
2117 3379 2405 3434 inveniunt
2429 3389 2574 3431 eum.
2616 3370 2918 3438 Invenitur,
2974 3367 3061 3424 cui
3089 3378 3293 3422 corona
3323 3362 3573 3419 debetur:

1983 3487 2094 3528 non
2122 3470 2422 3535 invenitur,
2454 3467 2545 3536 qui
2573 3466 2800 3521 idoneus
2819 3461 3108 3519 certamini
3133 3474 3245 3515 non
3298 3455 3582 3529 probatur.

1983 3562 2285 3622 Tribulatio
2315 3561 2475 3633 igitur
2514 3558 2664 3615 velut
2714 3556 2964 3629 quzcdam
2996 3552 3169 3625 gratia
3199 3560 3303 3606 est.
3341 3548 3583 3616 Denique

1985 3655 2323 3725 Sacriﬁcium
2355 3653 2465 3708 Deo
2508 3651 2722 3722 spiritus
2774 3644 3147 3703 contributatus
3175 3639 3346 3716 (Psat.
3382 3656 3436 3705 ι,
3470 3637 3583 3709 19).

1985 3749 2206 3806 Annon
2247 3757 2331 3803 est
2369 3745 2565 3818 gratia,
2599 3758 2721 3814 qua:
2775 3749 3036 3811 operatur
3090 3731 3437 3807 patientiam?
3484 3730 3586 3799 Qui

1984 3857 2117 3913 ergo
2145 3846 2374 3896 noverat
2409 3835 2774 3894 tribulationis
2802 3831 3109 3905 profectum
3140 3843 3287 3896 esse,
3325 3825 3587 3897 quaesitus

1983 3952 2015 3991 a
2042 3931 2392 3990 tribulatione
2418 3934 2670 3985 inventus
2691 3934 2797 3991 est,
2830 3938 2933 3980 nec
2970 3920 3192 3991 refugit.

2055 4024 2148 4080 4|.
2174 4024 2312 4080 Dicit
2334 4019 2617 4092 Sapientia
2642 4036 2654 4073 :
2690 4018 2935 4084 Quterent
2962 4030 3043 4067 me
3067 4011 3216 4076 mali,
3241 4019 3412 4065 etnon
3442 4009 3587 4062 inue-

1985 4121 2126 4176 nient
2150 4116 2332 4191 (Prov.
2360 4131 2400 4181 ι,
2430 4114 2559 4187 28);
2583 4128 2689 4168 non
2719 4110 2845 4182 quia
2890 4108 3152 4164 Dominus
3177 4104 3395 4162 nolebat
3439 4104 3591 4158 inve-

1989 4214 2094 4271 niri
2118 4214 2185 4269 ab
2211 4210 2546 4274 hominibus,
2576 4206 2668 4278 qui
2698 4220 2761 4262 se
2789 4202 3043 4260 omnibus
3067 4202 3232 4257 etiam
3282 4214 3388 4254 non
3443 4211 3591 4268 quae-

1990 4310 2242 4369 rentibus
2260 4305 2528 4364 oll’erebat
2550 4320 2563 4357 :
2585 4302 2680 4358 sed
2706 4302 2828 4372 quia
2855 4299 2937 4354 his
2952 4298 3210 4370 operibus
3221 4292 3587 4367 quaerebatur,

1988 4419 2048 4463 ut
2075 4403 2280 4474 indigni
2321 4408 2509 4457 essent
2536 4396 2626 4470 qui
2648 4402 2989 4468 quaererent,
3026 4390 3293 4446 invenire.
3321 4385 3589 4442 Caeterum

1988 4467 2219 4556 Simeoii
2236 4495 2329 4567 qui
2354 4508 2480 4550 eum
2523 4467 2894 4561 exspectabat,
2930 4484 3139 4541 invenit
3167 4480 3319 4553 (Luc.
3347 4494 3408 4548 ιι,
3433 4477 3505 4536 25
3545 4486 3593 4533 et
3658 4467 3668 4476 ’

1990 4591 2149 4663 seq.).
2190 4589 2404 4645 Invenit
2429 4584 2698 4641 Andreas.
2759 4580 3005 4649 Denique
3051 4578 3129 4631 ait
3179 4575 3246 4629 ad
3269 4574 3594 4629 Simonem:

1916 4664 1964 4725 ί)
1990 4686 2291 4742 Invenimus
2315 4676 2724 4747 Messiant,quod
2749 4677 3121 4746 interpretatur
3141 4668 3379 4725 Christus
3406 4664 3589 4741 (Joan.

1989 4795 2030 4850 ι,
2064 4776 2182 4850 Μ).
2221 4774 2505 4845 Philippus
2546 4783 2762 4842 quoque
2787 4766 2920 4822 dicit
2947 4764 3014 4819 ad
3068 4761 3391 4819 Nathanaet:
3433 4757 3593 4825 Quem

1992 4849 2200 4942 scripsit
2254 4867 2464 4940 Moyses
2489 4867 2546 4920 in
2574 4863 2730 4936 Lege,
2759 4871 2807 4917 et
2837 4861 3126 4934 prophetia,
3175 4855 3460 4912 inuenimus
3497 4849 3592 4905 Je-

1989 5033 2099 5093 Sed
2148 5032 2242 5104 qui
2272 5032 2453 5087 locum
2497 5042 2565 5084 eo
2593 5025 2757 5104 modo
2801 5022 3272 5102 consarcinarunt,
3321 5013 3595 5104 Ambrosii

1988 5094 2210 5163 sensum
2242 5116 2581 5174 nequaquam
2625 5097 2877 5174 videntur
2926 5095 3197 5174 assecuti;
3241 5106 3363 5174 eum
3397 5094 3592 5174 autem
3642 5094 3645 5097 '

1990 5161 2238 5250 putamus
2263 5161 2719 5250 essehtujusmodi
2744 5185 2762 5250 ε
2791 5163 3255 5250 Quemadmodum
3290 5161 3592 5250 licet‘vetus
3656 5180 3665 5187 ·

1990 5231 2401 5306 Testamentum
2439 5231 2623 5309 fuerit,
2652 5231 2852 5294 veritas
2884 5250 3085 5309 tamen,
3120 5234 3224 5309 hoc
3262 5242 3372 5309 est.
3398 5231 3594 5301 figura-

1992 5302 2265 5390 Eiidem;
2308 5316 2570 5390 impletio,
2608 5302 2674 5368 'in
2719 5325 2860 5390 novo
2903 5317 3030 5390 est:
3062 5308 3143 5389 ita.
3180 5306 3318 5390 licet
3357 5302 3447 5358 lex
3498 5316 3595 5372 per

1992 5373 2481 5464 hiovse'nrdatajsit,
2528 5373 2592 5441 ea
2615 5395 2796 5439 tamen
2825 5380 3067 5451 impleta,
3093 5378 3196 5434 nisi
3226 5378 3278 5432 in
3304 5373 3425 5444 lege
3454 5386 3591 5428 nova

1995 5458 2335 5534 nequaquam
2359 5458 2480 5514 fuit.

2061 5551 2089 5591 ά
2121 5553 2264 5609 Edit.
2306 5566 2518 5616 omnes,
2551 5564 2655 5603 non
2707 5547 2885 5618 {uisset
2929 5543 3097 5615 gratia
3123 5546 3260 5615 facta
3311 5554 3401 5618 per
3443 5534 3595 5618 Chri-

1988 5606 2292 5684 stum-.‘hlﬁss.
2322 5606 2517 5678 eontra
2541 5606 2962 5691 ιιΐωιεὶηιίιιψῆ
2987 5606 3198 5691 vocem,
3232 5606 3422 5691 gratia.
3449 5606 3594 5690 Con-

1987 5680 2222 5763 cinnius;
2254 5711 2358 5751 vox
2392 5680 2561 5760 enim,
2612 5695 2772 5764 facta,
2812 5687 3094 5764 referenda
3111 5696 3203 5764 est
3232 5680 3306 5740 ξω
3346 5680 3592 5751 superio-

1987 5786 2129 5841 rem,
2159 5759 2365 5837 ueritas,
2391 5766 2460 5823 de
2491 5759 2707 5837 qua'hie
2737 5761 3010 5833 prwcipue
3040 5759 3235 5830 agitur.
