4104 6350
517 321 654 380 1467

1843 321 2091 380 8ΑΝΟΤΙ
2126 322 2455 381 AMBROSII

3672 324 3811 382 “68

512 456 626 494 sum
654 440 822 510 ﬁlium
857 439 1075 509 Joseplt,
1124 441 1213 512 qui
1243 447 1317 497 est
1358 455 1389 494 ι
1418 436 1681 493 Nasaretlt
1710 435 1891 508 (Joan.
1915 453 1957 505 ι,
1985 435 2100 508 45).
2128 448 2182 511 Α
2209 454 2308 494 usu
2333 437 2579 495 exercitii
2613 438 2771 496 fuerit
2796 440 3128 498 constitutus
3157 459 3171 496 :
3204 443 3296 512 qui
3324 457 3455 499 vero
3487 442 3809 499 exercitium

516 531 585 587 Et
620 541 678 587 ut
710 531 1027 589 ostenderet
1051 530 1508 603 quemadmodum
1554 530 1806 586 Christus
1835 529 2107 586 invenire-

513 635 625 695 tur,
654 627 766 682 ait:
811 627 954 694 Veni,
981 637 1029 683 et
1054 627 1170 683 ride
1194 624 1383 700 (Ibid.,
1407 624 1523 698 46).
1550 624 1651 694 Qui
1682 640 1812 696 ergo
1832 625 2107 681 Christum

510 724 725 793 qumrit,
751 723 934 778 veniat
955 737 1061 776 non
1083 719 1332 791 corporis
1356 733 1569 791 gressu,
1592 718 1695 775 sed.
1717 718 1916 775 mentis
1943 717 2106 773 vesti-

506 818 598 885 gio
619 833 636 871 :
660 815 842 870 videat
869 829 994 872 eum
1020 830 1127 871 non
1153 812 1521 870 exterioribus
1551 811 1749 880 oculis,
1797 810 1895 867 sed
1940 810 2108 866 inter-

511 909 617 964 nis.
661 907 923 964 IEternus
961 906 1108 962 enim
1165 904 1543 975 corporalibus
1574 920 1679 959 non
1710 904 1921 960 videtur
1948 916 2101 974 aspe-

508 1002 686 1057 Ctihus
704 1017 722 1063 ;
739 1001 997 1071 quoniam
1024 1008 1050 1038 ⁸
1071 1016 1186 1071 qua
1208 999 1470 1066 videntur,
1489 1000 1791 1073 temporalia
1813 1008 1935 1054 sunt
1953 1015 1972 1054 :
1992 1014 2106 1071 qua:

511 1103 680 1148 autem
707 1108 812 1148 non
838 1092 1099 1161 uidentur,
1129 1101 1321 1149 (eterna
1353 1089 1422 1161 (ιι
1452 1090 1573 1146 Cor.
1605 1107 1679 1158 tv,
1710 1091 1820 1164 i8).
1854 1088 2104 1146 Christus

512 1188 677 1258 igitur
727 1202 834 1243 non
885 1185 1219 1258 temporalis,
1263 1185 1358 1241 sed
1387 1199 1454 1240 ex
1482 1184 1642 1239 Patre
1679 1192 1805 1240 ante
1834 1195 2102 1254 tempora,

509 1280 660 1352 quasi
690 1280 857 1348 Deus,
888 1295 1047 1335 verus
1080 1279 1173 1334 Dei
1218 1278 1380 1342 ﬁlius,
1412 1286 1468 1333 et
1507 1277 1662 1349 quasi
1695 1276 1867 1332 virtus
1894 1275 2099 1345 sempi-

510 1382 665 1428 terna
709 1386 871 1443 supra
907 1382 1174 1443 tempora,
1213 1385 1375 1441 quem
1417 1370 1596 1426 nullus
1640 1378 1939 1441 temporum
1977 1369 2102 1425 ﬁnis

506 1464 786 1521 includat:
816 1467 969 1537 quasi
998 1468 1105 1521 vita
1125 1480 1289 1536 supra
1320 1472 1587 1535 tempora,
1613 1478 1772 1535 quem
1806 1476 2101 1534 numquam

509 1560 629 1615 dies
658 1560 851 1618 mortis
872 1560 1135 1627 inveniat;
1170 1559 1319 1627 Quod
1345 1559 1481 1613 enim
1511 1569 1743 1613 mortuus
1761 1568 1835 1613 est
1868 1566 2096 1629 peccato,

509 1666 742 1710 mortuus
767 1663 845 1710 est
873 1655 1032 1711 semel
1048 1670 1069 1709 :
1089 1654 1228 1726 quod
1255 1663 1432 1709 autem
1464 1652 1608 1721 uiuit,
1638 1653 1759 1708 vivit
1784 1651 1894 1707 Deo
1919 1650 2096 1724 (Rom.

508 1761 582 1813 νι,
610 1743 722 1817 10).

2208 530 2589 603 dereliquerit,
2617 533 2738 591 sine
2764 533 2932 590 dubio
2961 551 3068 589 non
3100 537 3297 606 poterit
3329 536 3593 608 reperiri;
3619 536 3706 605 qui
3733 537 3813 591 in-

2207 624 2402 697 dignus
2433 638 2537 695 est,
2570 636 2630 683 ut
2680 637 2974 698 quaeratur.
3015 628 3182 685 David
3235 645 3369 702 ergo
3426 632 3584 704 quasi
3634 631 3813 688 bonus

2205 717 2405 775 athleta
2435 719 2567 775 dicit
2596 737 2610 774 :
2645 719 2933 776 Tribulatio
2954 731 2999 775 et
3025 723 3304 778 necessitas
3349 725 3649 779 invenerunt
3695 739 3811 788 me;

2204 812 2328 883 quia
2361 822 2608 882 paratum
2631 828 2854 885 semper
2898 813 3229 882 habuerunt,
3282 831 3393 872 non
3449 815 3810 887 refugientem

2203 907 2588 962 necessitatum
2618 915 2675 963 et
2701 906 3111 964 tribulationum
3138 908 3347 978 praelia,
3376 910 3472 965 sed
3504 918 3806 981 petentem.

2275 997 2369 1053 45.
2413 998 2591 1070 (Vcrs.
2629 999 2782 1072 Mi.)
2821 999 3115 1072 Sequitur:
3145 1000 3300 1059 Iusta
3326 1002 3619 1058 testimonia
3645 1013 3733 1056 tua
3755 1003 3810 1058 in

2203 1099 2471 1160 a'terttum;
2504 1093 2816 1149 intellectum
2843 1094 2912 1149 da
2965 1094 3094 1149 mihi
3123 1110 3324 1163 eorum,
3374 1105 3422 1150 et
3462 1094 3666 1165 viviﬁca
3705 1110 3807 1149 me.

2204 1184 2338 1252 Quis
2361 1194 2563 1250 tantus,
2589 1186 2678 1255 qui
2705 1186 2875 1258 possit
2896 1185 3208 1258 intelligere
3232 1186 3443 1242 Domini
3468 1186 3812 1242 testimonia?

2205 1276 2273 1333 Et
2313 1278 2438 1334 ideo
2466 1278 2772 1336 intellectus
2803 1295 2834 1335 a
2864 1280 3099 1336 Domino
3128 1280 3489 1351 postulandus
3515 1293 3620 1345 est,
3647 1281 3808 1350 cujus

2204 1376 2351 1426 tanta
2381 1381 2463 1426 est
2492 1372 2600 1438 vis;
2632 1381 2689 1428 ut
2716 1371 2931 1427 initium
2959 1372 3079 1444 ejus
3117 1373 3190 1429 sit
3238 1372 3518 1443 plenitudo
3566 1373 3804 1429 virtutis.

2205 1461 2447 1533 Denique
2468 1466 2731 1535 scriptum
2754 1473 2839 1521 est
2880 1485 2893 1518 :
2938 1463 3117 1522 Pietas
3147 1476 3322 1522 autem
3365 1466 3420 1520 in
3456 1463 3568 1521 Deo
3596 1467 3808 1522 initium

2200 1556 2489 1612 intellectus
2519 1555 2704 1631 (Prov.
2736 1574 2777 1627 t,
2811 1557 2892 1630 7),
2921 1574 3043 1630 qua:
3091 1559 3357 1616 virtutum
3404 1560 3647 1615 omnium
3680 1559 3807 1614 futt-

2201 1647 2515 1707 damentum
2558 1662 2643 1708 est
2694 1652 2849 1724 juxta
2907 1655 3265 1709 humanarum
3317 1669 3500 1711 rerum
3554 1663 3611 1710 et
3642 1654 3809 1712 cccle-

2202 1742 2364 1797 stium
2423 1743 2789 1815 disciplinam.
2853 1745 3033 1802 Pietas
3064 1746 3238 1804 amica
3292 1747 3430 1815 Deo,
3489 1748 3808 1819 parentibus

577 1840 671 1895 £3.
713 1840 883 1896 Audis
913 1841 1044 1912 quid
1084 1840 1294 1897 dixerit
1321 1838 1485 1896 hodie
1513 1839 1843 1911 Apostolus?
1873 1837 2097 1894 Peccato
2127 1858 2173 1921 Β
2200 1845 2372 1904 grata,
2398 1835 2686 1892 Dominum
2718 1837 2998 1905 conciliat,
3026 1840 3462 1898 necessitudines
3509 1837 3677 1907 fovet,
3709 1841 3805 1896 Dei

505 1933 701 2005 inquit,
734 1946 968 1990 mortuus
1010 1943 1082 1991 est
1105 1935 1280 1991 semel.
1319 1933 1501 1991 Semel
1527 1934 1620 1990 tibi
1650 1934 1919 2003 peccatori
1954 1948 2099 1988 mor-

506 2035 629 2082 tuus
654 2035 739 2082 est
768 2025 1057 2083 Christus:
1102 2026 1211 2083 noli
1242 2027 1439 2083 iterum
1473 2041 1698 2097 peccare
1748 2036 1868 2097 post
1898 2026 2100 2096 baptis-

505 2135 675 2177 muttt.
713 2117 981 2177 Omnibus
1010 2122 1065 2176 in
1111 2133 1402 2178 commune
1429 2121 1598 2177 semel
1628 2127 1872 2176 mortuus
1913 2127 2018 2187 est,
2045 2127 2101 2174 et

501 2213 734 2285 singulis
765 2213 936 2270 semei
986 2214 1237 2281 moritur,
1278 2228 1386 2269 non
1435 2212 1766 2283 frequenter.
1808 2212 2095 2268 Peccatum

502 2324 586 2375 es,
630 2324 663 2363 ο
713 2307 914 2375 homo:
958 2308 1082 2364 ideo
1131 2317 1412 2379 peccatum
1458 2307 1586 2362 fecit
1614 2305 1895 2361 Christum
1937 2319 2095 2361 suum

500 2392 845 2472 omnipotens
872 2401 1050 2457 Pater.
1096 2401 1381 2457 Hominem
1414 2399 1561 2465 fecit,
1594 2400 1686 2469 qui
1722 2409 1944 2470 peccata
1998 2412 2097 2455 no-

498 2503 612 2549 stra
653 2501 918 2565 portaret.
960 2493 1087 2548 Mihi
1120 2507 1251 2564 ergo
1310 2501 1529 2562 peccato
1556 2500 1804 2546 mortuus
1836 2489 2097 2546 Dominus

502 2585 696 2653 Iesus;
733 2584 800 2642 Ut
840 2598 939 2641 nas
964 2586 1021 2639 in
1045 2585 1139 2640 illo
1173 2600 1392 2641 essemus
1411 2585 1619 2658 justitia
1661 2581 1759 2645 Dei
1787 2581 1853 2654 (Il
1885 2580 2006 2637 Cor.
2040 2598 2093 2649 v,

501 2678 615 2754 2t).
658 2680 786 2737 Mihi
813 2688 900 2736 est
950 2690 1221 2747 mortuus,
1252 2688 1310 2734 ut
1361 2679 1491 2734 mitti
1534 2686 1867 2749 resurgeret.
1911 2675 2096 2734 Semel

499 2787 896 2846 estmortuus,
945 2776 1117 2834 semel
1193 2775 1518 2832 resurrexit.
1578 2775 1646 2830 Et
1700 2783 1759 2830 tu
1823 2789 1946 2830 cum
2001 2773 2096 2830 illo

501 2879 767 2937 mortuus,
800 2885 922 2926 cum
953 2869 1046 2925 illo
1075 2870 1336 2940 sepultus,
1389 2883 1511 2924 cum
1549 2867 1642 2924 illo
1679 2868 1732 2923 in
1772 2869 2095 2940 baptismate

498 2964 878 3027 resuscitatus,
927 2977 1060 3018 cave
1105 2977 1175 3017 ne
1223 2976 1347 3016 cum
1393 2970 1644 3016 mortuus
1694 2958 1861 3016 fueris
1900 2958 2094 3023 semel,

500 3055 753 3111 moriaris
793 3056 1015 3110 iterum.
1060 3054 1179 3111 Jam
1234 3069 1340 3110 non
1402 3065 1625 3125 peccato
1675 3053 1948 3116 morieris,
1998 3051 2095 3109 sed

502 3149 676 3204 venia:
726 3166 739 3204 :
795 3164 864 3205 ne
920 3164 1043 3204 cum
1082 3148 1479 3211 resurrexeris,
1514 3147 1769 3203 moriaris
1817 3146 2093 3211 Secundo;

2201 1930 2436 1997 cultura,
2462 1945 2672 1988 merces
2697 1940 3005 2003 parentum,
3038 1933 3272 1989 ﬁliorum
3295 1932 3647 2005 stipendium.
3676 1933 3802 1991 Pie-

2203 2033 2306 2089 tas,
2358 2024 2608 2095 inquam,
2638 2026 2913 2095 iustorum
2966 2026 3227 2093 tribunal,
3260 2043 3554 2099 egenorum
3594 2038 3804 2098 portus,

2200 2118 2523 2174 miserorum
2549 2104 2862 2191 suil‘ugium,
2896 2120 3236 2192 indulgentia
3263 2132 3632 2193 peccatorum.

2268 2211 2358 2268 46.
2399 2212 2502 2282 Qui
2527 2215 2688 2269 habet
2715 2214 3077 2284 intellectum,
3105 2216 3221 2286 ipse
3251 2232 3378 2273 vere
3409 2226 3494 2272 est
3516 2217 3678 2289 pius;
3716 2219 3806 2274 in-

2198 2303 2395 2376 telligit
2421 2308 2567 2361 enim
2602 2304 2857 2362 humana:
2900 2306 3171 2363 lubricum
3211 2308 3545 2379 fragilitatis,
3591 2321 3648 2366 et
3694 2317 3804 2366 cito

2197 2396 2433 2466 ignoscit
2471 2400 2700 2454 erranti.
2748 2399 3013 2472 intelligit
3056 2415 3349 2459 commune
3406 2403 3565 2459 nobis
3616 2404 3805 2461 datum

2197 2497 2406 2544 natura:
2424 2504 2662 2561 ususque
2687 2492 3044 2558 consortium;
3075 2502 3132 2548 et
3160 2492 3285 2548 ideo
3313 2493 3642 2564 pauperibus
3666 2502 3803 2549 tam-

2195 2572 2358 2653 quam
2391 2582 2634 2641 debitum
2668 2585 2854 2651 solvit,
2896 2601 3003 2641 non
3038 2585 3312 2642 iniiciatur
3344 2597 3619 2658 tamquam
3654 2588 3806 2643 inde—

2198 2675 2386 2733 bitum.
2435 2676 2693 2748 Intelligit
2744 2679 2891 2733 vices
2943 2693 3066 2736 esse
3118 2680 3526 2748 calamitatum;
3574 2690 3631 2737 et
3675 2681 3800 2737 ideo

2207 2778 2486 2843 tamquam
2518 2771 2813 2843 naufragiis
2844 2771 3030 2829 mundi
3057 2771 3216 2829 istius
3247 2783 3410 2845 portu
3433 2774 3665 2847 quodam
3689 2790 3802 2830 sua:

2197 2866 2553 2924 humanitatis
2584 2867 2841 2924 occurrit.
2887 2868 3013 2924 ilaec
3039 2870 3275 2940 perfecta
3326 2872 3499 2926 virtus
3538 2870 3588 2925 in
3629 2868 3803 2926 humi-

2199 2961 2378 3027 nibus,
2413 2962 2529 3015 lucc
2556 2962 2713 3031 [ulena
2740 2963 2793 3017 in
2823 2961 2932 3018 Deo
2965 2962 3083 3017 laus
3114 2971 3219 3018 est.

2268 3056 2356 3110 47.
2386 3055 2579 3110 Merito
2610 3055 2947 3111 intellectum
2997 3055 3101 3111 sibi
3132 3056 3298 3113 etiam
3348 3054 3634 3121 Salomon,
3684 3072 3803 3112 ma—

2196 3146 2477 3218 gisterium
2507 3157 2728 3205 secutus
2777 3160 3084 3220 paternum,
3127 3165 3154 3203 a
3197 3149 3430 3206 Domino
3476 3151 3801 3223 postulavit,

499 3222 735 3297 Christus
760 3242 905 3298 enim
935 3255 1208 3314 resurgens
1233 3256 1296 3295 ea:
1317 3241 1553 3306 mortuis,
1570 3243 1688 3313 jam
1714 3255 1816 3294 non
1854 3237 2090 3307 moritur,
2123 3248 2170 3313 ρ
2201 3239 2425 3295 dicens:
2462 3234 2574 3312 Ego
2624 3257 2739 3296 sum
2784 3259 2911 3313 puer
2952 3242 3185 3310 humilis,
3216 3252 3262 3298 et
3304 3222 3489 3315 ignoro
3532 3244 3805 3298 introitum

501 3353 641 3392 mors
670 3338 726 3391 in
754 3353 872 3391 eum
908 3340 1024 3409 jant
1079 3352 1184 3391 non
1246 3335 1594 3390 dominabitur
1632 3330 1831 3405 (Rom.
1865 3349 1939 3396 vt.
1994 3332 2091 3401 9).

503 3431 644 3502 Ergo
668 3445 816 3485 mors
844 3430 1120 3485 dominata
1147 3437 1234 3486 est
1252 3429 1337 3484 ei?
1376 3428 1432 3484 In
1460 3442 1528 3485 eo
1554 3429 1735 3498 utique
1761 3427 1901 3498 quod
1933 3427 2088 3496 dixit,

489 3530 609 3599 jam
666 3540 772 3579 non
826 3524 1199 3589 dominabitur,
1255 3521 1495 3579 ostendit
1553 3536 1678 3578 esse
1728 3520 2085 3577 dominatum.

500 3617 623 3674 Noli
653 3625 857 3672 tantum
903 3615 1155 3671 amittere
1186 3613 1533 3682 beneﬁcium,
1566 3631 1599 3669 o
1627 3613 1810 3669 homo.
1857 3613 2087 3685 Propter

499 3722 553 3768 te
586 3711 835 3768 Christus
858 3709 1214 3766 dominationi
1267 3710 1456 3766 mortis
1507 3725 1568 3767 se
1617 3708 1878 3776 subdidit;
1918 3716 1979 3764 ut
2034 3716 2088 3765 te

497 3804 626 3876 jugn
652 3804 1042 3860 dominationis
1069 3813 1313 3860 exueret.
1362 3803 1458 3860 ille
1485 3804 1724 3874 suscepit
1754 3803 1944 3859 mortis
1973 3818 2088 3859 ser-

496 3898 758 3962 vitutem;
791 3906 849 3953 ut
882 3897 977 3954 tibi
1005 3897 1269 3953 tribueret
1295 3896 1417 3951 vita:
1446 3904 1664 3952 aeterna:
1692 3896 2012 3952 libertatem.

567 3991 660 4046 45.
700 3990 802 4060 Qui
838 3990 1036 4062 quaerit
1072 4005 1202 4060 ergo
1231 3989 1528 4058 Christum,
1561 3991 1838 4061 quaeritet
1863 3988 2089 4044 tribula-

499 4085 700 4141 tionem
727 4085 867 4153 ejus,
902 4100 1002 4141 nec
1025 4085 1225 4157 refugit
1264 4084 1591 4157 passionem.
1636 4086 1878 4156 Denique
1921 4081 2088 4139 David

494 4178 588 4249 qui
613 4178 808 4249 dignus
839 4187 978 4247 erat,
1003 4188 1063 4234 ut
1093 4195 1120 4233 a
1153 4179 1500 4235 tribulatione
1527 4189 1886 4249 quaereretur,
1921 4177 2090 4233 tribu-

490 4270 746 4326 lationem
774 4279 831 4327 et
853 4271 971 4342 ipse
1008 4273 1281 4343 qumsivit.
1328 4270 1462 4326 Nam
1502 4271 1611 4325 nisi
1638 4270 1947 4341 qua-sisset,
1979 4284 2089 4324 non

493 4362 811 4419 invenisset.
865 4362 1020 4431 Quod
1070 4363 1338 4419 invenerit
1392 4369 1594 4429 autem,
1665 4362 1782 4431 ipse
1839 4368 2090 4429 testatur,

424 4442 430 4448 ’
493 4457 729 4513 dicens:
763 4456 1170 4513 Tribulationent
1207 4466 1256 4512 et
1297 4456 1530 4511 dolorem
1553 4455 1747 4521 iuveni,
1794 4453 2006 4525 1208
2043 4461 2092 4506 et

495 4568 680 4609 nomen
704 4554 912 4610 Domini
936 4556 1168 4610 invocavi
1218 4553 1395 4628 (Paul.
1418 4568 1561 4621 CXIV,
1591 4552 1626 4608 ’5
1646 4561 1695 4606 et
1721 4548 1801 4621 4).
1830 4551 1899 4605 Et
1926 4548 2086 4605 alibi:

490 4648 557 4703 In
589 4648 918 4706 tribulatione
938 4653 1165 4707 invocavi
1191 4651 1493 4718 Dominum,
1527 4661 1577 4707 et
1620 4647 1883 4705 exaudiuit
1925 4663 2005 4702 me
2033 4648 2088 4701 in
2110 4670 2165 4731 Ι)

488 4742 760 4797 latitudine
786 4741 958 4807 (Psal.
991 4759 1154 4810 cxvn,
1183 4745 1266 4817 5).
1306 4745 1455 4800 Bona
1485 4759 1615 4816 ergo
1642 4742 1942 4810 tribulatio,
1964 4756 2085 4812 quae

491 4834 686 4905 dignos
718 4834 848 4892 facit
892 4851 1013 4904 nos,
1040 4838 1208 4907 quiin
1233 4837 1516 4893 latitudine
1546 4836 1949 4893 exattdiamura
1984 4836 2087 4891 Do-

492 4926 661 4984 mino.
681 4927 866 4984 Gratia
885 4935 968 4984 est
987 4936 1167 4984 autem
1181 4928 1428 4983 exaudiri
1448 4944 1477 4982 a
1497 4928 1726 4985 Domino
1749 4929 1859 4985 Deo
1872 4939 2082 4984 nostro.

562 5018 650 5076 44.
693 5020 794 5089 Qui
843 5022 1037 5093 quaerit
1068 5020 1229 5093 igitur
1266 5020 1690 5089 tribulationem,
1725 5032 1833 5077 non
1862 5022 2084 5093 refugit:

490 5113 581 5183 qui
614 5129 721 5171 non
751 5115 971 5188 refugit,
1009 5117 1310 5174 invenitur.
1348 5114 1464 5172 Non
1493 5112 1641 5174 enim
1669 5113 1698 5155 δ
1729 5114 1950 5189 refugit,
1993 5115 2087 5188 qui

406 5231 410 5234 ‹
492 5206 746 5263 mandata
798 5208 893 5266 Dei
952 5226 1117 5266 sensu
1163 5210 1529 5282 operibusque
1584 5209 1900 5266 meditatur.
1950 5208 2086 5265 Nam

488 5296 672 5370 utique
701 5298 854 5357 illum
900 5300 1159 5359 athletam
1203 5304 1500 5360 certamina
1547 5303 1855 5371 inveniunt,
1896 5305 1986 5375 qui
2032 5304 2087 5359 in

562 5487 586 5557 ξι
628 5478 757 5557 Mss.
797 5481 1067 5557 plerique,
1100 5500 1213 5554 quae
1237 5485 1496 5557 videntur,
1529 5483 1825 5557 corporalia
1852 5493 1989 5557 sunt.

562 5548 590 5589 δ
628 5547 773 5626 (2οάἒ
788 5547 992 5626 Navar.
1027 5547 1184 5617 unus,
1210 5556 1401 5626 refugit
1430 5547 1677 5611 mandata
1710 5555 1821 5619 Dei,
1852 5553 1941 5609 sed
1968 5570 2086 5608 sett-

492 5632 723 5698 su,Aetc.
756 5622 947 5698 Melius
981 5627 1095 5693 alii,
1143 5636 1197 5682 et
1243 5622 1374 5682 edit.
1424 5629 1562 5682 utin
1614 5632 1785 5690 textu;
1834 5626 1926 5681 tthi
1973 5630 2098 5698 post

487 5695 745 5760 verbum,
777 5697 1009 5769 refugit.,
1041 5697 1585 5767 subinteliigcndum,
1613 5695 2011 5753 tribulationem.

573 5802 595 5830 ο
620 5791 800 5863 Rom.
839 5795 997 5863 edit.,
1031 5794 1194 5854 oravit
1223 5814 1255 5852 a
1286 5797 1527 5852 Domino.
1562 5794 1669 5851 bed
1700 5809 1805 5849 non
1855 5791 2099 5850 insolens

495 5874 576 5925 est
601 5862 910 5941 Ambrosio,
944 5862 1000 5928 ut
1021 5885 1144 5949 quae
1179 5866 1401 5950 proprie
1437 5868 1616 5931 Verbo
1647 5868 2001 5938 conveniunt,
2033 5880 2099 5929 ea

2199 3349 2389 3401 meum,
2419 3344 2466 3389 et
2496 3335 2692 3389 exitum
2721 3351 2913 3401 meum,
2939 3344 2989 3391 et
3016 3352 3191 3390 servus
3214 3345 3331 3391 tuus
3351 3337 3408 3390 in
3428 3335 3594 3390 medio
3619 3336 3806 3408 papuli

2196 3426 2289 3492 tui,
2317 3441 2467 3501 quem
2499 3427 2716 3498 elegisti,
2741 3427 2990 3498 populum
3018 3428 3235 3483 ntultum
3277 3429 3409 3482 sicut
3446 3444 3657 3483 arenam
3686 3446 3803 3483 ma—

2195 3517 2288 3583 ris,
2321 3534 2437 3589 quae
2475 3518 2800 3574 dinumerari
2831 3536 2935 3574 non
2981 3529 3147 3593 potest
3195 3535 3304 3589 pra:
3341 3519 3672 3574 multitudine
3706 3536 3725 3574 :
3754 3527 3805 3574 et

2193 3609 2343 3665 dabis
2367 3628 2509 3666 servo
2549 3622 2635 3668 luo
2678 3628 2768 3668 cor
2819 3612 3068 3684 prudens,
3101 3612 3284 3667 audire
3327 3621 3373 3667 et
3398 3613 3642 3686 judicare
3684 3628 3803 3667 cum

2182 3705 2393 3776 justitiu
2444 3704 2695 3777 populum
2729 3716 2896 3772 tuum,
2948 3715 2995 3761 et
3022 3706 3312 3777 intelligere
3352 3705 3486 3760 inter
3534 3704 3724 3760 bonum
3753 3714 3804 3758 et

2193 3798 2385 3851 malum
2410 3795 2501 3869 (III
2540 3797 2671 3869 Reg.
2703 3814 2785 3865 nt,
2817 3798 2956 3870 7-9).
2984 3794 3142 3854 Unde
3176 3796 3504 3869 complacuit
3535 3796 3803 3863 Domino;

2190 3891 2313 3961 quia
2342 3906 2447 3946 non
2473 3887 2578 3947 sibi
2605 3891 3007 3964 lengaevitatetn
3039 3892 3185 3957 vitae,
3216 3900 3270 3946 et
3294 3890 3559 3961 regalium
3586 3888 3804 3944 divitia-

2186 3999 2307 4039 rum
2334 3983 2538 4053 copias,
2589 3985 2683 4039 sed
2716 3983 3037 4055 sapientiam
3074 3982 3140 4038 ad
3173 3979 3523 4053 intelligenda
3570 3980 3791 4036 Domini

2185 4076 2385 4148 judicia
2428 4086 2483 4133 et
2527 4076 2768 4148 justitias
2806 4076 3163 4147 depoposcit:
3207 4085 3263 4132 et
3290 4074 3416 4132 ideo
3456 4083 3661 4130 tantum
3692 4089 3788 4145 po-

2196 4174 2381 4244 pulum
2408 4187 2577 4243 regtto
2608 4172 2835 4243 paciﬁco
2860 4168 3188 4242 gubernavit
3220 4187 3235 4239 ;
3269 4171 3395 4241 quia
3425 4183 3532 4225 non
3564 4182 3799 4239 usurpa-

2190 4268 2289 4336 vit,
2324 4277 2381 4323 ttt
2402 4267 2596 4334 Adam,
2638 4267 2762 4322 boni
2794 4276 2847 4322 et
2878 4266 3005 4321 mali
3037 4266 3177 4322 scire
3203 4262 3542 4321 distantiam:
3575 4262 3669 4318 scd
3706 4261 3794 4319 in-

2189 4359 2503 4431 telligendas
2552 4360 2670 4429 ejus
2722 4360 2952 4429 gratiam
3010 4370 3033 4399 ο
3087 4360 3265 4415 oravit
3300 4375 3328 4413 a
3359 4356 3598 4414 Christo.
3642 4357 3797 4426 Quod

2190 4453 2335 4508 cnim
2376 4453 2517 4507 scire
2560 4451 2801 4507 divinum
2844 4461 2948 4515 est,
2985 4447 3088 4505 hoc
3115 4464 3146 4505 a
3180 4447 3408 4505 Domino
3448 4447 3562 4504 Deo
3593 4458 3704 4513 tuo,
3743 4461 3801 4504 ut
3838 4518 3841 4521 η

2191 4544 2365 4617 possis
2408 4559 2760 4617 cognoscere,
2794 4540 3211 4614 promerendum
3243 4554 3345 4599 est.
3390 4542 3448 4599 Si
3477 4543 3701 4614 petisset
3742 4554 3799 4600 et

2190 4641 2382 4705 Adam,
2408 4636 2436 4677 ά
2460 4638 2598 4696 sicut
2626 4639 2815 4711 petivit
2864 4636 3057 4706 David,
3091 4653 3428 4711 nequaquam
3480 4636 3604 4693 illos
3635 4620 3795 4694 inex-

2193 4733 2466 4789 tricabilcs
2502 4735 2706 4790 erroris
2750 4733 2975 4805 laqueos
3022 4731 3326 4799 incidisset,
3374 4728 3570 4803 quibus
3616 4730 3797 4787 omnis

2189 4829 2308 4899 ejus
2331 4827 2621 4886 haereditas
2650 4828 3035 4898 strangulatur.
3085 4820 3321 4898 ideoque
3343 4835 3587 4881 mortuus
3608 4833 3711 4888 est,
3742 4835 3797 4881 et

2189 4922 2332 4995 quod
2360 4924 2576 4993 gravius
2620 4932 2725 4989 est,
2764 4921 2977 4995 1209
3006 4929 3178 4976 morte
3210 4919 3451 4991 peccati;
3503 4916 3630 4989 quia
3670 4928 3797 4975 ante

2194 5020 2475 5089 usurpavit
2497 5018 2662 5084 scire,
2692 5032 2853 5088 quam
2885 5016 3217 5073 intellectum
3257 5029 3364 5086 quo
3403 5012 3825 5079 viviﬁcaretttr,,

2193 5113 2484 5182 acciperet.

2262 5209 2354 5265 48.
2401 5208 2647 5266 Viviﬁcat
2675 5220 2804 5277 ergo
2832 5204 3177 5272 intellectus,
3233 5211 3292 5259 ut
3335 5201 3609 5273 Spiritus;
3658 5198 3785 5272 quia

2196 5302 2313 5375 ipse
2340 5299 2646 5358 intellectus
2673 5299 2846 5370 gratia
2874 5297 3133 5371 spiritalis
3169 5302 3252 5353 est
3282 5314 3294 5350 :
3348 5292 3582 5365 ideoque
3620 5291 3789 5369 inteie

2189 5480 2409 5537 Christo
2441 5479 2672 5535 Domino
2704 5490 2929 5549 propter
2956 5478 3219 5534 unitatem
3239 5491 3489 5548 personae
3507 5476 3790 5534 attribuat.

2190 5553 2281 5609 Sic
2304 5564 2471 5607 serta.
2519 5552 2607 5616 15,
2641 5565 2793 5607 num.
2825 5552 2915 5615 '50,
2942 5551 3012 5607 de
3032 5549 3250 5606 Christo
3272 5551 3491 5617 dicitur,
3523 5552 3610 5620 qui
3640 5550 3794 5604 totius

2192 5635 2373 5679 auctor
2400 5633 2473 5679 est
2499 5633 2771 5679 creatum.
2801 5623 2891 5680 Sic
2917 5632 2974 5678 et
2996 5620 3123 5678 alibi
3158 5621 3379 5693 passim.
3753 5652 3759 5661 -

2266 5720 2293 5764 ιι
2329 5716 2533 5773 Omnes
2558 5718 2717 5784 edit.,
2749 5716 2874 5787 sicut
2903 5715 3077 5787 petivit
3109 5714 3378 5772 Salomon.
3411 5713 3619 5787 Omnes
3634 5726 3787 5787 mss.,

2199 5790 2331 5867 sicut
2358 5792 2533 5867 petivit
2565 5788 2751 5867 D_auid.
2786 5785 2913 5846 Non
2933 5787 3388 5867 male,_cuu_t_ipse
3418 5785 3586 5844 David
3610 5786 3663 5841 in
3689 5785 3791 5851 hoc

2197 5865 2319 5944 ipso
2345 5859 2505 5929 versu
2536 5876 2565 5925 a
2598 5862 2828 5935 Domino
2850 5861 3085 5940 postulet
3109 5859 3467 5927 intellectum.
