  <div class='ocr_page' id='page_1' title='image "/cluster/home/n/w/nwhite01/storage/ocr_20150623/15/hvd.32044015471311/148.png"; bbox 0 0 4104 6350; ppageno 0'>
   <div class='ocr_carea' id='block_1_1' title="bbox 289 337 423 396">
    <p class='ocr_par' dir='ltr' id='par_1_1' title="bbox 289 337 423 396">
     <span class='ocr_line' id='line_1_1' title="bbox 289 337 423 396; baseline -0.03 0"><span class='ocrx_word' id='word_1_1' title='bbox 289 337 423 396; x_wconf 73' lang='grc'><strong>1469</strong></span> 
     </span>
    </p>
   </div>
   <div class='ocr_carea' id='block_1_2' title="bbox 1380 339 2491 405">
    <p class='ocr_par' dir='ltr' id='par_1_2' title="bbox 1380 339 2491 405">
     <span class='ocr_line' id='line_1_2' title="bbox 1380 339 2491 405; baseline 0.004 -5"><span class='ocrx_word' id='word_1_2' title='bbox 1380 343 1446 400; x_wconf 83' lang='lat' dir='ltr'>IN</span> <span class='ocrx_word' id='word_1_3' title='bbox 1483 339 1812 401; x_wconf 75' lang='lat' dir='ltr'><strong>PSALMUM</strong></span> <span class='ocrx_word' id='word_1_4' title='bbox 1849 341 2063 402; x_wconf 77' lang='lat' dir='ltr'>CXVIII</span> <span class='ocrx_word' id='word_1_5' title='bbox 2107 343 2491 405; x_wconf 81' lang='lat' dir='ltr'><strong>EXPOSITIO.</strong></span> 
     </span>
    </p>
   </div>
   <div class='ocr_carea' id='block_1_3' title="bbox 3444 353 3646 420">
    <p class='ocr_par' dir='ltr' id='par_1_3' title="bbox 3444 353 3646 420">
     <span class='ocr_line' id='line_1_3' title="bbox 3444 353 3646 420; baseline -0.005 -10"><span class='ocrx_word' id='word_1_6' title='bbox 3444 353 3581 410; x_wconf 73' lang='lat'><strong>“70</strong></span> <span class='ocrx_word' id='word_1_7' title='bbox 3641 415 3646 420; x_wconf 48' lang='grc'>,</span> 
     </span>
    </p>
   </div>
   <div class='ocr_carea' id='block_1_4' title="bbox 290 453 3583 534">
    <p class='ocr_par' dir='ltr' id='par_1_4' title="bbox 290 453 3583 534">
     <span class='ocr_line' id='line_1_4' title="bbox 290 453 3583 534; baseline 0.005 -29"><span class='ocrx_word' id='word_1_8' title='bbox 290 453 486 506; x_wconf 65' lang='lat' dir='ltr'><strong>luctum</strong></span> <span class='ocrx_word' id='word_1_9' title='bbox 518 467 746 509; x_wconf 85' lang='lat' dir='ltr'><strong>munere</strong></span> <span class='ocrx_word' id='word_1_10' title='bbox 776 468 874 507; x_wconf 88' lang='lat' dir='ltr'><strong>suo</strong></span> <span class='ocrx_word' id='word_1_11' title='bbox 903 453 1140 523; x_wconf 76' lang='lat' dir='ltr'><strong>Spiritus</strong></span> <span class='ocrx_word' id='word_1_12' title='bbox 1164 463 1386 510; x_wconf 84' lang='lat' dir='ltr'><strong>sanctus</strong></span> <span class='ocrx_word' id='word_1_13' title='bbox 1406 467 1688 524; x_wconf 76' lang='lat' dir='ltr'><strong>operatur.</strong></span> <span class='ocrx_word' id='word_1_14' title='bbox 1724 456 1888 511; x_wconf 83' lang='lat' dir='ltr'><strong>lntet—</strong></span> <span class='ocrx_word' id='word_1_15' title='bbox 1916 461 1968 522; x_wconf 82' lang='grc' dir='ltr'>Α</span> <span class='ocrx_word' id='word_1_16' title='bbox 1994 460 2222 516; x_wconf 77' lang='lat' dir='ltr'><strong>videas?</strong></span> <span class='ocrx_word' id='word_1_17' title='bbox 2251 461 2494 534; x_wconf 81' lang='lat' dir='ltr'><strong>Denique</strong></span> <span class='ocrx_word' id='word_1_18' title='bbox 2521 461 2684 518; x_wconf 89' lang='lat' dir='ltr'><strong>etiam</strong></span> <span class='ocrx_word' id='word_1_19' title='bbox 2726 463 2887 530; x_wconf 83' lang='lat' dir='ltr'><strong>infra,</strong></span> <span class='ocrx_word' id='word_1_20' title='bbox 2930 463 3125 520; x_wconf 89' lang='lat' dir='ltr'><strong>iterum</strong></span> <span class='ocrx_word' id='word_1_21' title='bbox 3153 461 3252 520; x_wconf 88' lang='lat' dir='ltr'><strong>sub</strong></span> <span class='ocrx_word' id='word_1_22' title='bbox 3273 465 3370 522; x_wconf 86' lang='lat' dir='ltr'><strong>hac</strong></span> <span class='ocrx_word' id='word_1_23' title='bbox 3403 467 3583 524; x_wconf 82' lang='lat' dir='ltr'><strong>littera</strong></span> 
     </span>
    </p>
   </div>
   <div class='ocr_carea' id='block_1_5' title="bbox 289 545 1886 621">
    <p class='ocr_par' dir='ltr' id='par_1_5' title="bbox 289 545 1886 621">
     <span class='ocr_line' id='line_1_5' title="bbox 289 545 1886 621; baseline 0.001 -21"><span class='ocrx_word' id='word_1_24' title='bbox 289 547 448 600; x_wconf 82' lang='lat' dir='ltr'><strong>lectus</strong></span> <span class='ocrx_word' id='word_1_25' title='bbox 477 557 661 602; x_wconf 86' lang='lat' dir='ltr'><strong>autem</strong></span> <span class='ocrx_word' id='word_1_26' title='bbox 685 546 846 602; x_wconf 83' lang='lat' dir='ltr'><strong>bonus</strong></span> <span class='ocrx_word' id='word_1_27' title='bbox 871 557 944 601; x_wconf 88' lang='lat' dir='ltr'><strong>est</strong></span> <span class='ocrx_word' id='word_1_28' title='bbox 965 547 1223 614; x_wconf 78' lang='lat' dir='ltr'><strong>omnibus,</strong></span> <span class='ocrx_word' id='word_1_29' title='bbox 1247 550 1334 616; x_wconf 89' lang='lat' dir='ltr'><strong>qui</strong></span> <span class='ocrx_word' id='word_1_30' title='bbox 1350 566 1464 603; x_wconf 85' lang='lat' dir='ltr'><strong>eum</strong></span> <span class='ocrx_word' id='word_1_31' title='bbox 1491 549 1685 621; x_wconf 77' lang='lat' dir='ltr'><strong>faciunt</strong></span> <span class='ocrx_word' id='word_1_32' title='bbox 1712 545 1886 621; x_wconf 70' lang='lat' dir='ltr'><strong>(Paul.</strong></span> 
     </span>
    </p>
   </div>
   <div class='ocr_carea' id='block_1_6' title="bbox 290 638 1888 714">
    <p class='ocr_par' dir='ltr' id='par_1_6' title="bbox 290 638 1888 714">
     <span class='ocr_line' id='line_1_6' title="bbox 290 638 1888 714; baseline 0.001 -20"><span class='ocrx_word' id='word_1_33' title='bbox 290 651 376 706; x_wconf 79' lang='lat' dir='ltr'><strong>ex,</strong></span> <span class='ocrx_word' id='word_1_34' title='bbox 395 638 520 710; x_wconf 83' lang='lat' dir='ltr'><strong>l0);</strong></span> <span class='ocrx_word' id='word_1_35' title='bbox 544 656 652 710; x_wconf 91' lang='lat' dir='ltr'><strong>quo</strong></span> <span class='ocrx_word' id='word_1_36' title='bbox 665 640 922 697; x_wconf 84' lang='lat' dir='ltr'><strong>docemur</strong></span> <span class='ocrx_word' id='word_1_37' title='bbox 938 641 1062 711; x_wconf 84' lang='lat' dir='ltr'><strong>quia</strong></span> <span class='ocrx_word' id='word_1_38' title='bbox 1085 656 1191 696; x_wconf 94' lang='lat' dir='ltr'><strong>non</strong></span> <span class='ocrx_word' id='word_1_39' title='bbox 1204 642 1380 696; x_wconf 87' lang='lat' dir='ltr'><strong>solum</strong></span> <span class='ocrx_word' id='word_1_40' title='bbox 1401 657 1562 698; x_wconf 88' lang='lat' dir='ltr'><strong>sensu</strong></span> <span class='ocrx_word' id='word_1_41' title='bbox 1576 643 1888 714; x_wconf 88' lang='lat' dir='ltr'><strong>complecti,</strong></span> 
     </span>
    </p>
   </div>
   <div class='ocr_carea' id='block_1_7' title="bbox 290 732 1894 807">
    <p class='ocr_par' dir='ltr' id='par_1_7' title="bbox 290 732 1894 807">
     <span class='ocr_line' id='line_1_7' title="bbox 290 732 1894 807; baseline 0.003 -21"><span class='ocrx_word' id='word_1_42' title='bbox 290 732 385 788; x_wconf 88' lang='lat' dir='ltr'><strong>sed</strong></span> <span class='ocrx_word' id='word_1_43' title='bbox 417 734 586 789; x_wconf 89' lang='lat' dir='ltr'><strong>etiam</strong></span> <span class='ocrx_word' id='word_1_44' title='bbox 620 733 798 799; x_wconf 84' lang='lat' dir='ltr'><strong>iactis,</strong></span> <span class='ocrx_word' id='word_1_45' title='bbox 833 733 886 790; x_wconf 90' lang='lat' dir='ltr'><strong>id</strong></span> <span class='ocrx_word' id='word_1_46' title='bbox 915 733 1061 804; x_wconf 87' lang='lat' dir='ltr'><strong>quod</strong></span> <span class='ocrx_word' id='word_1_47' title='bbox 1083 733 1437 804; x_wconf 87' lang='lat' dir='ltr'><strong>intelligimus</strong></span> <span class='ocrx_word' id='word_1_48' title='bbox 1467 777 1481 801; x_wconf 94' lang='lat'><strong>,</strong></span> <span class='ocrx_word' id='word_1_49' title='bbox 1523 736 1745 807; x_wconf 78' lang='lat' dir='ltr'><strong>exsequi</strong></span> <span class='ocrx_word' id='word_1_50' title='bbox 1798 735 1894 791; x_wconf 50' lang='lat' dir='ltr'><strong>de.</strong></span> 
     </span>
    </p>
   </div>
   <div class='ocr_carea' id='block_1_8' title="bbox 293 827 539 882">
    <p class='ocr_par' dir='ltr' id='par_1_8' title="bbox 293 827 539 882">
     <span class='ocr_line' id='line_1_8' title="bbox 293 827 539 882; baseline 0 0"><span class='ocrx_word' id='word_1_51' title='bbox 293 827 539 882; x_wconf 83' lang='lat' dir='ltr'><strong>beamus.</strong></span> 
     </span>
    </p>
   </div>
   <div class='ocr_carea' id='block_1_9' title="bbox 653 906 1518 966">
    <p class='ocr_par' dir='ltr' id='par_1_9' title="bbox 653 906 1518 966">
     <span class='ocr_line' id='line_1_9' title="bbox 653 906 1518 966; baseline -0.001 -2"><span class='ocrx_word' id='word_1_52' title='bbox 653 907 886 964; x_wconf 78' lang='lat' dir='ltr'><strong>SERMO</strong></span> <span class='ocrx_word' id='word_1_53' title='bbox 928 906 1229 965; x_wconf 82' lang='lat' dir='ltr'><strong>DECIMUS</strong></span> <span class='ocrx_word' id='word_1_54' title='bbox 1265 907 1518 966; x_wconf 85' lang='lat' dir='ltr'><strong>NONUS.</strong></span> 
     </span>
    </p>
   </div>
   <div class='ocr_carea' id='block_1_10' title="bbox 959 1001 1232 1084">
    <p class='ocr_par' dir='ltr' id='par_1_10' title="bbox 959 1001 1232 1084">
     <span class='ocr_line' id='line_1_10' title="bbox 959 1001 1232 1084; baseline 0 -28"><span class='ocrx_word' id='word_1_55' title='bbox 959 1006 1019 1084; x_wconf 78' lang='grc' dir='ltr'><strong>Ρ.</strong></span> <span class='ocrx_word' id='word_1_56' title='bbox 1055 1001 1232 1072; x_wconf 81' lang='grc' dir='ltr'><strong>ΚορΙι.</strong></span> 
     </span>
    </p>
   </div>
   <div class='ocr_carea' id='block_1_11' title="bbox 365 1117 1900 1189">
    <p class='ocr_par' dir='ltr' id='par_1_11' title="bbox 365 1117 1900 1189">
     <span class='ocr_line' id='line_1_11' title="bbox 365 1117 1900 1189; baseline 0 -17"><span class='ocrx_word' id='word_1_57' title='bbox 365 1119 416 1172; x_wconf 88' lang='grc'><strong>1.</strong></span> <span class='ocrx_word' id='word_1_58' title='bbox 463 1117 662 1189; x_wconf 89' lang='lat' dir='ltr'><strong>Incipit</strong></span> <span class='ocrx_word' id='word_1_59' title='bbox 690 1119 868 1174; x_wconf 75' lang='lat' dir='ltr'><strong>littera</strong></span> <span class='ocrx_word' id='word_1_60' title='bbox 895 1117 1106 1174; x_wconf 90' lang='lat' dir='ltr'><strong>decima</strong></span> <span class='ocrx_word' id='word_1_61' title='bbox 1138 1133 1279 1173; x_wconf 89' lang='lat' dir='ltr'><strong>nona</strong></span> <span class='ocrx_word' id='word_1_62' title='bbox 1320 1118 1503 1189; x_wconf 67' lang='grc' dir='ltr'><strong>Κορῆ,</strong></span> <span class='ocrx_word' id='word_1_63' title='bbox 1533 1118 1691 1188; x_wconf 86' lang='lat' dir='ltr'><strong>cujus</strong></span> <span class='ocrx_word' id='word_1_64' title='bbox 1732 1118 1900 1173; x_wconf 91' lang='lat' dir='ltr'><strong>inter-</strong></span> 
     </span>
    </p>
   </div>
   <div class='ocr_carea' id='block_1_12' title="bbox 296 1213 1896 1281">
    <p class='ocr_par' dir='ltr' id='par_1_12' title="bbox 296 1213 1896 1281">
     <span class='ocr_line' id='line_1_12' title="bbox 296 1213 1896 1281; baseline 0.001 -15"><span class='ocrx_word' id='word_1_65' title='bbox 296 1213 534 1281; x_wconf 85' lang='lat' dir='ltr'><strong>pretatio</strong></span> <span class='ocrx_word' id='word_1_66' title='bbox 562 1221 669 1278; x_wconf 87' lang='lat' dir='ltr'><strong>est,</strong></span> <span class='ocrx_word' id='word_1_67' title='bbox 719 1213 1036 1278; x_wconf 75' lang='lat' dir='ltr'><strong>Conclusio;</strong></span> <span class='ocrx_word' id='word_1_68' title='bbox 1084 1220 1140 1268; x_wconf 90' lang='lat' dir='ltr'><strong>et</strong></span> <span class='ocrx_word' id='word_1_69' title='bbox 1186 1214 1327 1268; x_wconf 86' lang='lat' dir='ltr'><strong>sicut</strong></span> <span class='ocrx_word' id='word_1_70' title='bbox 1381 1214 1508 1270; x_wconf 84' lang='lat' dir='ltr'><strong>alibi</strong></span> <span class='ocrx_word' id='word_1_71' title='bbox 1568 1213 1896 1278; x_wconf 79' lang='lat' dir='ltr'><strong>invenimus,</strong></span> 
     </span>
    </p>
   </div>
   <div class='ocr_carea' id='block_1_13' title="bbox 293 1307 1899 1380">
    <p class='ocr_par' dir='ltr' id='par_1_13' title="bbox 293 1307 1899 1380">
     <span class='ocr_line' id='line_1_13' title="bbox 293 1307 1899 1380; baseline 0.002 -21"><span class='ocrx_word' id='word_1_72' title='bbox 293 1307 500 1378; x_wconf 76' lang='lat' dir='ltr'><strong>Aspice.</strong></span> <span class='ocrx_word' id='word_1_73' title='bbox 530 1308 702 1362; x_wconf 88' lang='lat' dir='ltr'><strong>Distat</strong></span> <span class='ocrx_word' id='word_1_74' title='bbox 727 1309 929 1374; x_wconf 82' lang='lat' dir='ltr'><strong>littera,</strong></span> <span class='ocrx_word' id='word_1_75' title='bbox 958 1309 1209 1378; x_wconf 80' lang='lat' dir='ltr'><strong>cengruit</strong></span> <span class='ocrx_word' id='word_1_76' title='bbox 1236 1321 1448 1364; x_wconf 87' lang='lat' dir='ltr'><strong>sensus.</strong></span> <span class='ocrx_word' id='word_1_77' title='bbox 1480 1308 1614 1364; x_wconf 76' lang='lat' dir='ltr'><strong>Nam</strong></span> <span class='ocrx_word' id='word_1_78' title='bbox 1647 1307 1739 1380; x_wconf 86' lang='lat' dir='ltr'><strong>qui</strong></span> <span class='ocrx_word' id='word_1_79' title='bbox 1765 1321 1899 1363; x_wconf 91' lang='lat' dir='ltr'><strong>con-</strong></span> 
     </span>
    </p>
   </div>
   <div class='ocr_carea' id='block_1_14' title="bbox 291 1401 1896 1474">
    <p class='ocr_par' dir='ltr' id='par_1_14' title="bbox 291 1401 1896 1474">
     <span class='ocr_line' id='line_1_14' title="bbox 291 1401 1896 1474; baseline -0.001 -16"><span class='ocrx_word' id='word_1_80' title='bbox 291 1403 551 1468; x_wconf 86' lang='lat' dir='ltr'><strong>cluditur,</strong></span> <span class='ocrx_word' id='word_1_81' title='bbox 584 1405 1007 1474; x_wconf 87' lang='lat' dir='ltr'><strong>circumspicere</strong></span> <span class='ocrx_word' id='word_1_82' title='bbox 1033 1418 1094 1459; x_wconf 88' lang='lat' dir='ltr'><strong>se</strong></span> <span class='ocrx_word' id='word_1_83' title='bbox 1115 1403 1302 1468; x_wconf 82' lang='lat' dir='ltr'><strong>debet,</strong></span> <span class='ocrx_word' id='word_1_84' title='bbox 1330 1411 1387 1459; x_wconf 92' lang='lat' dir='ltr'><strong>et</strong></span> <span class='ocrx_word' id='word_1_85' title='bbox 1412 1419 1633 1459; x_wconf 82' lang='lat' dir='ltr'><strong>causam</strong></span> <span class='ocrx_word' id='word_1_86' title='bbox 1667 1401 1896 1473; x_wconf 88' lang='lat' dir='ltr'><strong>periculi</strong></span> 
     </span>
    </p>
   </div>
   <div class='ocr_carea' id='block_1_15' title="bbox 293 1497 1895 1561">
    <p class='ocr_par' dir='ltr' id='par_1_15' title="bbox 293 1497 1895 1561">
     <span class='ocr_line' id='line_1_15' title="bbox 293 1497 1895 1561; baseline 0.001 -10"><span class='ocrx_word' id='word_1_87' title='bbox 293 1511 398 1551; x_wconf 90' lang='lat' dir='ltr'><strong>non</strong></span> <span class='ocrx_word' id='word_1_88' title='bbox 431 1497 780 1554; x_wconf 87' lang='lat' dir='ltr'><strong>dissimulare</strong></span> <span class='ocrx_word' id='word_1_89' title='bbox 806 1514 820 1561; x_wconf 87' lang='lat'>;</span> <span class='ocrx_word' id='word_1_90' title='bbox 847 1498 1080 1552; x_wconf 78' lang='lat' dir='ltr'><strong>maxime</strong></span> <span class='ocrx_word' id='word_1_91' title='bbox 1101 1512 1223 1552; x_wconf 91' lang='lat' dir='ltr'><strong>cum</strong></span> <span class='ocrx_word' id='word_1_92' title='bbox 1257 1497 1457 1553; x_wconf 85' lang='lat' dir='ltr'><strong>lethale</strong></span> <span class='ocrx_word' id='word_1_93' title='bbox 1486 1497 1776 1553; x_wconf 87' lang='lat' dir='ltr'><strong>discrimen</strong></span> <span class='ocrx_word' id='word_1_94' title='bbox 1803 1497 1895 1552; x_wconf 89' lang='lat' dir='ltr'><strong>sit.</strong></span> 
     </span>
    </p>
   </div>
   <div class='ocr_carea' id='block_1_16' title="bbox 292 1587 1896 1660">
    <p class='ocr_par' dir='ltr' id='par_1_16' title="bbox 292 1587 1896 1660">
     <span class='ocr_line' id='line_1_16' title="bbox 292 1587 1896 1660; baseline -0.001 -17"><span class='ocrx_word' id='word_1_95' title='bbox 292 1587 655 1644; x_wconf 83' lang='lat' dir='ltr'><strong>Concluditur</strong></span> <span class='ocrx_word' id='word_1_96' title='bbox 694 1590 1067 1660; x_wconf 79' lang='lat' dir='ltr'><strong>unusquisque</strong></span> <span class='ocrx_word' id='word_1_97' title='bbox 1115 1589 1538 1644; x_wconf 83' lang='lat' dir='ltr'><strong>tumescentibus</strong></span> <span class='ocrx_word' id='word_1_98' title='bbox 1577 1588 1896 1653; x_wconf 76' lang='lat' dir='ltr'><strong>visceribus,</strong></span> 
     </span>
    </p>
   </div>
   <div class='ocr_carea' id='block_1_17' title="bbox 299 1680 1900 1751">
    <p class='ocr_par' dir='ltr' id='par_1_17' title="bbox 299 1680 1900 1751">
     <span class='ocr_line' id='line_1_17' title="bbox 299 1680 1900 1751; baseline -0.001 -16"><span class='ocrx_word' id='word_1_99' title='bbox 299 1683 601 1737; x_wconf 84' lang='lat' dir='ltr'><strong>internisve</strong></span> <span class='ocrx_word' id='word_1_100' title='bbox 645 1680 926 1748; x_wconf 82' lang='lat' dir='ltr'><strong>faucibus,</strong></span> <span class='ocrx_word' id='word_1_101' title='bbox 958 1697 1080 1737; x_wconf 90' lang='lat' dir='ltr'><strong>cum</strong></span> <span class='ocrx_word' id='word_1_102' title='bbox 1131 1682 1426 1736; x_wconf 90' lang='lat' dir='ltr'><strong>intercluso</strong></span> <span class='ocrx_word' id='word_1_103' title='bbox 1470 1681 1694 1751; x_wconf 89' lang='lat' dir='ltr'><strong>spiritus</strong></span> <span class='ocrx_word' id='word_1_104' title='bbox 1749 1693 1900 1734; x_wconf 91' lang='lat' dir='ltr'><strong>com-</strong></span> 
     </span>
    </p>
   </div>
   <div class='ocr_carea' id='block_1_18' title="bbox 301 1774 1894 1844">
    <p class='ocr_par' dir='ltr' id='par_1_18' title="bbox 301 1774 1894 1844">
     <span class='ocr_line' id='line_1_18' title="bbox 301 1774 1894 1844; baseline 0 -16"><span class='ocrx_word' id='word_1_105' title='bbox 301 1784 502 1836; x_wconf 87' lang='lat' dir='ltr'><strong>meatu,</strong></span> <span class='ocrx_word' id='word_1_106' title='bbox 528 1774 776 1844; x_wconf 83' lang='lat' dir='ltr'><strong>spirandi</strong></span> <span class='ocrx_word' id='word_1_107' title='bbox 798 1788 860 1829; x_wconf 88' lang='lat' dir='ltr'><strong>ac</strong></span> <span class='ocrx_word' id='word_1_108' title='bbox 883 1774 1184 1844; x_wconf 81' lang='lat' dir='ltr'><strong>respirandi</strong></span> <span class='ocrx_word' id='word_1_109' title='bbox 1208 1775 1532 1829; x_wconf 91' lang='lat' dir='ltr'><strong>commercia</strong></span> <span class='ocrx_word' id='word_1_110' title='bbox 1551 1781 1894 1829; x_wconf 88' lang='lat' dir='ltr'><strong>coactantur.</strong></span> 
     </span>
    </p>
   </div>
   <div class='ocr_carea' id='block_1_19' title="bbox 1992 555 3582 630">
    <p class='ocr_par' dir='ltr' id='par_1_19' title="bbox 1992 555 3582 630">
     <span class='ocr_line' id='line_1_19' title="bbox 1992 555 3582 630; baseline 0.004 -22"><span class='ocrx_word' id='word_1_111' title='bbox 1992 555 2110 609; x_wconf 92' lang='lat' dir='ltr'><strong>ait:</strong></span> <span class='ocrx_word' id='word_1_112' title='bbox 2153 555 2599 626; x_wconf 80' lang='lat' dir='ltr'><strong>ApprOpinquavit</strong></span> <span class='ocrx_word' id='word_1_113' title='bbox 2638 556 2776 610; x_wconf 86' lang='lat' dir='ltr'><strong>enim</strong></span> <span class='ocrx_word' id='word_1_114' title='bbox 2823 555 3036 630; x_wconf 71' lang='lat'><strong>1210</strong></span> <span class='ocrx_word' id='word_1_115' title='bbox 3082 568 3283 629; x_wconf 79' lang='lat' dir='ltr'><strong>tempus</strong></span> <span class='ocrx_word' id='word_1_116' title='bbox 3329 569 3582 626; x_wconf 87' lang='lat' dir='ltr'><strong>nostrum,</strong></span> 
     </span>
    </p>
   </div>
   <div class='ocr_carea' id='block_1_20' title="bbox 1993 649 3588 722">
    <p class='ocr_par' dir='ltr' id='par_1_20' title="bbox 1993 649 3588 722">
     <span class='ocr_line' id='line_1_20' title="bbox 1993 649 3588 722; baseline 0.006 -21"><span class='ocrx_word' id='word_1_117' title='bbox 1993 649 2173 717; x_wconf 79' lang='lat' dir='ltr'><strong>repleti</strong></span> <span class='ocrx_word' id='word_1_118' title='bbox 2220 658 2337 704; x_wconf 83' lang='lat' dir='ltr'><strong>sunt</strong></span> <span class='ocrx_word' id='word_1_119' title='bbox 2380 649 2487 704; x_wconf 86' lang='lat' dir='ltr'><strong>dies</strong></span> <span class='ocrx_word' id='word_1_120' title='bbox 2527 651 2724 719; x_wconf 77' lang='lat' dir='ltr'><strong>nostri,</strong></span> <span class='ocrx_word' id='word_1_121' title='bbox 2782 652 2987 706; x_wconf 77' lang='lat' dir='ltr'><strong>aduenit</strong></span> <span class='ocrx_word' id='word_1_122' title='bbox 3035 653 3156 722; x_wconf 83' lang='lat' dir='ltr'><strong>ﬁnis</strong></span> <span class='ocrx_word' id='word_1_123' title='bbox 3185 664 3372 708; x_wconf 88' lang='lat' dir='ltr'><strong>noster.</strong></span> <span class='ocrx_word' id='word_1_124' title='bbox 3428 653 3588 710; x_wconf 78' lang='lat' dir='ltr'><strong>Leues</strong></span> 
     </span>
    </p>
   </div>
   <div class='ocr_carea' id='block_1_21' title="bbox 1996 741 3586 818">
    <p class='ocr_par' dir='ltr' id='par_1_21' title="bbox 1996 741 3586 818">
     <span class='ocr_line' id='line_1_21' title="bbox 1996 741 3586 818; baseline 0.006 -25"><span class='ocrx_word' id='word_1_125' title='bbox 1996 741 2121 812; x_wconf 78' lang='lat' dir='ltr'><strong>facti</strong></span> <span class='ocrx_word' id='word_1_126' title='bbox 2143 742 2370 810; x_wconf 87' lang='lat' dir='ltr'><strong>suntqui</strong></span> <span class='ocrx_word' id='word_1_127' title='bbox 2401 745 2649 811; x_wconf 84' lang='lat' dir='ltr'><strong>persecuti</strong></span> <span class='ocrx_word' id='word_1_128' title='bbox 2678 752 2795 798; x_wconf 86' lang='lat' dir='ltr'><strong>sunt</strong></span> <span class='ocrx_word' id='word_1_129' title='bbox 2823 759 2934 810; x_wconf 88' lang='lat' dir='ltr'><strong>nos,</strong></span> <span class='ocrx_word' id='word_1_130' title='bbox 2961 761 3120 814; x_wconf 80' lang='lat' dir='ltr'><strong>super</strong></span> <span class='ocrx_word' id='word_1_131' title='bbox 3139 746 3336 818; x_wconf 88' lang='lat' dir='ltr'><strong>aquilas</strong></span> <span class='ocrx_word' id='word_1_132' title='bbox 3356 747 3490 802; x_wconf 80' lang='lat' dir='ltr'><strong>ctell.</strong></span> <span class='ocrx_word' id='word_1_133' title='bbox 3523 745 3586 802; x_wconf 90' lang='lat' dir='ltr'><strong>In</strong></span> 
     </span>
    </p>
   </div>
   <div class='ocr_carea' id='block_1_22' title="bbox 1997 833 3591 896">
    <p class='ocr_par' dir='ltr' id='par_1_22' title="bbox 1997 833 3591 896">
     <span class='ocr_line' id='line_1_22' title="bbox 1997 833 3591 896; baseline 0.006 -9"><span class='ocrx_word' id='word_1_134' title='bbox 1997 833 2252 888; x_wconf 77' lang='lat' dir='ltr'><strong>montibus</strong></span> <span class='ocrx_word' id='word_1_135' title='bbox 2271 836 2470 888; x_wconf 83' lang='lat' dir='ltr'><strong>accensi</strong></span> <span class='ocrx_word' id='word_1_136' title='bbox 2490 846 2606 890; x_wconf 88' lang='lat' dir='ltr'><strong>sunt</strong></span> <span class='ocrx_word' id='word_1_137' title='bbox 2633 851 2654 890; x_wconf 88' lang='lat'><strong><em>:</em></strong></span> <span class='ocrx_word' id='word_1_138' title='bbox 2691 837 2744 891; x_wconf 88' lang='lat' dir='ltr'><strong>in</strong></span> <span class='ocrx_word' id='word_1_139' title='bbox 2771 835 2970 893; x_wconf 87' lang='lat' dir='ltr'><strong>deserto</strong></span> <span class='ocrx_word' id='word_1_140' title='bbox 2995 837 3271 896; x_wconf 80' lang='lat' dir='ltr'><strong>insidiatus</strong></span> <span class='ocrx_word' id='word_1_141' title='bbox 3298 843 3389 896; x_wconf 76' lang='lat' dir='ltr'><strong>est</strong></span> <span class='ocrx_word' id='word_1_142' title='bbox 3445 841 3591 896; x_wconf 84' lang='lat' dir='ltr'><strong>nobis</strong></span> 
     </span>
    </p>
   </div>
   <div class='ocr_carea' id='block_1_23' title="bbox 1999 925 2627 1001">
    <p class='ocr_par' dir='ltr' id='par_1_23' title="bbox 1999 925 2627 1001">
     <span class='ocr_line' id='line_1_23' title="bbox 1999 925 2627 1001; baseline 0 -19"><span class='ocrx_word' id='word_1_143' title='bbox 1999 925 2214 998; x_wconf 69' lang='grc' dir='ltr'><strong>(Τὴν-επ.</strong></span> <span class='ocrx_word' id='word_1_144' title='bbox 2243 941 2316 995; x_wconf 81' lang='lat' dir='ltr'><strong>Iv,</strong></span> <span class='ocrx_word' id='word_1_145' title='bbox 2346 928 2409 984; x_wconf 81' lang='grc'><strong>18</strong></span> <span class='ocrx_word' id='word_1_146' title='bbox 2437 938 2484 984; x_wconf 87' lang='lat' dir='ltr'><strong>et</strong></span> <span class='ocrx_word' id='word_1_147' title='bbox 2515 930 2627 1001; x_wconf 84' lang='grc'><strong>19).</strong></span> 
     </span>
    </p>
   </div>
   <div class='ocr_carea' id='block_1_24' title="bbox 2071 1023 3594 1098">
    <p class='ocr_par' dir='ltr' id='par_1_24' title="bbox 2071 1023 3594 1098">
     <span class='ocr_line' id='line_1_24' title="bbox 2071 1023 3594 1098; baseline 0.006 -20"><span class='ocrx_word' id='word_1_148' title='bbox 2071 1023 2126 1078; x_wconf 77' lang='grc'><strong>4.</strong></span> <span class='ocrx_word' id='word_1_149' title='bbox 2172 1023 2572 1080; x_wconf 88' lang='lat' dir='ltr'><strong>Demonstravit</strong></span> <span class='ocrx_word' id='word_1_150' title='bbox 2598 1037 2862 1080; x_wconf 86' lang='lat' dir='ltr'><strong>summam</strong></span> <span class='ocrx_word' id='word_1_151' title='bbox 2912 1028 3345 1098; x_wconf 81' lang='lat' dir='ltr'><strong>conclusionem,</strong></span> <span class='ocrx_word' id='word_1_152' title='bbox 3379 1042 3479 1086; x_wconf 91' lang='lat' dir='ltr'><strong>nec</strong></span> <span class='ocrx_word' id='word_1_153' title='bbox 3510 1031 3594 1087; x_wconf 90' lang='lat' dir='ltr'><strong>ul-</strong></span> 
     </span>
    </p>
   </div>
   <div class='ocr_carea' id='block_1_25' title="bbox 2000 1114 3596 1181">
    <p class='ocr_par' dir='ltr' id='par_1_25' title="bbox 2000 1114 3596 1181">
     <span class='ocr_line' id='line_1_25' title="bbox 2000 1114 3596 1181; baseline 0.008 -13"><span class='ocrx_word' id='word_1_154' title='bbox 2000 1114 2111 1168; x_wconf 91' lang='lat' dir='ltr'><strong>lum</strong></span> <span class='ocrx_word' id='word_1_155' title='bbox 2143 1115 2445 1172; x_wconf 87' lang='lat' dir='ltr'><strong>remedium</strong></span> <span class='ocrx_word' id='word_1_156' title='bbox 2476 1117 2577 1172; x_wconf 90' lang='lat' dir='ltr'><strong>nisi</strong></span> <span class='ocrx_word' id='word_1_157' title='bbox 2616 1118 2669 1172; x_wconf 93' lang='lat' dir='ltr'><strong>in</strong></span> <span class='ocrx_word' id='word_1_158' title='bbox 2718 1118 2951 1175; x_wconf 86' lang='lat' dir='ltr'><strong>adventu</strong></span> <span class='ocrx_word' id='word_1_159' title='bbox 2991 1119 3200 1178; x_wconf 89' lang='lat' dir='ltr'><strong>Domini</strong></span> <span class='ocrx_word' id='word_1_160' title='bbox 3254 1125 3424 1180; x_wconf 89' lang='lat' dir='ltr'><strong>nostri</strong></span> <span class='ocrx_word' id='word_1_161' title='bbox 3464 1124 3596 1181; x_wconf 87' lang='lat' dir='ltr'><strong>Jcsu</strong></span> 
     </span>
    </p>
   </div>
   <div class='ocr_carea' id='block_1_26' title="bbox 1999 1201 3596 1282">
    <p class='ocr_par' dir='ltr' id='par_1_26' title="bbox 1999 1201 3596 1282">
     <span class='ocr_line' id='line_1_26' title="bbox 1999 1201 3596 1282; baseline 0.006 -20"><span class='ocrx_word' id='word_1_162' title='bbox 1999 1201 2224 1276; x_wconf 82' lang='lat' dir='ltr'><strong>Christi,</strong></span> <span class='ocrx_word' id='word_1_163' title='bbox 2267 1210 2361 1280; x_wconf 90' lang='lat' dir='ltr'><strong>qui</strong></span> <span class='ocrx_word' id='word_1_164' title='bbox 2396 1210 2546 1265; x_wconf 90' lang='lat' dir='ltr'><strong>solus</strong></span> <span class='ocrx_word' id='word_1_165' title='bbox 2573 1211 2877 1280; x_wconf 86' lang='lat' dir='ltr'><strong>desperatis</strong></span> <span class='ocrx_word' id='word_1_166' title='bbox 2915 1214 3084 1282; x_wconf 87' lang='lat' dir='ltr'><strong>possit</strong></span> <span class='ocrx_word' id='word_1_167' title='bbox 3126 1214 3320 1272; x_wconf 71' lang='lat' dir='ltr'><strong>afferre</strong></span> <span class='ocrx_word' id='word_1_168' title='bbox 3370 1215 3596 1273; x_wconf 89' lang='lat' dir='ltr'><strong>medici-</strong></span> 
     </span>
    </p>
   </div>
   <div class='ocr_carea' id='block_1_27' title="bbox 2002 1301 3596 1378">
    <p class='ocr_par' dir='ltr' id='par_1_27' title="bbox 2002 1301 3596 1378">
     <span class='ocr_line' id='line_1_27' title="bbox 2002 1301 3596 1378; baseline 0.004 -22"><span class='ocrx_word' id='word_1_169' title='bbox 2002 1315 2147 1356; x_wconf 87' lang='lat' dir='ltr'><strong>nam.</strong></span> <span class='ocrx_word' id='word_1_170' title='bbox 2174 1301 2240 1356; x_wconf 85' lang='lat' dir='ltr'><strong>Et</strong></span> <span class='ocrx_word' id='word_1_171' title='bbox 2261 1302 2414 1372; x_wconf 86' lang='lat' dir='ltr'><strong>quasi</strong></span> <span class='ocrx_word' id='word_1_172' title='bbox 2439 1303 2737 1360; x_wconf 86' lang='lat' dir='ltr'><strong>ostendens</strong></span> <span class='ocrx_word' id='word_1_173' title='bbox 2784 1320 2933 1374; x_wconf 90' lang='lat' dir='ltr'><strong>eum,</strong></span> <span class='ocrx_word' id='word_1_174' title='bbox 2983 1305 3158 1362; x_wconf 89' lang='lat' dir='ltr'><strong>dicit:</strong></span> <span class='ocrx_word' id='word_1_175' title='bbox 3203 1306 3434 1378; x_wconf 83' lang='lat' dir='ltr'><strong>Spiritus</strong></span> <span class='ocrx_word' id='word_1_176' title='bbox 3478 1318 3596 1364; x_wconf 86' lang='lat' dir='ltr'><strong>ante</strong></span> 
     </span>
    </p>
   </div>
   <div class='ocr_carea' id='block_1_28' title="bbox 2001 1396 3593 1472">
    <p class='ocr_par' dir='ltr' id='par_1_28' title="bbox 2001 1396 3593 1472">
     <span class='ocr_line' id='line_1_28' title="bbox 2001 1396 3593 1472; baseline 0.006 -23"><span class='ocrx_word' id='word_1_177' title='bbox 2001 1399 2184 1469; x_wconf 79' lang='lat' dir='ltr'><strong>faciem</strong></span> <span class='ocrx_word' id='word_1_178' title='bbox 2208 1405 2456 1462; x_wconf 82' lang='lat' dir='ltr'><strong>nostram,</strong></span> <span class='ocrx_word' id='word_1_179' title='bbox 2479 1396 2716 1454; x_wconf 78' lang='lat' dir='ltr'><strong>Christus</strong></span> <span class='ocrx_word' id='word_1_180' title='bbox 2741 1398 2994 1457; x_wconf 84' lang='lat' dir='ltr'><strong>Dominus</strong></span> <span class='ocrx_word' id='word_1_181' title='bbox 3015 1404 3415 1472; x_wconf 84' lang='lat' dir='ltr'><strong>comprehensus</strong></span> <span class='ocrx_word' id='word_1_182' title='bbox 3443 1416 3513 1460; x_wconf 86' lang='lat' dir='ltr'><strong>est</strong></span> <span class='ocrx_word' id='word_1_183' title='bbox 3539 1406 3593 1459; x_wconf 90' lang='lat' dir='ltr'><strong>in</strong></span> 
     </span>
    </p>
   </div>
   <div class='ocr_carea' id='block_1_29' title="bbox 1998 1491 3598 1568">
    <p class='ocr_par' dir='ltr' id='par_1_29' title="bbox 1998 1491 3598 1568">
     <span class='ocr_line' id='line_1_29' title="bbox 1998 1491 3598 1568; baseline 0.006 -25"><span class='ocrx_word' id='word_1_184' title='bbox 1998 1491 2206 1546; x_wconf 88' lang='lat' dir='ltr'><strong>interitu</strong></span> <span class='ocrx_word' id='word_1_185' title='bbox 2233 1500 2527 1548; x_wconf 88' lang='lat' dir='ltr'><strong>nostra.....</strong></span> <span class='ocrx_word' id='word_1_186' title='bbox 2559 1492 2624 1557; x_wconf 86' lang='lat' dir='ltr'><strong>In</strong></span> <span class='ocrx_word' id='word_1_187' title='bbox 2655 1494 2838 1548; x_wconf 80' lang='lat' dir='ltr'><strong>umbra</strong></span> <span class='ocrx_word' id='word_1_188' title='bbox 2862 1497 2975 1566; x_wconf 85' lang='lat' dir='ltr'><strong>ejus</strong></span> <span class='ocrx_word' id='word_1_189' title='bbox 3004 1496 3226 1551; x_wconf 74' lang='lat' dir='ltr'><strong>vivemus</strong></span> <span class='ocrx_word' id='word_1_190' title='bbox 3266 1498 3396 1550; x_wconf 87' lang='lat' dir='ltr'><strong>inter</strong></span> <span class='ocrx_word' id='word_1_191' title='bbox 3426 1506 3598 1568; x_wconf 86' lang='lat' dir='ltr'><strong>gentes</strong></span> 
     </span>
    </p>
   </div>
   <div class='ocr_carea' id='block_1_30' title="bbox 2002 1583 3600 1658">
    <p class='ocr_par' dir='ltr' id='par_1_30' title="bbox 2002 1583 3600 1658">
     <span class='ocr_line' id='line_1_30' title="bbox 2002 1583 3600 1658; baseline 0.004 -20"><span class='ocrx_word' id='word_1_192' title='bbox 2002 1583 2192 1658; x_wconf 87' lang='lat' dir='ltr'><strong>(Ibid.,</strong></span> <span class='ocrx_word' id='word_1_193' title='bbox 2215 1585 2333 1658; x_wconf 72' lang='lat'><strong>20).</strong></span> <span class='ocrx_word' id='word_1_194' title='bbox 2367 1583 2434 1641; x_wconf 88' lang='lat' dir='ltr'><strong>Et</strong></span> <span class='ocrx_word' id='word_1_195' title='bbox 2465 1585 2603 1642; x_wconf 85' lang='lat' dir='ltr'><strong>infra</strong></span> <span class='ocrx_word' id='word_1_196' title='bbox 2635 1604 2647 1642; x_wconf 93' lang='lat'><strong>:</strong></span> <span class='ocrx_word' id='word_1_197' title='bbox 2682 1583 2856 1654; x_wconf 87' lang='lat' dir='ltr'><strong>Bibes,</strong></span> <span class='ocrx_word' id='word_1_198' title='bbox 2907 1585 3081 1658; x_wconf 85' lang='lat' dir='ltr'><strong>inquit</strong></span> <span class='ocrx_word' id='word_1_199' title='bbox 3115 1632 3129 1655; x_wconf 92' lang='lat'><strong>,</strong></span> <span class='ocrx_word' id='word_1_200' title='bbox 3179 1599 3228 1644; x_wconf 89' lang='lat' dir='ltr'><strong>et</strong></span> <span class='ocrx_word' id='word_1_201' title='bbox 3268 1589 3600 1644; x_wconf 82' lang='lat' dir='ltr'><strong>inebriaberis</strong></span> 
     </span>
    </p>
   </div>
   <div class='ocr_carea' id='block_1_31' title="bbox 1999 1677 3598 1752">
    <p class='ocr_par' dir='ltr' id='par_1_31' title="bbox 1999 1677 3598 1752">
     <span class='ocr_line' id='line_1_31' title="bbox 1999 1677 3598 1752; baseline 0.004 -20"><span class='ocrx_word' id='word_1_202' title='bbox 1999 1677 2188 1752; x_wconf 61' lang='lat' dir='ltr'><strong>(Ibid,</strong></span> <span class='ocrx_word' id='word_1_203' title='bbox 2211 1679 2324 1751; x_wconf 72' lang='lat' dir='ltr'><strong>2i).</strong></span> <span class='ocrx_word' id='word_1_204' title='bbox 2353 1677 2575 1736; x_wconf 82' lang='lat' dir='ltr'><strong>Adhuc:</strong></span> <span class='ocrx_word' id='word_1_205' title='bbox 2612 1679 2847 1736; x_wconf 85' lang='lat' dir='ltr'><strong>Visitabit</strong></span> <span class='ocrx_word' id='word_1_206' title='bbox 2870 1681 3165 1752; x_wconf 81' lang='lat' dir='ltr'><strong>iniquitates</strong></span> <span class='ocrx_word' id='word_1_207' title='bbox 3192 1689 3329 1748; x_wconf 87' lang='lat' dir='ltr'><strong>tuas,</strong></span> <span class='ocrx_word' id='word_1_208' title='bbox 3354 1682 3598 1738; x_wconf 75' lang='lat' dir='ltr'><strong>reuelabit</strong></span> 
     </span>
    </p>
   </div>
   <div class='ocr_carea' id='block_1_32' title="bbox 2002 1772 3598 1846">
    <p class='ocr_par' dir='ltr' id='par_1_32' title="bbox 2002 1772 3598 1846">
     <span class='ocr_line' id='line_1_32' title="bbox 2002 1772 3598 1846; baseline 0.004 -20"><span class='ocrx_word' id='word_1_209' title='bbox 2002 1789 2156 1846; x_wconf 86' lang='lat' dir='ltr'><strong>super</strong></span> <span class='ocrx_word' id='word_1_210' title='bbox 2186 1783 2392 1838; x_wconf 83' lang='lat' dir='ltr'><strong>peccata</strong></span> <span class='ocrx_word' id='word_1_211' title='bbox 2423 1772 2615 1846; x_wconf 82' lang='lat' dir='ltr'><strong>(Ibid.,</strong></span> <span class='ocrx_word' id='word_1_212' title='bbox 2643 1773 2759 1846; x_wconf 70' lang='lat'><strong>22).</strong></span> <span class='ocrx_word' id='word_1_213' title='bbox 2794 1777 2964 1844; x_wconf 77' lang='lat' dir='ltr'><strong>Quam</strong></span> <span class='ocrx_word' id='word_1_214' title='bbox 3022 1778 3262 1833; x_wconf 82' lang='lat' dir='ltr'><strong>breviter</strong></span> <span class='ocrx_word' id='word_1_215' title='bbox 3303 1775 3598 1833; x_wconf 77' lang='lat' dir='ltr'><strong>adventum</strong></span> 
     </span>
    </p>
   </div>
   <div class='ocr_carea' id='block_1_33' title="bbox 296 1855 3598 1940">
    <p class='ocr_par' dir='ltr' id='par_1_33' title="bbox 296 1855 3598 1940">
     <span class='ocr_line' id='line_1_33' title="bbox 296 1855 3598 1940; baseline 0.001 -16"><span class='ocrx_word' id='word_1_216' title='bbox 296 1868 658 1924; x_wconf 88' lang='lat' dir='ltr'><strong>Concluditur</strong></span> <span class='ocrx_word' id='word_1_217' title='bbox 680 1869 901 1933; x_wconf 81' lang='lat' dir='ltr'><strong>femina,</strong></span> <span class='ocrx_word' id='word_1_218' title='bbox 929 1883 1053 1924; x_wconf 90' lang='lat' dir='ltr'><strong>cum</strong></span> <span class='ocrx_word' id='word_1_219' title='bbox 1087 1869 1145 1923; x_wconf 87' lang='lat' dir='ltr'><strong>lit</strong></span> <span class='ocrx_word' id='word_1_220' title='bbox 1169 1868 1478 1938; x_wconf 78' lang='lat' dir='ltr'><strong>peridrome</strong></span> <span class='ocrx_word' id='word_1_221' title='bbox 1501 1868 1767 1932; x_wconf 88' lang='lat' dir='ltr'><strong>matricis,</strong></span> <span class='ocrx_word' id='word_1_222' title='bbox 1793 1881 1900 1938; x_wconf 90' lang='lat' dir='ltr'><strong>qua</strong></span> <span class='ocrx_word' id='word_1_223' title='bbox 1931 1855 1975 1915; x_wconf 83' lang='grc' dir='ltr'><strong>Β</strong></span> <span class='ocrx_word' id='word_1_224' title='bbox 2004 1878 2057 1922; x_wconf 91' lang='lat' dir='ltr'><strong>ct</strong></span> <span class='ocrx_word' id='word_1_225' title='bbox 2090 1867 2393 1936; x_wconf 76' lang='lat' dir='ltr'><strong>passionem</strong></span> <span class='ocrx_word' id='word_1_226' title='bbox 2439 1867 2554 1939; x_wconf 87' lang='lat' dir='ltr'><strong>ejus</strong></span> <span class='ocrx_word' id='word_1_227' title='bbox 2603 1867 2872 1940; x_wconf 72' lang='lat' dir='ltr'><strong>eXpressit</strong></span> <span class='ocrx_word' id='word_1_228' title='bbox 2895 1911 2908 1935; x_wconf 94' lang='lat'><strong>,</strong></span> <span class='ocrx_word' id='word_1_229' title='bbox 2963 1871 3449 1940; x_wconf 88' lang='lat' dir='ltr'><strong>rcmissionemqne</strong></span> <span class='ocrx_word' id='word_1_230' title='bbox 3477 1887 3598 1926; x_wconf 90' lang='lat' dir='ltr'><strong>om-</strong></span> 
     </span>
    </p>
   </div>
   <div class='ocr_carea' id='block_1_34' title="bbox 296 1959 1901 2034">
    <p class='ocr_par' dir='ltr' id='par_1_34' title="bbox 296 1959 1901 2034">
     <span class='ocr_line' id='line_1_34' title="bbox 296 1959 1901 2034; baseline -0.002 -16"><span class='ocrx_word' id='word_1_231' title='bbox 296 1963 542 2034; x_wconf 89' lang='lat' dir='ltr'><strong>pectoris</strong></span> <span class='ocrx_word' id='word_1_232' title='bbox 596 1961 768 2033; x_wconf 87' lang='lat' dir='ltr'><strong>ipsius</strong></span> <span class='ocrx_word' id='word_1_233' title='bbox 825 1964 1092 2032; x_wconf 87' lang='lat' dir='ltr'><strong>premitur</strong></span> <span class='ocrx_word' id='word_1_234' title='bbox 1142 1961 1477 2032; x_wconf 80' lang='lat' dir='ltr'><strong>principale;</strong></span> <span class='ocrx_word' id='word_1_235' title='bbox 1511 1959 1656 2014; x_wconf 89' lang='lat' dir='ltr'><strong>unde</strong></span> <span class='ocrx_word' id='word_1_236' title='bbox 1704 1972 1901 2031; x_wconf 86' lang='lat' dir='ltr'><strong>graves</strong></span> 
     </span>
    </p>
   </div>
   <div class='ocr_carea' id='block_1_35' title="bbox 295 2051 1903 2126">
    <p class='ocr_par' dir='ltr' id='par_1_35' title="bbox 295 2051 1903 2126">
     <span class='ocr_line' id='line_1_35' title="bbox 295 2051 1903 2126; baseline -0.002 -14"><span class='ocrx_word' id='word_1_237' title='bbox 295 2059 550 2112; x_wconf 89' lang='lat' dir='ltr'><strong>oriuntur</strong></span> <span class='ocrx_word' id='word_1_238' title='bbox 578 2056 866 2126; x_wconf 71' lang='lat' dir='ltr'><strong>angustiae,</strong></span> <span class='ocrx_word' id='word_1_239' title='bbox 899 2066 955 2110; x_wconf 89' lang='lat' dir='ltr'><strong>et</strong></span> <span class='ocrx_word' id='word_1_240' title='bbox 987 2056 1090 2110; x_wconf 90' lang='lat' dir='ltr'><strong>nisi</strong></span> <span class='ocrx_word' id='word_1_241' title='bbox 1131 2056 1182 2109; x_wconf 91' lang='lat' dir='ltr'><strong>in</strong></span> <span class='ocrx_word' id='word_1_242' title='bbox 1219 2054 1396 2110; x_wconf 90' lang='lat' dir='ltr'><strong>locum</strong></span> <span class='ocrx_word' id='word_1_243' title='bbox 1440 2067 1597 2110; x_wconf 87' lang='lat' dir='ltr'><strong>suum</strong></span> <span class='ocrx_word' id='word_1_244' title='bbox 1633 2051 1723 2108; x_wconf 88' lang='lat' dir='ltr'><strong>illa</strong></span> <span class='ocrx_word' id='word_1_245' title='bbox 1760 2052 1903 2108; x_wconf 89' lang='lat' dir='ltr'><strong>rcci-</strong></span> 
     </span>
    </p>
   </div>
   <div class='ocr_carea' id='block_1_36' title="bbox 296 2147 1903 2222">
    <p class='ocr_par' dir='ltr' id='par_1_36' title="bbox 296 2147 1903 2222">
     <span class='ocr_line' id='line_1_36' title="bbox 296 2147 1903 2222; baseline -0.002 -16"><span class='ocrx_word' id='word_1_246' title='bbox 296 2152 621 2222; x_wconf 87' lang='lat' dir='ltr'><strong>piendorum</strong></span> <span class='ocrx_word' id='word_1_247' title='bbox 654 2151 923 2204; x_wconf 87' lang='lat' dir='ltr'><strong>seminum</strong></span> <span class='ocrx_word' id='word_1_248' title='bbox 953 2151 1074 2205; x_wconf 82' lang='lat' dir='ltr'><strong>aula</strong></span> <span class='ocrx_word' id='word_1_249' title='bbox 1105 2157 1418 2212; x_wconf 80' lang='lat' dir='ltr'><strong>revocetur,</strong></span> <span class='ocrx_word' id='word_1_250' title='bbox 1441 2149 1604 2203; x_wconf 86' lang='lat' dir='ltr'><strong>vitam</strong></span> <span class='ocrx_word' id='word_1_251' title='bbox 1620 2147 1903 2204; x_wconf 78' lang='lat' dir='ltr'><strong>consuevit</strong></span> 
     </span>
    </p>
   </div>
   <div class='ocr_carea' id='block_1_37' title="bbox 295 2242 1899 2314">
    <p class='ocr_par' dir='ltr' id='par_1_37' title="bbox 295 2242 1899 2314">
     <span class='ocr_line' id='line_1_37' title="bbox 295 2242 1899 2314; baseline -0.002 -14"><span class='ocrx_word' id='word_1_252' title='bbox 295 2245 616 2300; x_wconf 76' lang='lat' dir='ltr'><strong>excludere.</strong></span> <span class='ocrx_word' id='word_1_253' title='bbox 641 2244 720 2298; x_wconf 84' lang='lat' dir='ltr'><strong>ita</strong></span> <span class='ocrx_word' id='word_1_254' title='bbox 743 2244 907 2299; x_wconf 86' lang='lat' dir='ltr'><strong>etiam</strong></span> <span class='ocrx_word' id='word_1_255' title='bbox 929 2244 1020 2314; x_wconf 91' lang='lat' dir='ltr'><strong>qui</strong></span> <span class='ocrx_word' id='word_1_256' title='bbox 1043 2243 1226 2298; x_wconf 89' lang='lat' dir='ltr'><strong>animo</strong></span> <span class='ocrx_word' id='word_1_257' title='bbox 1249 2244 1485 2314; x_wconf 85' lang='lat' dir='ltr'><strong>angitur,</strong></span> <span class='ocrx_word' id='word_1_258' title='bbox 1502 2249 1557 2298; x_wconf 89' lang='lat' dir='ltr'><strong>et</strong></span> <span class='ocrx_word' id='word_1_259' title='bbox 1577 2242 1899 2313; x_wconf 86' lang='lat' dir='ltr'><strong>quibusdam</strong></span> 
     </span>
    </p>
   </div>
   <div class='ocr_carea' id='block_1_38' title="bbox 296 2337 1902 2409">
    <p class='ocr_par' dir='ltr' id='par_1_38' title="bbox 296 2337 1902 2409">
     <span class='ocr_line' id='line_1_38' title="bbox 296 2337 1902 2409; baseline -0.001 -16"><span class='ocrx_word' id='word_1_260' title='bbox 296 2339 544 2394; x_wconf 76' lang='lat' dir='ltr'><strong>adversis</strong></span> <span class='ocrx_word' id='word_1_261' title='bbox 577 2338 988 2394; x_wconf 85' lang='lat' dir='ltr'><strong>imminentibus</strong></span> <span class='ocrx_word' id='word_1_262' title='bbox 1019 2349 1372 2409; x_wconf 87' lang='lat' dir='ltr'><strong>perurgetur,</strong></span> <span class='ocrx_word' id='word_1_263' title='bbox 1419 2338 1672 2393; x_wconf 85' lang='lat' dir='ltr'><strong>concludi</strong></span> <span class='ocrx_word' id='word_1_264' title='bbox 1703 2337 1902 2393; x_wconf 89' lang='lat' dir='ltr'><strong>dicitur</strong></span> 
     </span>
    </p>
   </div>
   <div class='ocr_carea' id='block_1_39' title="bbox 296 2430 1903 2503">
    <p class='ocr_par' dir='ltr' id='par_1_39' title="bbox 296 2430 1903 2503">
     <span class='ocr_line' id='line_1_39' title="bbox 296 2430 1903 2503; baseline -0.001 -18"><span class='ocrx_word' id='word_1_265' title='bbox 296 2447 408 2486; x_wconf 91' lang='lat' dir='ltr'><strong>non</strong></span> <span class='ocrx_word' id='word_1_266' title='bbox 434 2431 738 2487; x_wconf 89' lang='lat' dir='ltr'><strong>minoribus</strong></span> <span class='ocrx_word' id='word_1_267' title='bbox 761 2433 1029 2503; x_wconf 86' lang='lat' dir='ltr'><strong>angustiis</strong></span> <span class='ocrx_word' id='word_1_268' title='bbox 1055 2432 1274 2497; x_wconf 88' lang='lat' dir='ltr'><strong>mentis,</strong></span> <span class='ocrx_word' id='word_1_269' title='bbox 1306 2445 1465 2502; x_wconf 86' lang='lat' dir='ltr'><strong>quam</strong></span> <span class='ocrx_word' id='word_1_270' title='bbox 1491 2430 1758 2502; x_wconf 87' lang='lat' dir='ltr'><strong>corporis.</strong></span> <span class='ocrx_word' id='word_1_271' title='bbox 1792 2430 1903 2485; x_wconf 81' lang='lat' dir='ltr'><strong>Ma-</strong></span> 
     </span>
    </p>
   </div>
   <div class='ocr_carea' id='block_1_40' title="bbox 291 2525 1904 2597">
    <p class='ocr_par' dir='ltr' id='par_1_40' title="bbox 291 2525 1904 2597">
     <span class='ocr_line' id='line_1_40' title="bbox 291 2525 1904 2597; baseline -0.002 -16"><span class='ocrx_word' id='word_1_272' title='bbox 291 2529 452 2597; x_wconf 91' lang='lat' dir='ltr'><strong>jorcs</strong></span> <span class='ocrx_word' id='word_1_273' title='bbox 483 2527 628 2583; x_wconf 84' lang='lat' dir='ltr'><strong>enim</strong></span> <span class='ocrx_word' id='word_1_274' title='bbox 651 2527 847 2581; x_wconf 81' lang='lat' dir='ltr'><strong>anima:</strong></span> <span class='ocrx_word' id='word_1_275' title='bbox 869 2533 1060 2592; x_wconf 64' lang='lat' dir='ltr'><strong>aestus,</strong></span> <span class='ocrx_word' id='word_1_276' title='bbox 1092 2535 1117 2563; x_wconf 72' lang='grc'><strong>⁸</strong></span> <span class='ocrx_word' id='word_1_277' title='bbox 1143 2525 1496 2597; x_wconf 89' lang='lat' dir='ltr'><strong>fervoresque</strong></span> <span class='ocrx_word' id='word_1_278' title='bbox 1539 2529 1662 2580; x_wconf 88' lang='lat' dir='ltr'><strong>sunt</strong></span> <span class='ocrx_word' id='word_1_279' title='bbox 1694 2525 1904 2580; x_wconf 87' lang='lat' dir='ltr'><strong>animo-</strong></span> 
     </span>
    </p>
   </div>
   <div class='ocr_carea' id='block_1_41' title="bbox 296 2631 988 2691">
    <p class='ocr_par' dir='ltr' id='par_1_41' title="bbox 296 2631 988 2691">
     <span class='ocr_line' id='line_1_41' title="bbox 296 2631 988 2691; baseline -0.001 -17"><span class='ocrx_word' id='word_1_280' title='bbox 296 2635 444 2688; x_wconf 90' lang='lat' dir='ltr'><strong>rum,</strong></span> <span class='ocrx_word' id='word_1_281' title='bbox 479 2631 641 2691; x_wconf 84' lang='lat' dir='ltr'><strong>quam</strong></span> <span class='ocrx_word' id='word_1_282' title='bbox 672 2631 988 2690; x_wconf 87' lang='lat' dir='ltr'><strong>corporum.</strong></span> 
     </span>
    </p>
   </div>
   <div class='ocr_carea' id='block_1_42' title="bbox 369 2711 1901 2786">
    <p class='ocr_par' dir='ltr' id='par_1_42' title="bbox 369 2711 1901 2786">
     <span class='ocr_line' id='line_1_42' title="bbox 369 2711 1901 2786; baseline 0 -18"><span class='ocrx_word' id='word_1_283' title='bbox 369 2715 427 2769; x_wconf 71' lang='lat'><strong>2.</strong></span> <span class='ocrx_word' id='word_1_284' title='bbox 469 2713 778 2770; x_wconf 85' lang='lat' dir='ltr'><strong>Conelnsus</strong></span> <span class='ocrx_word' id='word_1_285' title='bbox 811 2714 974 2786; x_wconf 80' lang='lat' dir='ltr'><strong>igitur</strong></span> <span class='ocrx_word' id='word_1_286' title='bbox 1004 2714 1271 2770; x_wconf 87' lang='lat' dir='ltr'><strong>viscerum</strong></span> <span class='ocrx_word' id='word_1_287' title='bbox 1331 2722 1542 2770; x_wconf 88' lang='lat' dir='ltr'><strong>tumore</strong></span> <span class='ocrx_word' id='word_1_288' title='bbox 1568 2757 1582 2782; x_wconf 96' lang='lat'><strong>,</strong></span> <span class='ocrx_word' id='word_1_289' title='bbox 1629 2711 1901 2769; x_wconf 81' lang='lat' dir='ltr'><strong>medicam</strong></span> 
     </span>
    </p>
   </div>
   <div class='ocr_carea' id='block_1_43' title="bbox 292 2803 1901 2879">
    <p class='ocr_par' dir='ltr' id='par_1_43' title="bbox 292 2803 1901 2879">
     <span class='ocr_line' id='line_1_43' title="bbox 292 2803 1901 2879; baseline 0 -17"><span class='ocrx_word' id='word_1_290' title='bbox 292 2807 527 2879; x_wconf 66' lang='lat' dir='ltr'><strong>qumrit;</strong></span> <span class='ocrx_word' id='word_1_291' title='bbox 557 2814 617 2860; x_wconf 91' lang='lat' dir='ltr'><strong>ut</strong></span> <span class='ocrx_word' id='word_1_292' title='bbox 643 2807 812 2877; x_wconf 86' lang='lat' dir='ltr'><strong>possit</strong></span> <span class='ocrx_word' id='word_1_293' title='bbox 839 2803 1160 2877; x_wconf 90' lang='lat' dir='ltr'><strong>propulsare</strong></span> <span class='ocrx_word' id='word_1_294' title='bbox 1182 2807 1502 2877; x_wconf 91' lang='lat' dir='ltr'><strong>periculum,</strong></span> <span class='ocrx_word' id='word_1_295' title='bbox 1527 2815 1582 2862; x_wconf 90' lang='lat' dir='ltr'><strong>et</strong></span> <span class='ocrx_word' id='word_1_296' title='bbox 1606 2807 1901 2862; x_wconf 83' lang='lat' dir='ltr'><strong>cunstricta</strong></span> 
     </span>
    </p>
   </div>
   <div class='ocr_carea' id='block_1_44' title="bbox 301 2898 1900 2972">
    <p class='ocr_par' dir='ltr' id='par_1_44' title="bbox 301 2898 1900 2972">
     <span class='ocr_line' id='line_1_44' title="bbox 301 2898 1900 2972; baseline 0.001 -18"><span class='ocrx_word' id='word_1_297' title='bbox 301 2901 513 2955; x_wconf 80' lang='lat' dir='ltr'><strong>laxare.</strong></span> <span class='ocrx_word' id='word_1_298' title='bbox 539 2898 780 2956; x_wconf 77' lang='lat' dir='ltr'><strong>Veniens</strong></span> <span class='ocrx_word' id='word_1_299' title='bbox 812 2901 1053 2956; x_wconf 88' lang='lat' dir='ltr'><strong>medicus</strong></span> <span class='ocrx_word' id='word_1_300' title='bbox 1081 2909 1251 2956; x_wconf 90' lang='lat' dir='ltr'><strong>tcntat</strong></span> <span class='ocrx_word' id='word_1_301' title='bbox 1289 2902 1502 2968; x_wconf 89' lang='lat' dir='ltr'><strong>omnia,</strong></span> <span class='ocrx_word' id='word_1_302' title='bbox 1536 2900 1784 2972; x_wconf 67' lang='lat' dir='ltr'><strong>eripiorat</strong></span> <span class='ocrx_word' id='word_1_303' title='bbox 1812 2901 1900 2955; x_wconf 88' lang='lat' dir='ltr'><strong>in-</strong></span> 
     </span>
    </p>
   </div>
   <div class='ocr_carea' id='block_1_45' title="bbox 297 2991 1900 3065">
    <p class='ocr_par' dir='ltr' id='par_1_45' title="bbox 297 2991 1900 3065">
     <span class='ocr_line' id='line_1_45' title="bbox 297 2991 1900 3065; baseline 0.001 -17"><span class='ocrx_word' id='word_1_304' title='bbox 297 3001 476 3048; x_wconf 84' lang='lat' dir='ltr'><strong>terna.</strong></span> <span class='ocrx_word' id='word_1_305' title='bbox 508 2992 575 3048; x_wconf 85' lang='lat' dir='ltr'><strong>Et</strong></span> <span class='ocrx_word' id='word_1_306' title='bbox 603 2999 658 3047; x_wconf 92' lang='lat' dir='ltr'><strong>tu</strong></span> <span class='ocrx_word' id='word_1_307' title='bbox 687 3009 817 3065; x_wconf 93' lang='lat' dir='ltr'><strong>ergo</strong></span> <span class='ocrx_word' id='word_1_308' title='bbox 844 2991 1134 3049; x_wconf 89' lang='lat' dir='ltr'><strong>conclusus</strong></span> <span class='ocrx_word' id='word_1_309' title='bbox 1163 2991 1327 3048; x_wconf 88' lang='lat' dir='ltr'><strong>animi</strong></span> <span class='ocrx_word' id='word_1_310' title='bbox 1356 2994 1600 3060; x_wconf 82' lang='lat' dir='ltr'><strong>fervore,</strong></span> <span class='ocrx_word' id='word_1_311' title='bbox 1633 2991 1816 3064; x_wconf 84' lang='lat' dir='ltr'><strong>aspice</strong></span> <span class='ocrx_word' id='word_1_312' title='bbox 1849 3004 1900 3049; x_wconf 90' lang='lat' dir='ltr'><strong>te</strong></span> 
     </span>
    </p>
   </div>
   <div class='ocr_carea' id='block_1_46' title="bbox 297 3085 1900 3158">
    <p class='ocr_par' dir='ltr' id='par_1_46' title="bbox 297 3085 1900 3158">
     <span class='ocr_line' id='line_1_46' title="bbox 297 3085 1900 3158; baseline 0.001 -18"><span class='ocrx_word' id='word_1_313' title='bbox 297 3087 482 3158; x_wconf 89' lang='lat' dir='ltr'><strong>ipsum</strong></span> <span class='ocrx_word' id='word_1_314' title='bbox 509 3085 756 3143; x_wconf 86' lang='lat' dir='ltr'><strong>interiori</strong></span> <span class='ocrx_word' id='word_1_315' title='bbox 785 3087 963 3142; x_wconf 89' lang='lat' dir='ltr'><strong>oculo.</strong></span> <span class='ocrx_word' id='word_1_316' title='bbox 995 3086 1166 3142; x_wconf 84' lang='lat' dir='ltr'><strong>Morbi</strong></span> <span class='ocrx_word' id='word_1_317' title='bbox 1200 3085 1280 3142; x_wconf 88' lang='lat' dir='ltr'><strong>vis</strong></span> <span class='ocrx_word' id='word_1_318' title='bbox 1311 3095 1486 3158; x_wconf 87' lang='lat' dir='ltr'><strong>urget,</strong></span> <span class='ocrx_word' id='word_1_319' title='bbox 1527 3085 1700 3142; x_wconf 82' lang='lat' dir='ltr'><strong>ferret</strong></span> <span class='ocrx_word' id='word_1_320' title='bbox 1738 3087 1900 3142; x_wconf 77' lang='lat' dir='ltr'><strong>noxia</strong></span> 
     </span>
    </p>
   </div>
   <div class='ocr_carea' id='block_1_47' title="bbox 296 3181 1900 3252">
    <p class='ocr_par' dir='ltr' id='par_1_47' title="bbox 296 3181 1900 3252">
     <span class='ocr_line' id='line_1_47' title="bbox 296 3181 1900 3252; baseline -0.002 -14"><span class='ocrx_word' id='word_1_321' title='bbox 296 3181 634 3238; x_wconf 82' lang='lat' dir='ltr'><strong>conscientia</strong></span> <span class='ocrx_word' id='word_1_322' title='bbox 664 3225 678 3249; x_wconf 93' lang='lat'><strong>,</strong></span> <span class='ocrx_word' id='word_1_323' title='bbox 710 3183 881 3239; x_wconf 89' lang='lat' dir='ltr'><strong>moles</strong></span> <span class='ocrx_word' id='word_1_324' title='bbox 914 3191 1264 3252; x_wconf 84' lang='lat' dir='ltr'><strong>peccatorum</strong></span> <span class='ocrx_word' id='word_1_325' title='bbox 1305 3183 1522 3252; x_wconf 90' lang='lat' dir='ltr'><strong>premit,</strong></span> <span class='ocrx_word' id='word_1_326' title='bbox 1554 3181 1900 3252; x_wconf 84' lang='lat' dir='ltr'><strong>intercipiunt</strong></span> 
     </span>
    </p>
   </div>
   <div class='ocr_carea' id='block_1_48' title="bbox 2004 1959 3602 2034">
    <p class='ocr_par' dir='ltr' id='par_1_48' title="bbox 2004 1959 3602 2034">
     <span class='ocr_line' id='line_1_48' title="bbox 2004 1959 3602 2034; baseline 0.003 -20"><span class='ocrx_word' id='word_1_327' title='bbox 2004 1959 2150 2015; x_wconf 91' lang='lat' dir='ltr'><strong>nium</strong></span> <span class='ocrx_word' id='word_1_328' title='bbox 2177 1969 2524 2030; x_wconf 87' lang='lat' dir='ltr'><strong>peccatorum</strong></span> <span class='ocrx_word' id='word_1_329' title='bbox 2551 1980 2563 2015; x_wconf 90' lang='lat'><strong>:</strong></span> <span class='ocrx_word' id='word_1_330' title='bbox 2607 1975 2766 2031; x_wconf 88' lang='lat' dir='ltr'><strong>quam</strong></span> <span class='ocrx_word' id='word_1_331' title='bbox 2793 1970 2982 2032; x_wconf 87' lang='lat' dir='ltr'><strong>aperte</strong></span> <span class='ocrx_word' id='word_1_332' title='bbox 3013 1961 3494 2034; x_wconf 78' lang='lat' dir='ltr'><strong>congregationem</strong></span> <span class='ocrx_word' id='word_1_333' title='bbox 3523 1963 3602 2018; x_wconf 87' lang='lat' dir='ltr'><strong>lu-</strong></span> 
     </span>
    </p>
   </div>
   <div class='ocr_carea' id='block_1_49' title="bbox 2004 2053 3588 2128">
    <p class='ocr_par' dir='ltr' id='par_1_49' title="bbox 2004 2053 3588 2128">
     <span class='ocr_line' id='line_1_49' title="bbox 2004 2053 3588 2128; baseline 0.003 -20"><span class='ocrx_word' id='word_1_334' title='bbox 2004 2064 2177 2108; x_wconf 90' lang='lat' dir='ltr'><strong>turam</strong></span> <span class='ocrx_word' id='word_1_335' title='bbox 2206 2056 2444 2124; x_wconf 84' lang='lat' dir='ltr'><strong>gentium</strong></span> <span class='ocrx_word' id='word_1_336' title='bbox 2467 2054 2760 2111; x_wconf 85' lang='lat' dir='ltr'><strong>declaravit</strong></span> <span class='ocrx_word' id='word_1_337' title='bbox 2789 2058 2803 2110; x_wconf 90' lang='lat'><strong>!</strong></span> <span class='ocrx_word' id='word_1_338' title='bbox 2843 2053 2981 2112; x_wconf 81' lang='lat' dir='ltr'><strong>Hinc</strong></span> <span class='ocrx_word' id='word_1_339' title='bbox 3004 2056 3132 2111; x_wconf 92' lang='lat' dir='ltr'><strong>illud</strong></span> <span class='ocrx_word' id='word_1_340' title='bbox 3162 2056 3536 2128; x_wconf 88' lang='lat' dir='ltr'><strong>Apostolicum</strong></span> <span class='ocrx_word' id='word_1_341' title='bbox 3575 2075 3588 2112; x_wconf 92' lang='lat'><strong>:</strong></span> 
     </span>
    </p>
   </div>
   <div class='ocr_carea' id='block_1_50' title="bbox 2006 2148 3599 2224">
    <p class='ocr_par' dir='ltr' id='par_1_50' title="bbox 2006 2148 3599 2224">
     <span class='ocr_line' id='line_1_50' title="bbox 2006 2148 3599 2224; baseline 0.004 -22"><span class='ocrx_word' id='word_1_342' title='bbox 2006 2148 2142 2216; x_wconf 84' lang='lat' dir='ltr'><strong>Quia</strong></span> <span class='ocrx_word' id='word_1_343' title='bbox 2163 2150 2367 2203; x_wconf 81' lang='lat' dir='ltr'><strong>crccitas</strong></span> <span class='ocrx_word' id='word_1_344' title='bbox 2394 2165 2456 2204; x_wconf 71' lang='lat' dir='ltr'><strong>ex</strong></span> <span class='ocrx_word' id='word_1_345' title='bbox 2475 2160 2623 2222; x_wconf 80' lang='lat' dir='ltr'><strong>parte</strong></span> <span class='ocrx_word' id='word_1_346' title='bbox 2652 2149 2819 2206; x_wconf 84' lang='lat' dir='ltr'><strong>Israel</strong></span> <span class='ocrx_word' id='word_1_347' title='bbox 2863 2151 3097 2224; x_wconf 86' lang='lat' dir='ltr'><strong>contigit,</strong></span> <span class='ocrx_word' id='word_1_348' title='bbox 3142 2151 3303 2208; x_wconf 84' lang='lat' dir='ltr'><strong>donec</strong></span> <span class='ocrx_word' id='word_1_349' title='bbox 3333 2155 3599 2223; x_wconf 84' lang='lat' dir='ltr'><strong>plenitudo</strong></span> 
     </span>
    </p>
   </div>
   <div class='ocr_carea' id='block_1_51' title="bbox 2001 2239 3596 2320">
    <p class='ocr_par' dir='ltr' id='par_1_51' title="bbox 2001 2239 3596 2320">
     <span class='ocr_line' id='line_1_51' title="bbox 2001 2239 3596 2320; baseline 0.006 -26"><span class='ocrx_word' id='word_1_350' title='bbox 2001 2242 2228 2312; x_wconf 87' lang='lat' dir='ltr'><strong>gentium</strong></span> <span class='ocrx_word' id='word_1_351' title='bbox 2254 2240 2492 2310; x_wconf 89' lang='lat' dir='ltr'><strong>intraret,</strong></span> <span class='ocrx_word' id='word_1_352' title='bbox 2525 2249 2573 2297; x_wconf 90' lang='lat' dir='ltr'><strong>et</strong></span> <span class='ocrx_word' id='word_1_353' title='bbox 2594 2245 2670 2298; x_wconf 86' lang='lat' dir='ltr'><strong>sic</strong></span> <span class='ocrx_word' id='word_1_354' title='bbox 2690 2239 2853 2298; x_wconf 87' lang='lat' dir='ltr'><strong>omnis</strong></span> <span class='ocrx_word' id='word_1_355' title='bbox 2875 2243 3045 2300; x_wconf 89' lang='lat' dir='ltr'><strong>Israel</strong></span> <span class='ocrx_word' id='word_1_356' title='bbox 3061 2247 3233 2301; x_wconf 84' lang='lat' dir='ltr'><strong>salvus</strong></span> <span class='ocrx_word' id='word_1_357' title='bbox 3255 2246 3396 2316; x_wconf 79' lang='lat' dir='ltr'><strong>fieret</strong></span> <span class='ocrx_word' id='word_1_358' title='bbox 3419 2244 3596 2320; x_wconf 79' lang='lat' dir='ltr'><strong>(Rom.</strong></span> 
     </span>
    </p>
   </div>
   <div class='ocr_carea' id='block_1_52' title="bbox 2005 2335 2389 2411">
    <p class='ocr_par' dir='ltr' id='par_1_52' title="bbox 2005 2335 2389 2411">
     <span class='ocr_line' id='line_1_52' title="bbox 2005 2335 2389 2411; baseline 0 -21"><span class='ocrx_word' id='word_1_359' title='bbox 2005 2351 2080 2402; x_wconf 71' lang='grc' dir='ltr'><strong>χι,</strong></span> <span class='ocrx_word' id='word_1_360' title='bbox 2105 2335 2176 2392; x_wconf 72' lang='grc'><strong>25</strong></span> <span class='ocrx_word' id='word_1_361' title='bbox 2197 2347 2241 2392; x_wconf 90' lang='lat' dir='ltr'><strong>et</strong></span> <span class='ocrx_word' id='word_1_362' title='bbox 2273 2337 2389 2411; x_wconf 71' lang='grc'><strong>26).</strong></span> 
     </span>
    </p>
   </div>
   <div class='ocr_carea' id='block_1_53' title="bbox 2075 2430 3592 2506">
    <p class='ocr_par' dir='ltr' id='par_1_53' title="bbox 2075 2430 3592 2506">
     <span class='ocr_line' id='line_1_53' title="bbox 2075 2430 3592 2506; baseline 0.004 -18"><span class='ocrx_word' id='word_1_363' title='bbox 2075 2434 2126 2489; x_wconf 84' lang='grc'><strong>5.</strong></span> <span class='ocrx_word' id='word_1_364' title='bbox 2155 2430 2313 2501; x_wconf 80' lang='lat' dir='ltr'><strong>Veni,</strong></span> <span class='ocrx_word' id='word_1_365' title='bbox 2341 2433 2566 2490; x_wconf 88' lang='lat' dir='ltr'><strong>Domine</strong></span> <span class='ocrx_word' id='word_1_366' title='bbox 2592 2433 2718 2490; x_wconf 84' lang='lat' dir='ltr'><strong>Jesu</strong></span> <span class='ocrx_word' id='word_1_367' title='bbox 2749 2453 2762 2488; x_wconf 91' lang='lat'><strong>:</strong></span> <span class='ocrx_word' id='word_1_368' title='bbox 2786 2435 3009 2506; x_wconf 80' lang='lat' dir='ltr'><strong>sedjam</strong></span> <span class='ocrx_word' id='word_1_369' title='bbox 3035 2453 3140 2492; x_wconf 92' lang='lat' dir='ltr'><strong>non</strong></span> <span class='ocrx_word' id='word_1_370' title='bbox 3172 2437 3223 2492; x_wconf 91' lang='lat' dir='ltr'><strong>in</strong></span> <span class='ocrx_word' id='word_1_371' title='bbox 3252 2435 3467 2506; x_wconf 89' lang='lat' dir='ltr'><strong>umbra,</strong></span> <span class='ocrx_word' id='word_1_372' title='bbox 3498 2439 3592 2494; x_wconf 88' lang='lat' dir='ltr'><strong>sed</strong></span> 
     </span>
    </p>
   </div>
   <div class='ocr_carea' id='block_1_54' title="bbox 2005 2525 3600 2602">
    <p class='ocr_par' dir='ltr' id='par_1_54' title="bbox 2005 2525 3600 2602">
     <span class='ocr_line' id='line_1_54' title="bbox 2005 2525 3600 2602; baseline 0.004 -20"><span class='ocrx_word' id='word_1_373' title='bbox 2005 2528 2056 2582; x_wconf 92' lang='lat' dir='ltr'><strong>in</strong></span> <span class='ocrx_word' id='word_1_374' title='bbox 2089 2525 2470 2598; x_wconf 69' lang='lat' dir='ltr'><strong>solejustitiuc.</strong></span> <span class='ocrx_word' id='word_1_375' title='bbox 2498 2527 2555 2584; x_wconf 85' lang='lat' dir='ltr'><strong>Si</strong></span> <span class='ocrx_word' id='word_1_376' title='bbox 2588 2527 2776 2584; x_wconf 82' lang='lat' dir='ltr'><strong>umbra</strong></span> <span class='ocrx_word' id='word_1_377' title='bbox 2808 2529 3046 2599; x_wconf 83' lang='lat' dir='ltr'><strong>profuit,</strong></span> <span class='ocrx_word' id='word_1_378' title='bbox 3091 2527 3135 2587; x_wconf 86' lang='lat' dir='ltr'><strong>si</strong></span> <span class='ocrx_word' id='word_1_379' title='bbox 3178 2532 3448 2602; x_wconf 85' lang='lat' dir='ltr'><strong>passionis</strong></span> <span class='ocrx_word' id='word_1_380' title='bbox 3494 2543 3600 2588; x_wconf 73' lang='lat' dir='ltr'><strong>tua:</strong></span> 
     </span>
    </p>
   </div>
   <div class='ocr_carea' id='block_1_55' title="bbox 2004 2620 3592 2696">
    <p class='ocr_par' dir='ltr' id='par_1_55' title="bbox 2004 2620 3592 2696">
     <span class='ocr_line' id='line_1_55' title="bbox 2004 2620 3592 2696; baseline 0.004 -22"><span class='ocrx_word' id='word_1_381' title='bbox 2004 2620 2194 2675; x_wconf 90' lang='lat' dir='ltr'><strong>umbra</strong></span> <span class='ocrx_word' id='word_1_382' title='bbox 2216 2623 2468 2691; x_wconf 75' lang='lat' dir='ltr'><strong>protexit,</strong></span> <span class='ocrx_word' id='word_1_383' title='bbox 2494 2622 2540 2676; x_wconf 87' lang='lat' dir='ltr'><strong>si</strong></span> <span class='ocrx_word' id='word_1_384' title='bbox 2563 2623 2808 2693; x_wconf 89' lang='lat' dir='ltr'><strong>corporis</strong></span> <span class='ocrx_word' id='word_1_385' title='bbox 2831 2625 3020 2678; x_wconf 90' lang='lat' dir='ltr'><strong>umbra</strong></span> <span class='ocrx_word' id='word_1_386' title='bbox 3039 2623 3265 2680; x_wconf 85' lang='lat' dir='ltr'><strong>salvavit</strong></span> <span class='ocrx_word' id='word_1_387' title='bbox 3291 2642 3304 2690; x_wconf 93' lang='lat'><strong>;</strong></span> <span class='ocrx_word' id='word_1_388' title='bbox 3331 2635 3592 2696; x_wconf 90' lang='lat' dir='ltr'><strong>quantum</strong></span> 
     </span>
    </p>
   </div>
   <div class='ocr_carea' id='block_1_56' title="bbox 2004 2712 3594 2785">
    <p class='ocr_par' dir='ltr' id='par_1_56' title="bbox 2004 2712 3594 2785">
     <span class='ocr_line' id='line_1_56' title="bbox 2004 2712 3594 2785; baseline 0.002 -16"><span class='ocrx_word' id='word_1_389' title='bbox 2004 2712 2255 2769; x_wconf 75' lang='lat' dir='ltr'><strong>Conferre</strong></span> <span class='ocrx_word' id='word_1_390' title='bbox 2281 2712 2478 2784; x_wconf 89' lang='lat' dir='ltr'><strong>poterit</strong></span> <span class='ocrx_word' id='word_1_391' title='bbox 2512 2713 2730 2769; x_wconf 89' lang='lat' dir='ltr'><strong>claritas</strong></span> <span class='ocrx_word' id='word_1_392' title='bbox 2747 2725 2930 2785; x_wconf 88' lang='lat' dir='ltr'><strong>aperta</strong></span> <span class='ocrx_word' id='word_1_393' title='bbox 2954 2717 3206 2771; x_wconf 88' lang='lat' dir='ltr'><strong>virtutis?</strong></span> <span class='ocrx_word' id='word_1_394' title='bbox 3228 2717 3330 2772; x_wconf 84' lang='lat' dir='ltr'><strong>Per</strong></span> <span class='ocrx_word' id='word_1_395' title='bbox 3349 2717 3594 2773; x_wconf 89' lang='lat' dir='ltr'><strong>umbram</strong></span> 
     </span>
    </p>
   </div>
   <div class='ocr_carea' id='block_1_57' title="bbox 2005 2809 3602 2885">
    <p class='ocr_par' dir='ltr' id='par_1_57' title="bbox 2005 2809 3602 2885">
     <span class='ocr_line' id='line_1_57' title="bbox 2005 2809 3602 2885; baseline 0.004 -22"><span class='ocrx_word' id='word_1_396' title='bbox 2005 2809 2152 2878; x_wconf 91' lang='lat' dir='ltr'><strong>lepra</strong></span> <span class='ocrx_word' id='word_1_397' title='bbox 2181 2821 2368 2864; x_wconf 84' lang='lat' dir='ltr'><strong>curata</strong></span> <span class='ocrx_word' id='word_1_398' title='bbox 2389 2821 2472 2866; x_wconf 89' lang='lat' dir='ltr'><strong>est</strong></span> <span class='ocrx_word' id='word_1_399' title='bbox 2496 2809 2710 2878; x_wconf 83' lang='lat' dir='ltr'><strong>(Matth.</strong></span> <span class='ocrx_word' id='word_1_400' title='bbox 2735 2826 2851 2878; x_wconf 88' lang='lat' dir='ltr'><strong>vm,</strong></span> <span class='ocrx_word' id='word_1_401' title='bbox 2873 2809 2926 2883; x_wconf 80' lang='grc'><strong>5)</strong></span> <span class='ocrx_word' id='word_1_402' title='bbox 2953 2826 2967 2875; x_wconf 90' lang='lat'><strong>;</strong></span> <span class='ocrx_word' id='word_1_403' title='bbox 2999 2827 3097 2882; x_wconf 90' lang='lat' dir='ltr'><strong>per</strong></span> <span class='ocrx_word' id='word_1_404' title='bbox 3120 2813 3363 2868; x_wconf 90' lang='lat' dir='ltr'><strong>umbram</strong></span> <span class='ocrx_word' id='word_1_405' title='bbox 3386 2829 3602 2885; x_wconf 87' lang='lat' dir='ltr'><strong>quoque</strong></span> 
     </span>
    </p>
   </div>
   <div class='ocr_carea' id='block_1_58' title="bbox 2005 2900 3600 2973">
    <p class='ocr_par' dir='ltr' id='par_1_58' title="bbox 2005 2900 3600 2973">
     <span class='ocr_line' id='line_1_58' title="bbox 2005 2900 3600 2973; baseline 0.001 -17"><span class='ocrx_word' id='word_1_406' title='bbox 2005 2901 2152 2956; x_wconf 90' lang='lat' dir='ltr'><strong>illius</strong></span> <span class='ocrx_word' id='word_1_407' title='bbox 2183 2900 2400 2956; x_wconf 72' lang='lat' dir='ltr'><strong>femina:</strong></span> <span class='ocrx_word' id='word_1_408' title='bbox 2437 2917 2556 2972; x_wconf 68' lang='lat' dir='ltr'><strong>quae</strong></span> <span class='ocrx_word' id='word_1_409' title='bbox 2588 2901 2854 2957; x_wconf 80' lang='lat' dir='ltr'><strong>fimbriam</strong></span> <span class='ocrx_word' id='word_1_410' title='bbox 2884 2905 3055 2958; x_wconf 86' lang='lat' dir='ltr'><strong>vestis</strong></span> <span class='ocrx_word' id='word_1_411' title='bbox 3079 2903 3376 2960; x_wconf 84' lang='lat' dir='ltr'><strong>Dominicae</strong></span> <span class='ocrx_word' id='word_1_412' title='bbox 3400 2903 3600 2973; x_wconf 82' lang='lat' dir='ltr'><strong>attigit,</strong></span> 
     </span>
    </p>
   </div>
   <div class='ocr_carea' id='block_1_59' title="bbox 2003 2991 3597 3066">
    <p class='ocr_par' dir='ltr' id='par_1_59' title="bbox 2003 2991 3597 3066">
     <span class='ocr_line' id='line_1_59' title="bbox 2003 2991 3597 3066; baseline 0.001 -19"><span class='ocrx_word' id='word_1_413' title='bbox 2003 2991 2224 3064; x_wconf 89' lang='lat' dir='ltr'><strong>sangttls</strong></span> <span class='ocrx_word' id='word_1_414' title='bbox 2243 2993 2559 3064; x_wconf 83' lang='lat' dir='ltr'><strong>stetit(Luc.</strong></span> <span class='ocrx_word' id='word_1_415' title='bbox 2589 3008 2706 3060; x_wconf 82' lang='lat' dir='ltr'><strong>vui,</strong></span> <span class='ocrx_word' id='word_1_416' title='bbox 2732 2994 2824 3066; x_wconf 71' lang='grc'><strong>44)</strong></span> <span class='ocrx_word' id='word_1_417' title='bbox 2847 3012 2858 3047; x_wconf 92' lang='lat'><strong>:</strong></span> <span class='ocrx_word' id='word_1_418' title='bbox 2884 3009 2980 3066; x_wconf 89' lang='lat' dir='ltr'><strong>per</strong></span> <span class='ocrx_word' id='word_1_419' title='bbox 2998 2993 3240 3051; x_wconf 86' lang='lat' dir='ltr'><strong>umbram</strong></span> <span class='ocrx_word' id='word_1_420' title='bbox 3263 3003 3315 3050; x_wconf 93' lang='lat' dir='ltr'><strong>te</strong></span> <span class='ocrx_word' id='word_1_421' title='bbox 3341 2993 3597 3061; x_wconf 85' lang='lat' dir='ltr'><strong>vidimus,</strong></span> 
     </span>
    </p>
   </div>
   <div class='ocr_carea' id='block_1_60' title="bbox 2003 3087 3601 3161">
    <p class='ocr_par' dir='ltr' id='par_1_60' title="bbox 2003 3087 3601 3161">
     <span class='ocr_line' id='line_1_60' title="bbox 2003 3087 3601 3161; baseline 0.002 -20"><span class='ocrx_word' id='word_1_422' title='bbox 2003 3091 2220 3161; x_wconf 82' lang='lat' dir='ltr'><strong>quando</strong></span> <span class='ocrx_word' id='word_1_423' title='bbox 2247 3105 2351 3146; x_wconf 91' lang='lat' dir='ltr'><strong>non</strong></span> <span class='ocrx_word' id='word_1_424' title='bbox 2379 3089 2613 3145; x_wconf 86' lang='lat' dir='ltr'><strong>habebas</strong></span> <span class='ocrx_word' id='word_1_425' title='bbox 2636 3087 2872 3159; x_wconf 86' lang='lat' dir='ltr'><strong>speciem</strong></span> <span class='ocrx_word' id='word_1_426' title='bbox 2899 3105 3073 3161; x_wconf 85' lang='lat' dir='ltr'><strong>neque</strong></span> <span class='ocrx_word' id='word_1_427' title='bbox 3094 3089 3370 3146; x_wconf 88' lang='lat' dir='ltr'><strong>decorem.</strong></span> <span class='ocrx_word' id='word_1_428' title='bbox 3397 3087 3601 3146; x_wconf 87' lang='lat' dir='ltr'><strong>Umbra</strong></span> 
     </span>
    </p>
   </div>
   <div class='ocr_carea' id='block_1_61' title="bbox 2007 3181 3597 3255">
    <p class='ocr_par' dir='ltr' id='par_1_61' title="bbox 2007 3181 3597 3255">
     <span class='ocr_line' id='line_1_61' title="bbox 2007 3181 3597 3255; baseline 0.001 -19"><span class='ocrx_word' id='word_1_429' title='bbox 2007 3191 2097 3237; x_wconf 86' lang='lat' dir='ltr'><strong>tua</strong></span> <span class='ocrx_word' id='word_1_430' title='bbox 2126 3195 2256 3238; x_wconf 87' lang='lat' dir='ltr'><strong>caro</strong></span> <span class='ocrx_word' id='word_1_431' title='bbox 2307 3181 2409 3237; x_wconf 81' lang='lat' dir='ltr'><strong>fuit</strong></span> <span class='ocrx_word' id='word_1_432' title='bbox 2442 3225 2455 3250; x_wconf 92' lang='lat'><strong>,</strong></span> <span class='ocrx_word' id='word_1_433' title='bbox 2482 3197 2602 3254; x_wconf 81' lang='lat' dir='ltr'><strong>quae</strong></span> <span class='ocrx_word' id='word_1_434' title='bbox 2641 3193 2952 3238; x_wconf 88' lang='lat' dir='ltr'><strong>nostrarum</strong></span> <span class='ocrx_word' id='word_1_435' title='bbox 3000 3191 3163 3240; x_wconf 71' lang='lat' dir='ltr'><strong>{estus</strong></span> <span class='ocrx_word' id='word_1_436' title='bbox 3199 3183 3539 3255; x_wconf 85' lang='lat' dir='ltr'><strong>refrigeravit</strong></span> <span class='ocrx_word' id='word_1_437' title='bbox 3577 3192 3597 3220; x_wconf 75' lang='grc' dir='ltr'>ε</span> 
     </span>
    </p>
   </div>
   <div class='ocr_carea' id='block_1_62' title="bbox 294 3241 3603 3347">
    <p class='ocr_par' dir='ltr' id='par_1_62' title="bbox 294 3241 3603 3347">
     <span class='ocr_line' id='line_1_62' title="bbox 294 3241 3603 3347; baseline -0.001 -16"><span class='ocrx_word' id='word_1_438' title='bbox 294 3291 523 3332; x_wconf 87' lang='lat' dir='ltr'><strong>sensum</strong></span> <span class='ocrx_word' id='word_1_439' title='bbox 556 3276 755 3331; x_wconf 88' lang='lat' dir='ltr'><strong>mentis</strong></span> <span class='ocrx_word' id='word_1_440' title='bbox 776 3277 1039 3346; x_wconf 74' lang='lat' dir='ltr'><strong>angustiae</strong></span> <span class='ocrx_word' id='word_1_441' title='bbox 1066 3291 1078 3328; x_wconf 91' lang='lat'><strong>:</strong></span> <span class='ocrx_word' id='word_1_442' title='bbox 1105 3285 1376 3346; x_wconf 86' lang='lat' dir='ltr'><strong>cognosce</strong></span> <span class='ocrx_word' id='word_1_443' title='bbox 1399 3281 1449 3330; x_wconf 88' lang='lat' dir='ltr'><strong>te</strong></span> <span class='ocrx_word' id='word_1_444' title='bbox 1475 3273 1674 3345; x_wconf 90' lang='lat' dir='ltr'><strong>ipsum,</strong></span> <span class='ocrx_word' id='word_1_445' title='bbox 1698 3279 1753 3329; x_wconf 90' lang='lat' dir='ltr'><strong>et</strong></span> <span class='ocrx_word' id='word_1_446' title='bbox 1777 3287 1902 3328; x_wconf 87' lang='lat' dir='ltr'><strong>ora-</strong></span> <span class='ocrx_word' id='word_1_447' title='bbox 1928 3241 1972 3305; x_wconf 65' lang='grc' dir='ltr'><strong>Ο</strong></span> <span class='ocrx_word' id='word_1_448' title='bbox 2004 3271 2390 3344; x_wconf 86' lang='lat' dir='ltr'><strong>cupiditatum,</strong></span> <span class='ocrx_word' id='word_1_449' title='bbox 2433 3291 2550 3346; x_wconf 72' lang='lat' dir='ltr'><strong>(pta:</strong></span> <span class='ocrx_word' id='word_1_450' title='bbox 2589 3276 2872 3330; x_wconf 80' lang='lat' dir='ltr'><strong>restrinxit</strong></span> <span class='ocrx_word' id='word_1_451' title='bbox 2907 3277 3061 3346; x_wconf 82' lang='lat' dir='ltr'><strong>ignes</strong></span> <span class='ocrx_word' id='word_1_452' title='bbox 3103 3273 3385 3332; x_wconf 89' lang='lat' dir='ltr'><strong>libidinum</strong></span> <span class='ocrx_word' id='word_1_453' title='bbox 3413 3319 3429 3343; x_wconf 93' lang='lat'><strong>,</strong></span> <span class='ocrx_word' id='word_1_454' title='bbox 3483 3289 3603 3347; x_wconf 72' lang='lat' dir='ltr'><strong>qua:</strong></span> 
     </span>
    </p>
   </div>
   <div class='ocr_carea' id='block_1_63' title="bbox 297 3363 1902 3440">
    <p class='ocr_par' dir='ltr' id='par_1_63' title="bbox 297 3363 1902 3440">
     <span class='ocr_line' id='line_1_63' title="bbox 297 3363 1902 3440; baseline 0.001 -18"><span class='ocrx_word' id='word_1_455' title='bbox 297 3369 464 3423; x_wconf 82' lang='lat' dir='ltr'><strong>tionis</strong></span> <span class='ocrx_word' id='word_1_456' title='bbox 494 3385 677 3440; x_wconf 65' lang='lat' dir='ltr'><strong>quaere</strong></span> <span class='ocrx_word' id='word_1_457' title='bbox 707 3367 1031 3424; x_wconf 86' lang='lat' dir='ltr'><strong>medicinam</strong></span> <span class='ocrx_word' id='word_1_458' title='bbox 1067 3389 1079 3424; x_wconf 91' lang='lat'><strong>:</strong></span> <span class='ocrx_word' id='word_1_459' title='bbox 1116 3379 1280 3438; x_wconf 82' lang='lat' dir='ltr'><strong>posce</strong></span> <span class='ocrx_word' id='word_1_460' title='bbox 1331 3378 1389 3422; x_wconf 92' lang='lat' dir='ltr'><strong>ut</strong></span> <span class='ocrx_word' id='word_1_461' title='bbox 1435 3369 1615 3423; x_wconf 85' lang='lat' dir='ltr'><strong>veniat</strong></span> <span class='ocrx_word' id='word_1_462' title='bbox 1657 3363 1902 3423; x_wconf 85' lang='lat' dir='ltr'><strong>medicus</strong></span> 
     </span>
    </p>
   </div>
   <div class='ocr_carea' id='block_1_64' title="bbox 298 3457 1904 3533">
    <p class='ocr_par' dir='ltr' id='par_1_64' title="bbox 298 3457 1904 3533">
     <span class='ocr_line' id='line_1_64' title="bbox 298 3457 1904 3533; baseline -0.001 -17"><span class='ocrx_word' id='word_1_463' title='bbox 298 3463 395 3518; x_wconf 82' lang='lat' dir='ltr'><strong>ille</strong></span> <span class='ocrx_word' id='word_1_464' title='bbox 423 3463 515 3533; x_wconf 89' lang='lat' dir='ltr'><strong>qui</strong></span> <span class='ocrx_word' id='word_1_465' title='bbox 547 3461 828 3517; x_wconf 88' lang='lat' dir='ltr'><strong>descendit</strong></span> <span class='ocrx_word' id='word_1_466' title='bbox 853 3457 920 3517; x_wconf 91' lang='lat' dir='ltr'><strong>de</strong></span> <span class='ocrx_word' id='word_1_467' title='bbox 942 3462 1100 3526; x_wconf 65' lang='lat' dir='ltr'><strong>caelo,</strong></span> <span class='ocrx_word' id='word_1_468' title='bbox 1132 3462 1220 3532; x_wconf 91' lang='lat' dir='ltr'><strong>qui</strong></span> <span class='ocrx_word' id='word_1_469' title='bbox 1263 3459 1496 3516; x_wconf 80' lang='lat' dir='ltr'><strong>maxime</strong></span> <span class='ocrx_word' id='word_1_470' title='bbox 1535 3470 1769 3530; x_wconf 62' lang='lat' dir='ltr'><strong>aegrotos</strong></span> <span class='ocrx_word' id='word_1_471' title='bbox 1817 3474 1904 3514; x_wconf 88' lang='lat' dir='ltr'><strong>re-</strong></span> 
     </span>
    </p>
   </div>
   <div class='ocr_carea' id='block_1_65' title="bbox 298 3553 1904 3626">
    <p class='ocr_par' dir='ltr' id='par_1_65' title="bbox 298 3553 1904 3626">
     <span class='ocr_line' id='line_1_65' title="bbox 298 3553 1904 3626; baseline -0.001 -17"><span class='ocrx_word' id='word_1_472' title='bbox 298 3557 491 3626; x_wconf 89' lang='lat' dir='ltr'><strong>quirit,</strong></span> <span class='ocrx_word' id='word_1_473' title='bbox 528 3558 668 3612; x_wconf 89' lang='lat' dir='ltr'><strong>sicut</strong></span> <span class='ocrx_word' id='word_1_474' title='bbox 697 3557 813 3624; x_wconf 88' lang='lat' dir='ltr'><strong>ipse</strong></span> <span class='ocrx_word' id='word_1_475' title='bbox 841 3555 916 3610; x_wconf 89' lang='lat' dir='ltr'><strong>ait</strong></span> <span class='ocrx_word' id='word_1_476' title='bbox 941 3573 954 3609; x_wconf 89' lang='lat'><strong>:</strong></span> <span class='ocrx_word' id='word_1_477' title='bbox 985 3553 1106 3610; x_wconf 78' lang='lat' dir='ltr'><strong>Non</strong></span> <span class='ocrx_word' id='word_1_478' title='bbox 1131 3569 1258 3626; x_wconf 88' lang='lat' dir='ltr'><strong>opus</strong></span> <span class='ocrx_word' id='word_1_479' title='bbox 1280 3566 1352 3610; x_wconf 85' lang='lat' dir='ltr'><strong>est</strong></span> <span class='ocrx_word' id='word_1_480' title='bbox 1370 3553 1509 3608; x_wconf 88' lang='lat' dir='ltr'><strong>sanis</strong></span> <span class='ocrx_word' id='word_1_481' title='bbox 1532 3553 1780 3618; x_wconf 73' lang='lat' dir='ltr'><strong>medicus,</strong></span> <span class='ocrx_word' id='word_1_482' title='bbox 1813 3554 1904 3608; x_wconf 85' lang='lat' dir='ltr'><strong>sed</strong></span> 
     </span>
    </p>
   </div>
   <div class='ocr_carea' id='block_1_66' title="bbox 302 3643 1904 3721">
    <p class='ocr_par' dir='ltr' id='par_1_66' title="bbox 302 3643 1904 3721">
     <span class='ocr_line' id='line_1_66' title="bbox 302 3643 1904 3721; baseline -0.003 -17"><span class='ocrx_word' id='word_1_483' title='bbox 302 3653 368 3705; x_wconf 85' lang='lat' dir='ltr'><strong>iis</strong></span> <span class='ocrx_word' id='word_1_484' title='bbox 399 3653 487 3720; x_wconf 86' lang='lat' dir='ltr'><strong>qui</strong></span> <span class='ocrx_word' id='word_1_485' title='bbox 519 3651 652 3704; x_wconf 88' lang='lat' dir='ltr'><strong>male</strong></span> <span class='ocrx_word' id='word_1_486' title='bbox 676 3651 861 3704; x_wconf 85' lang='lat' dir='ltr'><strong>habent</strong></span> <span class='ocrx_word' id='word_1_487' title='bbox 890 3646 1104 3721; x_wconf 84' lang='lat' dir='ltr'><strong>(Matth.</strong></span> <span class='ocrx_word' id='word_1_488' title='bbox 1149 3663 1222 3714; x_wconf 82' lang='lat' dir='ltr'><strong>ix,</strong></span> <span class='ocrx_word' id='word_1_489' title='bbox 1270 3643 1383 3719; x_wconf 74' lang='lat' dir='ltr'><strong>l2).</strong></span> <span class='ocrx_word' id='word_1_490' title='bbox 1429 3645 1608 3703; x_wconf 89' lang='lat' dir='ltr'><strong>ilabcs</strong></span> <span class='ocrx_word' id='word_1_491' title='bbox 1645 3645 1904 3701; x_wconf 79' lang='lat' dir='ltr'><strong>vulnera?</strong></span> 
     </span>
    </p>
   </div>
   <div class='ocr_carea' id='block_1_67' title="bbox 301 3737 1901 3808">
    <p class='ocr_par' dir='ltr' id='par_1_67' title="bbox 301 3737 1901 3808">
     <span class='ocr_line' id='line_1_67' title="bbox 301 3737 1901 3808; baseline -0.004 -10"><span class='ocrx_word' id='word_1_492' title='bbox 301 3741 382 3798; x_wconf 84' lang='lat' dir='ltr'><strong>Nc</strong></span> <span class='ocrx_word' id='word_1_493' title='bbox 409 3741 627 3796; x_wconf 81' lang='lat' dir='ltr'><strong>diﬂ&#39;eras</strong></span> <span class='ocrx_word' id='word_1_494' title='bbox 653 3758 665 3794; x_wconf 93' lang='lat'><strong>:</strong></span> <span class='ocrx_word' id='word_1_495' title='bbox 695 3753 803 3796; x_wconf 91' lang='lat' dir='ltr'><strong>non</strong></span> <span class='ocrx_word' id='word_1_496' title='bbox 834 3749 918 3795; x_wconf 89' lang='lat' dir='ltr'><strong>est</strong></span> <span class='ocrx_word' id='word_1_497' title='bbox 940 3737 1081 3808; x_wconf 88' lang='lat' dir='ltr'><strong>apud</strong></span> <span class='ocrx_word' id='word_1_498' title='bbox 1108 3749 1233 3794; x_wconf 86' lang='lat' dir='ltr'><strong>eum</strong></span> <span class='ocrx_word' id='word_1_499' title='bbox 1258 3738 1364 3794; x_wconf 90' lang='lat' dir='ltr'><strong>ulla</strong></span> <span class='ocrx_word' id='word_1_500' title='bbox 1394 3737 1901 3808; x_wconf 82' lang='lat' dir='ltr'><strong>comperendinatio</strong></span> 
     </span>
    </p>
   </div>
   <div class='ocr_carea' id='block_1_68' title="bbox 305 3829 1904 3896">
    <p class='ocr_par' dir='ltr' id='par_1_68' title="bbox 305 3829 1904 3896">
     <span class='ocr_line' id='line_1_68' title="bbox 305 3829 1904 3896; baseline -0.004 -6"><span class='ocrx_word' id='word_1_501' title='bbox 305 3833 578 3890; x_wconf 87' lang='lat' dir='ltr'><strong>sanitatis.</strong></span> <span class='ocrx_word' id='word_1_502' title='bbox 609 3833 783 3890; x_wconf 87' lang='lat' dir='ltr'><strong>ilabes</strong></span> <span class='ocrx_word' id='word_1_503' title='bbox 809 3834 1028 3888; x_wconf 82' lang='lat' dir='ltr'><strong>ulcera?</strong></span> <span class='ocrx_word' id='word_1_504' title='bbox 1057 3829 1135 3888; x_wconf 78' lang='lat' dir='ltr'><strong>Ne</strong></span> <span class='ocrx_word' id='word_1_505' title='bbox 1163 3829 1352 3886; x_wconf 88' lang='lat' dir='ltr'><strong>timeas</strong></span> <span class='ocrx_word' id='word_1_506' title='bbox 1379 3848 1391 3884; x_wconf 93' lang='lat'><strong>:</strong></span> <span class='ocrx_word' id='word_1_507' title='bbox 1415 3829 1597 3896; x_wconf 84' lang='lat' dir='ltr'><strong>verba,</strong></span> <span class='ocrx_word' id='word_1_508' title='bbox 1629 3845 1735 3885; x_wconf 91' lang='lat' dir='ltr'><strong>non</strong></span> <span class='ocrx_word' id='word_1_509' title='bbox 1761 3830 1904 3884; x_wconf 81' lang='lat' dir='ltr'><strong>ferro</strong></span> 
     </span>
    </p>
   </div>
   <div class='ocr_carea' id='block_1_69' title="bbox 299 3923 1906 3997">
    <p class='ocr_par' dir='ltr' id='par_1_69' title="bbox 299 3923 1906 3997">
     <span class='ocr_line' id='line_1_69' title="bbox 299 3923 1906 3997; baseline -0.004 -11"><span class='ocrx_word' id='word_1_510' title='bbox 299 3945 494 3986; x_wconf 89' lang='lat' dir='ltr'><strong>curare</strong></span> <span class='ocrx_word' id='word_1_511' title='bbox 525 3929 828 3984; x_wconf 90' lang='lat' dir='ltr'><strong>consuevit.</strong></span> <span class='ocrx_word' id='word_1_512' title='bbox 861 3925 1060 3997; x_wconf 83' lang='lat' dir='ltr'><strong>Aspice</strong></span> <span class='ocrx_word' id='word_1_513' title='bbox 1101 3925 1265 3997; x_wconf 88' lang='lat' dir='ltr'><strong>igitur</strong></span> <span class='ocrx_word' id='word_1_514' title='bbox 1305 3923 1412 3980; x_wconf 84' lang='lat' dir='ltr'><strong>illis</strong></span> <span class='ocrx_word' id='word_1_515' title='bbox 1449 3925 1657 3990; x_wconf 90' lang='lat' dir='ltr'><strong>oculis,</strong></span> <span class='ocrx_word' id='word_1_516' title='bbox 1709 3924 1906 3995; x_wconf 81' lang='lat' dir='ltr'><strong>quibus</strong></span> 
     </span>
    </p>
   </div>
   <div class='ocr_carea' id='block_1_70' title="bbox 306 4016 1901 4092">
    <p class='ocr_par' dir='ltr' id='par_1_70' title="bbox 306 4016 1901 4092">
     <span class='ocr_line' id='line_1_70' title="bbox 306 4016 1901 4092; baseline -0.004 -14"><span class='ocrx_word' id='word_1_517' title='bbox 306 4023 475 4078; x_wconf 84' lang='lat' dir='ltr'><strong>David</strong></span> <span class='ocrx_word' id='word_1_518' title='bbox 507 4022 772 4077; x_wconf 84' lang='lat' dir='ltr'><strong>auxilium</strong></span> <span class='ocrx_word' id='word_1_519' title='bbox 817 4016 1070 4092; x_wconf 67' lang='lat' dir='ltr'><strong>quaesivit</strong></span> <span class='ocrx_word' id='word_1_520' title='bbox 1095 4027 1150 4074; x_wconf 89' lang='lat' dir='ltr'><strong>et</strong></span> <span class='ocrx_word' id='word_1_521' title='bbox 1178 4019 1394 4074; x_wconf 89' lang='lat' dir='ltr'><strong>meruit.</strong></span> <span class='ocrx_word' id='word_1_522' title='bbox 1423 4017 1609 4073; x_wconf 83' lang='lat' dir='ltr'><strong>Levavi</strong></span> <span class='ocrx_word' id='word_1_523' title='bbox 1639 4059 1654 4084; x_wconf 89' lang='lat'><strong>,</strong></span> <span class='ocrx_word' id='word_1_524' title='bbox 1709 4017 1901 4089; x_wconf 88' lang='lat' dir='ltr'><strong>inquit,</strong></span> 
     </span>
    </p>
   </div>
   <div class='ocr_carea' id='block_1_71' title="bbox 300 4111 1906 4184">
    <p class='ocr_par' dir='ltr' id='par_1_71' title="bbox 300 4111 1906 4184">
     <span class='ocr_line' id='line_1_71' title="bbox 300 4111 1906 4184; baseline -0.004 -12"><span class='ocrx_word' id='word_1_525' title='bbox 300 4117 481 4172; x_wconf 83' lang='lat' dir='ltr'><strong>oculos</strong></span> <span class='ocrx_word' id='word_1_526' title='bbox 508 4133 646 4170; x_wconf 85' lang='lat' dir='ltr'><strong>meos</strong></span> <span class='ocrx_word' id='word_1_527' title='bbox 682 4115 750 4176; x_wconf 85' lang='lat' dir='ltr'><strong>ad</strong></span> <span class='ocrx_word' id='word_1_528' title='bbox 807 4123 1004 4169; x_wconf 86' lang='lat' dir='ltr'><strong>montes</strong></span> <span class='ocrx_word' id='word_1_529' title='bbox 1049 4113 1307 4184; x_wconf 74' lang='lat' dir='ltr'><strong>:quwsivi</strong></span> <span class='ocrx_word' id='word_1_530' title='bbox 1350 4113 1488 4166; x_wconf 87' lang='lat' dir='ltr'><strong>unde</strong></span> <span class='ocrx_word' id='word_1_531' title='bbox 1531 4111 1658 4166; x_wconf 85' lang='lat' dir='ltr'><strong>nti/ti</strong></span> <span class='ocrx_word' id='word_1_532' title='bbox 1713 4111 1906 4166; x_wconf 82' lang='lat' dir='ltr'><strong>veniret</strong></span> 
     </span>
    </p>
   </div>
   <div class='ocr_carea' id='block_1_72' title="bbox 300 4203 1906 4281">
    <p class='ocr_par' dir='ltr' id='par_1_72' title="bbox 300 4203 1906 4281">
     <span class='ocr_line' id='line_1_72' title="bbox 300 4203 1906 4281; baseline -0.005 -16"><span class='ocrx_word' id='word_1_533' title='bbox 300 4210 560 4266; x_wconf 70' lang='lat' dir='ltr'><strong>auxilium</strong></span> <span class='ocrx_word' id='word_1_534' title='bbox 595 4207 769 4281; x_wconf 86' lang='lat' dir='ltr'><strong>(Psal.</strong></span> <span class='ocrx_word' id='word_1_535' title='bbox 795 4221 924 4273; x_wconf 85' lang='lat' dir='ltr'><strong>cxx,</strong></span> <span class='ocrx_word' id='word_1_536' title='bbox 959 4208 985 4262; x_wconf 84' lang='grc'><strong>1</strong></span> <span class='ocrx_word' id='word_1_537' title='bbox 1015 4216 1061 4262; x_wconf 88' lang='lat' dir='ltr'><strong>et</strong></span> <span class='ocrx_word' id='word_1_538' title='bbox 1092 4205 1172 4278; x_wconf 68' lang='lat'><strong>2).</strong></span> <span class='ocrx_word' id='word_1_539' title='bbox 1224 4205 1341 4260; x_wconf 85' lang='lat' dir='ltr'><strong>Non</strong></span> <span class='ocrx_word' id='word_1_540' title='bbox 1385 4205 1565 4261; x_wconf 90' lang='lat' dir='ltr'><strong>inveni</strong></span> <span class='ocrx_word' id='word_1_541' title='bbox 1613 4203 1714 4260; x_wconf 90' lang='lat' dir='ltr'><strong>nisi</strong></span> <span class='ocrx_word' id='word_1_542' title='bbox 1739 4219 1768 4258; x_wconf 88' lang='lat' dir='ltr'><strong>a</strong></span> <span class='ocrx_word' id='word_1_543' title='bbox 1798 4203 1906 4258; x_wconf 57' lang='lat' dir='ltr'><strong>Do-s</strong></span> 
     </span>
    </p>
   </div>
   <div class='ocr_carea' id='block_1_73' title="bbox 301 4298 1906 4374">
    <p class='ocr_par' dir='ltr' id='par_1_73' title="bbox 301 4298 1906 4374">
     <span class='ocr_line' id='line_1_73' title="bbox 301 4298 1906 4374; baseline -0.004 -15"><span class='ocrx_word' id='word_1_544' title='bbox 301 4305 491 4370; x_wconf 85' lang='lat' dir='ltr'><strong>mino;</strong></span> <span class='ocrx_word' id='word_1_545' title='bbox 524 4304 617 4374; x_wconf 90' lang='lat' dir='ltr'><strong>qui</strong></span> <span class='ocrx_word' id='word_1_546' title='bbox 649 4303 794 4358; x_wconf 90' lang='lat' dir='ltr'><strong>enim</strong></span> <span class='ocrx_word' id='word_1_547' title='bbox 847 4301 1109 4357; x_wconf 89' lang='lat' dir='ltr'><strong>mundum</strong></span> <span class='ocrx_word' id='word_1_548' title='bbox 1163 4299 1428 4367; x_wconf 89' lang='lat' dir='ltr'><strong>condidit,</strong></span> <span class='ocrx_word' id='word_1_549' title='bbox 1463 4307 1646 4353; x_wconf 76' lang='lat' dir='ltr'><strong>tuetur</strong></span> <span class='ocrx_word' id='word_1_550' title='bbox 1690 4298 1906 4353; x_wconf 86' lang='lat' dir='ltr'><strong>accolas</strong></span> 
     </span>
    </p>
   </div>
   <div class='ocr_carea' id='block_1_74' title="bbox 300 4389 1906 4467">
    <p class='ocr_par' dir='ltr' id='par_1_74' title="bbox 300 4389 1906 4467">
     <span class='ocr_line' id='line_1_74' title="bbox 300 4389 1906 4467; baseline -0.004 -15"><span class='ocrx_word' id='word_1_551' title='bbox 300 4396 509 4452; x_wconf 91' lang='lat' dir='ltr'><strong>mundi.</strong></span> <span class='ocrx_word' id='word_1_552' title='bbox 544 4396 742 4467; x_wconf 80' lang='lat' dir='ltr'><strong>Aspice</strong></span> <span class='ocrx_word' id='word_1_553' title='bbox 781 4409 945 4467; x_wconf 87' lang='lat' dir='ltr'><strong>ergo,</strong></span> <span class='ocrx_word' id='word_1_554' title='bbox 997 4405 1052 4451; x_wconf 89' lang='lat' dir='ltr'><strong>et</strong></span> <span class='ocrx_word' id='word_1_555' title='bbox 1096 4408 1311 4464; x_wconf 89' lang='lat' dir='ltr'><strong>semper</strong></span> <span class='ocrx_word' id='word_1_556' title='bbox 1341 4393 1562 4464; x_wconf 85' lang='lat' dir='ltr'><strong>aspice;</strong></span> <span class='ocrx_word' id='word_1_557' title='bbox 1612 4393 1737 4463; x_wconf 88' lang='lat' dir='ltr'><strong>quia</strong></span> <span class='ocrx_word' id='word_1_558' title='bbox 1777 4389 1906 4462; x_wconf 90' lang='lat' dir='ltr'><strong>justi</strong></span> 
     </span>
    </p>
   </div>
   <div class='ocr_carea' id='block_1_75' title="bbox 302 4487 1145 4559">
    <p class='ocr_par' dir='ltr' id='par_1_75' title="bbox 302 4487 1145 4559">
     <span class='ocr_line' id='line_1_75' title="bbox 302 4487 1145 4559; baseline -0.004 -15"><span class='ocrx_word' id='word_1_559' title='bbox 302 4490 447 4544; x_wconf 90' lang='lat' dir='ltr'><strong>oculi</strong></span> <span class='ocrx_word' id='word_1_560' title='bbox 477 4499 700 4559; x_wconf 85' lang='lat' dir='ltr'><strong>semper</strong></span> <span class='ocrx_word' id='word_1_561' title='bbox 734 4487 800 4542; x_wconf 91' lang='lat' dir='ltr'><strong>ad</strong></span> <span class='ocrx_word' id='word_1_562' title='bbox 833 4487 1145 4542; x_wconf 87' lang='lat' dir='ltr'><strong>Dominum.</strong></span> 
     </span>
    </p>
   </div>
   <div class='ocr_carea' id='block_1_76' title="bbox 372 4573 1904 4636">
    <p class='ocr_par' dir='ltr' id='par_1_76' title="bbox 372 4573 1904 4636">
     <span class='ocr_line' id='line_1_76' title="bbox 372 4573 1904 4636; baseline -0.003 -2"><span class='ocrx_word' id='word_1_563' title='bbox 372 4579 428 4634; x_wconf 73' lang='grc'><strong>5.</strong></span> <span class='ocrx_word' id='word_1_564' title='bbox 474 4575 589 4635; x_wconf 81' lang='lat' dir='ltr'><strong>Hoc</strong></span> <span class='ocrx_word' id='word_1_565' title='bbox 621 4589 807 4636; x_wconf 90' lang='lat' dir='ltr'><strong>monet</strong></span> <span class='ocrx_word' id='word_1_566' title='bbox 845 4587 899 4634; x_wconf 90' lang='lat' dir='ltr'><strong>te</strong></span> <span class='ocrx_word' id='word_1_567' title='bbox 926 4579 1088 4634; x_wconf 85' lang='lat' dir='ltr'><strong>etiam</strong></span> <span class='ocrx_word' id='word_1_568' title='bbox 1119 4573 1425 4633; x_wconf 86' lang='lat' dir='ltr'><strong>llieremias</strong></span> <span class='ocrx_word' id='word_1_569' title='bbox 1460 4577 1513 4632; x_wconf 89' lang='lat' dir='ltr'><strong>in</strong></span> <span class='ocrx_word' id='word_1_570' title='bbox 1541 4577 1774 4632; x_wconf 79' lang='lat' dir='ltr'><strong>Tltrenis</strong></span> <span class='ocrx_word' id='word_1_571' title='bbox 1804 4576 1904 4631; x_wconf 88' lang='lat' dir='ltr'><strong>sub</strong></span> 
     </span>
    </p>
   </div>
   <div class='ocr_carea' id='block_1_77' title="bbox 301 4669 1904 4743">
    <p class='ocr_par' dir='ltr' id='par_1_77' title="bbox 301 4669 1904 4743">
     <span class='ocr_line' id='line_1_77' title="bbox 301 4669 1904 4743; baseline -0.002 -15"><span class='ocrx_word' id='word_1_572' title='bbox 301 4675 407 4728; x_wconf 88' lang='lat' dir='ltr'><strong>hac</strong></span> <span class='ocrx_word' id='word_1_573' title='bbox 434 4675 548 4743; x_wconf 86' lang='lat' dir='ltr'><strong>ipsa</strong></span> <span class='ocrx_word' id='word_1_574' title='bbox 583 4673 763 4728; x_wconf 86' lang='lat' dir='ltr'><strong>littera</strong></span> <span class='ocrx_word' id='word_1_575' title='bbox 789 4714 803 4737; x_wconf 94' lang='lat'><strong>,</strong></span> <span class='ocrx_word' id='word_1_576' title='bbox 851 4671 1042 4727; x_wconf 89' lang='lat' dir='ltr'><strong>dicens</strong></span> <span class='ocrx_word' id='word_1_577' title='bbox 1073 4671 1138 4724; x_wconf 88' lang='lat' dir='ltr'><strong>ad</strong></span> <span class='ocrx_word' id='word_1_578' title='bbox 1175 4670 1512 4725; x_wconf 84' lang='lat' dir='ltr'><strong>Hierusalem</strong></span> <span class='ocrx_word' id='word_1_579' title='bbox 1541 4685 1554 4724; x_wconf 90' lang='lat'><strong>:</strong></span> <span class='ocrx_word' id='word_1_580' title='bbox 1579 4669 1607 4708; x_wconf 67' lang='grc' dir='ltr'><strong>ιδ</strong></span> <span class='ocrx_word' id='word_1_581' title='bbox 1641 4671 1810 4741; x_wconf 79' lang='lat' dir='ltr'><strong>Surge</strong></span> <span class='ocrx_word' id='word_1_582' title='bbox 1857 4676 1904 4725; x_wconf 87' lang='lat' dir='ltr'><strong>et</strong></span> 
     </span>
    </p>
   </div>
   <div class='ocr_carea' id='block_1_78' title="bbox 299 4761 1905 4840">
    <p class='ocr_par' dir='ltr' id='par_1_78' title="bbox 299 4761 1905 4840">
     <span class='ocr_line' id='line_1_78' title="bbox 299 4761 1905 4840; baseline -0.004 -15"><span class='ocrx_word' id='word_1_583' title='bbox 299 4770 654 4840; x_wconf 69' lang='lat' dir='ltr'><strong>expergiscere</strong></span> <span class='ocrx_word' id='word_1_584' title='bbox 683 4770 736 4821; x_wconf 92' lang='lat' dir='ltr'><strong>in</strong></span> <span class='ocrx_word' id='word_1_585' title='bbox 764 4776 925 4832; x_wconf 88' lang='lat' dir='ltr'><strong>nocte,</strong></span> <span class='ocrx_word' id='word_1_586' title='bbox 956 4765 1010 4819; x_wconf 90' lang='lat' dir='ltr'><strong>in</strong></span> <span class='ocrx_word' id='word_1_587' title='bbox 1042 4763 1300 4836; x_wconf 85' lang='lat' dir='ltr'><strong>principio</strong></span> <span class='ocrx_word' id='word_1_588' title='bbox 1327 4764 1518 4835; x_wconf 71' lang='lat' dir='ltr'><strong>vigilite</strong></span> <span class='ocrx_word' id='word_1_589' title='bbox 1555 4775 1655 4819; x_wconf 83' lang='lat' dir='ltr'><strong>tua:</strong></span> <span class='ocrx_word' id='word_1_590' title='bbox 1697 4761 1905 4831; x_wconf 73' lang='lat' dir='ltr'><strong>e/funde</strong></span> 
     </span>
    </p>
   </div>
   <div class='ocr_carea' id='block_1_79' title="bbox 299 4856 1902 4933">
    <p class='ocr_par' dir='ltr' id='par_1_79' title="bbox 299 4856 1902 4933">
     <span class='ocr_line' id='line_1_79' title="bbox 299 4856 1902 4933; baseline -0.004 -16"><span class='ocrx_word' id='word_1_591' title='bbox 299 4865 434 4918; x_wconf 85' lang='lat' dir='ltr'><strong>sicut</strong></span> <span class='ocrx_word' id='word_1_592' title='bbox 460 4878 647 4933; x_wconf 89' lang='lat' dir='ltr'><strong>aquam</strong></span> <span class='ocrx_word' id='word_1_593' title='bbox 673 4875 760 4916; x_wconf 88' lang='lat' dir='ltr'><strong>cor</strong></span> <span class='ocrx_word' id='word_1_594' title='bbox 788 4870 931 4915; x_wconf 85' lang='lat' dir='ltr'><strong>tuum</strong></span> <span class='ocrx_word' id='word_1_595' title='bbox 962 4870 1079 4914; x_wconf 87' lang='lat' dir='ltr'><strong>ante</strong></span> <span class='ocrx_word' id='word_1_596' title='bbox 1100 4860 1284 4930; x_wconf 78' lang='lat' dir='ltr'><strong>faciem</strong></span> <span class='ocrx_word' id='word_1_597' title='bbox 1307 4856 1520 4912; x_wconf 85' lang='lat' dir='ltr'><strong>Domini</strong></span> <span class='ocrx_word' id='word_1_598' title='bbox 1544 4874 1561 4912; x_wconf 90' lang='lat'><strong>:</strong></span> <span class='ocrx_word' id='word_1_599' title='bbox 1604 4858 1790 4913; x_wconf 77' lang='lat' dir='ltr'><strong>extolle</strong></span> <span class='ocrx_word' id='word_1_600' title='bbox 1833 4856 1902 4911; x_wconf 86' lang='lat' dir='ltr'><strong>ad</strong></span> 
     </span>
    </p>
   </div>
   <div class='ocr_carea' id='block_1_80' title="bbox 301 4952 1900 5024">
    <p class='ocr_par' dir='ltr' id='par_1_80' title="bbox 301 4952 1900 5024">
     <span class='ocr_line' id='line_1_80' title="bbox 301 4952 1900 5024; baseline -0.004 -15"><span class='ocrx_word' id='word_1_601' title='bbox 301 4955 585 5010; x_wconf 84' lang='lat' dir='ltr'><strong>Dominum</strong></span> <span class='ocrx_word' id='word_1_602' title='bbox 614 4971 798 5008; x_wconf 87' lang='lat' dir='ltr'><strong>manus</strong></span> <span class='ocrx_word' id='word_1_603' title='bbox 828 4963 940 5008; x_wconf 83' lang='lat' dir='ltr'><strong>tuas</strong></span> <span class='ocrx_word' id='word_1_604' title='bbox 965 4970 1061 5024; x_wconf 81' lang='lat' dir='ltr'><strong>pro</strong></span> <span class='ocrx_word' id='word_1_605' title='bbox 1087 4952 1354 5006; x_wconf 86' lang='lat' dir='ltr'><strong>animabus</strong></span> <span class='ocrx_word' id='word_1_606' title='bbox 1397 4952 1728 5020; x_wconf 82' lang='lat' dir='ltr'><strong>parvulorum</strong></span> <span class='ocrx_word' id='word_1_607' title='bbox 1781 4957 1900 5003; x_wconf 86' lang='lat' dir='ltr'><strong>luo-</strong></span> 
     </span>
    </p>
   </div>
   <div class='ocr_carea' id='block_1_81' title="bbox 301 5044 1903 5117">
    <p class='ocr_par' dir='ltr' id='par_1_81' title="bbox 301 5044 1903 5117">
     <span class='ocr_line' id='line_1_81' title="bbox 301 5044 1903 5117; baseline -0.004 -15"><span class='ocrx_word' id='word_1_608' title='bbox 301 5063 440 5116; x_wconf 75' lang='lat' dir='ltr'><strong>rum,</strong></span> <span class='ocrx_word' id='word_1_609' title='bbox 487 5049 573 5113; x_wconf 88' lang='lat' dir='ltr'><strong>qui</strong></span> <span class='ocrx_word' id='word_1_610' title='bbox 623 5047 872 5117; x_wconf 83' lang='lat' dir='ltr'><strong>deﬁciunt</strong></span> <span class='ocrx_word' id='word_1_611' title='bbox 929 5049 1062 5112; x_wconf 74' lang='lat' dir='ltr'><strong>{ante</strong></span> <span class='ocrx_word' id='word_1_612' title='bbox 1114 5046 1167 5099; x_wconf 85' lang='lat' dir='ltr'><strong>in</strong></span> <span class='ocrx_word' id='word_1_613' title='bbox 1198 5044 1381 5117; x_wconf 82' lang='lat' dir='ltr'><strong>plateis</strong></span> <span class='ocrx_word' id='word_1_614' title='bbox 1405 5045 1632 5099; x_wconf 89' lang='lat' dir='ltr'><strong>omnium</strong></span> <span class='ocrx_word' id='word_1_615' title='bbox 1664 5044 1903 5098; x_wconf 83' lang='lat' dir='ltr'><strong>itinerum</strong></span> 
     </span>
    </p>
   </div>
   <div class='ocr_carea' id='block_1_82' title="bbox 303 5139 1904 5217">
    <p class='ocr_par' dir='ltr' id='par_1_82' title="bbox 303 5139 1904 5217">
     <span class='ocr_line' id='line_1_82' title="bbox 303 5139 1904 5217; baseline -0.001 -19"><span class='ocrx_word' id='word_1_616' title='bbox 303 5143 525 5217; x_wconf 77' lang='lat' dir='ltr'><strong>(ansn.</strong></span> <span class='ocrx_word' id='word_1_617' title='bbox 553 5155 614 5209; x_wconf 83' lang='lat' dir='ltr'><strong>tt,</strong></span> <span class='ocrx_word' id='word_1_618' title='bbox 644 5142 756 5213; x_wconf 74' lang='grc'><strong>19).</strong></span> <span class='ocrx_word' id='word_1_619' title='bbox 778 5141 966 5196; x_wconf 78' lang='lat' dir='ltr'><strong>Nonne</strong></span> <span class='ocrx_word' id='word_1_620' title='bbox 984 5147 1040 5197; x_wconf 85' lang='lat' dir='ltr'><strong>et</strong></span> <span class='ocrx_word' id='word_1_621' title='bbox 1063 5152 1248 5212; x_wconf 90' lang='lat' dir='ltr'><strong>aperte</strong></span> <span class='ocrx_word' id='word_1_622' title='bbox 1271 5141 1638 5196; x_wconf 84' lang='lat' dir='ltr'><strong>conclusionis</strong></span> <span class='ocrx_word' id='word_1_623' title='bbox 1660 5139 1904 5196; x_wconf 84' lang='lat' dir='ltr'><strong>ostendit</strong></span> 
     </span>
    </p>
   </div>
   <div class='ocr_carea' id='block_1_83' title="bbox 299 5231 1905 5308">
    <p class='ocr_par' dir='ltr' id='par_1_83' title="bbox 299 5231 1905 5308">
     <span class='ocr_line' id='line_1_83' title="bbox 299 5231 1905 5308; baseline 0 -18"><span class='ocrx_word' id='word_1_624' title='bbox 299 5235 605 5308; x_wconf 78' lang='lat' dir='ltr'><strong>angustias,</strong></span> <span class='ocrx_word' id='word_1_625' title='bbox 631 5245 688 5291; x_wconf 92' lang='lat' dir='ltr'><strong>et</strong></span> <span class='ocrx_word' id='word_1_626' title='bbox 714 5243 899 5291; x_wconf 87' lang='lat' dir='ltr'><strong>monet</strong></span> <span class='ocrx_word' id='word_1_627' title='bbox 921 5245 978 5289; x_wconf 93' lang='lat' dir='ltr'><strong>ut</strong></span> <span class='ocrx_word' id='word_1_628' title='bbox 1005 5234 1311 5290; x_wconf 86' lang='lat' dir='ltr'><strong>intentione</strong></span> <span class='ocrx_word' id='word_1_629' title='bbox 1339 5235 1544 5300; x_wconf 87' lang='lat' dir='ltr'><strong>cordis,</strong></span> <span class='ocrx_word' id='word_1_630' title='bbox 1587 5231 1639 5288; x_wconf 88' lang='lat' dir='ltr'><strong>in</strong></span> <span class='ocrx_word' id='word_1_631' title='bbox 1683 5250 1790 5304; x_wconf 91' lang='lat' dir='ltr'><strong>quo</strong></span> <span class='ocrx_word' id='word_1_632' title='bbox 1820 5241 1905 5290; x_wconf 87' lang='lat' dir='ltr'><strong>est</strong></span> 
     </span>
    </p>
   </div>
   <div class='ocr_carea' id='block_1_84' title="bbox 298 5327 1903 5398">
    <p class='ocr_par' dir='ltr' id='par_1_84' title="bbox 298 5327 1903 5398">
     <span class='ocr_line' id='line_1_84' title="bbox 298 5327 1903 5398; baseline -0.001 -15"><span class='ocrx_word' id='word_1_633' title='bbox 298 5329 445 5385; x_wconf 88' lang='lat' dir='ltr'><strong>oculi</strong></span> <span class='ocrx_word' id='word_1_634' title='bbox 477 5329 721 5385; x_wconf 87' lang='lat' dir='ltr'><strong>melioris</strong></span> <span class='ocrx_word' id='word_1_635' title='bbox 747 5328 992 5394; x_wconf 86' lang='lat' dir='ltr'><strong>obtutus,</strong></span> <span class='ocrx_word' id='word_1_636' title='bbox 1024 5328 1324 5385; x_wconf 87' lang='lat' dir='ltr'><strong>remedium</strong></span> <span class='ocrx_word' id='word_1_637' title='bbox 1359 5327 1452 5384; x_wconf 86' lang='lat' dir='ltr'><strong>tibi</strong></span> <span class='ocrx_word' id='word_1_638' title='bbox 1503 5327 1747 5384; x_wconf 86' lang='lat' dir='ltr'><strong>salutare</strong></span> <span class='ocrx_word' id='word_1_639' title='bbox 1779 5341 1903 5398; x_wconf 89' lang='lat' dir='ltr'><strong>pro-</strong></span> 
     </span>
    </p>
   </div>
   <div class='ocr_carea' id='block_1_85' title="bbox 374 5524 1902 5596">
    <p class='ocr_par' dir='ltr' id='par_1_85' title="bbox 374 5524 1902 5596">
     <span class='ocr_line' id='line_1_85' title="bbox 374 5524 1902 5596; baseline -0.001 -16"><span class='ocrx_word' id='word_1_640' title='bbox 374 5535 401 5563; x_wconf 72' lang='grc' dir='ltr'>α</span> <span class='ocrx_word' id='word_1_641' title='bbox 433 5524 602 5591; x_wconf 82' lang='lat' dir='ltr'><strong>Edit.,</strong></span> <span class='ocrx_word' id='word_1_642' title='bbox 655 5525 918 5596; x_wconf 78' lang='lat' dir='ltr'><strong>febresque</strong></span> <span class='ocrx_word' id='word_1_643' title='bbox 970 5534 1088 5580; x_wconf 87' lang='lat' dir='ltr'><strong>sunt</strong></span> <span class='ocrx_word' id='word_1_644' title='bbox 1129 5525 1460 5590; x_wconf 86' lang='lat' dir='ltr'><strong>animorum;</strong></span> <span class='ocrx_word' id='word_1_645' title='bbox 1501 5537 1658 5589; x_wconf 90' lang='lat' dir='ltr'><strong>mss.,</strong></span> <span class='ocrx_word' id='word_1_646' title='bbox 1725 5527 1902 5594; x_wconf 77' lang='lat' dir='ltr'><strong>feruo-</strong></span> 
     </span>
    </p>
   </div>
   <div class='ocr_carea' id='block_1_86' title="bbox 299 5609 1911 5739">
    <p class='ocr_par' dir='ltr' id='par_1_86' title="bbox 299 5609 1911 5739">
     <span class='ocr_line' id='line_1_86' title="bbox 299 5609 1911 5739; baseline -0.002 -15"><span class='ocrx_word' id='word_1_647' title='bbox 299 5609 796 5734; x_wconf 44' lang='lat' dir='ltr'><strong>&quot;miriﬁcam,</strong></span> <span class='ocrx_word' id='word_1_648' title='bbox 852 5667 1022 5739; x_wconf 86' lang='lat' dir='ltr'><strong>Surge</strong></span> <span class='ocrx_word' id='word_1_649' title='bbox 1076 5667 1313 5739; x_wconf 79' lang='lat' dir='ltr'><strong>meditari</strong></span> <span class='ocrx_word' id='word_1_650' title='bbox 1360 5669 1413 5721; x_wconf 89' lang='lat' dir='ltr'><strong>in</strong></span> <span class='ocrx_word' id='word_1_651' title='bbox 1453 5677 1598 5722; x_wconf 76' lang='lat' dir='ltr'><strong>nocte</strong></span> <span class='ocrx_word' id='word_1_652' title='bbox 1627 5684 1645 5721; x_wconf 83' lang='lat'><strong>:</strong></span> <span class='ocrx_word' id='word_1_653' title='bbox 1679 5667 1820 5722; x_wconf 84' lang='lat' dir='ltr'><strong>forte</strong></span> <span class='ocrx_word' id='word_1_654' title='bbox 1852 5674 1911 5721; x_wconf 91' lang='lat' dir='ltr'><strong>ut</strong></span> 
     </span>
    </p>
   </div>
   <div class='ocr_carea' id='block_1_87' title="bbox 305 5738 1910 5812">
    <p class='ocr_par' dir='ltr' id='par_1_87' title="bbox 305 5738 1910 5812">
     <span class='ocr_line' id='line_1_87' title="bbox 305 5738 1910 5812; baseline -0.004 -15"><span class='ocrx_word' id='word_1_655' title='bbox 305 5744 479 5812; x_wconf 77' lang='lat' dir='ltr'><strong>magis</strong></span> <span class='ocrx_word' id='word_1_656' title='bbox 510 5743 660 5796; x_wconf 83' lang='lat' dir='ltr'><strong>locus</strong></span> <span class='ocrx_word' id='word_1_657' title='bbox 684 5738 974 5796; x_wconf 82' lang='lat' dir='ltr'><strong>accederet</strong></span> <span class='ocrx_word' id='word_1_658' title='bbox 990 5740 1055 5794; x_wconf 92' lang='lat' dir='ltr'><strong>ad</strong></span> <span class='ocrx_word' id='word_1_659' title='bbox 1081 5739 1233 5809; x_wconf 79' lang='lat' dir='ltr'><strong>Vulg.</strong></span> <span class='ocrx_word' id='word_1_660' title='bbox 1259 5738 1347 5793; x_wconf 92' lang='lat' dir='ltr'><strong>ubi</strong></span> <span class='ocrx_word' id='word_1_661' title='bbox 1372 5741 1589 5809; x_wconf 83' lang='lat' dir='ltr'><strong>legitur,</strong></span> <span class='ocrx_word' id='word_1_662' title='bbox 1624 5739 1910 5812; x_wconf 79' lang='lat' dir='ltr'><strong>Consurge,</strong></span> 
     </span>
    </p>
   </div>
   <div class='ocr_carea' id='block_1_88' title="bbox 301 5811 1910 5870">
    <p class='ocr_par' dir='ltr' id='par_1_88' title="bbox 301 5811 1910 5870">
     <span class='ocr_line' id='line_1_88' title="bbox 301 5811 1910 5870; baseline -0.004 0"><span class='ocrx_word' id='word_1_663' title='bbox 301 5811 464 5870; x_wconf 82' lang='lat' dir='ltr'><strong>lauda</strong></span> <span class='ocrx_word' id='word_1_664' title='bbox 501 5815 553 5866; x_wconf 87' lang='lat' dir='ltr'><strong>in</strong></span> <span class='ocrx_word' id='word_1_665' title='bbox 579 5823 744 5869; x_wconf 83' lang='lat' dir='ltr'><strong>nocte.</strong></span> <span class='ocrx_word' id='word_1_666' title='bbox 776 5813 980 5868; x_wconf 79' lang='lat' dir='ltr'><strong>Omnes</strong></span> <span class='ocrx_word' id='word_1_667' title='bbox 1014 5827 1146 5868; x_wconf 86' lang='lat' dir='ltr'><strong>vero</strong></span> <span class='ocrx_word' id='word_1_668' title='bbox 1178 5825 1309 5867; x_wconf 73' lang='lat' dir='ltr'><strong>mss.</strong></span> <span class='ocrx_word' id='word_1_669' title='bbox 1331 5822 1383 5866; x_wconf 87' lang='lat' dir='ltr'><strong>et</strong></span> <span class='ocrx_word' id='word_1_670' title='bbox 1412 5817 1520 5867; x_wconf 74' lang='lat' dir='ltr'><strong>vel.</strong></span> <span class='ocrx_word' id='word_1_671' title='bbox 1551 5813 1685 5869; x_wconf 84' lang='lat' dir='ltr'><strong>edit.</strong></span> <span class='ocrx_word' id='word_1_672' title='bbox 1721 5811 1910 5866; x_wconf 78' lang='lat' dir='ltr'><strong>nobis-</strong></span> 
     </span>
    </p>
   </div>
   <div class='ocr_carea' id='block_1_89' title="bbox 305 5884 1915 5970">
    <p class='ocr_par' dir='ltr' id='par_1_89' title="bbox 305 5884 1915 5970">
     <span class='ocr_line' id='line_1_89' title="bbox 305 5884 1915 5970; baseline -0.002 -24"><span class='ocrx_word' id='word_1_673' title='bbox 305 5902 432 5952; x_wconf 83' lang='lat' dir='ltr'><strong>cum</strong></span> <span class='ocrx_word' id='word_1_674' title='bbox 475 5886 699 5948; x_wconf 84' lang='lat' dir='ltr'><strong>iaciunt.</strong></span> <span class='ocrx_word' id='word_1_675' title='bbox 759 5885 826 5951; x_wconf 80' lang='lat' dir='ltr'><strong>Et</strong></span> <span class='ocrx_word' id='word_1_676' title='bbox 856 5894 1008 5948; x_wconf 84' lang='lat' dir='ltr'><strong>certe</strong></span> <span class='ocrx_word' id='word_1_677' title='bbox 1042 5893 1225 5945; x_wconf 84' lang='lat' dir='ltr'><strong>nostra</strong></span> <span class='ocrx_word' id='word_1_678' title='bbox 1254 5884 1416 5946; x_wconf 87' lang='lat' dir='ltr'><strong>lectio</strong></span> <span class='ocrx_word' id='word_1_679' title='bbox 1453 5889 1626 5970; x_wconf 83' lang='lat' dir='ltr'><strong>magis</strong></span> <span class='ocrx_word' id='word_1_680' title='bbox 1665 5884 1915 5962; x_wconf 86' lang='lat' dir='ltr'><strong>congruit</strong></span> 
     </span>
    </p>
   </div>
   <div class='ocr_carea' id='block_1_90' title="bbox 1932 4642 1985 4703">
    <p class='ocr_par' dir='ltr' id='par_1_90' title="bbox 1932 4642 1985 4703">
     <span class='ocr_line' id='line_1_90' title="bbox 1932 4642 1985 4703; baseline 0 0"><span class='ocrx_word' id='word_1_681' title='bbox 1932 4642 1985 4703; x_wconf 90' lang='lat' dir='ltr'><strong>D</strong></span> 
     </span>
    </p>
   </div>
   <div class='ocr_carea' id='block_1_91' title="bbox 2005 3366 3604 3439">
    <p class='ocr_par' dir='ltr' id='par_1_91' title="bbox 2005 3366 3604 3439">
     <span class='ocr_line' id='line_1_91' title="bbox 2005 3366 3604 3439; baseline 0 -16"><span class='ocrx_word' id='word_1_682' title='bbox 2005 3366 2244 3423; x_wconf 79' lang='lat' dir='ltr'><strong>avaritiae</strong></span> <span class='ocrx_word' id='word_1_683' title='bbox 2266 3409 2278 3432; x_wconf 90' lang='lat'><strong>,</strong></span> <span class='ocrx_word' id='word_1_684' title='bbox 2304 3366 2751 3438; x_wconf 86' lang='lat' dir='ltr'><strong>diversarutnque</strong></span> <span class='ocrx_word' id='word_1_685' title='bbox 2780 3367 3092 3438; x_wconf 85' lang='lat' dir='ltr'><strong>passionum</strong></span> <span class='ocrx_word' id='word_1_686' title='bbox 3117 3367 3362 3423; x_wconf 90' lang='lat' dir='ltr'><strong>incendia</strong></span> <span class='ocrx_word' id='word_1_687' title='bbox 3396 3378 3604 3439; x_wconf 86' lang='lat' dir='ltr'><strong>tempe-</strong></span> 
     </span>
    </p>
   </div>
   <div class='ocr_carea' id='block_1_92' title="bbox 2007 3457 3602 3532">
    <p class='ocr_par' dir='ltr' id='par_1_92' title="bbox 2007 3457 3602 3532">
     <span class='ocr_line' id='line_1_92' title="bbox 2007 3457 3602 3532; baseline -0.001 -17"><span class='ocrx_word' id='word_1_688' title='bbox 2007 3457 2168 3515; x_wconf 84' lang='lat' dir='ltr'><strong>ravit.</strong></span> <span class='ocrx_word' id='word_1_689' title='bbox 2216 3461 2280 3518; x_wconf 76' lang='lat' dir='ltr'><strong>Et</strong></span> <span class='ocrx_word' id='word_1_690' title='bbox 2318 3460 2446 3531; x_wconf 88' lang='lat' dir='ltr'><strong>quid</strong></span> <span class='ocrx_word' id='word_1_691' title='bbox 2473 3460 2645 3516; x_wconf 87' lang='lat' dir='ltr'><strong>dicam</strong></span> <span class='ocrx_word' id='word_1_692' title='bbox 2675 3461 2742 3516; x_wconf 91' lang='lat' dir='ltr'><strong>de</strong></span> <span class='ocrx_word' id='word_1_693' title='bbox 2776 3461 2964 3516; x_wconf 87' lang='lat' dir='ltr'><strong>umbra</strong></span> <span class='ocrx_word' id='word_1_694' title='bbox 3008 3462 3251 3526; x_wconf 87' lang='lat' dir='ltr'><strong>Domini,</strong></span> <span class='ocrx_word' id='word_1_695' title='bbox 3286 3462 3504 3532; x_wconf 90' lang='lat' dir='ltr'><strong>quando</strong></span> <span class='ocrx_word' id='word_1_696' title='bbox 3546 3469 3602 3515; x_wconf 89' lang='lat' dir='ltr'><strong>et</strong></span> 
     </span>
    </p>
   </div>
   <div class='ocr_carea' id='block_1_93' title="bbox 2005 3549 3603 3627">
    <p class='ocr_par' dir='ltr' id='par_1_93' title="bbox 2005 3549 3603 3627">
     <span class='ocr_line' id='line_1_93' title="bbox 2005 3549 3603 3627; baseline 0.002 -20"><span class='ocrx_word' id='word_1_697' title='bbox 2005 3551 2374 3623; x_wconf 88' lang='lat' dir='ltr'><strong>apostolorum</strong></span> <span class='ocrx_word' id='word_1_698' title='bbox 2424 3554 2610 3608; x_wconf 84' lang='lat' dir='ltr'><strong>umbra</strong></span> <span class='ocrx_word' id='word_1_699' title='bbox 2638 3551 2866 3609; x_wconf 86' lang='lat' dir='ltr'><strong>sanabat</strong></span> <span class='ocrx_word' id='word_1_700' title='bbox 2905 3549 3042 3627; x_wconf 80' lang='lat' dir='ltr'><strong>(Act.</strong></span> <span class='ocrx_word' id='word_1_701' title='bbox 3077 3565 3130 3623; x_wconf 89' lang='lat' dir='ltr'><strong>v,</strong></span> <span class='ocrx_word' id='word_1_702' title='bbox 3161 3555 3295 3626; x_wconf 80' lang='lat'><strong>15)?</strong></span> <span class='ocrx_word' id='word_1_703' title='bbox 3341 3549 3603 3610; x_wconf 83' lang='lat' dir='ltr'><strong>Veniente</strong></span> 
     </span>
    </p>
   </div>
   <div class='ocr_carea' id='block_1_94' title="bbox 2007 3645 3604 3718">
    <p class='ocr_par' dir='ltr' id='par_1_94' title="bbox 2007 3645 3604 3718">
     <span class='ocr_line' id='line_1_94' title="bbox 2007 3645 3604 3718; baseline -0.001 -17"><span class='ocrx_word' id='word_1_704' title='bbox 2007 3647 2208 3701; x_wconf 89' lang='lat' dir='ltr'><strong>etenim</strong></span> <span class='ocrx_word' id='word_1_705' title='bbox 2233 3646 2394 3701; x_wconf 82' lang='lat' dir='ltr'><strong>Petro</strong></span> <span class='ocrx_word' id='word_1_706' title='bbox 2419 3647 2790 3717; x_wconf 79' lang='lat' dir='ltr'><strong>unusquisque</strong></span> <span class='ocrx_word' id='word_1_707' title='bbox 2811 3645 3074 3702; x_wconf 72' lang='lat' dir='ltr'><strong>offerebat</strong></span> <span class='ocrx_word' id='word_1_708' title='bbox 3095 3661 3270 3717; x_wconf 78' lang='lat' dir='ltr'><strong>:egros</strong></span> <span class='ocrx_word' id='word_1_709' title='bbox 3292 3661 3442 3713; x_wconf 77' lang='lat' dir='ltr'><strong>suos,</strong></span> <span class='ocrx_word' id='word_1_710' title='bbox 3467 3661 3604 3718; x_wconf 86' lang='lat' dir='ltr'><strong>quos</strong></span> 
     </span>
    </p>
   </div>
   <div class='ocr_carea' id='block_1_95' title="bbox 2007 3737 3349 3810">
    <p class='ocr_par' dir='ltr' id='par_1_95' title="bbox 2007 3737 3349 3810">
     <span class='ocr_line' id='line_1_95' title="bbox 2007 3737 3349 3810; baseline 0 -16"><span class='ocrx_word' id='word_1_711' title='bbox 2007 3740 2341 3795; x_wconf 87' lang='lat' dir='ltr'><strong>transeuntis</strong></span> <span class='ocrx_word' id='word_1_712' title='bbox 2367 3739 2602 3810; x_wconf 89' lang='lat' dir='ltr'><strong>apostoli</strong></span> <span class='ocrx_word' id='word_1_713' title='bbox 2634 3739 2820 3796; x_wconf 83' lang='lat' dir='ltr'><strong>umbra</strong></span> <span class='ocrx_word' id='word_1_714' title='bbox 2847 3738 3078 3796; x_wconf 87' lang='lat' dir='ltr'><strong>reddidit</strong></span> <span class='ocrx_word' id='word_1_715' title='bbox 3107 3737 3349 3796; x_wconf 83' lang='lat' dir='ltr'><strong>Sanitati.</strong></span> 
     </span>
    </p>
   </div>
   <div class='ocr_carea' id='block_1_96' title="bbox 2079 3829 3604 3903">
    <p class='ocr_par' dir='ltr' id='par_1_96' title="bbox 2079 3829 3604 3903">
     <span class='ocr_line' id='line_1_96' title="bbox 2079 3829 3604 3903; baseline -0.001 -15"><span class='ocrx_word' id='word_1_716' title='bbox 2079 3833 2133 3888; x_wconf 88' lang='lat'><strong>6.</strong></span> <span class='ocrx_word' id='word_1_717' title='bbox 2177 3835 2315 3888; x_wconf 85' lang='lat' dir='ltr'><strong>Audi</strong></span> <span class='ocrx_word' id='word_1_718' title='bbox 2344 3834 2466 3903; x_wconf 86' lang='lat' dir='ltr'><strong>quia</strong></span> <span class='ocrx_word' id='word_1_719' title='bbox 2499 3849 2629 3889; x_wconf 85' lang='lat' dir='ltr'><strong>caro</strong></span> <span class='ocrx_word' id='word_1_720' title='bbox 2664 3835 2877 3889; x_wconf 91' lang='lat' dir='ltr'><strong>Domini</strong></span> <span class='ocrx_word' id='word_1_721' title='bbox 2916 3835 3106 3889; x_wconf 89' lang='lat' dir='ltr'><strong>umbra</strong></span> <span class='ocrx_word' id='word_1_722' title='bbox 3139 3843 3257 3889; x_wconf 88' lang='lat' dir='ltr'><strong>erat</strong></span> <span class='ocrx_word' id='word_1_723' title='bbox 3289 3853 3302 3888; x_wconf 93' lang='lat'><strong>:</strong></span> <span class='ocrx_word' id='word_1_724' title='bbox 3340 3832 3470 3887; x_wconf 79' lang='lat' dir='ltr'><strong>Ecce</strong></span> <span class='ocrx_word' id='word_1_725' title='bbox 3495 3829 3604 3886; x_wconf 83' lang='lat' dir='ltr'><strong>Do-</strong></span> 
     </span>
    </p>
   </div>
   <div class='ocr_carea' id='block_1_97' title="bbox 2007 3924 3604 3999">
    <p class='ocr_par' dir='ltr' id='par_1_97' title="bbox 2007 3924 3604 3999">
     <span class='ocr_line' id='line_1_97' title="bbox 2007 3924 3604 3999; baseline -0.002 -17"><span class='ocrx_word' id='word_1_726' title='bbox 2007 3929 2178 3983; x_wconf 81' lang='lat' dir='ltr'><strong>minus</strong></span> <span class='ocrx_word' id='word_1_727' title='bbox 2223 3925 2360 3983; x_wconf 84' lang='lat' dir='ltr'><strong>sedet</strong></span> <span class='ocrx_word' id='word_1_728' title='bbox 2407 3943 2558 3999; x_wconf 86' lang='lat' dir='ltr'><strong>super</strong></span> <span class='ocrx_word' id='word_1_729' title='bbox 2587 3929 2768 3982; x_wconf 83' lang='lat' dir='ltr'><strong>nubent</strong></span> <span class='ocrx_word' id='word_1_730' title='bbox 2812 3927 3004 3994; x_wconf 79' lang='lat' dir='ltr'><strong>levent,</strong></span> <span class='ocrx_word' id='word_1_731' title='bbox 3056 3938 3101 3982; x_wconf 89' lang='lat' dir='ltr'><strong>et</strong></span> <span class='ocrx_word' id='word_1_732' title='bbox 3158 3928 3319 3981; x_wconf 88' lang='lat' dir='ltr'><strong>veniet</strong></span> <span class='ocrx_word' id='word_1_733' title='bbox 3351 3927 3402 3980; x_wconf 90' lang='lat' dir='ltr'><strong>in</strong></span> <span class='ocrx_word' id='word_1_734' title='bbox 3431 3924 3604 3996; x_wconf 46' lang='lat' dir='ltr'><strong>[Egy-</strong></span> 
     </span>
    </p>
   </div>
   <div class='ocr_carea' id='block_1_98' title="bbox 2007 4016 3605 4092">
    <p class='ocr_par' dir='ltr' id='par_1_98' title="bbox 2007 4016 3605 4092">
     <span class='ocr_line' id='line_1_98' title="bbox 2007 4016 3605 4092; baseline -0.002 -19"><span class='ocrx_word' id='word_1_735' title='bbox 2007 4017 2342 4092; x_wconf 81' lang='lat' dir='ltr'><strong>ptum(Esai.</strong></span> <span class='ocrx_word' id='word_1_736' title='bbox 2365 4019 2562 4091; x_wconf 72' lang='lat' dir='ltr'><strong>xtx,i).</strong></span> <span class='ocrx_word' id='word_1_737' title='bbox 2590 4019 2656 4076; x_wconf 85' lang='lat' dir='ltr'><strong>Et</strong></span> <span class='ocrx_word' id='word_1_738' title='bbox 2683 4019 2846 4074; x_wconf 82' lang='lat' dir='ltr'><strong>David</strong></span> <span class='ocrx_word' id='word_1_739' title='bbox 2875 4019 3006 4074; x_wconf 79' lang='lat' dir='ltr'><strong>dicit</strong></span> <span class='ocrx_word' id='word_1_740' title='bbox 3033 4019 3176 4074; x_wconf 87' lang='lat' dir='ltr'><strong>:Sub</strong></span> <span class='ocrx_word' id='word_1_741' title='bbox 3199 4017 3378 4072; x_wconf 86' lang='lat' dir='ltr'><strong>umbra</strong></span> <span class='ocrx_word' id='word_1_742' title='bbox 3404 4016 3605 4071; x_wconf 85' lang='lat' dir='ltr'><strong>alarum</strong></span> 
     </span>
    </p>
   </div>
   <div class='ocr_carea' id='block_1_99' title="bbox 2008 4110 3602 4187">
    <p class='ocr_par' dir='ltr' id='par_1_99' title="bbox 2008 4110 3602 4187">
     <span class='ocr_line' id='line_1_99' title="bbox 2008 4110 3602 4187; baseline -0.002 -19"><span class='ocrx_word' id='word_1_743' title='bbox 2008 4125 2212 4168; x_wconf 87' lang='lat' dir='ltr'><strong>tuarum</strong></span> <span class='ocrx_word' id='word_1_744' title='bbox 2257 4123 2466 4186; x_wconf 84' lang='lat' dir='ltr'><strong>protege</strong></span> <span class='ocrx_word' id='word_1_745' title='bbox 2493 4127 2571 4168; x_wconf 86' lang='lat' dir='ltr'><strong>me</strong></span> <span class='ocrx_word' id='word_1_746' title='bbox 2599 4111 2770 4187; x_wconf 85' lang='lat' dir='ltr'><strong>(Psal.</strong></span> <span class='ocrx_word' id='word_1_747' title='bbox 2804 4127 2916 4177; x_wconf 74' lang='lat' dir='ltr'><strong>XVI,</strong></span> <span class='ocrx_word' id='word_1_748' title='bbox 2945 4113 3025 4182; x_wconf 92' lang='lat'><strong>8).</strong></span> <span class='ocrx_word' id='word_1_749' title='bbox 3060 4112 3256 4168; x_wconf 86' lang='lat' dir='ltr'><strong>Factus</strong></span> <span class='ocrx_word' id='word_1_750' title='bbox 3299 4122 3384 4166; x_wconf 88' lang='lat' dir='ltr'><strong>est</strong></span> <span class='ocrx_word' id='word_1_751' title='bbox 3439 4110 3602 4182; x_wconf 88' lang='lat' dir='ltr'><strong>igitur</strong></span> 
     </span>
    </p>
   </div>
   <div class='ocr_carea' id='block_1_100' title="bbox 2006 4207 3602 4278">
    <p class='ocr_par' dir='ltr' id='par_1_100' title="bbox 2006 4207 3602 4278">
     <span class='ocr_line' id='line_1_100' title="bbox 2006 4207 3602 4278; baseline -0.006 -10"><span class='ocrx_word' id='word_1_752' title='bbox 2006 4209 2320 4268; x_wconf 80' lang='lat' dir='ltr'><strong>exinanitus</strong></span> <span class='ocrx_word' id='word_1_753' title='bbox 2351 4211 2540 4264; x_wconf 89' lang='lat' dir='ltr'><strong>umbra</strong></span> <span class='ocrx_word' id='word_1_754' title='bbox 2574 4209 2752 4274; x_wconf 89' lang='lat' dir='ltr'><strong>nobis,</strong></span> <span class='ocrx_word' id='word_1_755' title='bbox 2786 4223 2925 4278; x_wconf 85' lang='lat' dir='ltr'><strong>quos</strong></span> <span class='ocrx_word' id='word_1_756' title='bbox 2953 4209 3032 4264; x_wconf 91' lang='lat' dir='ltr'><strong>sol</strong></span> <span class='ocrx_word' id='word_1_757' title='bbox 3058 4207 3356 4278; x_wconf 88' lang='lat' dir='ltr'><strong>iniquitatis</strong></span> <span class='ocrx_word' id='word_1_758' title='bbox 3380 4220 3602 4260; x_wconf 62' lang='lat' dir='ltr'><strong>exussco</strong></span> 
     </span>
    </p>
   </div>
   <div class='ocr_carea' id='block_1_101' title="bbox 2007 4297 3605 4373">
    <p class='ocr_par' dir='ltr' id='par_1_101' title="bbox 2007 4297 3605 4373">
     <span class='ocr_line' id='line_1_101' title="bbox 2007 4297 3605 4373; baseline -0.004 -14"><span class='ocrx_word' id='word_1_759' title='bbox 2007 4309 2114 4359; x_wconf 87' lang='lat' dir='ltr'><strong>rat.</strong></span> <span class='ocrx_word' id='word_1_760' title='bbox 2147 4297 2393 4359; x_wconf 83' lang='lat' dir='ltr'><strong>Vidimus</strong></span> <span class='ocrx_word' id='word_1_761' title='bbox 2423 4315 2552 4373; x_wconf 88' lang='lat' dir='ltr'><strong>ergo</strong></span> <span class='ocrx_word' id='word_1_762' title='bbox 2576 4301 2628 4357; x_wconf 91' lang='lat' dir='ltr'><strong>itt</strong></span> <span class='ocrx_word' id='word_1_763' title='bbox 2670 4299 2862 4357; x_wconf 80' lang='lat' dir='ltr'><strong>Umbra</strong></span> <span class='ocrx_word' id='word_1_764' title='bbox 2898 4315 3051 4364; x_wconf 87' lang='lat' dir='ltr'><strong>eum.</strong></span> <span class='ocrx_word' id='word_1_765' title='bbox 3083 4313 3206 4357; x_wconf 89' lang='lat' dir='ltr'><strong>cum</strong></span> <span class='ocrx_word' id='word_1_766' title='bbox 3254 4299 3428 4354; x_wconf 87' lang='lat' dir='ltr'><strong>adhuc</strong></span> <span class='ocrx_word' id='word_1_767' title='bbox 3470 4297 3605 4352; x_wconf 80' lang='lat' dir='ltr'><strong>fides</strong></span> 
     </span>
    </p>
   </div>
   <div class='ocr_carea' id='block_1_102' title="bbox 2007 4391 3608 4468">
    <p class='ocr_par' dir='ltr' id='par_1_102' title="bbox 2007 4391 3608 4468">
     <span class='ocr_line' id='line_1_102' title="bbox 2007 4391 3608 4468; baseline -0.004 -16"><span class='ocrx_word' id='word_1_768' title='bbox 2007 4393 2177 4468; x_wconf 87' lang='lat' dir='ltr'><strong>prima</strong></span> <span class='ocrx_word' id='word_1_769' title='bbox 2229 4393 2570 4468; x_wconf 87' lang='lat' dir='ltr'><strong>procederet.</strong></span> <span class='ocrx_word' id='word_1_770' title='bbox 2610 4391 2717 4452; x_wconf 91' lang='lat' dir='ltr'><strong>Sed</strong></span> <span class='ocrx_word' id='word_1_771' title='bbox 2765 4409 2907 4450; x_wconf 91' lang='lat' dir='ltr'><strong>nunc</strong></span> <span class='ocrx_word' id='word_1_772' title='bbox 2953 4395 3062 4466; x_wconf 78' lang='lat' dir='ltr'><strong>jam</strong></span> <span class='ocrx_word' id='word_1_773' title='bbox 3114 4393 3292 4449; x_wconf 83' lang='lat' dir='ltr'><strong>tomm</strong></span> <span class='ocrx_word' id='word_1_774' title='bbox 3337 4391 3608 4447; x_wconf 85' lang='lat' dir='ltr'><strong>illuminat</strong></span> 
     </span>
    </p>
   </div>
   <div class='ocr_carea' id='block_1_103' title="bbox 2008 4483 3606 4558">
    <p class='ocr_par' dir='ltr' id='par_1_103' title="bbox 2008 4483 3606 4558">
     <span class='ocr_line' id='line_1_103' title="bbox 2008 4483 3606 4558; baseline -0.004 -14"><span class='ocrx_word' id='word_1_775' title='bbox 2008 4489 2267 4546; x_wconf 89' lang='lat' dir='ltr'><strong>mundum</strong></span> <span class='ocrx_word' id='word_1_776' title='bbox 2301 4507 2312 4543; x_wconf 94' lang='lat'><strong>:</strong></span> <span class='ocrx_word' id='word_1_777' title='bbox 2341 4498 2396 4545; x_wconf 93' lang='lat' dir='ltr'><strong>et</strong></span> <span class='ocrx_word' id='word_1_778' title='bbox 2425 4498 2603 4544; x_wconf 86' lang='lat' dir='ltr'><strong>tamen</strong></span> <span class='ocrx_word' id='word_1_779' title='bbox 2627 4483 2802 4544; x_wconf 82' lang='lat' dir='ltr'><strong>adhuc</strong></span> <span class='ocrx_word' id='word_1_780' title='bbox 2820 4503 2943 4545; x_wconf 91' lang='lat' dir='ltr'><strong>eum</strong></span> <span class='ocrx_word' id='word_1_781' title='bbox 2969 4504 3063 4558; x_wconf 90' lang='lat' dir='ltr'><strong>per</strong></span> <span class='ocrx_word' id='word_1_782' title='bbox 3084 4485 3168 4541; x_wconf 90' lang='lat' dir='ltr'><strong>sui</strong></span> <span class='ocrx_word' id='word_1_783' title='bbox 3190 4486 3462 4556; x_wconf 88' lang='lat' dir='ltr'><strong>corporis,</strong></span> <span class='ocrx_word' id='word_1_784' title='bbox 3486 4497 3606 4555; x_wconf 67' lang='lat' dir='ltr'><strong>qute</strong></span> 
     </span>
    </p>
   </div>
   <div class='ocr_carea' id='block_1_104' title="bbox 2010 4578 3606 4651">
    <p class='ocr_par' dir='ltr' id='par_1_104' title="bbox 2010 4578 3606 4651">
     <span class='ocr_line' id='line_1_104' title="bbox 2010 4578 3606 4651; baseline -0.004 -13"><span class='ocrx_word' id='word_1_785' title='bbox 2010 4590 2096 4638; x_wconf 89' lang='lat' dir='ltr'><strong>est</strong></span> <span class='ocrx_word' id='word_1_786' title='bbox 2125 4581 2392 4651; x_wconf 85' lang='lat' dir='ltr'><strong>Ecclesia,</strong></span> <span class='ocrx_word' id='word_1_787' title='bbox 2425 4581 2670 4637; x_wconf 86' lang='lat' dir='ltr'><strong>umbram</strong></span> <span class='ocrx_word' id='word_1_788' title='bbox 2695 4579 2966 4644; x_wconf 86' lang='lat' dir='ltr'><strong>videmus,</strong></span> <span class='ocrx_word' id='word_1_789' title='bbox 2991 4579 3229 4635; x_wconf 85' lang='lat' dir='ltr'><strong>nondum</strong></span> <span class='ocrx_word' id='word_1_790' title='bbox 3273 4579 3410 4634; x_wconf 80' lang='lat' dir='ltr'><strong>facie</strong></span> <span class='ocrx_word' id='word_1_791' title='bbox 3438 4578 3503 4632; x_wconf 90' lang='lat' dir='ltr'><strong>ad</strong></span> <span class='ocrx_word' id='word_1_792' title='bbox 3528 4578 3606 4632; x_wconf 86' lang='lat' dir='ltr'><strong>fa-</strong></span> 
     </span>
    </p>
   </div>
   <div class='ocr_carea' id='block_1_105' title="bbox 2011 4669 3607 4748">
    <p class='ocr_par' dir='ltr' id='par_1_105' title="bbox 2011 4669 3607 4748">
     <span class='ocr_line' id='line_1_105' title="bbox 2011 4669 3607 4748; baseline -0.003 -16"><span class='ocrx_word' id='word_1_793' title='bbox 2011 4677 2149 4732; x_wconf 89' lang='lat' dir='ltr'><strong>ciem</strong></span> <span class='ocrx_word' id='word_1_794' title='bbox 2177 4691 2191 4742; x_wconf 88' lang='lat'><strong>;</strong></span> <span class='ocrx_word' id='word_1_795' title='bbox 2229 4689 2402 4748; x_wconf 88' lang='lat' dir='ltr'><strong>neque</strong></span> <span class='ocrx_word' id='word_1_796' title='bbox 2429 4675 2572 4731; x_wconf 86' lang='lat' dir='ltr'><strong>enim</strong></span> <span class='ocrx_word' id='word_1_797' title='bbox 2602 4669 2745 4730; x_wconf 89' lang='lat' dir='ltr'><strong>oculi</strong></span> <span class='ocrx_word' id='word_1_798' title='bbox 2776 4676 3024 4744; x_wconf 91' lang='lat' dir='ltr'><strong>corporis</strong></span> <span class='ocrx_word' id='word_1_799' title='bbox 3048 4673 3352 4728; x_wconf 88' lang='lat' dir='ltr'><strong>divinitatis</strong></span> <span class='ocrx_word' id='word_1_800' title='bbox 3380 4678 3607 4743; x_wconf 87' lang='lat' dir='ltr'><strong>possunt</strong></span> 
     </span>
    </p>
   </div>
   <div class='ocr_carea' id='block_1_106' title="bbox 2011 4765 3607 4841">
    <p class='ocr_par' dir='ltr' id='par_1_106' title="bbox 2011 4765 3607 4841">
     <span class='ocr_line' id='line_1_106' title="bbox 2011 4765 3607 4841; baseline -0.006 -14"><span class='ocrx_word' id='word_1_801' title='bbox 2011 4771 2254 4841; x_wconf 85' lang='lat' dir='ltr'><strong>recipere</strong></span> <span class='ocrx_word' id='word_1_802' title='bbox 2285 4769 2568 4839; x_wconf 81' lang='lat' dir='ltr'><strong>fulgorem.</strong></span> <span class='ocrx_word' id='word_1_803' title='bbox 2615 4765 2738 4823; x_wconf 70' lang='lat' dir='ltr'><strong>Hmc</strong></span> <span class='ocrx_word' id='word_1_804' title='bbox 2767 4779 2980 4838; x_wconf 90' lang='lat' dir='ltr'><strong>quoque</strong></span> <span class='ocrx_word' id='word_1_805' title='bbox 3019 4765 3207 4822; x_wconf 88' lang='lat' dir='ltr'><strong>mnbra</strong></span> <span class='ocrx_word' id='word_1_806' title='bbox 3249 4773 3416 4819; x_wconf 88' lang='lat' dir='ltr'><strong>totum</strong></span> <span class='ocrx_word' id='word_1_807' title='bbox 3471 4779 3607 4834; x_wconf 90' lang='lat' dir='ltr'><strong>quo-</strong></span> 
     </span>
    </p>
   </div>
   <div class='ocr_carea' id='block_1_107' title="bbox 2014 4856 3606 4932">
    <p class='ocr_par' dir='ltr' id='par_1_107' title="bbox 2014 4856 3606 4932">
     <span class='ocr_line' id='line_1_107' title="bbox 2014 4856 3606 4932; baseline -0.005 -14"><span class='ocrx_word' id='word_1_808' title='bbox 2014 4863 2142 4918; x_wconf 89' lang='lat' dir='ltr'><strong>tidie</strong></span> <span class='ocrx_word' id='word_1_809' title='bbox 2163 4863 2396 4932; x_wconf 87' lang='lat' dir='ltr'><strong>protegit</strong></span> <span class='ocrx_word' id='word_1_810' title='bbox 2421 4861 2609 4917; x_wconf 85' lang='lat' dir='ltr'><strong>orbem</strong></span> <span class='ocrx_word' id='word_1_811' title='bbox 2637 4871 2926 4915; x_wconf 87' lang='lat' dir='ltr'><strong>terrarum.</strong></span> <span class='ocrx_word' id='word_1_812' title='bbox 2957 4857 3164 4915; x_wconf 83' lang='lat' dir='ltr'><strong>Proluit</strong></span> <span class='ocrx_word' id='word_1_813' title='bbox 3192 4859 3354 4929; x_wconf 80' lang='lat' dir='ltr'><strong>igitur</strong></span> <span class='ocrx_word' id='word_1_814' title='bbox 3384 4856 3606 4912; x_wconf 83' lang='lat' dir='ltr'><strong>conclu-</strong></span> 
     </span>
    </p>
   </div>
   <div class='ocr_carea' id='block_1_108' title="bbox 2011 4949 3605 5020">
    <p class='ocr_par' dir='ltr' id='par_1_108' title="bbox 2011 4949 3605 5020">
     <span class='ocr_line' id='line_1_108' title="bbox 2011 4949 3605 5020; baseline -0.006 -10"><span class='ocrx_word' id='word_1_815' title='bbox 2011 4956 2126 5020; x_wconf 85' lang='lat' dir='ltr'><strong>sio;</strong></span> <span class='ocrx_word' id='word_1_816' title='bbox 2156 4952 2421 5009; x_wconf 85' lang='lat' dir='ltr'><strong>Conclusit</strong></span> <span class='ocrx_word' id='word_1_817' title='bbox 2449 4952 2586 5008; x_wconf 89' lang='lat' dir='ltr'><strong>enim</strong></span> <span class='ocrx_word' id='word_1_818' title='bbox 2621 4949 2759 5006; x_wconf 82' lang='lat' dir='ltr'><strong>Deus</strong></span> <span class='ocrx_word' id='word_1_819' title='bbox 2814 4951 2986 5005; x_wconf 83' lang='lat' dir='ltr'><strong>ontnia</strong></span> <span class='ocrx_word' id='word_1_820' title='bbox 3026 4949 3077 5005; x_wconf 86' lang='lat' dir='ltr'><strong>in</strong></span> <span class='ocrx_word' id='word_1_821' title='bbox 3118 4949 3520 5016; x_wconf 86' lang='lat' dir='ltr'><strong>incredulitate;</strong></span> <span class='ocrx_word' id='word_1_822' title='bbox 3553 4957 3605 5002; x_wconf 92' lang='lat' dir='ltr'><strong>ut</strong></span> 
     </span>
    </p>
   </div>
   <div class='ocr_carea' id='block_1_109' title="bbox 2011 5041 3605 5116">
    <p class='ocr_par' dir='ltr' id='par_1_109' title="bbox 2011 5041 3605 5116">
     <span class='ocr_line' id='line_1_109' title="bbox 2011 5041 3605 5116; baseline -0.006 -11"><span class='ocrx_word' id='word_1_823' title='bbox 2011 5050 2238 5105; x_wconf 88' lang='lat' dir='ltr'><strong>omnium</strong></span> <span class='ocrx_word' id='word_1_824' title='bbox 2265 5047 2572 5103; x_wconf 83' lang='lat' dir='ltr'><strong>misereatur</strong></span> <span class='ocrx_word' id='word_1_825' title='bbox 2598 5041 2774 5116; x_wconf 81' lang='lat' dir='ltr'><strong>(Rom.</strong></span> <span class='ocrx_word' id='word_1_826' title='bbox 2809 5061 2886 5112; x_wconf 74' lang='grc' dir='ltr'><strong>χι,</strong></span> <span class='ocrx_word' id='word_1_827' title='bbox 2910 5043 3026 5115; x_wconf 76' lang='lat'><strong>5‘2).</strong></span> <span class='ocrx_word' id='word_1_828' title='bbox 3066 5042 3172 5099; x_wconf 87' lang='lat' dir='ltr'><strong>Sed</strong></span> <span class='ocrx_word' id='word_1_829' title='bbox 3211 5041 3320 5112; x_wconf 86' lang='lat' dir='ltr'><strong>jam</strong></span> <span class='ocrx_word' id='word_1_830' title='bbox 3353 5041 3605 5096; x_wconf 87' lang='lat' dir='ltr'><strong>conside-</strong></span> 
     </span>
    </p>
   </div>
   <div class='ocr_carea' id='block_1_110' title="bbox 2011 5133 3604 5214">
    <p class='ocr_par' dir='ltr' id='par_1_110' title="bbox 2011 5133 3604 5214">
     <span class='ocr_line' id='line_1_110' title="bbox 2011 5133 3604 5214; baseline -0.008 -15"><span class='ocrx_word' id='word_1_831' title='bbox 2011 5157 2194 5199; x_wconf 86' lang='lat' dir='ltr'><strong>remus</strong></span> <span class='ocrx_word' id='word_1_832' title='bbox 2219 5140 2347 5214; x_wconf 90' lang='lat' dir='ltr'><strong>quid</strong></span> <span class='ocrx_word' id='word_1_833' title='bbox 2379 5141 2431 5196; x_wconf 92' lang='lat' dir='ltr'><strong>in</strong></span> <span class='ocrx_word' id='word_1_834' title='bbox 2459 5139 2816 5196; x_wconf 88' lang='lat' dir='ltr'><strong>conclusione</strong></span> <span class='ocrx_word' id='word_1_835' title='bbox 2837 5138 3123 5194; x_wconf 89' lang='lat' dir='ltr'><strong>dicendum</strong></span> <span class='ocrx_word' id='word_1_836' title='bbox 3153 5145 3259 5202; x_wconf 90' lang='lat' dir='ltr'><strong>est,</strong></span> <span class='ocrx_word' id='word_1_837' title='bbox 3281 5144 3337 5191; x_wconf 90' lang='lat' dir='ltr'><strong>et</strong></span> <span class='ocrx_word' id='word_1_838' title='bbox 3355 5133 3495 5189; x_wconf 89' lang='lat' dir='ltr'><strong>unde</strong></span> <span class='ocrx_word' id='word_1_839' title='bbox 3520 5135 3604 5188; x_wconf 83' lang='lat' dir='ltr'><strong>in-</strong></span> 
     </span>
    </p>
   </div>
   <div class='ocr_carea' id='block_1_111' title="bbox 2010 5237 2346 5307">
    <p class='ocr_par' dir='ltr' id='par_1_111' title="bbox 2010 5237 2346 5307">
     <span class='ocr_line' id='line_1_111' title="bbox 2010 5237 2346 5307; baseline -0.009 -15"><span class='ocrx_word' id='word_1_840' title='bbox 2010 5237 2346 5307; x_wconf 86' lang='lat' dir='ltr'><strong>cipiendtttn.</strong></span> 
     </span>
    </p>
   </div>
   <div class='ocr_carea' id='block_1_112' title="bbox 2084 5321 3603 5398">
    <p class='ocr_par' dir='ltr' id='par_1_112' title="bbox 2084 5321 3603 5398">
     <span class='ocr_line' id='line_1_112' title="bbox 2084 5321 3603 5398; baseline -0.006 -16"><span class='ocrx_word' id='word_1_841' title='bbox 2084 5330 2136 5382; x_wconf 90' lang='lat'><strong>7.</strong></span> <span class='ocrx_word' id='word_1_842' title='bbox 2189 5327 2373 5397; x_wconf 75' lang='lat' dir='ltr'><strong>(Vera.</strong></span> <span class='ocrx_word' id='word_1_843' title='bbox 2424 5324 2575 5398; x_wconf 76' lang='grc'><strong>145.)</strong></span> <span class='ocrx_word' id='word_1_844' title='bbox 2628 5324 2931 5382; x_wconf 72' lang='lat' dir='ltr'><strong>Exclamavi</strong></span> <span class='ocrx_word' id='word_1_845' title='bbox 2977 5325 3029 5377; x_wconf 92' lang='lat' dir='ltr'><strong>in</strong></span> <span class='ocrx_word' id='word_1_846' title='bbox 3088 5332 3192 5378; x_wconf 88' lang='lat' dir='ltr'><strong>toto</strong></span> <span class='ocrx_word' id='word_1_847' title='bbox 3247 5321 3400 5377; x_wconf 87' lang='lat' dir='ltr'><strong>corde</strong></span> <span class='ocrx_word' id='word_1_848' title='bbox 3448 5335 3558 5375; x_wconf 87' lang='lat' dir='ltr'><strong>meo</strong></span> <span class='ocrx_word' id='word_1_849' title='bbox 3589 5360 3603 5387; x_wconf 94' lang='lat'><strong>,</strong></span> 
     </span>
    </p>
   </div>
   <div class='ocr_carea' id='block_1_113' title="bbox 2013 5515 3606 5592">
    <p class='ocr_par' dir='ltr' id='par_1_113' title="bbox 2013 5515 3606 5592">
     <span class='ocr_line' id='line_1_113' title="bbox 2013 5515 3606 5592; baseline -0.004 -16"><span class='ocrx_word' id='word_1_850' title='bbox 2013 5537 2134 5578; x_wconf 91' lang='lat' dir='ltr'><strong>cum</strong></span> <span class='ocrx_word' id='word_1_851' title='bbox 2167 5520 2334 5589; x_wconf 79' lang='lat' dir='ltr'><strong>LXX,</strong></span> <span class='ocrx_word' id='word_1_852' title='bbox 2362 5521 2503 5592; x_wconf 85' lang='lat' dir='ltr'><strong>apud</strong></span> <span class='ocrx_word' id='word_1_853' title='bbox 2531 5535 2669 5592; x_wconf 88' lang='lat' dir='ltr'><strong>quos</strong></span> <span class='ocrx_word' id='word_1_854' title='bbox 2695 5519 2842 5589; x_wconf 83' lang='lat' dir='ltr'><strong>legas</strong></span> <span class='ocrx_word' id='word_1_855' title='bbox 2873 5515 3159 5584; x_wconf 68' lang='lat' dir='ltr'><strong>:&quot;Avama,</strong></span> <span class='ocrx_word' id='word_1_856' title='bbox 3197 5515 3504 5591; x_wconf 76' lang='grc' dir='ltr'><strong>ἆγαλλίασαι</strong></span> <span class='ocrx_word' id='word_1_857' title='bbox 3553 5517 3606 5570; x_wconf 71' lang='grc' dir='ltr'><strong>ἐν</strong></span> 
     </span>
    </p>
   </div>
   <div class='ocr_carea' id='block_1_114' title="bbox 2015 5593 3559 5666">
    <p class='ocr_par' dir='ltr' id='par_1_114' title="bbox 2015 5593 3559 5666">
     <span class='ocr_line' id='line_1_114' title="bbox 2015 5593 3559 5666; baseline -0.006 -16"><span class='ocrx_word' id='word_1_858' title='bbox 2015 5599 2182 5662; x_wconf 69' lang='grc' dir='ltr'><strong>νυκτὶ,</strong></span> <span class='ocrx_word' id='word_1_859' title='bbox 2214 5604 2342 5650; x_wconf 66' lang='lat' dir='ltr'><strong>etc...</strong></span> <span class='ocrx_word' id='word_1_860' title='bbox 2383 5593 2570 5660; x_wconf 71' lang='lat' dir='ltr'><strong>Surge,</strong></span> <span class='ocrx_word' id='word_1_861' title='bbox 2596 5593 2799 5646; x_wconf 81' lang='lat' dir='ltr'><strong>cxsulta</strong></span> <span class='ocrx_word' id='word_1_862' title='bbox 2827 5593 2880 5646; x_wconf 86' lang='lat' dir='ltr'><strong>in</strong></span> <span class='ocrx_word' id='word_1_863' title='bbox 2907 5601 3070 5645; x_wconf 70' lang='lat' dir='ltr'><strong>nocte.</strong></span> <span class='ocrx_word' id='word_1_864' title='bbox 3530 5657 3559 5666; x_wconf 49' lang='grc' dir='ltr'>η</span> 
     </span>
    </p>
   </div>
   <div class='ocr_carea' id='block_1_115' title="bbox 2095 5657 3607 5735">
    <p class='ocr_par' dir='ltr' id='par_1_115' title="bbox 2095 5657 3607 5735">
     <span class='ocr_line' id='line_1_115' title="bbox 2095 5657 3607 5735; baseline -0.009 -13"><span class='ocrx_word' id='word_1_865' title='bbox 2095 5679 2114 5706; x_wconf 75' lang='grc' dir='ltr'><strong><em>ε</em></strong></span> <span class='ocrx_word' id='word_1_866' title='bbox 2143 5657 2218 5722; x_wconf 85' lang='lat' dir='ltr'><strong>Ita</strong></span> <span class='ocrx_word' id='word_1_867' title='bbox 2251 5683 2380 5721; x_wconf 81' lang='lat' dir='ltr'><strong>mss.</strong></span> <span class='ocrx_word' id='word_1_868' title='bbox 2433 5657 2630 5735; x_wconf 75' lang='lat' dir='ltr'><strong>magno</strong></span> <span class='ocrx_word' id='word_1_869' title='bbox 2679 5677 2984 5727; x_wconf 86' lang='lat' dir='ltr'><strong>consensu,</strong></span> <span class='ocrx_word' id='word_1_870' title='bbox 3025 5669 3234 5717; x_wconf 76' lang='lat' dir='ltr'><strong>CllltcltB</strong></span> <span class='ocrx_word' id='word_1_871' title='bbox 3292 5673 3423 5713; x_wconf 83' lang='lat' dir='ltr'><strong>vero</strong></span> <span class='ocrx_word' id='word_1_872' title='bbox 3475 5657 3607 5710; x_wconf 85' lang='lat' dir='ltr'><strong>edit.</strong></span> 
     </span>
    </p>
   </div>
   <div class='ocr_carea' id='block_1_116' title="bbox 2021 5735 3608 5810">
    <p class='ocr_par' dir='ltr' id='par_1_116' title="bbox 2021 5735 3608 5810">
     <span class='ocr_line' id='line_1_116' title="bbox 2021 5735 3608 5810; baseline -0.004 -17"><span class='ocrx_word' id='word_1_873' title='bbox 2021 5749 2144 5810; x_wconf 91' lang='lat' dir='ltr'><strong>post</strong></span> <span class='ocrx_word' id='word_1_874' title='bbox 2174 5751 2385 5799; x_wconf 87' lang='lat' dir='ltr'><strong>vocem,</strong></span> <span class='ocrx_word' id='word_1_875' title='bbox 2421 5737 2783 5806; x_wconf 80' lang='lat' dir='ltr'><strong>cupiditatum,</strong></span> <span class='ocrx_word' id='word_1_876' title='bbox 2816 5736 2910 5790; x_wconf 88' lang='lat' dir='ltr'><strong>illa</strong></span> <span class='ocrx_word' id='word_1_877' title='bbox 2938 5735 3286 5797; x_wconf 73' lang='lat' dir='ltr'><strong>subnecsunt,</strong></span> <span class='ocrx_word' id='word_1_878' title='bbox 3327 5743 3441 5801; x_wconf 72' lang='lat' dir='ltr'><strong>qua:</strong></span> <span class='ocrx_word' id='word_1_879' title='bbox 3464 5744 3608 5786; x_wconf 55' lang='lat' dir='ltr'><strong>conn</strong></span> 
     </span>
    </p>
   </div>
   <div class='ocr_carea' id='block_1_117' title="bbox 2019 5810 3599 5884">
    <p class='ocr_par' dir='ltr' id='par_1_117' title="bbox 2019 5810 3599 5884">
     <span class='ocr_line' id='line_1_117' title="bbox 2019 5810 3599 5884; baseline -0.006 -17"><span class='ocrx_word' id='word_1_880' title='bbox 2019 5814 2211 5884; x_wconf 81' lang='lat' dir='ltr'><strong>psscuit</strong></span> <span class='ocrx_word' id='word_1_881' title='bbox 2242 5813 2568 5870; x_wconf 82' lang='lat' dir='ltr'><strong>insolentium</strong></span> <span class='ocrx_word' id='word_1_882' title='bbox 2593 5810 2852 5866; x_wconf 80' lang='lat' dir='ltr'><strong>uitiorum.</strong></span> <span class='ocrx_word' id='word_1_883' title='bbox 3595 5829 3599 5832; x_wconf 85' lang='lat'><strong><em>-</em></strong></span> 
     </span>
    </p>
   </div>
  </div>
