4104 6350
498 285 629 345 H71

1917 295 2167 356 SANCTI
2205 300 2528 358 AMBROSll

3655 303 3796 360 H72

501 408 694 466 exaudi
713 425 813 478 me,
841 409 1099 467 Domine:
1117 413 1355 486 justitias
1379 422 1496 468 tuas
1521 414 1810 484 exquiram.
1835 412 1968 470 Cum
1995 414 2095 470 im-
2119 423 2170 482 Α
2200 414 2578 473 tantummodo
2604 415 2828 487 querela
2861 416 3221 485 miserabilis,
3260 416 3404 489 quod
3455 417 3797 474 commodius

499 504 815 575 pressiones
840 507 1074 576 patimur
1098 506 1438 578 corporales,
1470 507 1780 564 exclamare
1808 511 2096 566 consuevi-

506 612 662 665 mus;
697 606 754 653 ut
778 599 918 655 alios
944 599 1012 654 ad
1046 599 1358 670 praesidium
1390 599 1549 657 nobis
1577 616 1775 658 vocare
1801 603 2092 673 possimus.

503 689 861 748 Premebatur
911 702 1132 748 sanctus
1181 691 1469 762 Propheta,
1535 695 2097 764 appropinquantibus

499 783 607 839 sibi
637 785 1094 854 persecutoribus.
1119 783 1252 840 Saul
1285 785 1460 856 primo
1483 785 1714 842 infestus
1733 797 1942 843 armato
1973 803 2095 844 eum

501 876 891 948 insequebatur
918 879 1160 935 exercitu
1191 897 1204 933 :
1237 890 1425 950 postea
1451 882 1719 951 parricida
1751 883 1895 940 lilius
1918 883 2096 940 immi-

505 970 711 1026 nebat:
745 987 856 1027 non
876 980 1170 1029 contentus
1194 973 1450 1045 fugientis
1489 976 1703 1045 exsilio,
1737 978 1900 1033 vitam
1931 978 2098 1049 patris

509 1061 789 1133 qumrebat
817 1063 1051 1134 eripere.
1099 1065 1207 1122 Sed
1251 1066 1458 1122 abillis
1504 1067 1685 1124 minus
1730 1071 1838 1139 pati
1885 1079 2100 1142 poterat

496 1167 637 1225 quos
665 1155 717 1210 in
746 1157 998 1226 prmsenti
1025 1157 1264 1220 videbat.
1292 1174 1452 1230 quam
1476 1161 1544 1215 ab
1573 1160 1685 1217 illis
1714 1177 1852 1234 quos
1875 1177 1983 1219 non
2015 1163 2097 1219 vi-

500 1245 701 1315 debat;
735 1259 821 1304 est
859 1251 1004 1305 enim
1053 1251 1368 1307 colluctatio
1393 1253 1598 1308 sanctis
1645 1270 1752 1309 non
1785 1255 1962 1310 solum
2003 1254 2099 1310 ad-

492 1353 686 1395 versus
707 1355 926 1397 carnem
954 1349 1010 1397 et
1038 1344 1384 1415 sanguinem,
1419 1347 1628 1418 1211
1662 1347 1758 1402 sed
1788 1349 1954 1404 etiam
1999 1347 2100 1404 ad-

498 1447 690 1489 versus
716 1433 1051 1504 principatus
1081 1445 1137 1492 et
1167 1445 1467 1507 potestates
1492 1439 1647 1494 istius
1675 1439 1883 1506 mundi,
1910 1451 2097 1496 recto-

497 1539 697 1597 resque
723 1525 1091 1594 tenebrarum,
1124 1528 1216 1598 qui
1245 1529 1519 1585 latronum
1545 1527 1707 1586 modo
1726 1530 1779 1585 in
1808 1531 1965 1587 istius
1991 1547 2091 1589 sm-

501 1619 612 1675 culi
663 1627 824 1675 nocte
859 1621 1110 1675 humanis
1159 1621 1486 1679 insidiantur
1537 1622 1841 1680 aﬂ'ectibus.
1893 1624 2097 1681 Horum

501 1712 666 1784 igitur
701 1721 922 1769 sanctus
969 1713 1144 1770 David
1175 1729 1294 1770 cum
1325 1731 1520 1787 graves
1579 1717 1870 1774 adversum
1916 1734 1976 1774 se
2022 1719 2101 1774 vi-

2198 508 2304 563 sibi
2326 507 2470 563 foret
2495 507 2626 563 dura
2660 508 2711 562 in
2758 507 2998 580 Egypto
3044 510 3321 566 servitutis
3367 526 3535 566 onera
3581 510 3793 580 subire,

2199 617 2360 672 quam
2391 603 2586 657 acerba
2616 601 2672 656 in
2697 600 2919 658 deserto
2950 612 3124 658 morte
3151 605 3398 659 consumi
3425 622 3438 656 :
3471 604 3694 675 querela
3717 605 3802 660 ni-

2204 693 2280 750 hil
2335 694 2568 765 prmsidii
2611 693 2868 759 oll'ereus,
2923 695 3216 766 plurimum
3264 695 3487 752 oliensm
3541 695 3795 751 aﬂ'erens.

2206 786 2395 843 Stabat
2420 803 2549 857 ergo
2571 788 2784 860 Moyses
2808 801 3057 853 maestus,
3079 790 3370 856 sollicitus,
3393 791 3587 846 anxius
3613 791 3797 862 populi

2200 889 2254 936 et
2281 881 2533 949 periculis
2559 890 2614 935 et
2639 881 2901 952 querelis,
2932 890 3256 952 exspectans
3289 883 3447 938 ﬁdem
3485 883 3798 940 cmlestium

2203 973 2597 1042 promissorum
2633 991 2645 1028 :
2691 982 2746 1028 et
2795 975 2990 1029 tacitus
3020 989 3204 1030 secum
3252 977 3368 1045 ipse
3412 975 3666 1029 volvebat
3694 991 3799 1045 qua

2203 1065 2419 1122 tandem
2474 1067 2733 1123 Dominus
2783 1083 2907 1139 ope,
2964 1068 3179 1139 injuria:
3228 1069 3548 1134 immemor,
3593 1084 3803 1124 metnor

2201 1161 2409 1232 gratim,
2440 1161 2775 1218 subveniret.
2827 1163 2972 1217 Dicit
3016 1162 3082 1218 ad
3141 1178 3266 1219 eum
3319 1163 3626 1218 Dominus:
3662 1161 3804 1228 Quid

2203 1256 2397 1309 clamas
2425 1255 2494 1309 ad
2516 1272 2594 1309 me
2621 1257 2647 1310 ?
2676 1255 2882 1312 Sonum
2915 1256 3034 1328 ejus
3072 1271 3180 1312 non
3218 1256 3402 1323 audio,
3443 1270 3632 1312 vocem
3685 1256 3804 1326 ejus

2199 1363 2472 1419 agnosco:
2498 1349 2772 1403 silentium
2799 1349 2918 1418 ejus
2949 1349 3088 1419 lego,
3113 1350 3404 1404 clamorem
3435 1348 3552 1419 ejus
3580 1349 3632 1403 in
3663 1363 3796 1418 ope-

2201 1439 2353 1495 ribus
2383 1439 2761 1511 dcprehendo.
2789 1439 3070 1495 Clamabat
3111 1439 3363 1512 populus,
3391 1449 3445 1495 et
3476 1455 3583 1494 non
3613 1440 3805 1494 audie-

2203 1534 2362 1591 batur
2391 1553 2403 1588 :
2433 1535 2647 1591 tacebat
2677 1535 2892 1607 Moyses
2918 1576 2934 1603 ,
2963 1546 3017 1590 et
3046 1535 3388 1590 audiebatur.
3433 1532 3551 1589 Non
3595 1536 3806 1606 1212

2203 1629 2402 1701 populo
2433 1629 2637 1685 dictum
2670 1641 2790 1685 est:
2833 1628 2972 1696 Quid
3023 1629 3214 1683 clamas
3245 1627 3314 1681 ad
3346 1627 3471 1682 me?
3504 1626 3618 1682 Non
3659 1628 3803 1682 enim

2204 1722 2270 1777 ad
2305 1724 2475 1777 Deum
2523 1722 2793 1778 clamabat
2820 1723 3073 1794 populus,
3107 1722 3195 1792 qui
3226 1721 3444 1791 iujusta,
3474 1729 3528 1775 et
3560 1721 3692 1775 viris
3721 1720 3806 1774 in-

503 1805 659 1863 deret
687 1805 805 1862 ﬁeri
837 1805 1112 1871 incursus.
1157 1809 1483 1865 exclamavit
1518 1812 1569 1866 iu
1618 1820 1730 1868 toto
1750 1811 1918 1869 corde
1975 1827 2096 1868 suo.
2131 1821 2179 1882 Β
2205 1816 2367 1887 digna
2389 1817 2678 1872 clamabat.
2716 1816 2824 1873 Sed
2853 1815 3021 1888 Moysi
3053 1815 3256 1871 dictum
3279 1822 3363 1871 est
3393 1833 3406 1868 :
3443 1813 3581 1881 Quid
3611 1815 3806 1868 clamas

505 1900 720 1956 Etenim
750 1901 1014 1958 adversus
1057 1901 1336 1960 diabolum
1369 1921 1475 1961 non
1507 1908 1659 1962 vocis
1704 1907 2098 1980 magnitudine,

502 1995 598 2051 sed
629 1999 1074 2067 magnanimitate
1100 1999 1281 2055 cordis
1305 2000 1563 2056 utendum
1591 2011 1697 2057 est.

576 2090 632 2144 8.
675 2090 772 2147 Est
797 2100 981 2148 tamen
1009 2101 1062 2148 et
1091 2108 1194 2149 vox
1225 2094 1441 2160 cordis;
1469 2093 1593 2165 quia
1617 2105 1702 2150 est
1741 2106 1796 2152 et
1848 2110 1955 2151 vox
1978 2110 2104 2152 san-

502 2180 706 2252 guinis,
739 2199 863 2254 qum
891 2186 958 2240 ad
993 2185 1157 2241 Deum
1184 2186 1454 2256 pervenit.
1483 2188 1724 2258 Denique
1756 2189 1898 2245 Deus
1919 2189 2052 2244 dicit
2085 2208 2098 2245 :

510 2271 630 2330 Vos:
667 2278 936 2347 sanguinis
956 2279 1135 2350 fratris
1153 2281 1228 2333 tui
1256 2279 1322 2334 de
1346 2290 1482 2335 terra
1527 2281 1714 2336 clamat
1739 2282 1808 2337 ad
1838 2300 1917 2338 me
1946 2283 2101 2357 (Gen.

503 2381 580 2434 tv,
615 2367 725 2442 10).
755 2368 970 2426 Clamat
995 2387 1129 2444 ergo
1148 2387 1504 2430 cornosuum
1537 2389 1643 2430 non
1667 2391 1804 2432 sono
1833 2380 2101 2448 corporis,

504 2459 601 2516 sed
622 2462 1010 2531 cogitationum
1029 2463 1393 2532 sublimitate,
1413 2477 1797 2539 concentuque
1817 2470 2100 2526 virtutum.

505 2553 737 2610 Grandis
763 2554 886 2612 ﬁdei
915 2557 1142 2614 clamor.
1194 2559 1435 2630 Denique
1469 2560 1757 2631 in'spirittt
1796 2562 2105 2634 adoptionis

506 2650 832 2717 clamamus,
858 2651 1011 2708 Abba
1044 2661 1221 2724 pater,
1254 2661 1310 2708 et
1333 2653 1448 2724 ipse
1477 2654 1712 2725 Spiritus
1763 2656 1857 2713 Dei
1908 2659 2106 2715 clamat

506 2741 560 2796 in
593 2742 769 2797 nobis.
795 2743 988 2815 Magna
1020 2759 1124 2800 vox
1147 2735 1372 2816 justitim
1393 2787 1408 2811 ,
1441 2761 1636 2817 magna
1687 2757 1772 2803 est
1817 2748 2100 2815 castitatis,

505 2849 606 2906 per
624 2850 785 2907 quam
809 2847 862 2890 et
881 2839 1082 2892 morttti
1102 2837 1398 2908 loquuntur
1423 2855 1437 2905 ;
1465 2853 1567 2895 nec
1591 2839 1768 2895 solum
1787 2841 2102 2912 loquuntur,

507 2930 604 2986 sed
637 2933 802 2986 etiam
831 2932 973 2987 sicut
992 2932 1128 2988 Abel
1157 2933 1418 2989 clamant.
1450 2933 1522 2988 At
1549 2949 1680 2990 vero
1709 2935 1895 3005 injusti
1926 2936 2104 2991 anima

513 3038 614 3079 nec
644 3023 876 3079 viventis
904 3025 1138 3091 clamat;
1167 3027 1293 3096 quia
1335 3025 1446 3081 Deo
1500 3035 1711 3082 mortua
1739 3037 1843 3082 est.
1875 3027 2018 3082 Nihil
2053 3029 2105 3084 in

509 3117 600 3172 illa
629 3118 883 3186 sublime,
930 3119 1064 3174 nihil
1107 3117 1450 3190 magniﬁcum
1481 3129 1563 3174 est
1607 3138 1619 3173 :
1676 3120 1834 3190 quale
1889 3135 2104 3188 eorum,

2201 1910 2270 1962 ad
2299 1925 2376 1963 me
2407 1909 2433 1962 ?
2461 1909 2566 1966 hoc
2591 1918 2676 1964 est
2703 1927 2716 1965 :
2743 1908 2823 1963 Tu
2851 1913 3002 1964 solus
3032 1908 3099 1962 ad
3127 1924 3213 1963 me
3243 1908 3467 1972 clamas,
3501 1907 3588 1977 qui
3617 1907 3685 1962 de
3713 1921 3802 1963 me

2203 2015 2394 2072 speras
2419 2018 2432 2054 :
2467 2011 2524 2056 tu
2551 2001 2704 2057 solus
2725 2001 2790 2056 ad
2817 2016 2902 2056 me
2931 2001 3156 2065 clamas,
3198 2000 3290 2070 qui
3340 1999 3600 2055 virtutem
3630 2014 3806 2054 meam

2203 2094 2410 2150 excitas
2445 2112 2458 2148 :
2492 2103 2546 2149 tu
2571 2095 2722 2149 solus
2746 2093 2814 2148 ad
2847 2109 2932 2148 me
2963 2093 3190 2160 clamas,
3240 2092 3332 2164 qui
3366 2107 3464 2162 per
3495 2091 3805 2148 universam

2205 2199 2406 2246 terram
2433 2188 2744 2244 annuntiari
2777 2203 2957 2243 meum
2990 2203 3188 2244 nomen
3216 2196 3522 2257 exspectas.

2281 2283 2365 2337 11.
2409 2280 2690 2338 Clamabat
2710 2298 2841 2352 ergo
2870 2281 3081 2353 Moyses
3106 2281 3159 2335 in
3191 2278 3362 2335 corde
3392 2294 3515 2344 suo,
3552 2284 3609 2334 et
3631 2277 3807 2332 omnis

2206 2375 2424 2445 sapiens
2454 2375 2505 2430 in
2528 2375 2694 2430 corde
2715 2389 2816 2429 suo
2842 2375 3066 2429 clamat.
3106 2371 3348 2443 Denique
3376 2371 3643 2442 sapientia
3681 2386 3805 2426 eum

2205 2468 2471 2524 altissima
2522 2467 2913 2540 praedicatione
2968 2474 3235 2522 convocat
3268 2464 3335 2520 ad
3383 2473 3674 2530 crateram,
3723 2463 3806 2517 di-

2205 2577 2336 2618 cens
2367 2581 2379 2616 :
2405 2561 2706 2630 Relinquite
2734 2563 3155 2634 insipientiam...
3185 2575 3230 2616 et
3255 2561 3467 2632 quwrite
3504 2560 3807 2630 sapientiam

2209 2654 2392 2728 (Prov.
2418 2671 2494 2721 1x,
2529 2655 2609 2726 6).
2637 2654 2842 2726 Magum
2873 2655 3250 2718 sublimitatis,
3282 2668 3492 2724 magum
3521 2653 3670 2707 vocis
3693 2650 3808 2706 hinc

2209 2747 2527 2818 prmdicatio
2556 2754 2661 2812 est,
2687 2761 2808 2818 qum
2839 2746 3024 2801 stultis
3046 2745 3369 2816 sapientiam
3401 2743 3710 2815 pollicetur.
3739 2741 3810 2797 Et

2206 2840 2365 2896 Jesus
2397 2839 2657 2895 Dominus
2686 2838 3026 2894 exclamabat
3058 2854 3070 2892 :
3126 2836 3185 2894 Si
3236 2837 3350 2907 quis
3390 2838 3497 2891 sitit
3547 2836 3713 2892 veniat
3740 2837 3807 2889 ad

2209 2950 2311 2999 me,
2339 2942 2384 2987 et
2416 2931 2551 2986 bibat
2577 2927 2760 3004 (Joan.
2789 2946 2882 2998 vn,
2910 2930 3026 2998 57).
3059 2928 3086 2968 δ
3111 2928 3180 2984 Et
3210 2944 3339 2985 vere
3370 2942 3564 2999 magna
3606 2927 3810 2983 clama-

2210 3031 2323 3096 bat,
2352 3029 2442 3098 qui
2472 3027 2703 3082 voeabat
2735 3024 2983 3081 homines
3029 3025 3096 3080 ad
3153 3039 3381 3096 regnum
3426 3021 3712 3090 cmlorum,
3741 3021 3809 3077 ad

2210 3120 2364 3175 illum
2384 3119 2756 3175 venerabilem
2775 3127 2960 3188 potum
2983 3132 3090 3188 quo
3114 3115 3242 3171 vitm
3265 3124 3486 3172 mternm
3510 3114 3706 3170 ﬂuctus
3728 3113 3810 3168 in-

507 3227 740 3282 quorum
771 3227 937 3268 sonus
964 3213 1016 3268 in
1041 3228 1257 3269 omnem
1291 3223 1493 3269 terram
1519 3215 1723 3281 exivit,
1761 3227 1820 3270 et
1863 3215 2029 3272 verba
2052 3217 2103 3272 in
2131 3217 2177 3280 C
2212 3213 2475 3269 funditur.
2500 3212 2569 3268 Et
2592 3222 2649 3268 tu
2672 3228 2796 3268 eum
2823 3227 2969 3279 oras,
2996 3227 3187 3283 magna
3209 3226 3326 3277 ora,
3357 3211 3408 3264 id
3435 3219 3542 3277 est,
3571 3225 3664 3264 ora
3688 3224 3812 3279 qua:

510 3303 648 3360 ﬁnes
676 3304 824 3360 orbis
860 3316 1148 3361 terrarum.
1178 3316 1204 3344 ιι
1232 3307 1435 3362 Gracili
1478 3321 1613 3362 voce
1657 3307 1870 3379 Moyses
1920 3309 2106 3381 loque-

511 3395 693 3462 batur,
725 3406 779 3452 ct
810 3397 930 3468 plus
954 3397 1210 3453 omnibus
1240 3397 1582 3455 audiebatur.
1608 3398 1862 3467 Quotidie
1891 3401 2108 3457 auditur

511 3487 566 3543 in
592 3487 835 3546 Ecclesia
869 3507 882 3543 :
914 3489 985 3544 ab
1007 3488 1121 3545 illis
1145 3490 1299 3556 solis,
1324 3489 1430 3546 hoc
1460 3498 1566 3558 est,
1605 3490 1806 3547 Judmis
1865 3510 1973 3548 non
2014 3509 2108 3549 an-

513 3584 683 3650 ditur,
716 3585 807 3656 qui
831 3600 962 3639 aure
989 3583 1246 3652 audiunt,
1295 3583 1391 3641 sed
1443 3599 1548 3641 non
1606 3587 1920 3643 exaudiunt.
1970 3588 2107 3645 Pro-

515 3677 691 3747 phetm
751 3677 951 3734 dicitur
994 3679 1195 3735 alteri:
1256 3679 1452 3736 Exalta
1493 3681 1688 3738 viribus
1747 3700 1917 3739 vocent
1969 3696 2108 3741 tuam

513 3769 683 3842 (Esai.
718 3785 868 3838 Lvut,
897 3770 971 3842 1).

586 3866 640 3918 9.
681 3862 836 3920 Anna
866 3875 1043 3920 tamen
1085 3880 1190 3921 non
1217 3867 1491 3923 clamabat
1515 3867 1566 3922 in
1592 3870 1757 3925 corde
1783 3885 1884 3927 suo
1911 3871 1952 3943 (l
1977 3871 2108 3944 Reg.

511 3969 551 4022 ι,
586 3955 699 4028 15),
721 3955 860 4012 sicut
890 3956 1102 4029 Moyses
1124 3998 1140 4020 .
1188 3959 1282 4014 sed
1325 3959 1646 4030 loquebatur
1675 3981 1687 4017 :
1731 3963 1963 4020 fortasse
1985 3966 2110 4036 quia

512 4047 655 4105 filios
679 4049 1008 4120 postulabat,
1038 4050 1142 4106 hoc
1167 4061 1274 4119 est,
1303 4053 1445 4109 bona
1476 4055 1717 4126 quidem,
1755 4057 1849 4113 sed
1882 4057 2108 4128 privata,

515 4157 624 4198 non
655 4143 891 4215 publica,
915 4161 1024 4201 non
1049 4146 1337 4203 clamabat.
1359 4148 1466 4204 Sed
1486 4150 1609 4218 quia
1633 4165 1662 4204 a
1682 4151 1911 4206 Domino
1931 4162 2114 4222 postu-

516 4234 685 4301 labat,
715 4237 842 4307 quia
873 4237 1107 4294 Domino
1131 4256 1252 4296 eum
1273 4283 1288 4309 ,
1321 4242 1369 4298 si
1404 4259 1563 4313 quem
1596 4245 1928 4313 susciperet,
1983 4246 2114 4302 otl‘e-

523 4329 700 4396 rebat;
732 4331 1053 4402 loquebatur
1098 4333 1259 4389 Deo:
1318 4335 1592 4392 clamabat
1636 4346 1816 4393 autem
1863 4339 2110 4411 Moyses;

515 4423 777 4493 quianon
807 4439 906 4496 pro
942 4441 1024 4492 se,
1069 4427 1164 4482 sed
1217 4443 1313 4498 pro
1355 4431 1501 4484 omni
1537 4431 1738 4501 populo
1770 4434 2110 4502 precabatur.

518 4513 676 4570 Unde
701 4515 904 4573 dictum
936 4527 1021 4573 est
1045 4521 1094 4574 ei
1125 4534 1155 4574 a
1184 4519 1414 4575 Dmnino
1441 4537 1453 4574 :
1488 4521 1627 4588 Quid
1681 4524 1875 4579 clamas
1914 4525 2110 4598 (Exod.

2211 3317 2412 3365 mterna
2439 3319 2589 3376 sunt,
2618 3324 2726 3363 non
2772 3322 2893 3378 qua:
2922 3304 3283 3376 caduca._0ra
3306 3320 3427 3375 qum
3464 3304 3643 3358 divina
3682 3312 3811 3358 sunt

2210 3411 2372 3472 atque
2399 3401 2683 3464 cmlestia;
2719 3408 2774 3454 ut
2804 3399 2881 3454 sis
2933 3398 3074 3453 sicut
3123 3396 3316 3468 Angeli
3370 3397 3422 3450 in
3479 3395 3636 3451 cmlo.
3686 3393 3810 3449 Noli

2211 3509 2369 3550 orare
2398 3510 2493 3566 pro
2523 3494 2772 3564 pecunia,
2816 3492 2940 3563 quia
2991 3505 3175 3561 mrugo
3215 3499 3339 3545 est:
3371 3489 3484 3545 noli
3520 3503 3620 3560 pro
3651 3503 3806 3552 auro.

2211 3587 2334 3658 quia
2364 3587 2637 3642 metallum
2671 3596 2790 3642 est:
2823 3585 2932 3640 noli
2973 3599 3071 3654 pro
3098 3583 3444 3655 possessione
3465 3624 3481 3650 ,
3513 3583 3635 3654 quia
3668 3594 3810 3636 terra

2212 3688 2296 3735 est
2327 3695 2342 3737 ;
2375 3678 2479 3733 ista
2495 3679 2670 3734 oratio
2693 3677 2760 3732 ad
2780 3675 3065 3731 Dominum
3090 3690 3194 3730 non
3221 3677 3489 3746 pervenit.
3517 3674 3635 3731 Non
3659 3676 3810 3732 audit

2217 3771 2380 3838 Deus,
2411 3771 2512 3826 nisi
2537 3770 2678 3841 quod
2717 3769 2939 3840 dignum
2978 3769 3091 3825 suis
3130 3768 3279 3824 ducit
3319 3783 3444 3824 esse
3480 3768 3759 3825 beneﬁciis
3794 3789 3806 3826 :

2213 3864 2308 3920 sed
2336 3865 2486 3918 audit
2514 3866 2654 3933 piam
2684 3879 2872 3919 vocem
2891 3905 2905 3930 ,
2939 3863 3157 3934 plenam
3185 3862 3490 3919 devotionis
3516 3873 3571 3919 et
3598 3864 3808 3935 gratim.

2289 3957 2375 4013 l2.
2401 3957 2518 4013 Non
2545 3960 2862 4028 solumergo
2879 3958 3224 4014 clamandum
3244 3959 3296 4013 in
3321 3959 3508 4027 corde,
3533 3959 3629 4014 sed
3649 3964 3808 4016 etiam

2215 4052 2269 4108 in
2295 4061 2408 4106 toto
2428 4051 2593 4108 corde
2618 4052 2964 4108 clamandum
2991 4065 3093 4108 est.
3119 4051 3271 4108 Sicut
3291 4054 3437 4108 enim
3459 4055 3813 4124 corporaliter

2217 4155 2344 4201 tunc
2372 4146 2513 4202 bene
2541 4145 2827 4212 clamatur,
2854 4160 2976 4200 cum
3005 4153 3118 4202 toto
3142 4161 3235 4201 ore
3261 4145 3530 4201 clamatur
3560 4163 3574 4200 ε
3614 4147 3684 4201 ita
3709 4147 3812 4219 ειιίο

2214 4247 2448 4302 ritaliter
2477 4255 2588 4302 toto
2608 4255 2693 4300 est
2719 4243 3064 4300 clamandum
3110 4243 3298 4308 corde,
3326 4244 3371 4299 si
3403 4244 3655 4299 volumus
3697 4259 3808 4298 ma~

2213 4354 2317 4410 gna
2342 4339 2568 4405 referre,
2603 4347 2658 4393 et
2686 4353 2716 4392 a
2750 4337 2981 4392 Domino
3007 4353 3129 4408 qum
3161 4337 3455 4408 poscimus,
3497 4337 3806 4408 impetrare.

2215 4431 2366 4487 Hanc
2399 4433 2656 4487 Dominus
2678 4446 2868 4487 vocem
2892 4430 3148 4501 exigebat
3171 4447 3200 4484 a
3225 4431 3450 4500 populo,
3501 4446 3662 4502 quam
3711 4445 3810 4501 po-

2217 4526 2379 4597 pulus
2420 4525 2716 4582 nesciebat.
2763 4525 3000 4597 ideoque
3026 4524 3169 4580 dixit
3208 4525 3516 4581 Dominus:
3575 4523 3812 4596 Papulas

518 4623 629 4675 xw,
662 4609 798 4682 15)?
827 4611 1109 4666 Clamabat
1159 4611 1353 4670 aﬂ‘ectu
1386 4615 1505 4684 pio,
1530 4625 1586 4671 et
1609 4631 1772 4672 sensu
1817 4618 2106 4688 profundo,
2135 4624 2190 4685 Ι)
2216 4620 2300 4674 hic
2328 4618 2479 4674 labiis
2502 4634 2580 4673 me
2609 4618 2830 4674 honorat
2863 4635 2880 4672 :
2911 4634 2999 4672 cor
3029 4627 3199 4671 autent
3229 4633 3406 4672 eorum
3458 4616 3608 4687 longe
3656 4624 3731 4670 est
3779 4633 3812 4670 a

518 4712 576 4758 et
605 4703 933 4772 personabat
966 4706 1017 4758 in
1040 4703 1213 4770 cmlo,
1248 4706 1525 4762 miraculis
1575 4719 1764 4777 petens
1796 4710 1954 4780 digna
2000 4725 2113 4767 cm-

513 4797 779 4854 lestibus:
815 4808 872 4855 ut
893 4799 1078 4855 mundi
1105 4799 1372 4856 elementa
1408 4809 1663 4858 mutaret.

593 4894 680 4950 10.
724 4895 968 4966 Denique
995 4906 1050 4951 ut
1079 4894 1251 4966 ipsius
1293 4897 1397 4951 loci
1440 4898 1636 4953 seriem
1677 4913 2062 4958 recenseamus
2095 4919 2110 4957 :

517 4987 753 5045 instabat
784 4989 1019 5058 Pharao,
1054 5000 1111 5046 et
1137 4990 1437 5046 innumeris
1460 4991 1842 5064 IEgyptiorum
1883 4996 2113 5068 stipatus

516 5085 794 5151 curribus,
816 5085 1044 5156 urgebat
1063 5085 1320 5140 llebrmos
1344 5103 1358 5140 :
1385 5086 1510 5142 hinc
1530 5086 1895 5143 circumfusus
1916 5087 2109 5158 hostis,

518 5175 645 5232 inde
675 5175 997 5232 interfusum
1026 5191 1176 5232 mare
1206 5177 1418 5248 plebem
1473 5178 1569 5234 Dei
1623 5178 1915 5234 clauserat.
1962 5179 2112 5234 Nulla

517 5271 574 5326 in
603 5272 770 5327 armis
802 5271 1022 5339 ﬁducia,
1064 5286 1189 5343 Spes
1243 5273 1390 5328 nulla
1440 5274 1493 5329 in
1546 5273 1774 5330 viribus.
1824 5274 2116 5346 Strepebat

596 5415 810 5489 “Rom.
842 5416 973 5472 edit.
1004 5417 1140 5482 sola,
1172 5416 1366 5472 Gracili
1387 5433 1506 5472 voce
1532 5427 1640 5472 erat
1665 5415 1893 5489 Moyses,
1919 5435 2012 5473 nec
2034 5418 2108 5472 io-

521 5487 770 5559 quebatur
799 5504 818 5542 :
850 5489 968 5556 plus
998 5489 1232 5544 omnibus
1256 5500 1424 5543 tamen
1452 5487 1779 5545 audiebatur}
1836 5489 1904 5545 Et
1954 5490 2112 5560 paulo

522 5568 664 5632 post,
695 5560 788 5634 ubi
809 5561 998 5634 eadem
1031 5561 1188 5628 edit.,
1209 5571 1255 5615 et
1276 5561 1429 5615 corde
1451 5577 1550 5615 non
1569 5561 2108 5634 intelligunt.Vel.....

521 5649 624 5690 non
647 5632 888 5690 audiunt.
915 5633 1044 5688 Mss.
1076 5635 1330 5687 omittunt
1356 5647 1563 5702 vocem,
1597 5632 1779 5697 corde,
1812 5649 1876 5688 ex
1919 5633 2113 5702 quibus

523 5707 632 5762 duo
655 5707 829 5760 solum
862 5721 991 5775 pro,
1017 5705 1107 5761 sed
1131 5722 1230 5759 non
1268 5703 1521 5770 audiunt,
1549 5706 1830 5770 exhibent,
1877 5704 1968 5759 sed
2011 5720 2114 5758 non

523 5776 826 5832 exaudiunt.
867 5777 1017 5833 liaud
1050 5777 1232 5842 male;
1272 5777 1414 5835 idem
1439 5778 1583 5833 enim
1635 5787 1719 5833 est
1755 5791 1819 5832 ac
1849 5791 1956 5832 non
1988 5790 2118 5833 con-

519 5849 783 5906 sentiunt.

2220 4729 2299 4767 me
2324 4710 2493 4783 (Esai.
2508 4727 2656 4776 xxix,
2681 4711 2796 4780 15).
2825 4710 3069 4780 Quiergo
3084 4711 3602 4780 appropinquaverit
3621 4707 3808 4775 corde,

2221 4806 2340 4878 ipse
2365 4804 2579 4861 auditur
2605 4820 2635 4860 a
2663 4804 2910 4860 Domino.
2958 4803 3066 4859 Cor
3109 4817 3241 4874 ergo
3293 4803 3446 4874 prius
3483 4802 3722 4869 clamet,
3755 4814 3815 4858 ut

2220 4915 2403 4956 sermo
2433 4900 2604 4969 possit
2630 4897 2826 4954 audiri.

2294 4993 2383 5048 15.
2427 4991 2535 5048 Sed
2567 5005 2672 5047 non
2703 4989 2836 5046 satis
2866 4997 2951 5044 est
2993 4988 3232 5044 clamare
3261 4987 3326 5044 ad
3364 4988 3674 5054 Dominum,
3715 4990 3812 5046 sed

2221 5085 2383 5141 etiam
2409 5085 2650 5156 justitias
2675 5084 2794 5154 ejus
2817 5083 3130 5153 exquirere.
3159 5082 3410 5154 Exquirit
3429 5091 3610 5137 autem
3650 5082 3812 5152 justi-

2224 5181 2346 5248 tias,
2373 5179 2466 5250 qui
2495 5179 2546 5234 id
2574 5177 2714 5249 quod
2748 5181 2799 5230 in
2823 5176 3079 5230 omnibus
3101 5175 3388 5240 creaturis,
3422 5185 3478 5231 et
3507 5174 3741 5231 maxime
3758 5176 3810 5231 in

2223 5274 2595 5330 animantibus
2617 5269 2998 5337 rationalibus,
3025 5269 3292 5324 veletiam
3313 5267 3790 5325 irrationabilibus

2291 5415 2318 5455 δ
2346 5414 2552 5470 Omnes
2582 5412 2740 5477 edit.,
2777 5410 2842 5465 Et
2873 5427 2994 5464 voce
3027 5427 3140 5464 vere
3175 5428 3362 5482 magna
3401 5411 3675 5466 clamabat.
3706 5410 3812 5468 Sed

2219 5503 2365 5552 cum,
2397 5503 2535 5548 voce,
2565 5485 2619 5539 in
2652 5484 2814 5538 nullis
2851 5481 3338 5555 reperiatnr‘ms’s”
3373 5501 3580 5555 magna,
3615 5483 3704 5540 hic
3727 5484 3813 5538 vi-

2219 5559 2381 5614 detur
2409 5572 2530 5612 esse
2553 5559 2605 5611 in
2629 5555 2822 5627 eodem,
2845 5552 2999 5627 casu,
3029 5569 3134 5624 quo
3165 5552 3304 5609 infra
3359 5552 3574 5618 dicitur,
3626 5572 3814 5627 magna

2222 5648 2335 5696 ora,
2365 5641 2470 5686 etc.
2501 5629 2708 5683 Rursus
2738 5626 2873 5681 edit.
2905 5625 3062 5681 Rom.
3094 5642 3216 5681 cum
3246 5637 3395 5696 parte
3424 5642 3580 5691 mss.,
3615 5625 3814 5696 fruetus

2221 5700 2538 5772 infunditur.
2583 5699 2717 5772 Alim
2744 5696 2878 5760 edit.
2918 5712 3041 5752 cum
3068 5699 3299 5772 reliquis
3329 5713 3487 5772 mss.,
3519 5699 3814 5772 ﬂuctusinf

2227 5769 2486 5845 funditur.
2543 5771 2780 5845 Melius,
2836 5783 2989 5845 cum‘
3029 5771 3276 5845 videatur
3335 5771 3502 5845 alludi
3559 5769 3628 5824 ad
3677 5769 3810 5826 illud
3903 5805 3906 5810 -

2225 5840 2541 5914 Scriptum,
2577 5842 2640 5897 Et
2667 5851 2890 5898 torrente
2909 5840 3179 5911 voluptatis
3209 5852 3310 5896 tum
3334 5841 3531 5904 polabis
3556 5857 3661 5896 eos.
3813 5888 3824 5904 ,_
3894 5853 3906 5906 ll
