3982 6482
31 340 162 396 L75

52 460 304 526 jti>llllll
335 461 438 520 est,
462 451 814 524 providentia:
842 447 1104 506 adscribit
1127 447 1345 504 divinat.
1363 447 1516 505 Unde
1538 455 1649 502 tur-
1676 453 1727 508 Λ

29 551 128 604 uri
169 549 435 603 studium
465 545 756 617 pudicitiae,
790 559 909 614 qua:
933 558 1190 614 compare
1211 543 1435 609 amisso,
1455 556 1654 597 concu-

24 640 176 695 iitui
226 639 524 709 indulgere
551 642 674 702 {non
719 637 911 692 novit:
957 635 1101 706 quod
1153 635 1400 690 homines
1439 646 1657 687 servare

30 753 140 789 Ion
184 733 476 806 possunt?
504 730 953 807 Unde'plerisque
999 728 1368 784 animantibus
1409 734 1518 780 tam
1560 738 1654 780 so-

23 833 149 887 aria
181 838 394 902 partus
406 843 535 886 cura
559 827 818 883 servandi
842 835 936 890 ;ut
954 825 1045 880 ubi
1067 821 1439 894 conceptionis
1460 834 1658 876 munus

24 925 403 996 ignaverint,
433 922 505 977 ibi
533 921 739 976 coitum
759 934 865 974 non
894 926 1085 989 putent
1112 932 1233 974 esse
1257 913 1612 986 repetendum
1639 929 1654 978 ;

23 1037 96 1076 ne
132 1027 506 1090 receptorum
555 1014 822 1070 seminum
857 1013 948 1067 liat
986 1011 1288 1067 adulterina
1328 1006 1658 1079 permixtio?

23 1111 286 1170 l‘hmuix
319 1111 502 1167 coitus
522 1121 820 1178 corporeos
847 1106 1079 1177 ignorat,
1105 1100 1352 1158 libidinis
1391 1099 1570 1155 nescit
1595 1098 1659 1152 il-

25 1207 348 1271 lecebras,
389 1201 485 1258 sed
516 1201 583 1256 de
623 1215 722 1256 suo
770 1197 1003 1269 resurgit
1051 1209 1183 1266 rogo
1217 1211 1231 1248 :
1274 1193 1378 1248 sibi
1417 1193 1532 1247 avis
1569 1206 1662 1248 su-

29 1311 294 1372 perstes,
325 1299 446 1368 ipsa
467 1303 522 1352 et
548 1295 632 1351 sui
657 1294 830 1350 haeres
851 1291 1118 1361 corporis,
1146 1296 1202 1344 et
1221 1287 1422 1343 cineris
1443 1286 1528 1342 sui
1557 1286 1662 1344 fm-

34 1405 156 1448 tns.
196 1391 411 1462 Aquila
440 1404 508 1444 ne
539 1388 840 1457 degeneres
865 1392 1052 1455 partus
1081 1381 1302 1445 nutriat,
1331 1379 1576 1451 diligenti
1600 1379 1664 1434 li-

36 1482 506 1540 hratexamine:
561 1489 617 1536 et
663 1478 840 1533 adhuc
869 1486 1084 1532 teneros
1137 1473 1300 1530 fletus
1341 1474 1430 1544 pio
1487 1487 1665 1544 ungue

41 1575 384 1649 suspendit,
412 1574 655 1642 solisque
684 1570 842 1626 offert
872 1569 1036 1624 radiis
1061 1585 1076 1632 ;
1106 1579 1165 1622 ut
1209 1567 1255 1621 si
1297 1566 1436 1622 forte
1475 1567 1665 1622 oculos

46 1686 190 1726 suos
248 1668 306 1722 vi
369 1666 588 1738 fulgoris
637 1663 945 1718 inflexerint
979 1704 993 1726 ,
1043 1671 1316 1730 tamquam
1366 1659 1666 1728 degeneres

49 1764 246 1816 laxato
280 1761 337 1816 in
365 1772 606 1829 praeceps
630 1771 807 1826 ungue
831 1754 1071 1810 dimittat
1105 1771 1116 1806 :
1161 1754 1244 1808 sin
1286 1753 1498 1826 1213
1541 1767 1666 1808 vero

1157 323 1221 382 IN
1267 324 1590 384 l‘SALMUM
1630 323 1836 383 CXVIII
1878 319 2256 380 EXPOSI'I‘IO.

3210 321 3352 382 1174

1835 446 1916 498 17.
1944 443 2050 500 Sed
2076 444 2210 497 forte
2236 441 2383 496 dicas
2409 459 2422 495 :
2445 439 2728 509 Quomodo
2754 441 3018 512 scriptum
3047 451 3131 499 est
3162 460 3175 498 :
3203 445 3360 501 Tent-

1758 557 1853 610 pus
1882 539 2133 600 omnibus,
2173 547 2221 592 et
2266 546 2462 608 tempus
2485 534 2636 609 (omni
2675 536 2751 592 rei
2789 539 2882 592 sub
2917 540 3040 594 caelo
3078 549 3150 594 est
3177 538 3356 611 (Eccl.

1760 649 1815 688 Ill
1835 675 1849 698 ,
1885 631 1972 702 l)?
2004 630 2112 686 Sed
2145 630 2410 686 Dominus
2435 629 2597 687 Jesus
2631 645 2792 702 supra
2819 631 3016 688 cmlutu
3043 643 3160 696 eat,
3204 633 3358 687 nullo

1759 724 2206 792 circumscriptus
2233 732 2317 779 est
2358 733 2624 794 tempore.
2646 721 2873 779 Claudat
2897 738 2959 780 os
2981 739 3138 779 suum
3166 725 3356 780 ariana

1761 817 2008 891 perfidia.
2042 815 2289 887 Tempus,
2321 818 2525 889 inquit,
2558 819 2697 874 omni
2723 819 2801 873 rei
2828 819 2923 874 sub
2948 819 3074 874 creto
3101 835 3120 874 :
3151 827 3357 890 quanto

1761 912 1932 984 magis
1962 910 2065 968 sub
2098 911 2210 967 Deo
2240 919 2478 983 tempus,
2505 929 2610 968 non
2632 929 2794 984 supra
2827 913 3032 970 Deum?
3062 914 3358 971 Generatio

1762 1023 1830 1064 ex
1862 1007 2022 1063 Patre
2048 1023 2156 1063 uon
2189 1007 2350 1063 habet
2379 1014 2626 1078 tempus;
2674 1023 2852 1079 neque
2880 1007 3027 1064 enim
3067 1023 3203 1080 opus
3231 1015 3360 1063 ante

1763 1113 2040 1159 auctorem
2063 1145 2076 1169 ,
2125 1101 2222 1158 sed
2253 1111 2443 1158 auctor
2473 1116 2634 1172 supra
2663 1102 2846 1173 operis
2883 1103 3194 1158 exordium.
3228 1101 3363 1158 For-

1767 1205 1912 1252 tasse
1947 1194 2208 1264 objiciunt
2250 1195 2378 1265 quia
2407 1193 2546 1250 dixit
2593 1213 2607 1249 :
2653 1193 2873 1265 Tempus
2919 1213 3086 1252 meum
3126 1195 3361 1251 nondum

1765 1287 1967 1342 advenit
2000 1284 2182 1360 (Joan.
2213 1301 2287 1341 vit
2307 1327 2323 1353 ,
2353 1285 2432 1358 6).
2465 1285 2534 1341 Et
2560 1286 2755 1343 iterum
2790 1286 2928 1342 dixit
2957 1306 2971 1344 :
3003 1287 3161 1343 Pater
3183 1331 3198 1356 ,
3226 1289 3364 1344 venit

1767 1381 1895 1436 hora
1929 1380 2114 1454 (Joan.
2155 1397 2304 1448 xvu,
2356 1380 2433 1452 1).
2466 1379 2574 1438 Sed
2623 1381 2738 1436 haec
2779 1381 2910 1438 hora
2954 1392 3039 1438 est
3068 1385 3360 1454 passionis.

1766 1473 1862 1530 Est
1887 1474 2048 1530 etiam
2076 1483 2290 1546 tempus
2318 1473 2599 1546 virginalis
2623 1475 2998 1546 conceptionis
3027 1495 3038 1529 :
3065 1475 3198 1532 Ecce
3219 1478 3365 1548 virgo

1767 1569 1821 1623 in
1849 1578 1990 1624 utero
2013 1568 2229 1640 accipiet
2260 1567 2432 1638 (Esai.
2461 1584 2532 1624 vlt
2553 1611 2568 1636 ,
2603 1567 2693 1642 14)
2726 1585 2738 1623 :
2769 1569 2892 1640 quia
2922 1571 3075 1643 virgo
3099 1571 3199 1628 sub
3226 1581 3369 1627 tem-

1770 1676 1924 1734 pore,
1955 1671 2009 1716 et
2037 1661 2159 1716 ideo
2189 1661 2503 1732 praescripta
2539 1671 2701 1717 astate
2725 1661 2995 1735 concepit.

1844 1753 1930 1808 18.
1961 1752 2062 1821 Qui
2101 1763 2256 1824 rogat
2285 1754 2497 1824 itaque,
2544 1769 2761 1823 semper
2801 1765 2957 1826 roget
2999 1773 3012 1810 :
3063 1763 3118 1812 et
3162 1754 3207 1810 si
3253 1770 3366 1812 non

50 1864 273 1910 natura:
300 1853 544 1924 vigorem
577 1849 846 1906 constanti
878 1847 1170 1903 adversum
1201 1847 1385 1902 radios
1414 1846 1547 1902 solis
1568 1846 1662 1902 ob-
1691 1848 1741 1910 B
1769 1860 1986 1916 semper
2017 1856 2268 1917 precatur
2288 1887 2302 1911 ,
2348 1857 2596 1918 paratum
2626 1862 2842 1919 semper
2870 1847 3064 1904 habeat
3094 1849 3367 1919 precantis

53 1958 175 2002 lulu
236 1945 522 2017 potuerint
577 1943 893 2008 vindicare,
957 1939 1135 2012 dignae
1175 1937 1415 1994 indolem
1464 1937 1670 1994 sobolis

49 2054 231 2094 onere
260 2045 424 2108 grato
446 2043 707 2106 reportet.

129 2131 223 2186 14.
269 2131 525 2188 Volatilia
557 2129 682 2186 coeli
722 2129 906 2185 omnia
950 2143 1056 2184 non
1095 2135 1316 2192 serunt,
1351 2139 1528 2196 neque
1559 2140 1672 2182 me-

57 2234 204 2291 tunt,
234 2234 290 2280 et
328 2225 472 2280 Deus
505 2222 676 2294 pascit
705 2222 796 2277 illa
831 2239 846 2277 :
878 2223 1002 2291 quia
1031 2220 1271 2290 justitias
1301 2219 1518 2274 Domini
1569 2233 1670 2274 cu-

56 2317 341 2382 stndiunt,
377 2316 514 2385 nihil
545 2315 648 2371 sibi
672 2317 954 2387 proprium
981 2313 1307 2371 vindicando
1346 2330 1360 2366 :
1395 2313 1490 2369 sed
1527 2313 1672 2385 ligno

59 2412 376 2478 fructifera,
405 2409 547 2482 quod
573 2408 784 2464 Domini
811 2407 1012 2478 judicio
1033 2422 1376 2462 communem
1401 2405 1468 2460 ad
1491 2421 1671 2462 escam

59 2507 255 2562 datum
289 2515 406 2572 est,
456 2505 655 2561 famem
689 2503 936 2560 relevare
971 2510 1244 2558 contenta.
1279 2500 1360 2556 Ex
1393 2499 1476 2555 his
1508 2499 1674 2572 igitur

59 2618 158 2658 nos
189 2599 597 2672 cognoscimus,
623 2613 785 2669 quam
817 2596 1014 2650 divinae
1038 2593 1297 2651 subsidia-
1315 2591 1671 2664 providentia:

65 2693 390 2752 hominibus
436 2707 542 2748 non
588 2691 873 2755 deessent,
919 2689 963 2743 si
1014 2687 1107 2742 Dei
1144 2687 1410 2754 justitiam
1457 2700 1676 2740 servare

67 2791 369 2847 vellemus.
400 2787 500 2856 Qui
530 2786 627 2842 alit
652 2801 782 2840 aves
802 2826 817 2850 ,
857 2800 964 2838 non
1001 2783 1172 2837 aleret
1207 2781 1458 2836 homines
1479 2819 1494 2846 ,
1539 2793 1677 2849 quos

69 2885 134 2939 ad
168 2881 467 2953 imaginem
498 2889 552 2935 et
578 2875 988 2934 similitudinem
1021 2873 1106 2930 sui
1135 2873 1298 2929 fecit?
1329 2872 1519 2928 Nonne
1560 2872 1679 2942 plu-

75 2978 150 3033 ris
191 2988 388 3031 sumus
415 2972 568 3027 illis?
609 2968 824 3025 Naturae
856 2967 1213 3039 praerogativa
1259 2964 1427 3036 pluris
1458 2978 1675 3028 sumus,

79 3073 171 3127 sed
220 3067 512 3125 inferiores
541 3063 568 3103 ι’
599 3063 904 3120 devotionis
946 3060 1152 3132 gratia,
1187 3067 1241 3115 ct
1283 3057 1676 3129 praevaricatio-

83 3166 163 3220 llis
195 3162 482 3234 injustitia.

1768 1938 2041 1995 aﬂ'ectum.
2096 1939 2458 1996 Pernoctabat
2505 1941 2558 1996 in
2605 1943 2857 1998 oratione
2905 1941 3166 1997 Dominus
3209 1943 3371 1999 Jesus

1771 2032 1927 2102 (Luc.
1956 2050 2010 2089 vt
2033 2076 2047 2100 ,
2079 2034 2169 2103 12)
2193 2077 2210 2103 ,
2236 2050 2344 2091 non
2370 2035 2616 2106 indigens
2648 2037 2976 2107 precationis
3000 2037 3201 2093 auxilio
3221 2078 3236 2104 ,
3271 2036 3371 2094 sed

1770 2135 2015 2184 statuens
2044 2128 2136 2183 tibi
2167 2129 2488 2185 imitationis
2524 2131 2854 2203 exemplum.
2901 2130 2995 2189 Ille
3043 2148 3140 2203 pro
3184 2142 3238 2189 te
3279 2147 3374 2189 ro-

1770 2236 1902 2292 gans
1953 2221 2336 2292 pernoctabat,
2369 2231 2430 2276 ut
2463 2230 2516 2276 tu
2555 2222 2830 2292 disceres,
2863 2224 3137 2294 quomodo
3182 2239 3280 2295 pro
3319 2232 3377 2282 te

1772 2331 2016 2387 rogares.
2059 2315 2246 2372 Redde
2283 2316 2446 2387 igitur
2486 2316 2537 2372 ei
2578 2317 2720 2386 quod
2761 2333 2858 2386 pro
2889 2325 2941 2373 te
2967 2316 3187 2374 detulit.
3229 2317 3376 2377 Audi

1772 2425 1937 2480 supra
1966 2408 2238 2465 dicentem
2281 2407 2610 2480 Prophetam
2650 2428 2663 2465 :
2702 2409 2879 2466 Media
2917 2422 3064 2466 nocte
3102 2411 3378 2481 surgebam

1772 2503 1842 2556 ad
1867 2501 2214 2572 confitendum
2243 2501 2332 2557 tibi
2359 2503 2568 2572 (Serm.
2602 2505 2656 2571 8,
2686 2521 2734 2558 υ.
2765 2505 2883 2577 63).
2917 2505 2984 2561 Et
3017 2517 3070 2561 tu
3100 2519 3261 2577 surge
3287 2508 3378 2564 vel

1776 2593 1952 2648 media
1985 2604 2162 2660 nocte,
2199 2593 2413 2668 1214
2441 2596 2488 2650 si
2509 2611 2616 2651 non
2647 2606 2802 2667 potes
2831 2605 2939 2652 tota
2973 2613 3188 2669 semper
3217 2609 3383 2656 nocte

1777 2686 2037 2757 vigilare;
2086 2695 2144 2742 ut
2188 2687 2312 2742 dum
2344 2703 2470 2744 oras
2498 2697 2692 2755 nocte,
2736 2690 2848 2745 veri
2880 2688 3010 2746 solis
3042 2691 3248 2760 pectori
3284 2698 3381 2747 tuo

1777 2779 2033 2849 splendor
2061 2779 2311 2846 irradiet;
2351 2779 2476 2850 quia
2505 2781 2684 2836 omnis
2724 2781 2903 2837 anima
2945 2797 3066 2852 qua:
3092 2780 3372 2838 Christum

1780 2871 2009 2942 cogitat,
2045 2871 2098 2926 in
2142 2871 2348 2926 lumine
2392 2882 2415 2910 α
2459 2886 2678 2943 semper
2716 2880 2803 2928 est
2846 2888 2862 2928 :
2909 2871 3027 2928 dies
3067 2872 3244 2941 lucet,
3287 2873 3387 2931 tibi

1781 2980 2000 3036 semper
2028 2966 2278 3022 Christus
2306 2965 2527 3036 aspirat.
2563 2966 2668 3023 Sed
2711 2966 2834 3038 quia
2871 2981 3107 3039 sequens
3138 2969 3382 3026 versicu-

1783 3059 1867 3116 lus
1897 3061 1963 3116 de
1992 3069 2234 3130 tempore
2259 3059 2513 3131 precandi
2544 3059 2831 3118 evidenter
2859 3061 3166 3133 expressit,
3199 3064 3251 3118 in
3280 3063 3386 3119 isto

1785 3155 2054 3211 versiculo
2079 3164 2297 3210 actuum
2332 3154 2507 3224 magis
2569 3169 2906 3226 operumque
2934 3155 3194 3225 arbitror,
3222 3170 3386 3229 quam

158 3261 244 3316 15.
281 3256 464 3330 (Vers.
513 3253 666 3325 M6.)
702 3252 958 3324 Sequitur
988 3264 1178 3306 versus
1212 3247 1482 3304 secundus
1513 3263 1525 3302 :
1559 3245 1679 3301 Cla-
1706 3245 1752 3310 C
1783 3248 2044 3304 orationis
2076 3260 2287 3318 tempus
2319 3246 2748 3318 intelligendum.

86 3355 215 3410 muri
244 3352 316 3406 ad
343 3360 411 3419 te,
443 3351 587 3405 salva
609 3364 690 3402 me
720 3363 739 3400 :
768 3357 812 3401 et
841 3343 1129 3399 custodiam
1157 3341 1404 3396 mandata
1432 3350 1539 3394 tua.
1569 3337 1678 3394 Re-

92 3449 223 3519 petit
252 3444 396 3517 quod
426 3443 492 3498 ad
523 3441 810 3498 Dominqu
839 3435 1187 3502 clamaverit,
1220 3445 1273 3490 et
1309 3432 1589 3489 custodem
1622 3446 1681 3487 se

95 3538 350 3609 promittit
377 3533 682 3591 ctelestium
713 3539 1074 3592 statutorum,
1109 3541 1229 3598 qua:
1259 3525 1400 3582 caelo
1429 3535 1681 3595 terraque

99 3631 320 3687 testibus
351 3627 612 3684 Dominus
664 3626 810 3680 Deus
853 3620 1068 3686 sanxit;
1120 3629 1179 3674 ut
1233 3618 1683 3689 praevaricatores

99 3728 481 3783 elementorum
523 3719 849 3778 testimoniis
893 3726 1211 3789 arguantur.
1251 3712 1534 3783 Quomodo
1572 3727 1686 3769 cm-

105 3821 207 3876 lum
235 3821 495 3891 aspiciant
533 3813 994 3888 praevaricationis
1034 3827 1147 3866 sua:
1186 3808 1502 3864 conscium?
1540 3806 1687 3875 Quo-

107 3913 258 3970 modo
291 3913 494 3969 fructus
525 3910 594 3965 de
622 3919 763 3964 terra
795 3914 1135 3977 exspectent,
1164 3918 1285 3974 quas
1317 3899 1469 3956 novit
1505 3900 1687 3969 ingra-

112 4009 228 4064 tos?
270 4006 405 4062 Vide
447 4005 613 4076 igitur
657 4017 819 4073 quam
865 4015 973 4055 non
1025 4012 1188 4069 parva
1233 3996 1514 4067 promittat
1550 3993 1686 4048 Pro-

113 4102 280 4172 pheta.
319 4101 388 4172 )n
444 4095 728 4154 clamando
785 4092 960 4148 fidelis
1017 4101 1071 4147 et
1123 4098 1408 4160 promptus
1465 4086 1690 4144 affectus

115 4193 418 4263 exprimitur
449 4207 462 4242 :
495 4190 546 4244 in
573 4184 935 4243 custodiendo
967 4181 1310 4247 testimonia,
1342 4178 1691 4236 continentia:

120 4284 296 4348 virtus,
324 4279 564 4351 obsequii
585 4276 848 4333 sedulitas
869 4273 1202 4330 declaratur.

193 4375 268 4429 f6.
300 4373 475 4447 (Vers.
523 4369 678 4441 M7.)
711 4367 971 4437 Sequitur
1001 4380 1192 4421 versus
1223 4364 1415 4420 tertius
1443 4381 1457 4418 :
1492 4363 1691 4417 Amici-

126 4468 230 4538 pavi
247 4468 296 4521 in
318 4463 610 4520 maturitate
629 4503 642 4528 ,
672 4470 719 4514 et
742 4457 1025 4514 exclamavi
1058 4472 1077 4511 :
1105 4457 1159 4510 in
1182 4455 1334 4510 verba
1353 4465 1442 4510 tua
1467 4455 1689 4526 speravi.

125 4564 324 4620 Caecus
350 4564 401 4617 ὲν
425 4560 592 4635 ἀωρίᾳ
619 4555 786 4621 dixit,
831 4551 974 4624 quod
1000 4561 1119 4620 est,
1148 4559 1276 4607 ante
1307 4552 1497 4607 horam
1522 4592 1538 4617 ,
1567 4558 1695 4606 ante

1858 3343 1944 3397 19.
1977 3341 2267 3396 Praecurrit
2299 3341 2478 3396 aetatis
2509 3340 2875 3398 maturitatem
2897 3341 3142 3413 quisquis
3173 3341 3224 3398 in
3255 3342 3388 3400 ado-

1785 3435 2039 3492 lescentia
2071 3435 2280 3506 positus
2311 3435 2537 3491 senilem
2565 3435 2879 3508 gravitatem
2912 3437 3120 3506 induit,
3151 3449 3206 3494 et
3231 3439 3389 3510 juve-

1785 3526 1922 3582 niles
1948 3541 2121 3582 annos
2150 3538 2402 3582 veterana
2432 3527 2665 3598 quadam
2709 3529 3044 3586 continentia
3073 3531 3250 3603 regit,
3280 3532 3390 3590 fer-

1785 3636 2079 3692 voremque
2109 3622 2334 3678 virentis
2371 3623 2618 3692 corporis
2661 3624 2853 3679 incana
2911 3640 3122 3680 morum
3163 3629 3390 3683 maturi-

1786 3723 1896 3769 tate
1939 3713 2236 3785 componit.
2286 3713 2422 3770 Nam
2461 3714 2589 3786 quid
2633 3725 2812 3786 potest
2860 3715 3061 3772 habere
3101 3717 3311 3786 laudis,
3343 3720 3394 3777 si

1785 3806 2004 3863 ell‘etum
2035 3822 2237 3877 corpus
2271 3807 2661 3879 voluptatibus,
2695 3819 2750 3866 et
2773 3811 2883 3881 jatn
2937 3811 3235 3868 senectutis
3263 3813 3393 3885 gelu

1790 3900 2064 3970 frigidum,
2091 3899 2157 3956 ad
2186 3916 2307 3956 sera
2337 3901 2643 3958 devotionis
2670 3901 2870 3969 officia,
2899 3904 3149 3975 deposito
3166 3907 3278 3976 jam
3300 3921 3393 3964 se-

1791 3994 1946 4064 gnior
1995 3994 2214 4063 vigore,
2247 3997 2569 4050 convertat?
2601 3994 2717 4050 Non
2761 4004 2847 4052 est
2883 4011 3120 4067 corona,
3155 3998 3254 4054 nisi
3296 3999 3392 4056 ubi

1793 4085 1955 4142 fuerit
1999 4085 2322 4143 diiiicilioris
2366 4088 2509 4144 lucta
2549 4088 2865 4144 certaminis
2910 4107 2922 4142 :
2965 4090 3032 4145 ad
3074 4105 3235 4162 quam
3279 4093 3390 4149 rari

1795 4181 2058 4252 attingere
2099 4189 2356 4252 possunt,
2404 4197 2510 4237 non
2555 4197 2746 4239 omnes
2775 4184 2863 4254 qui
2909 4183 3139 4254 ingressi
3187 4184 3390 4242 iuerint

1797 4272 2052 4340 stadium,
2083 4273 2385 4343 pervenire.
2418 4273 2510 4330 Ille
2555 4273 2863 4342 laudabilis,
2897 4276 2982 4331 cui
3013 4285 3098 4332 est
3126 4275 3180 4332 in
3205 4276 3392 4348 seipse

1797 4377 1924 4424 ante
1966 4377 2240 4424 certamen
2265 4409 2280 4435 ,
2318 4368 2410 4438 qui
2453 4383 2673 4424 carnem
2705 4383 2856 4425 suam
2889 4369 3244 4426 reluctantem
3289 4373 3396 4430 sibi

1798 4462 1996 4519 mentis
2035 4470 2250 4518 coercet
2295 4461 2553 4535 imperio,
2590 4477 2748 4534 parca
2793 4462 3100 4535 frugalitate
3133 4467 3392 4538 castigat,

1797 4563 1853 4610 et
1893 4553 2138 4610 servituti
2169 4553 2394 4625 redigit;
2441 4570 2508 4610 ne
2538 4555 2801 4612 effrenata
2847 4556 3096 4614 libertate
3124 4557 3394 4631 luxuriet,

129 4662 335 4726 tempus.
373 4651 475 4720 Qui
516 4664 648 4721 ergo
679 4645 963 4703 Dominum
1009 4645 1366 4716 deprecatur,
1411 4659 1517 4699 non
1549 4642 1695 4699 velut
1719 4643 1772 4705 D
1797 4658 1962 4721 atque
2001 4648 2261 4706 indomita
2301 4648 2516 4705 fervens
2558 4648 2888 4719 cupiditate,
2936 4650 3176 4709 habenas
3221 4655 3392 4712 animi

132 4746 418 4815 pt':cscripttt
451 4740 722 4814 praecipua
755 4746 1000 4808 tempora
1031 4736 1409 4808 pratstoletur,
1441 4736 1692 4792 nesciens

136 4838 181 4890 in
207 4835 652 4894 obsecrationibus
679 4831 892 4890 Domini
923 4840 1136 4899 tempus
1162 4845 1284 4887 esse
1313 4829 1529 4900 aliquod
1547 4871 1562 4894 ,
1594 4829 1694 4885 sed

136 4946 322 5000 semper
347 4932 398 4987 in
429 4930 560 5001 ipsis
585 4931 675 4984 sit.
708 4927 835 4984 Sive
859 4927 1270 4991 manducamus,
1295 4925 1408 4979 sive
1437 4924 1692 4990 bibimus,

139 5023 378 5080 Christum
397 5022 800 5087 annuntiemus,
823 5019 1093 5076 Christum
1121 5033 1396 5088 rogemus,
1419 5016 1695 5072 Christum

141 5117 436 5187 cogitemus,
478 5114 759 5170 Christum
802 5112 1090 5183 loquamur
1131 5127 1146 5165 :
1197 5110 1250 5166 in
1298 5109 1464 5166 corde
1509 5117 1698 5165 nostro

146 5224 357 5284 seraper,
387 5225 602 5282 semper
629 5211 682 5266 in
712 5223 808 5266 ore
833 5209 903 5264 sit
924 5207 1193 5264 Christus.

212 5363 233 5388 ο
254 5355 328 5410 Sic
349 5369 537 5410 omnes
558 5367 688 5408 mss.
719 5367 783 5407 ac
805 5361 915 5406 vet.
945 5351 1077 5407 edit.
1098 5351 1150 5406 in
1173 5365 1422 5420 corpore.
1451 5347 1574 5405 Fra.
1599 5363 1694 5402 au-

157 5427 450 5484 lemetGill.
481 5425 534 5480 in
583 5440 753 5493 marg.
802 5423 1012 5476 insitum
1058 5433 1156 5486 est,
1188 5423 1329 5492 quod
1361 5421 1435 5493 fin
1473 5430 1696 5493 textum

157 5499 387 5552 transtulit
407 5498 565 5551 Rom.
593 5492 724 5551 edit.
748 5494 854 5550 Sed
882 5502 1024 5548 recta
1054 5503 1138 5548 est
1157 5503 1336 5548 nostra
1360 5492 1550 5557 lectio;
1575 5507 1696 5548 cum

157 5562 229 5618 hic
253 5569 412 5637 utique
435 5570 753 5631 doceamur,
783 5565 1071 5637 quomodo
1100 5565 1190 5620 Dei
1211 5636 1215 5637 ί
1235 5565 1456 5632 jltSlilim
1492 5563 1542 5637 in
1576 5563 1695 5618 ani-

159 5636 385 5708 mantibus
435 5639 684 5695 omnibus
736 5636 1126 5708 investigandae
1176 5636 1327 5690 sint:
1383 5636 1696 5708 quodtum

159 5703 261 5785 fieri
277 5711 582 5785 declaratur,
609 5711 824 5785 quando
861 5703 961 5764 ad'
977 5723 1102 5785 eum
1120 5703 1414 5785 _relertur,'
1434 5704 1697 5785 quidquid

158 5777 263 5844 justi
285 5781 326 5836 itt
355 5784 456 5838 illis
483 5777 964 5852 deprehendimus.
998 5777 1197 5852 Confer
1224 5791 1426 5852 autem,
1452 5777 1496 5832 si
1521 5788 1697 5842 vacat,

160 5861 257 5918 qua:
275 5855 512 5910 continuo
557 5849 843 5909 traduntur
867 5895 881 5919 ,
926 5867 1049 5907 cum
1082 5851 1174 5906 lib.
1211 5865 1240 5902 v
1281 5849 1538 5906 Hexaem.
1571 5864 1690 5920 cap.

1801 4741 2042 4814 regentis
2071 4741 2376 4810 abrumpat.
2421 4741 2480 4796 in
2528 4741 2660 4797 hora
2687 4753 2770 4798 est
2799 4758 2931 4816 ergo
2957 4759 3157 4811 senex,
3189 4745 3237 4802 si
3275 4762 3398 4803 mu-

1803 4837 1891 4892 nia
1933 4835 2132 4891 sobria:
2171 4835 2499 4892 maturitatis
2535 4847 2788 4894 exerceat
2831 4856 2845 4892 :
2883 4851 3009 4897 ante
3039 4841 3228 4899 horam
3260 4860 3400 4916 prat-

1803 4943 2029 4984 currens
2071 4926 2320 4998 juvenis,
2361 4928 2406 4983 si
2451 4927 2611 4984 senili
2652 4930 2891 5000 pondere
2933 4933 3201 4992 incentiva
3242 4951 3396 4995 com-

1804 5021 2004 5091 primat
2026 5020 2383 5090 voluptatum,
2403 5035 2467 5077 ac
2495 5021 2754 5081 ferventis
2778 5024 3062 5083 illecebras
3086 5029 3401 5101 cupiditatis

1804 5114 2084 5184 extinguat
2121 5129 2134 5168 :
2168 5111 2344 5167 Bonus
2387 5124 2459 5168 est
2501 5117 2648 5171 enim
2699 5114 2953 5174 Dominus
2995 5123 3395 5197 sustinentibus,

1807 5205 2106 5263 Hieremias
2134 5205 2269 5263 dicit
2306 5205 2523 5280 (Thren.
2552 5223 2633 5276 tu,
2663 5207 2781 5280 25).
2808 5209 2897 5278 Et,
2927 5210 3132 5270 Bonum
3168 5225 3240 5272 est
3265 5219 3399 5290 viro,

1807 5347 1996 5409 18.19
2026 5345 2192 5402 8122.

1879 5417 1905 5456 b
1938 5417 2140 5498 omnes
2183 5416 2426 5498 ed_it._ac
2462 5418 2572 5498 duo
2609 5434 2779 5498 mssr,
2810 5423 3152 5498 diminutione
3192 5431 3396 5498 gratiae.

1805 5488 1979 5569 _U_nus,
2007 5488 2368 5569 diminutionis
2397 5491 2585 5557 gratia.
2619 5491 3166 5569 Reliqui,_devotionis
3192 5488 3401 5569 gratia;

1804 5560 1858 5616 id
1889 5559 2378 5642 est,_obedientia,
2424 5575 2545 5631 qua:
2587 5576 2718 5619 sane
2761 5559 2816 5620 in
2865 5563 3039 5622 brutis
3078 5559 3253 5640 major
3281 5559 3398 5642 est,

1805 5647 1963 5704 quam
2001 5633 2055 5687 in
2086 5630 2325 5704 homine.

1882 5715 1905 5742 ο
1936 5704 2094 5758 Rom.
2125 5703 2295 5768 etlit.,
2339 5719 2538 5775 semper
2581 5715 2655 5761 est
2704 5722 2723 5760 :
2762 5705 2902 5762 Nam
2948 5707 3050 5763 diei
3098 5711 3263 5764 lucem
3308 5713 3405 5767 tibi

1803 5774 2292 5848 Christusguspirat.
2313 5775 2428 5830 Duo
2451 5774 2609 5838 ωδε..
2638 5793 2838 5848 semper
2853 5788 2927 5834 est
2953 5780 3078 5834 diei.
3109 5779 3301 5836 Lucem
3336 5784 3402 5840 ti-

1802 5847 1872 5908 bi.
1902 5858 2007 5904 ctc.
2043 5845 2164 5902 Vet.
2210 5845 2339 5902 edit.
2372 5857 2428 5904 et
2455 5849 2649 5922 reliqui
2677 5845 2805 5906 mas.
2840 5858 2899 5906 ut
2927 5851 2983 5906 in
3009 5861 3179 5911 textu.
