4104 6350
572 287 709 351 1475

1899 284 2151 347 SANCTI
2188 284 2511 350 AMBROSII

3740 290 3878 355 N76

568 412 660 479 qui
707 427 862 485 graue
899 412 1126 482 portauit
1171 415 1362 486 jugtun
1389 427 1423 466 a
1441 413 1715 480 juventute
1766 427 1779 463 :
1828 408 2024 465 sedebit
2056 410 2171 464 sin-
2197 412 2247 472 Α
2274 419 2394 468 erat
2416 410 2558 482 ejus,
2576 424 2739 482 quem
2772 423 2992 480 semper
3018 409 3310 480 epulantur
3334 408 3500 466 corda
3533 419 3876 466 sanctorum.

570 504 851 575 gnlariter,
888 513 940 560 et
958 506 1164 573 silebit;
1189 506 1310 577 quia
1344 506 1460 561 tulit
1488 508 1669 577 iugum
1697 504 1833 560 uerbi
1855 503 2019 575 (Ibid.
2052 503 2168 571 Ξῖ).

571 594 674 662 Qui
706 597 852 653 enim
893 612 922 651 a
960 598 1243 667 iuventute
1267 599 1456 670 jugum
1497 598 1830 669 portaverit,
1863 605 1920 654 et
1944 596 2172 653 habenis

571 690 770 745 maturi
804 692 1190 748 moderaminis
1216 693 1489 749 teneriora
1512 693 1705 749 volens
1731 692 1873 749 colla
1915 690 2174 748 subdide-

572 783 663 845 rit,
692 780 905 838 sedebit
932 783 1304 853 singulariter,
1332 792 1578 841 remotus
1598 801 1629 845 a
1648 784 1878 855 strepitu
1906 783 2171 854 interpel-

572 875 798 931 lantium
836 876 1176 946 passionum,
1212 890 1271 936 et
1296 881 1515 950 quietus
1556 880 1788 936 silebit:
1820 879 1906 935 cui
1946 892 2172 935 necesse

565 965 679 1036 iam
707 982 814 1023 non
840 968 912 1024 sit
932 968 1143 1039 jurgari
1179 985 1302 1026 cum
1330 985 1596 1043 corpore.
1619 972 1903 1027 decertare
1928 985 2052 1026 cum
2082 985 2174 1025 va-

570 1059 667 1116 riis
691 1060 1115 1131 cupiditatibus;
1142 1063 1267 1134 quia
1299 1063 1422 1120 tulit
1452 1065 1641 1136 jugum
1670 1064 1821 1120 verbi
1846 1066 2026 1119 anima
2048 1078 2173 1135 quae

567 1152 767 1221 quaerit
809 1153 1001 1221 Deum,
1033 1170 1156 1226 quae
1181 1157 1426 1226 captivas
1447 1156 1551 1213 sibi
1575 1156 1701 1212 iecit
1727 1170 1918 1212 omnes
1946 1155 2173 1211 delicias

562 1245 886 1317 iuventutis.
922 1248 1079 1306 Unde
1104 1249 1340 1308 fortasse
1369 1260 1425 1309 et
1454 1252 1585 1308 illud
1626 1252 1967 1309 Dominicum
2001 1270 2017 1308 :
2047 1250 2173 1307 Non

567 1341 847 1410 clamabit,
884 1358 1049 1414 usque
1075 1343 1378 1410 contendet,
1408 1360 1573 1415 neque
1610 1344 1786 1399 audiet
1821 1346 2094 1414 quisquam
2117 1344 2173 1398 in

564 1431 753 1501 plateis
780 1447 955 1489 uocem
982 1433 1341 1506 ejus(llattlt.
1370 1450 1481 1501 xu,
1512 1435 1612 1502 l9;
1644 1452 1709 1491 ea:
1738 1435 1886 1490 Esui.
1917 1451 2059 1499 xw,
2086 1432 2168 1506 2),

568 1540 677 1581 non
707 1527 886 1583 solum
916 1528 983 1583 ad
1015 1528 1351 1585 delensionis
1377 1529 1677 1595 silentium,
1706 1529 2174 1599 absolutionisque

568 1627 964 1690 contemptum,
994 1630 1054 1678 et
1082 1622 1432 1679 toleranth
1462 1621 1754 1693 passionis,
1786 1621 1883 1678 sed
1911 1622 2075 1678 etiam
2102 1620 2171 1676 ad

563 1714 1004 1783 compressiones
1028 1717 1272 1772 omnium
1301 1715 1552 1788 accipere
1589 1731 1878 1788 possumus
1908 1728 2170 1787 corpora-

560 1806 697 1863 lium
738 1809 1097 1880 voluptatum.
1140 1811 1295 1868 Unde
1327 1822 1386 1868 et
1424 1811 1552 1867 alibi
1584 1811 1846 1882 scriptum
1874 1820 1958 1867 est
1989 1827 2004 1863 :
2035 1809 2174 1877 Quia

2348 505 2465 577 (22.
2503 504 2655 562 Vers.
2680 504 2835 576 148.)
2866 505 3119 577 Sequitur
3144 519 3337 565 versus
3361 514 3588 575 quartus
3622 523 3636 558 :
3663 503 3879 561 Prtere-

2276 610 2462 655 neruut
2513 598 2655 654 oculi
2700 599 2801 653 mei
2850 615 3003 653 mane
3050 598 3292 654 meditari
3332 597 3486 653 verba
3536 609 3647 653 tua.
3702 597 3878 667 Supra

2274 695 2429 766 (sera.
2462 692 2593 766 M7)
2622 692 2700 747 ait
2740 709 2753 747 :
2788 690 3023 747 Prctmu'
3053 695 3104 748 is
3130 695 3318 769 ἀωρέᾳ,
3348 690 3453 747 hoc
3476 698 3595 755 est,
3622 700 3752 746 ante
3781 690 3881 747 bo-

2273 803 2401 857 res,
2429 798 2562 844 ante
2589 796 2841 860 tempus;
2884 786 2973 842 ltic
3000 787 3107 851 ait,
3146 801 3297 841 ntane
3324 801 3343 840 :
3384 784 3532 841 aliud
3562 782 3881 856 signiﬁcans

2277 889 2489 951 tempus
2510 878 2704 936 orandi
2748 888 2913 951 atque
2965 877 3234 950 psallendi
3270 877 3622 943 Domino;ut
3647 878 3719 934 sit
3744 876 3880 934 illud

2277 974 2456 1045 prius,
2504 972 2802 1030 secundum
2837 972 2983 1044 quod
3024 972 3146 1027 ait:
3189 969 3366 1027 Media
3415 980 3561 1027 nocte
3605 969 3880 1042 surgebam

2274 1066 2475 1139 (Sena.
2502 1068 2564 1133 8,
2603 1083 2655 1121 υ.
2685 1067 2814 1135 63);
2846 1063 2950 1121 hoc
2983 1074 3165 1121 autem
3202 1063 3356 1135 juxta
3401 1062 3533 1119 illud
3581 1081 3597 1118 :
3641 1060 3881 1119 vaeni

2274 1161 2520 1215 orientem
2538 1160 2737 1227 solum;
2759 1174 2925 1232 grave
2948 1165 3036 1214 est
3058 1158 3228 1223 enim,
3252 1157 3297 1212 si
3328 1165 3381 1213 te
3405 1156 3640 1212 otiosum
3662 1153 3717 1211 in
3739 1164 3883 1210 stra-

2275 1256 2346 1309 tis
2378 1252 2561 1309 radius
2588 1253 2723 1309 solis
2762 1252 2991 1308 orientis
3037 1248 3407 1307 inverecunde
3436 1248 3645 1321 pudore
3668 1263 3876 1304 conve-

2274 1348 2420 1410 niat,
2462 1354 2519 1402 et
2555 1345 2646 1401 lux
2694 1344 2843 1401 clara
2885 1343 3040 1401 feriat
3076 1343 3267 1400 oculos
3308 1341 3653 1399 somnulenta
3701 1340 3881 1396 adhuc

2274 1446 2495 1508 torpore
2534 1438 2843 1508 depressos.
2893 1437 3085 1507 Arguit
3126 1450 3226 1492 nos
3266 1436 3399 1491 tanti
3447 1435 3710 1504 temporis
3750 1449 3881 1504 spa-

2274 1534 2409 1589 tium
2437 1533 2554 1587 sine
2576 1532 2739 1587 ullius
2767 1530 3074 1587 devotionis
3100 1545 3327 1586 munere
3344 1570 3359 1596 ,
3384 1544 3450 1585 ac
3478 1529 3733 1586 sacrificii
3760 1529 3874 1600 Spi-

2272 1625 2448 1681 ritalis
2498 1624 2806 1687 oblatione,
2866 1623 3054 1680 feriata
3111 1635 3273 1679 nocte
3326 1624 3728 1681 transmissum.
3785 1622 3875 1679 An

2274 1716 2483 1783 nescis,
2515 1729 2549 1772 o
2578 1716 2741 1771 homo
2764 1757 2777 1781 ,
2812 1715 2956 1787 quod
2985 1714 3249 1785 primitias
3274 1715 3352 1770 tui
3392 1713 3576 1771 cordis
3611 1729 3676 1770 ac
3722 1715 3873 1771 vocis

2270 1811 2515 1883 quotidie
2542 1810 2656 1867 Deo
2688 1809 2927 1867 debeas?
2967 1808 3297 1877 Quotidiana
3337 1808 3431 1865 tibi
3461 1809 3693 1874 messis,
3740 1824 3878 1879 quu-

564 1914 834 1973 peocattun
870 1921 974 1960 non
1015 1906 1137 1978 fecit
1164 1907 1210 1979 (l
1236 1906 1355 1963 Pet.
1387 1922 1459 1973 ιι,
1490 1906 1609 1978 22).
1642 1906 1810 1962 Recte
1837 1905 2002 1976 igitur
2026 1915 2174 1960 tace-
2200 1927 2249 1988 B
2273 1904 2515 1959 tidianus
2540 1914 2623 1959 est
2650 1903 2877 1960 fructus.
2909 1902 3152 1959 Occurre
3176 1916 3309 1973 ergo
3348 1901 3414 1957 ad
3446 1901 3582 1959 solis
3609 1911 3787 1971 ortus,
3820 1911 3882 1958 ut

564 1998 659 2053 bat
698 1998 752 2055 in
788 1998 985 2055 mortis
1012 2000 1259 2069 periculo
1292 2000 1656 2066 constitutus,
1687 1997 1780 2070 qui
1822 1996 2016 2053 mortis
2036 2011 2172 2053 aca-

566 2090 713 2146 leum
742 2106 850 2148 non
878 2090 1128 2150 timebat.

638 2226 731 2284 20.
762 2222 829 2284 In
860 2229 1029 2297 verba,
1064 2230 1258 2302 inquit,
1289 2239 1377 2285 tua
1405 2231 1625 2302 speravi.
1657 2227 1880 2285 Grcccus
1910 2228 2173 2288 ἐπήλπισα

564 2320 738 2391 dixit,
777 2323 919 2395 quod
949 2334 1028 2380 est
1070 2324 1138 2380 ad
1166 2323 1494 2396 sperandum
1528 2339 1748 2395 semper
1790 2337 2075 2390 crescere,
2117 2329 2173 2378 et

564 2432 721 2489 spem
761 2418 878 2490 spei
921 2417 1240 2491 atljungere.
1272 2418 1459 2476 Justus
1500 2434 1717 2492 semper
1756 2425 1971 2489 sperat,
2016 2424 2072 2473 et
2114 2415 2171 2472 in

566 2511 809 2567 adversis
844 2509 1089 2582 positus,
1134 2518 1191 2566 et
1232 2509 1607 2582 frequentibus
1643 2507 1879 2564 afﬂictus
1916 2505 2174 2564 aerumnis

566 2603 862 2675 desperare
880 2594 999 2659 'non
1033 2604 1182 2661 novit
1221 2622 1234 2658 :
1278 2602 1374 2660 sed
1400 2620 1508 2676 quo
1539 2603 1785 2676 graviora
1814 2601 2169 2669 toleraverit,

566 2696 739 2770 magis
767 2705 985 2769 sperat,
1026 2704 1080 2753 et
1106 2695 1361 2769 sperandi
1391 2700 1558 2753 sumit
1597 2693 1933 2768 profectum,
1977 2709 2173 2751 secun-

562 2789 692 2847 dum
720 2789 853 2847 illud
884 2792 1163 2848 oraculum
1195 2809 1207 2846 :
1236 2788 1607 2859 Consolantini,
1636 2789 1977 2846 consulamini
2001 2806 2169 2863 pupu-

564 2882 673 2937 lum
699 2884 1022 2953 meum,dicit
1050 2883 1315 2941 Dominus
1344 2902 1363 2939 .·
1394 2883 1700 2941 Sacerdotes
1721 2883 1992 2956 loquimini
2011 2882 2172 2953 justi-

563 2978 689 3031 tiam
714 2978 768 3032 in
794 2995 883 3033 cur
913 2975 1265 3048 Hierusalem,
1295 2978 1637 3033 consulamini
1656 2993 1805 3044 eum;
1831 2976 1952 3047 quia
1977 2976 2172 3047 repleta

559 3081 632 3123 est
658 3069 900 3139 deiectio,
931 3082 977 3126 et
1004 3072 1234 3127 solutum
1258 3082 1331 3127 est
1362 3081 1626 3143 peccatum
1658 3073 1804 3144 ejus;
1829 3071 1950 3144 quia
1978 3068 2170 3140 recepit

565 3162 628 3217 de
668 3180 827 3218 manu
871 3160 1086 3219 Domini
1116 3164 1350 3236 duplicia
1379 3173 1593 3236 peccata
1633 3180 1728 3218 sua
1768 3160 1952 3232 (Esai.
1996 3177 2100 3229 ιι,
2138 3161 2163 3215 1

563 3270 610 3313 et
640 3258 721 3330 2).
756 3258 929 3328 Quam
965 3260 1078 3315 cito
1109 3259 1244 3315 dixit
1286 3258 1677 3331 plenitudinem
1708 3256 2028 3329 dejectionis
2071 3270 2162 3310 so-

560 3351 825 3409 lutionem
862 3368 984 3408 esse
1022 3353 1263 3425 peccati,
1297 3362 1351 3409 et
1382 3352 1632 3424 repetivit
1656 3366 1875 3407 causam
1908 3349 2163 3406 consula-

558 3445 724 3502 tionis
751 3459 817 3501 eo
853 3445 1024 3517 majus
1054 3461 1179 3502 esse
1206 3444 1670 3501 recenciliationis
1696 3441 1906 3517 1215
1931 3443 2158 3515 insigne,

563 3553 670 3609 quo
701 3538 1044 3594 numerosior
1068 3538 1230 3594 fuerit
1258 3552 1441 3609 poena,
1473 3552 1633 3610 quam
1664 3537 1844 3608 culpa.

634 3678 728 3734 21.
760 3676 866 3734 Job
915 3687 993 3733 tot
1027 3686 1284 3749 gravatus
1324 3674 1793 3732 incommodorum
1847 3675 2162 3731 acerbitati-

560 3776 695 3842 bus,
734 3774 826 3845 pio
865 3788 1017 3845 spem
1050 3773 1360 3829 cumulabat
1390 3771 1619 3839 adiectu,
1662 3771 1952 3829 discretam
1991 3787 2022 3825 a
2059 3771 2161 3841 piis

554 3882 775 3925 causam
822 3881 1077 3924 asserens
1117 3866 1431 3937 impiorum,
1478 3880 1707 3936 quorum
1740 3864 1920 3920 lumen
1948 3863 2160 3920 exatin-

554 3970 753 4034 guetur
774 3959 920 4034 (Job.
953 3976 1113 4028 xvsu,
1145 3959 1228 4032 5).
1253 3958 1371 4014 Lua:
1399 3969 1580 4014 autem
1600 4000 1615 4024 ,
1661 3957 1960 4013 secundum
2005 3956 2162 4013 Salo-

556 4070 780 4112 monem
806 4071 1006 4125 semper
1044 4062 1116 4111 est
1138 4053 1302 4127 justis
1326 4051 1515 4125 (Prov.
1549 4066 1677 4119 aut,
1709 4049 1790 4123 9).
1814 4050 1974 4107 Unde
1998 4050 2158 4106 colli-

554 4149 702 4222 gitur
746 4149 871 4221 quia
912 4148 1092 4219 justus
1139 4161 1357 4217 semper
1400 4146 1452 4202 in
1496 4146 1661 4201 verba
1704 4144 1800 4201 Dei
1844 4155 2057 4215 sperat,
2102 4156 2159 4200 et

555 4256 707 4313 spent
734 4240 924 4311 adjicit
957 4240 1094 4309 spei.
1128 4238 1284 4307 Quod
1312 4237 1623 4294 evidentius
1650 4237 1918 4305 expressit
1944 4236 2154 4304 Esaias,

553 4335 742 4392 dicens
772 4355 786 4388 :
819 4330 1229 4388 Tribuiutiunem
1253 4345 1409 4400 super
1433 4328 1813 4384 tribulationem
1840 4337 1868 4365 α
1896 4338 2155 4399 exspecta,

554 4446 695 4499 spem
721 4443 876 4499 super
902 4423 1240 4498 span(Esai.
1270 4438 1462 4488 xxvtu,
1493 4422 1606 4492 l0).
1641 4422 1724 4477 Ad
1752 4423 2080 4492 perlaclates
2100 4434 2158 4477 et

553 4520 815 4575 abductos
860 4518 930 4573 ab
972 4516 1236 4573 uberibus
1274 4513 1621 4585 loquebatur,
1670 4512 1774 4568 hoc
1800 4525 1920 4582 est,
1952 4515 2021 4568 ad
2060 4528 2155 4569 eos

552 4611 645 4680 uiui
695 4612 867 4681 prima
907 4610 1148 4666 infantia:
1179 4608 1445 4667 alimenta
1482 4606 1841 4674 transissent,
1881 4605 2005 4663 cibo
2040 4607 2154 4678 jatn

2277 2007 2330 2053 te
2370 1997 2555 2053 oriens
2582 1996 2821 2052 inveniat
2841 1996 2953 2067 jam
2986 2003 3272 2067 paratum;
3303 2011 3371 2051 ne
3401 1996 3607 2051 lumina
3632 2005 3725 2051 tua
3756 2010 3874 2050 ma-

2268 2089 2401 2147 dido
2423 2089 2601 2146 adhuc
2625 2103 2825 2162 sopore
2850 2090 3148 2162 mergentia
3169 2090 3379 2161 primus
3394 2088 3507 2147 diei
3526 2088 3706 2161 fulgor
3730 2103 3868 2146 exa-

2270 2186 2427 2257 gitet.

2344 2279 2436 2335 25.
2468 2278 2497 2319 δ
2524 2279 2593 2334 In
2621 2278 2781 2335 cubili
2817 2295 2966 2346 meo,
2994 2280 3051 2334 in
3079 2279 3316 2336 noctibus
3356 2279 3566 2351 quasioi
3598 2294 3751 2351 quem
3793 2279 3881 2334 di-

2273 2373 2397 2429 luxit
2440 2374 2616 2428 animo
2658 2388 2772 2428 mea
2804 2371 2985 2444 (Cant.
3025 2388 3120 2440 ut,
3167 2371 3244 2443 l),
3284 2371 3422 2428 dicit
3451 2371 3713 2429 Ecclesia.
3748 2372 3881 2429 Ideo

2271 2464 2477 2522 meruit
2506 2479 2630 2520 cum
2663 2464 2932 2530 invenire,
2965 2464 3089 2520 ideo
3114 2462 3232 2533 ejus
3275 2463 3507 2535 gratiam
3536 2464 3878 2535 promereri;

2274 2559 2403 2628 quia
2432 2558 2600 2615 etiam
2642 2559 2697 2612 in
2723 2557 2894 2613 cubili
2929 2556 3208 2628 quaesivit,
3238 2557 3489 2628 quaesivit
3514 2557 3571 2613 in
3603 2557 3877 2614 noctibus.

2271 2652 2572 2723 Propterea
2603 2651 2818 2722 copiam
2858 2652 2977 2721 ejus
3025 2649 3219 2722 adepta
3258 2650 3313 2705 ia
3358 2650 3751 2718 posterioribus
3795 2649 3881 2706 lo-

2270 2745 2457 2817 quitur
2482 2744 2550 2799 ad
2580 2743 2856 2815 Sponsum
2903 2760 2917 2797 :
2956 2742 3121 2811 Veni,
3146 2747 3312 2815 frater
3338 2759 3513 2811 tuens,
3548 2759 3794 2801 smnus
3821 2745 3879 2799 in

2270 2855 2475 2908 agrum,
2517 2839 2901 2910 requiescamus
2940 2837 2994 2892 in
3034 2836 3259 2892 castellis
3281 2877 3297 2904 ,
3323 2835 3563 2892 diluculo
3601 2853 3878 2911 surgatnus

2270 2932 2326 2985 in
2364 2932 2539 2987 uineas
2581 2929 2768 3002 (Cant.
2811 2946 2918 2996 vn,
2968 2930 3081 2998 if).
3123 2928 3379 2986 Advertis
3416 2928 3876 3000 quemadmodum

2268 3026 2481 3097 Sponsa
2509 3024 2747 3082 Verbum
2778 3026 2967 3080 invitet
2997 3023 3123 3091 Dei;
3163 3035 3226 3080 ut
3262 3025 3443 3079 veniat
3479 3023 3535 3079 in
3562 3034 3769 3091 terras,
3818 3035 3878 3081 et

2272 3120 2423 3174 tollat
2455 3127 2674 3191 peccata
2705 3118 2933 3174 mundi?
2977 3120 3118 3190 Ager
3147 3117 3237 3174 hic
3266 3125 3385 3174 erat
3424 3125 3553 3175 ause
3589 3118 3874 3186 desertus,

2269 3211 2517 3267 sentibus
2542 3221 2853 3268 nostrorum
2889 3210 3173 3282 squalidus
3215 3210 3573 3279 delictorum,
3616 3210 3879 3267 horridus

2189 3314 2235 3377 ρ
2266 3304 2462 3376 spinis.
2493 3304 2787 3361 Castellum
2816 3311 2969 3369 erat,
3003 3304 3059 3359 ia
3098 3318 3206 3374 quo
3230 3303 3509 3375 relegatus
3535 3303 3710 3361 Adam
3749 3318 3880 3373 per-

2268 3410 2433 3469 petuo
2483 3413 2597 3453 suae
2642 3396 2980 3464 posteritatis
3012 3396 3261 3454 baarctles
3306 3395 3610 3468 stringebat
3650 3395 3871 3451 exsilio.

2265 3493 2366 3550 Illo
2392 3508 2525 3564 ergo
2556 3492 2707 3549 ducit
2736 3491 2982 3548 Ecclesia
3007 3490 3287 3548 Christum
3305 3532 3323 3558 ,
3350 3500 3412 3546 ut
3449 3489 3622 3547 Adam
3651 3490 3871 3547 liberet.

2264 3586 2476 3643 Deinde
2502 3585 2785 3641 exsulibus
2812 3584 3099 3652 absolutis,
3125 3584 3292 3656 coepit
3328 3583 3517 3641 mundi
3547 3582 3708 3639 istius
3734 3598 3876 3654 ager

2260 3680 2495 3735 iduttees
2528 3679 2736 3736 habere
2763 3678 3001 3734 cultores
3044 3694 3059 3733 :
3104 3686 3162 3734 et
3196 3677 3289 3748 qui
3317 3687 3589 3734 eratante
3613 3676 3872 3747 jejunus,

2262 3773 2438 3830 iactus
2454 3783 2542 3829 est
2569 3772 2697 3828 vitis
2713 3782 2933 3828 aztcratc
2956 3773 3293 3843 plantatione
3338 3771 3621 3829 fecundus.
3654 3770 3766 3828 Nec
3786 3781 3873 3827 ta-

2262 3882 2390 3924 men
2422 3867 2500 3922 sic
2540 3864 2876 3935 spiritalibus
2922 3865 3046 3922 lata
3086 3864 3401 3936 palmitibus
3424 3873 3691 3936 evagatur
3719 3883 3735 3922 :
3767 3864 3871 3921 sed

2261 3962 2330 4017 ad
2374 3961 2473 4017 has
2494 3960 2687 4018 vineas
2712 3968 2871 4016 vocat
2905 3957 3180 4016 Christum
3201 3998 3219 4025 .
3262 3958 3351 4015 ubi
3393 3958 3690 4029 psallentes
3716 3957 3831 4015 sint
3850 3998 3867 4025 ,

2260 4063 2319 4111 et
2341 4061 2562 4109 orantes
2583 4094 2600 4120 ,
2634 4052 2722 4109 ubi
2756 4051 3009 4109 noctibus
3040 4066 3106 4108 ac
3149 4050 3342 4109 diebus
3371 4049 3581 4108 fructus
3611 4050 3867 4118 innoxius

2261 4156 2597 4221 perseveret.

2338 4242 2550 4314 1216
2563 4240 2661 4295 24.
2680 4241 2786 4308 Ibi,
2802 4241 2999 4313 inquit,
3017 4241 3150 4296 dabo
3167 4241 3327 4296 ubera
3344 4257 3458 4296 mea
3478 4240 3590 4307 tibi,
3609 4240 3865 4298 dederam

2259 4338 2618 4407 mandrugurte
2640 4335 2855 4391 odorem
2888 4334 3053 4408 (Ibid.
3080 4335 3193 4409 l3).
3222 4347 3245 4376 ο
3267 4335 3519 4409 Plerique
3540 4337 3861 4394 discernunt

2256 4429 2547 4498 quemdam
2586 4430 2734 4485 inter
2773 4429 3160 4501 mandragoras
3190 4443 3417 4498 sexta;
3463 4440 3521 4486 ιιι
3570 4440 3627 4485 et
3678 4445 3861 4485 mares

2256 4530 2450 4591 putent
2488 4536 2615 4577 esse
2658 4531 2712 4577 et
2754 4522 3025 4587 :femiuas,
3058 4522 3156 4578 sed
3186 4522 3416 4579 feminas
3430 4524 3620 4594 μαγίς
3645 4521 3855 4579 odoris.

2258 4613 2539 4684 Signiﬁcat
2568 4628 2697 4684 ergo
2722 4623 2915 4684 gentes
2942 4629 3063 4685 qua:
3086 4620 3216 4669 ante
3241 4614 3501 4681 tonabant,
3522 4629 3646 4670 cum
3670 4624 3862 4670 essent

552 4706 763 4763 habiles
792 4705 1028 4761 fortiori.
1064 4704 1330 4776 Exemplo
1356 4704 1463 4769 sit,
1496 4702 1642 4773 quod
1658 4701 1969 4759 ablactatus
2004 4702 2155 4758 Isaac
2184 4711 2236 4774 ι)
2256 4706 2587 4762 inﬁrmiores
2632 4707 2841 4762 evil-asa
2883 4706 3117 4777 quadam
3164 4706 3537 4765 imbecillitate
3574 4705 3818 4777 perﬁdiae
3839 4745 3856 4771 ,

520 4799 857 4872 patriarcha
890 4807 1070 4856 tantus
1094 4799 1364 4865 evaserit;
1389 4806 1450 4854 ut
1470 4796 1651 4854 adhuc
1666 4796 1815 4852 inter
1842 4795 2154 4852 rudimenta

550 4894 828 4965 primum
856 4891 1069 4963 positus
1092 4891 1302 4955 atatis,
1326 4905 1673 4961 aequequam
1706 4899 1885 4947 tamen
1912 4888 2151 4961 gladium

546 4986 761 5043 imiimi
800 4984 1050 5057 parentis
1097 4982 1374 5040 horruerit
1420 4980 1575 5053 (Gen.
1629 4998 1761 5051 nu,
1806 4982 1922 5055 ιθ).
1959 4984 2153 5039 Plures

552 5082 692 5139 ﬁlios
719 5080 909 5138 habuit
936 5077 1234 5143 Abraham,
1259 5076 1466 5132 nullum
1496 5074 1789 5131 ablactavit
1826 5076 2024 5144 alium,
2052 5076 2151 5133 sed

540 5179 603 5233 ia
624 5178 734 5234 hoc
755 5176 864 5233 fele
874 5174 1090 5232 accisae
1114 5171 1310 5246 legitur
1325 5171 1545 5243 epulum
1564 5184 1826 5242 maguum
1850 5170 2010 5243 (Gen.
2037 5187 2152 5238 ιιι,

549 5268 707 5343 8).Ει
719 5270 855 5328 bene
875 5284 1125 5341 magnum
1141 5266 1362 5338 epulum
1379 5265 1658 5337 Scriptura
1675 5264 1834 5332 dixit,
1848 5266 1971 5337 quia
1986 5274 2144 5337 typus

623 5424 651 5453 ι
678 5414 850 5471 Nulla:
888 5412 1021 5469 edit.
1063 5418 1364 5484 agnoscunt
1400 5422 1626 5479 vocem,
1662 5418 1938 5484 (exspecta,
1984 5426 2148 5484 quam

551 5496 734 5543 tamen
761 5501 893 5543 mss.
923 5480 1119 5539 carnes
1140 5480 1432 5549 exhibent,
1466 5482 1705 5553 exceptis
1730 5480 1924 5553 paucis
1952 5480 2042 5537 ubi
2074 5484 2149 5538 le-

550 5560 729 5630 gitur,
774 5568 1053 5630 exspectat.
1094 5554 1421 5630 Perperam;
1455 5552 1600 5630 CXX
1647 5555 1792 5609 enim
1833 5563 2149 5630 constanter

553 5620 775 5704 regunt,
806 5620 998 5704 Gildus
1040 5620 1328 5704 ἐπι-βλέψιν
1351 5626 1655 5704 προςδέχου
1675 5666 1690 5691 ,
1724 5635 1831 5681 etc.
1858 5620 2060 5704 Verum
2091 5627 2147 5680 in

544 5696 701 5759 teitu
723 5696 983 5766 'hebrazo,
1011 5707 1066 5754 et
1087 5697 1209 5753 aliis
1237 5696 1715 5768 versionibu'snon
1747 5711 1913 5768 parva
1934 5708 2017 5752 est
2045 5697 2151 5755 hoc

546 5764 1012 5853 loco_d‘rversitas,
1044 5780 1205 5853 quam
1236 5768 1290 5853 in
1320 5764 1509 5853 Bibliis
1528 5764 2087 5853 polyglfvidereest.

552 5916 556 5919 _
623 5846 650 5885 δ
677 5839 1148 5912 Εάὶιωιιιιιοείέιι
1174 5841 1412 5897 cubiculo
1428 5839 1562 5897 meo.
1593 5839 1749 5910 Mss,
1768 5839 1821 5895 in
1844 5840 2001 5898 cubili
2013 5856 2149 5912 meo,

2258 4801 2385 4857 boni
2410 4799 2603 4856 odoris
2630 4801 2868 4856 ﬂuctum
2896 4799 3042 4856 ferre
3062 4800 3328 4872 cupisse,
3358 4810 3642 4871 postquam
3673 4801 3727 4856 in
3759 4800 3859 4856 ad-

2253 4905 2474 4951 ventum
2512 4893 2733 4950 Domini
2776 4893 3155 4952 crediderunt.
3196 4895 3457 4967 Legimus
3496 4899 3660 4952 etiam
3702 4895 3857 4965 quod

2252 4988 2649 5060 mandragoras
2682 4987 2965 5057 acceperit
2998 4996 3188 5043 sancta
3220 4986 3426 5043 Rachel
3454 5002 3495 5041 ι
3535 5000 3728 5044 sorore
3753 5002 3857 5044 sua

2253 5081 2386 5147 Lia;
2414 5092 2471 5137 ut
2490 5080 2828 5137 concederet
2853 5079 2906 5135 ei
2935 5080 3025 5135 illa
3055 5090 3216 5137 nocte
3240 5080 3490 5137 dormire
3516 5096 3642 5137 cum
3666 5088 3858 5137 sancto

2255 5174 2425 5230 Jacub
2456 5173 2611 5245 (Gen.
2662 5189 2810 5238 χιι·
2839 5175 2907 5228 14
2947 5182 2996 5228 et
3038 5175 3197 5245 αφ).
3234 5174 3624 5246 Μιιιιὰτδεθιεειε
3660 5174 3856 5231 Ruben

2257 5267 2648 5339 primogenitus
2676 5264 2937 5321 attulerat
2975 5266 3135 5321 matri
3167 5280 3278 5321 suae
3304 5264 3445 5333 Lim,
3474 5282 3599 5338 qua:
3625 5266 3859 5338 lippien-

2254 5408 2909 5484 quodmeliusrespondet
2924 5413 3394 5484 graeco,énixoirnv
3407 5407 3674 5484 pomapud
3684 5405 3850 5463 LXX.

2332 5494 2355 5521 ο
2375 5481 2633 5551 Sequitur
2660 5483 2762 5538 hoc
2794 5483 2915 5538 loco
2930 5481 3180 5539 'Sanctus
3216 5481 3415 5538 noster
3432 5481 3702 5547 imprimis
3726 5495 3853 5534 sen-

2256 5554 2484 5609 tentiam
2510 5554 2847 5609 Dioscuridis
2862 5554 2964 5610 lib.
2992 5571 3075 5621 tv,
3102 5553 3297 5621 cap.7,
3330 5555 3402 5610 ita
3430 5564 3608 5607 tamen
3632 5562 3691 5606 ut
3716 5551 3855 5606 alio.

2260 5641 2377 5681 l‘ttllt
2411 5639 2519 5679 non
2547 5625 2777 5696 rejiciat.
2819 5625 2928 5681 Has
2960 5626 3148 5681 videre
3172 5622 3306 5681 licet
3345 5626 3488 5696 apud
3533 5622 3851 5696 Matbioltuu

2257 5698 2313 5753 in
2344 5688 2723 5752 cumdem'lib.
2750 5708 2805 5753 et
2833 5713 2955 5767 cap.
2988 5697 3163 5765 υἱεοά
3194 5698 3288 5753 sed
3318 5688 3583 5753 et'Critici
3612 5693 3753 5767 sacr_i
3782 5688 3855 5761 de

2261 5768 2633 5838 mandragoris
2664 5765 2913 5840 nonnihil
2934 5769 3099 5826 etiam
3121 5768 3409 5825 traduntin
3439 5782 3558 5840 cap.
3585 5781 3692 5821 xxx
3709 5765 3849 5821 Gen.

2262 5855 2410 5898 vers.
2440 5840 2529 5906 li;
2559 5854 2694 5911 quos
2723 5839 2971 5898 consule.
