3982 6482
43 367 214 431 Μ’ΪἿ

43 479 224 534 tibus
283 477 505 541 oculis,
558 473 856 546 Synagogm
902 468 1110 538 ﬁgurati

54 571 297 628 Christi
331 571 562 643 gratiam
592 567 778 622 videre
817 579 924 618 non
958 561 1131 633 potuit
1155 599 1171 624 ,
1215 553 1465 612 hebetato
1508 547 1704 606 debilis

66 667 306 721 tuentis
356 663 566 719 obtutu.
619 659 738 728 Quo
785 655 1094 712 declaratur
1135 650 1280 723 quod
1327 650 1530 703 [ructus
1567 653 1703 715 quos

66 772 218 814 ante
266 757 557 829 Synagoga
598 769 624 807 a
667 748 1024 822 primogenito
1060 743 1158 803 Dei
1209 741 1314 798 lilio
1353 743 1700 809 susceperat,

62 844 374 910 Ecclesia:
403 851 672 905 concessit
697 865 709 900 :
739 846 834 902 sed
863 845 987 916 quia
1014 841 1157 897 illius
1189 835 1360 894 noctis
1378 836 1546 905 potita
1574 848 1703 888 con-

61 948 278 1002 cubitu
325 944 516 1016 genuit
543 939 637 996 Lia
679 951 792 994 sua}
818 933 1155 1008 posteritatis
1179 929 1480 995 lueredem,
1512 925 1706 996 imple-

65 1043 154 1096 vit
187 1041 552 1114 mysterium.
577 1036 856 1105 quoniam,
889 1027 1236 1087 credentibus
1266 1021 1560 1097 apostolis,
1609 1036 1703 1076 re-

67 1110 279 1208 liquim:
330 1125 645 1190 Iudaeorum
678 1144 774 1202 per
800 1125 1119 1184 electionem
1145 1120 1331 1193 gratia
1355 1117 1521 1174 salvae
1549 1110 1704 1170 facta:

67 1235 238 1283 sunt.

149 1322 258 1378 ‘25.
293 1319 456 1375 Unde
482 1309 559 1372 ait
590 1313 828 1370 Ecclesia
853 1326 866 1366 :
897 1309 1048 1366 Nova
1070 1317 1116 1363 et
1137 1317 1326 1372 vetera,
1353 1306 1513 1374 frater
1534 1313 1698 1364 meus,

74 1413 297 1470 servavi
327 1410 420 1466 tibi
448 1409 625 1479 (Cant.
660 1423 753 1474 vn,
785 1403 895 1474 I3).
931 1402 1057 1471 Quis
1095 1400 1238 1453 dabit
1282 1407 1327 1452 te
1357 1398 1568 1466 fratrem
1598 1393 1705 1446 lac-

85 1517 296 1562 tentem
324 1504 483 1559 ubera
509 1502 686 1556 matris
713 1497 874 1553 mere?
899 1494 1172 1550 Invenietis
1195 1500 1242 1544 te
1261 1490 1412 1560 foris,
1432 1484 1706 1541 osculabar

87 1614 160 1668 te,
192 1611 243 1657 et
267 1601 480 1672 quidem
506 1614 605 1652 non
623 1602 856 1666 spernent
883 1608 980 1646 me.
1009 1593 1283 1644 Assumam
1307 1596 1373 1652 te,
1389 1595 1435 1638 et
1461 1583 1706 1638 inducam

85 1695 144 1748 in
167 1695 392 1747 domum
417 1689 591 1743 matris
613 1701 757 1752 mete,
781 1694 828 1738 et
866 1684 918 1737 in
961 1690 1212 1736 secretum
1254 1679 1366 1748 ejus
1387 1691 1502 1747 quae
1525 1689 1700 1728 conce-

90 1785 172 1855 pit
216 1793 302 1837 nte
344 1798 362 1835 :
406 1782 476 1834 ibi
514 1778 714 1833 docebis
741 1792 820 1831 me
852 1771 1024 1847 (Cant.
1059 1787 1185 1840 vni,
1222 1771 1248 1824 I
1281 1777 1336 1825 et
1371 1767 1453 1839 2).
1487 1765 1705 1821 Habetis

1208 347 1272 404 IN
1313 335 1641 402 PSALMUM
1681 331 1891 396 CXVIII
1929 327 2311 392 EXPOSITIO.

1113 479 1130 519 ι
1193 472 1221 502 ιι
1275 459 1519 529 accepit;
1575 453 1701 525 quia
1731 458 1774 512 Λ
1809 451 2025 521 poribus
2054 449 2332 518 largiatur,
2363 440 2571 498 debiles
2600 437 2864 499 sublevet,
2898 440 3141 488 mortuos
3165 429 3400 484 honoret

3255 311 3397 371 N78

1807 543 1996 598 tumuli
2023 541 2322 610 sepultura.
2357 537 2450 590 Itis
2476 531 2732 603 operibus
2761 527 2999 584 Charitas
3029 524 3308 595 qureritur,
3339 528 3400 572 ιιι

1807 650 1968 690 nemo
2013 608 2184 704 possit
2227 649 2255 685 a
2300 628 2521 685 Christo
2566 625 2649 679 vcl
2697 620 2939 694 periculo
2979 616 3172 671 mortis
3217 608 3401 666 avelli.

1806 729 1963 788 Unde
1993 703 2086 782 ille
2112 725 2186 779 ait
2220 743 2233 778 :
2270 723 2398 790 Quis
2427 736 2521 776 nos
2547 714 2805 789 separabit
2832 729 2862 766 a
2891 708 3127 765 Christo?
3152 703 3401 760 Tribula-

1808 823 1901 887 tio,
1927 836 1993 873 an
2021 815 2361 889 ongustia....
2396 829 2461 866 tm
2490 808 2776 881 persecutio
2809 805 2991 878 (Rom.
3020 815 3114 855 vttt
3135 840 3148 865 ,
3179 794 3304 864 5-5)?
3336 791 3407 847 Et

1806 911 1946 971 infra
1978 929 1991 964 :
2022 908 2243 978 Conﬁdo
2270 907 2404 961 enim
2427 903 2552 973 quia
2583 916 2742 971 neque
2769 914 2904 953 mors
2927 937 2941 960 ,
2974 909 3137 964 neque
3165 890 3292 953 vita,
3319 900 3410 940 ne—

1807 1021 1904 1075 que
1928 1005 2098 1077 angeli
2137 1002 2325 1072 (Ibid.,
2356 998 2471 1070 '58).

1879 1119 1970 1175 “29.
1999 1115 2073 1173 Ea
2104 1118 2286 1189 specie
2315 1113 2477 1170 etiam
2519 1109 2668 1168 zelus
2695 1111 2864 1165 durus
2895 1117 2977 1164 est
3007 1103 3310 1166 cbaritatis,
3350 1109 3407 1154 et

1807 1214 1907 1268 alae
1938 1214 2077 1283 ejus,
2111 1211 2214 1266 alte
2241 1209 2404 1281 ignis.
2447 1207 2620 1262 liabet
2666 1205 2778 1258 alas
2807 1204 2946 1258 sicut
2970 1197 3249 1259 columba;
3280 1202 3409 1250 sunt

1810 1310 1954 1362 cnim
1979 1319 2170 1376 penna:
2193 1301 2461 1360 columbze
2487 1298 2874 1370 de‘argentatce,
2901 1293 3096 1365 quibus
3116 1291 3289 1348 evolat
3313 1287 3407 1360 qui

1809 1397 2008 1470 diligit,
2039 1398 2260 1452 dicens:
2300 1393 2432 1448 Ecce
2460 1393 2698 1464 elongavi
2729 1390 2955 1462 fugiens,
2981 1398 3026 1441 et
3047 1386 3213 1439 mansi
3241 1385 3293 1437 in
3324 1399 3409 1437 so-

1811 1490 2030 1546 litndine
2055 1489 2231 1561 (Psal.
2259 1501 2364 1554 LIV,
2392 1486 2446 1560 8)
2471 1503 2482 1542 :
2519 1485 2613 1542 scd
2647 1487 2744 1540 alae
2772 1481 3071 1545 charitatis,
3115 1479 3215 1533 alae
3244 1477 3406 1546 ignis,

1811 1583 2008 1654 quibus
2053 1580 2363 1637 dilectionis
2409 1577 2708 1634 inﬂammat
2744 1575 3018 1631 ard-orem.
3050 1571 3164 1628 Hoc
3207 1583 3411 1640 vapore

1811 1676 2083 1733 ferventes
2108 1677 2236 1730 fecit
2257 1675 2520 1729 Dominus
2542 1673 2768 1744 angelos
2796 1686 2920 1724 suos
2950 1667 3197 1737 spiritus,
3231 1674 3285 1718 et
3308 1662 3414 1716 mi-

1812 1771 2013 1825 nistros
2053 1784 2181 1824 suos
2232 1769 2408 1839 ignem
2461 1778 2730 1829 urentem,
2780 1763 2874 1818 sed
2911 1775 3016 1816 non
3060 1765 3406 1814 exurentem.

91 1851 266 1943 igitur
301 1873 739 1928 informationem
773 1881 1037 1924 novarum
1081 1874 1138 1920 et
1181 1873 1427 1918 veterum
1455 1859 1704 1928 Scriptu-
1734 1851 1783 1912 B
1809 1863 2064 1934 Legimus
2108 1872 2160 1918 et
2190 1863 2332 1916 alam
2364 1861 2572 1930 templi,
2602 1873 2763 1929 supra
2805 1871 2964 1928 quam
3010 1853 3257 1909 diabolus
3293 1861 3410 1905 ten-

88 1983 288 2024 rarum
309 2009 324 2034 ,
363 1979 463 2022 nec
487 1965 878 2036 despicabilem
903 1977 966 2018 se
993 1975 1116 2017 esse
1144 1960 1386 2015 sentiens
1408 1998 1423 2025 ,
1466 1965 1572 2010 non
1613 1967 1706 2009 so-

89 2065 208 2118 lum
237 2061 580 2117 orationibus
607 2061 662 2113 in
689 2065 904 2114 secreto
929 2054 1110 2112 cordis
1137 2052 1373 2108 Verbum
1404 2057 1584 2114 tenet,
1616 2061 1709 2102 ve-

89 2173 216 2210 rum
253 2156 420 2210 etiam
448 2152 802 2224 psallentibus
843 2149 998 2205 chori
1038 2147 1260 2202 vocibus
1299 2143 1447 2200 velut
1485 2141 1711 2212 quihus-

90 2249 222 2302 dam
257 2261 385 2302 eum
414 2245 617 2300 osculis
645 2242 838 2314 gratiae
864 2238 1168 2296 osculatur.

166 2363 265 2420 ‘26.
301 2363 488 2434 Itaque
521 2359 787 2416 malorum
820 2367 1200 2430 granatorum,
1235 2353 1339 2408 hoc
1379 2358 1494 2415 est,
1522 2347 1707 2404 diver-

93 2471 287 2514 sorum
318 2469 374 2513 et
414 2455 891 2512 innumerabilium
927 2452 1239 2513 fructuum,
1287 2457 1334 2503 et
1367 2445 1649 2518 praecipue
1678 2441 1707 2480 δ

96 2551 224 2607 lidei
272 2547 554 2616 odoribus,
584 2538 791 2617 gratim,
822 2546 1128 2616 sapientize,
1157 2554 1209 2599 et
1237 2537 1443 2613 gloriae,
1475 2539 1714 2606 vitaeque

95 2655 324 2700 aeterna:
355 2643 584 2698 subnixa
627 2641 864 2706 divitiis,
914 2651 1034 2710 qua:
1087 2644 1218 2691 sunt
1247 2635 1387 2690 circa
1432 2631 1710 2686 sinistram

96 2749 151 2793 et
183 2737 468 2793 dexteram
499 2735 720 2806 Sponsi,
770 2749 865 2804 per
891 2733 1102 2788 animas
1132 2736 1348 2784 sanctas
1378 2722 1710 2780 laudantium

99 2828 588 2900 congregationum
618 2826 897 2895 plausibus
920 2823 1124 2879 excitat
1149 2819 1447 2884 Christum,
1479 2815 1670 2869 dicens
1695 2828 1710 2865 :

103 2923 364 2996 Adjuravi
388 2937 495 2984 vos,
525 2919 650 2988 filice
672 2917 998 2972 Hierusalem
1019 2957 1032 2978 ,
1063 2929 1126 2968 ne
1149 2909 1401 2965 suscitetis
1427 2917 1473 2962 et
1497 2905 1715 2961 resusci-

106 3017 224 3070 tetis
249 3015 598 3078 dilectionem,
631 3027 892 3082 usquequo
921 3007 1138 3063 voluerit
1169 3003 1337 3073 (Ibid.
1369 3002 1445 3071 4).

179 3132 275 3187 2'7.
312 3131 466 3188 Unde
496 3146 616 3187 eam
647 3131 910 3184 mirantur
940 3126 1065 3180 tiliae
1098 3121 1433 3180 Ilierusalem
1456 3163 1469 3185 ,
1515 3127 1716 3176 sancta:

111 3229 312 3281 anima:
350 3225 802 3297 patriarcharum,
836 3230 888 3277 et
920 3221 1330 3292 prophetarum,
1365 3224 1716 3284 veterumque
1741 3237 1790 3300 ο

109 3319 402 3388 iustorum,
434 3317 516 3371 vel
545 3315 798 3372 caelestes
828 3310 1106 3382 potentias,
1160 3309 1403 3362 dicentes
1437 3322 1450 3361 :
1488 3306 1616 3371 Qua:
1645 3314 1717 3358 est

117 3414 225 3468 haec
247 3427 360 3483 qua:
382 3410 609 3465 ascendit
637 3408 894 3472 dealbata,
919 3406 1144 3460 innitens
1164 3419 1318 3474 super
1335 3404 1549 3474 fratrem
1565 3416 1719 3454 suum

123 3503 309 3577 (lbid.,
334 3500 433 3573 5)?
463 3501 565 3557 hoc
594 3508 700 3566 est,
733 3498 930 3554 talibus
959 3493 1396 3552 solemnitatibus
1423 3491 1589 3563 fulget
1613 3492 1716 3546 Ec-

119 3598 285 3655 clesia
317 3615 330 3650 :
360 3605 416 3652 et
441 3610 561 3666 qure
601 3605 726 3648 ante
753 3609 848 3664 per
878 3590 1020 3647 diem
1051 3589 1199 3644 fusca
1226 3595 1363 3653 erat,
1385 3586 1497 3656 jam
1526 3585 1716 3656 splen-

123 3693 213 3748 det
247 3690 299 3746 i‘n
332 3689 582 3745 noctibus
614 3696 668 3742 et
696 3685 919 3742 relucet.

189 3781 281 3839 28.
323 3781 444 3853 Ipse
482 3797 696 3854 quoque
735 3779 993 3836 Dominus
1037 3786 1186 3834 tanto
1222 3789 1449 3830 munere
1479 3771 1716 3842 psallen-

129 3880 255 3934 tium
283 3875 585 3931 delectatus
612 3873 686 3928 ait
721 3892 732 3925 :
770 3872 912 3927 Pone
953 3888 1031 3925 me
1070 3880 1124 3924 ut
1164 3867 1492 3938 signaculum
1533 3865 1585 3918 in
1628 3880 1719 3918 cor

129 3981 267 4024 tuum
287 4012 302 4038 ,
335 3979 386 4022 ut
429 3967 662 4039 sigillum
693 3967 744 4019 in
777 3957 1041 4018 brachium
1072 3973 1250 4025 tuum;
1281 3959 1400 4030 quia
1431 3957 1608 4010 valida
1647 3964 1722 4011 est

132 4080 180 4122 ut
204 4082 336 4120 mors
358 4064 608 4127 Charitas,
635 4067 799 4115 durus
821 4060 952 4114 sicut
977 4059 1132 4129 inferi
1157 4055 1318 4110 zelus.
1341 4053 1452 4108 Αιω
1471 4042 1722 4124 ejus,°alat

133 4159 262 4230 ignis
303 4166 346 4210 et
389 4157 614 4225 flantum:
647 4169 665 4207 :
693 4169 826 4220 aqua
866 4151 1026 4203 nmlta
1069 4147 1340 4202 excludere
1383 4162 1486 4198 non
1538 4143 1724 4213 poterit

136 4251 432 4305 charitatent
458 4291 472 4314 ,
505 4257 552 4300 et
581 4247 802 4316 ﬂumina
831 4260 934 4297 non
967 4241 1295 4296 inundabunt
1326 4255 1438 4291 eam
1465 4235 1659 4308 (Ibid.,
1689 4234 1724 4289 6

139 4355 181 4398 et
212 4344 284 4414 7).
316 4341 447 4410 Quia
481 4339 609 4394 vidit
645 4347 846 4392 tantam
890 4335 1234 4390 devotionem
1269 4330 1563 4395 Ecclesia},
1607 4328 1727 4382 ido-

139 4451 262 4492 neos
301 4434 450 4504 putat
491 4445 614 4488 esse
641 4431 751 4500 jam
787 4427 1014 4499 populos
1040 4425 1134 4498 qui
1168 4425 1220 4480 in
1254 4424 1421 4481 corde
1453 4431 1638 4478 nostro
1668 4430 1725 4478 et.

143 4533 191 4586 in
222 4528 436 4584 brachio
463 4523 799 4599 signaculum
830 4525 946 4596 ejus
975 4531 1192 4594 portare
1222 4521 1509 4592 possimus.
1545 4520 1728 4592 Ipsum

145 4625 276 4679 enim
305 4623 459 4678 Pater
485 4619 723 4692 signavit
751 4617 894 4673 Deus
928 4635 940 4671 :
985 4626 1038 4671 et
1078 4616 1167 4686 qui
1209 4614 1579 4670 testimonium
1611 4611 1732 4682 ejus

149 4715 356 4786 accepit,
384 4714 638 4786 signavit;
672 4711 796 4783 quia
830 4710 973 4765 Deus
1005 4723 1165 4762 verat
1201 4717 1286 4763 est
1317 4725 1330 4760 :
1362 4717 1411 4760 et
1446 4705 1566 4760 ideo
1595 4720 1726 4774 0pc-

154 4819 318 4865 ranles
343 4808 517 4863 cibum
553 4815 960 4877 permanentem
993 4803 1044 4858 iu
1093 4803 1254 4857 vitam
1305 4799 1510 4873 1217
1563 4808 1721 4853 aeter-

157 4915 302 4967 nam,
331 4900 519 4971 signati
572 4908 699 4953 sunt
745 4895 810 4951 ad
864 4897 1152 4966 imaginem
1207 4903 1263 4948 et
1309 4887 1729 4946 similitudinem

156 4992 369 5059 Christi,
410 4993 500 5064 qui
549 4999 634 5047 est
678 4992 854 5062 imago
899 4990 1189 5045 invisibilis
1237 4987 1351 5041 Dei.
1403 4986 1558 5042 Sicut
1599 4997 1733 5053 ergo

159 5087 463 5143 Deusverax
500 5093 618 5150 est,
666 5093 722 5139 et
750 5090 810 5138 tu
840 5083 989 5154 signa
1035 5083 1089 5136 in
1135 5091 1230 5135 tuo
1260 5091 1422 5134 sensu
1468 5084 1524 5132 et
1564 5091 1731 5147 opere

161 5181 454 5246 veritatem;
501 5188 558 5233 ut
605 5193 667 5232 os
708 5185 856 5232 tuum
909 5193 1014 5232 non
1063 5176 1317 5245 loquatur
1363 5170 1732 5235 mendacium,

163 5293 332 5334 manus
360 5286 449 5331 tua
491 5289 597 5329 non
626 5281 884 5342 operetur
909 5287 1077 5340 Opera
1108 5270 1412 5330 hominum,
1455 5280 1576 5336 quae
1607 5274 1736 5320 sunt

161 5369 339 5426 fallacis
366 5368 524 5423 istius
551 5365 771 5432 mundi,
810 5364 909 5420 sed
936 5364 1023 5420 illa
1055 5378 1174 5436 quae
1199 5361 1296 5418 Dei
1321 5367 1480 5426 sunt;
1513 5366 1574 5413 ut
1601 5367 1736 5427 pau-

227 5583 250 5612 ι
285 5574 409 5651 [:ost
431 5572 655 5651 verbum
674 5567 919 5651 Lac-cepit
945 5607 959 5631 ,
981 5565 1364 5651 irrepseratin
1393 5561 1532 5651 edit.
1562 5574 1728 5651 quas:

171 5646 272 5700 dant
296 5645 491 5711 Paris-.,
513 5644 648 5715 quia,
667 5633 857 5715 Christi
875 5633 1337 5712 gratiam—accepit,
1365 5633 1511 5707 quod
1548 5647 1650 5688 nos
1675 5639 1741 5686 ut

172 5717 501 5772 adulterinum
529 5714 919 5770 abdicavimus.

233 5787 255 5826 ιι
283 5789 349 5844 Ita
369 5789 500 5844 edit.
527 5802 588 5840 ac
613 5785 768 5839 multi
793 5797 928 5839 mss.
960 5779 1066 5836 Alii
1092 5790 1276 5836 tamen
1299 5791 1406 5834 nec
1429 5777 1528 5847 ipsi
1555 5774 1738 5845 pauci,

178 5859 278 5925 ﬁdei
301 5860 538 5916 odoribus
563 5866 730 5928 grata,
760 5854 1048 5922 sapientius,
1077 5861 1183 5907 etc.

1725 6016 1787 6031 ρ-κη

1807 1967 1934 2010 tans
1960 1955 2089 2010 fecit
2125 1954 2420 2009 ascendere
2449 1952 2806 2014 Salvatorem,
2838 1963 2956 2019 qua:
2985 1958 3102 2002 erat
3127 1946 3182 2000 in
3217 1942 3403 2012 templi

1809 2047 2046 2105 culmine
2077 2046 2289 2120 (Matth.
2333 2059 2406 2111 iv,
2442 2041 2520 2118 5).
2568 2045 2706 2100 Sunt
2751 2057 2878 2114 ergo
2906 2051 2926 2079 ο
2953 2038 3162 2110 fastigia
3200 2036 3408 2107 pinnae,

1812 2153 1940 2197 sunt
1985 2143 2220 2197 culmina
2247 2139 2552 2205 charitatis,
2585 2154 2705 2208 qum
2727 2149 2982 2205 vaporem
3016 2131 3202 2203 gratim
3227 2137 3418 2201 pectu-

1811 2235 1963 2291 ribns
1993 2235 2252 2320 humanis
2271 2234 2493 2289 adolere
2528 2237 2965 2294 consueverunt;
2998 2236 3055 2282 ut
3077 2224 3244 2281 multa
3277 2239 3416 2294 aqua

1813 2334 2136 2404 extinguere
2166 2341 2328 2402 atque
2356 2330 2647 2386 excludere
2670 2345 2775 2384 non
2799 2336 2962 2400 queat
2986 2325 3329 2387 charitatem,
3355 2333 3413 2379 et

1814 2424 2038 2482 ﬂumina
2070 2441 2190 2483 eam
2223 2421 2564 2484 saecularium
2598 2413 2978 2495 tempestatum
3021 2415 3167 2474 nulla
3196 2411 3419 2474 conclu-

1816 2519 1968 2576 dant.

1891 2635 1982 2691 30.
2025 2635 2160 2688 (Inm
2211 2647 2342 2705 ergo
2389 2641 2537 2688 tanta
2587 2627 2845 2686 Ecclesia:
2884 2629 3079 2700 gratia,
3123 2636 3270 2682 tanta
3320 2641 3419 2682 nos

1823 2729 2042 2798 pra-mia
2071 2728 2380 2782 devotionis
2411 2727 2660 2792 invitent,
2712 2724 3109 2793 pra-veniamus
3150 2724 3417 2778 orientem

1822 2821 2016 2885 Solem,
2053 2834 2408 2874 occurramus
2446 2813 2512 2871 ad
2553 2817 2671 2886 ejus
2701 2825 2874 2881 ortus,
2919 2825 3206 2886 antequam
3232 2813 3375 2868 dicat
3405 2831 3418 2867 :

1827 2912 1964 2967 Ecce
2005 2913 2188 2967 adsum
2230 2911 2398 2984 (Esai.
2428 2927 2577 2973 Lvnt,
2622 2903 2700 2980 9).
2736 2908 2861 2964 Vult
2911 2923 2968 2964 se
3009 2906 3290 2978 przeveniri
3327 2905 3421 2961 Sol

1821 3006 2067 3073 justitim,
2097 3014 2152 3060 et
2192 3017 2246 3060 ut
2289 3003 2670 3076 prmvenialur,
2723 3010 3022 3071 exspectat.
3066 2999 3202 3055 Audi
3235 3014 3428 3072 quem-

1826 3095 2122 3153 admodum
2161 3104 2460 3166 ex5pcctet,
2494 3104 2548 3150 et
2574 3093 2760 3163 cupiat
2795 3093 3087 3164 praeveniri
3122 3091 3305 3150 :Dicit
3329 3110 3429 3148 an-

1827 3193 1942 3266 gelo
1973 3189 2221 3265 Pergami
2245 3188 2588 3244 Ecclesia...
2624 3190 2732 3260 Age
2759 3187 3105 3258 paenitentiam
3139 3202 3158 3240 :
3185 3196 3427 3241 eceteram

1829 3289 2033 3342 veniam
2063 3287 2154 3341 tibi
2179 3288 2278 3340 cito
2311 3284 2498 3358 (Apoc.
2530 3300 2584 3352 tt,
2622 3284 2689 3337 12
2715 3294 2762 3337 et
2791 3281 2900 3354 I6).
2926 3281 3059 3336 Dicit
3081 3283 3262 3355 angelo
3293 3279 3431 3334 Lao-

1831 3383 2088 3436 dicerv....
2122 3379 2395 3434 At‘mulare
2416 3396 2556 3452 ergo,
2581 3388 2628 3433 et
2660 3378 3010 3450 paenitentiam
3027 3393 3157 3448 age:
3192 3375 3321 3430 Ecce
3349 3384 3430 3430 sto

1828 3478 1902 3531 ad
1916 3481 2164 3548 januam,
2197 3486 2242 3528 et
2268 3475 2457 3546 pulso;
2487 3484 2536 3528 et
2574 3473 2619 3527 si
2644 3473 2759 3542 quis
2785 3471 3011 3526 audierit
3036 3488 3208 3525 vocem
3237 3489 3426 3539 meant,

1831 3570 2150 3642 ctaperuerit
2176 3570 2419 3638 januam,
2450 3567 2651 3621 intrabo
2669 3567 2738 3620 ad
2763 3582 2881 3619 eum
2907 3565 3093 3636 (Apoc.
3125 3581 3204 3630 ut,
3242 3564 3330 3630 M,
3361 3565 3429 3620 19

1834 3675 1880 3719 ct
1925 3663 2040 3736 ΞΟ).
2087 3663 2304 3718 Poterat
2353 3663 2595 3717 intrare:
2629 3660 2862 3730 denique
2913 3674 3013 3714 nec
3057 3669 3432 3731 resurgentem

1829 3774 1958 3811 eum
1991 3773 2111 3810 cum
2143 3771 2373 3824 corpore
2403 3754 2506 3809 ulla
2535 3754 2839 3809 clausurum
2873 3753 3147 3808 valvarum
3177 3753 3434 3824 repagula

1832 3848 2073 3902 retinere
2103 3855 2410 3916 potuerunt,
2445 3843 2628 3900 subito
2681 3859 2740 3900 se
2778 3845 3090 3916 apostolicis
3143 3845 3435 3915 penetrali-
3511 3862 3516 3867 ·

1836 3941 1938 3994 bus
1988 3939 2312 4008 improvisus
2360 3937 2557 3993 infudit
2586 3936 2769 4009 (John.
2804 3953 2890 3998 xx.
2945 3936 3033 4007 19)
3069 3955 3081 3990 :
3115 3937 3208 3991 sed
3256 3937 3438 3992 studia

1829 4031 2142 4087 devotionis
2195 4041 2298 4084 ture
2345 4030 2623 4086 desiderat
2668 4030 2934 4098 eXperiri;
2995 4031 3270 4099 apostolos
3320 4031 3432 4100 jam

1838 4123 2097 4194 probatos
2126 4122 2380 4177 habebat.
2415 4122 2522 4177 Aut
2548 4122 2706 4188 forte,
2737 4123 2788 4175 in
2815 4121 3198 4192 persecutione
3231 4137 3436 4191 praeve-

1838 4222 1918 4275 nit
1949 4235 1960 4274 :
1993 4220 2080 4275 ubi
2115 4218 2478 4289 tranquillitas
2523 4227 2628 4282 est,
2661 4216 2945 4286 przcveniri
2989 4214 3156 4286 cupit.
3193 4214 3436 4270 Prtevcni

1838 4326 1991 4371 certe
2019 4315 2160 4370 hunc
2207 4330 2365 4386 quem
2401 4313 2553 4369 vides
2576 4313 2770 4368 solem.
2806 4311 2976 4382 Surge
3019 4313 3104 4381 qui
3145 4311 3358 4374 dormis,
3391 4320 3441 4365 et

1840 4425 2060 4481 exsurge
2089 4427 2120 4463 a
2145 4408 2404 4471 mortuis;
2443 4417 2500 4461 ut
2532 4407 2796 4460 illucescat
2825 4405 2917 4459 tibi
2948 4403 3184 4460 Christus
3212 4403 3436 4476 (Ep/tes.

1845 4519 1933 4568 xv,
1971 4499 2083 4572 Id).
2133 4500 2189 4557 Si
2232 4499 2380 4555 hunc
2423 4499 2597 4554 solem
2641 4496 2974 4568 prmveneris
3019 4506 3308 4568 antequam
3340 4497 3442 4551 iste

1842 4605 2059 4668 surgat,
2092 4593 2323 4665 aspicies
2352 4592 2629 4648 Christqu
2670 4590 3089 4646 illuminantem.
3135 4589 3254 4659 Ipse
3289 4588 3440 4658 prius

1755 4676 1810 4737 Ῑ)
1840 4692 1898 4745 itu
1927 4691 2000 4744 tui
2032 4685 2214 4743 cordis
2246 4685 2513 4742 illucescit
2543 4700 2742 4739 arcano
2773 4703 2784 4739 :
2818 4684 2932 4754 ipse
2967 4684 3058 4738 tibi
3088 4681 3290 4738 dicenti
3319 4703 3329 4736 :
3362 4682 3444 4739 De

1841 4794 1994 4838 nocte
2028 4782 2206 4853 vigilat
2233 4780 2300 4832 ad
2329 4788 2376 4833 te
2398 4779 2613 4849 spiritus
2657 4794 2798 4832 meus
2822 4776 2992 4849 (Esoi.
3026 4793 3171 4842 xxu,
3216 4777 3295 4845 9),
3331 4793 3445 4832 ma-

1847 4875 2082 4940 tutinum
2108 4872 2290 4925 lumen
2322 4869 2660 4940 temporibus
2701 4865 2860 4924 faciet
2901 4865 3187 4938 splendere
3220 4880 3446 4922 unctur-

1847 4969 1956 5034 nis,
1998 4967 2042 5020 si
2072 4963 2349 5020 mediteris
2388 4963 2552 5019 verba
2604 4962 2723 5018 Dei.
2760 4962 2894 5016 Dum
2950 4962 3093 5017 enim
3143 4961 3447 5028 meditaris,

1853 5063 1941 5116 lux
1969 5071 2058 5116 eSt
2081 5075 2101 5113 ':
2129 5066 2185 5114 et
2222 5057 2415 5113 videns
2447 5057 2618 5112 lucem
2653 5069 2762 5112 non
2797 5056 3076 5124 temporis,
3109 5055 3201 5110 sed
3232 5056 3447 5127 gratiae,

1849 5156 1999 5212 dices
2031 5153 2154 5226 quia
2184 5152 2302 5208 Lua:
2348 5161 2606 5224 praecepta
2633 5148 2963 5223 tua(1bid.).
3010 5146 3144 5204 Cutn
3184 5160 3361 5204 autem
3397 5161 3452 5205 te

1849 5250 2208 5306 meditantem
2257 5247 2420 5304 verba
2450 5247 2632 5302 divina
2679 5246 2797 5302 dies
2831 5243 3044 5316 1218
3073 5242 3362 5306 IIIVCBOI‘I‘I,
3391 5253 3456 5299 et.

1857 5362 1965 5407 tam
1997 5353 2207 5418 gratum
2229 5357 2373 5412 opus
2408 5337 2622 5405 orandi,
2656 5348 2819 5408 atque
2850 5335 3118 5408 psallendi
3139 5335 3461 5391 deiectave-

1933 5567 1953 5594 c
1979 5553 2181 5609 Omnes
2205 5545 2336 5606 edit.
2379 5559 2432 5604 et
2453 5548 2607 5618 pauci
2639 5561 2796 5611 mss,
2829 5545 3043 5618 fastigia
3084 5547 3309 5607 pietatis.
3346 5546 3454 5600 Alii

1853 5641 1967 5682 non
1983 5625 2152 5680 multo
2165 5625 2370 5693 plures,
2393 5617 2602 5692 fastigia
2612 5620 2722 5688 pia.
2733 5617 2949 5693 κρῆσιιί
2965 5618 3225 5693 denique.
3236 5617 3456 5693 fastigia

1855 5700 2052 5771 pinnat.
2091 5685 2309 5771 Op'tirna
2336 5685 2672 5771 lectio_,'cum
2708 5685 2973 5771 referatur
3007 5689 3080 5742 ad
3118 5685 3254 5742 illud
3287 5699 3454 5768 supra

1861 5757 2124 5840 positum.
2144 5757 2360 5840 legimus
2382 5774 2427 5817 et
2449 5762 2589 5815 alam
2605 5761 2789 5840 [templi
2808 5775 2826 5812 :
2847 5771 3013 5830 quam
3040 5771 3248 5828 partem
3277 5757 3462 5826 p‘irma.

1855 5832 2033 5898 culum
2059 5832 2226 5892 vocat
2251 5837 2473 5906 Vulgata
2501 5832 2700 5888 versit).
