4104 6350
531 233 674 292 N79

1860 213 2106 277 SANCTI
2142 208 2469 273 AMBROSII

3705 200 3845 261 1480

530 352 602 409 rit
634 361 777 406 tuam
809 357 1072 414 mentem,
1104 347 1306 405 iterum
1329 346 1480 404 dices
1505 343 1572 402 ad
1586 344 1873 402 Dominum
1905 343 2087 399 Jcsum
2116 357 2128 394 :
2160 343 2209 400 A
2237 345 2441 407 quentes
2471 349 2549 387 me
2569 332 2857 406 iniquitate,
2882 329 2987 386 hoc
3014 333 3122 393 est,
3155 325 3246 398 qui
3276 337 3402 382 cum
3432 320 3730 394 iniquitate
3757 339 3841 377 me

535 449 723 504 Exitus
750 446 1048 510 matutinos,
1077 455 1127 498 et
1154 459 1362 514 vespere
1379 441 1656 498 delectabis
1682 439 1857 514 (Psal.
1881 454 2028 502 wa,
2051 433 2129 507 9).

607 542 698 599 5L
745 539 830 595 An
872 553 1001 595 vero
1034 537 1218 610 Moyse
1264 538 1526 608 magistro
1550 546 1575 573 ει
1606 549 1735 592 usus
1783 533 2012 604 populus
2039 529 2134 587 Ju-

2239 428 2725 502 persequebantur.
2766 427 2982 494 Quanto
3034 421 3206 494 magis
3245 419 3381 476 mihi
3430 417 3834 490 appropinqua-

2237 537 2453 595 verunt,
2493 536 2642 583 tanto
2672 526 2906 596 amplius
2943 540 3003 581 se
3041 539 3072 578 a
3095 523 3213 594 lege
3258 530 3347 576 tua
3393 525 3830 590 separaverunt;

543 633 811 700 decorum,
835 631 1077 704 quotidie
1103 631 1156 686 in
1179 629 1488 686 senioribus
1509 629 1646 695 suis,
1675 628 1768 698 qui
1794 626 1861 682 ad
1891 626 1995 682 hoc
2017 639 2137 678 mu—
2238 622 2492 693 quoniam
2532 621 2624 694 qui
2664 620 2889 676 fratrem
2935 632 3091 674 suum
3135 612 3504 686 persequitur,
3530 627 3558 665 a
3586 610 3714 680 lege
3749 622 3834 663 se-

543 742 645 784 nus
674 724 837 783 electi
869 735 1015 792 sunt,
1055 723 1308 778 noctibus
1342 737 1406 779 ac
1440 721 1635 778 diebus
1674 722 1791 776 sine
1824 719 1931 774 ulla
1956 731 2138 774 cessa-

545 823 693 878 tione
741 828 994 876 recenset
1038 818 1348 887 Scripturas
1385 817 1642 873 divinas:
1675 824 1731 873 et
1755 815 1799 870 si
1827 812 1954 885 quid
1993 810 2137 868 aliud

544 917 817 972 seniorem
863 911 1307 984 interrogaveris,
1342 911 1518 967 nescit
1547 909 1650 965 nisi
1678 909 1974 979 Scriptura:
2000 905 2141 961 divi-

540 1024 626 1064 nae
671 1007 871 1065 seriem
912 1005 1178 1063 resultare
1210 1003 1408 1077 (Exod.
1438 1021 1592 1071 xvnt,
1618 1002 1685 1058 14
1709 1011 1759 1058 et
1784 1003 1941 1074 seq.).
1974 1001 2142 1056 Vacat

547 1101 659 1157 illic
683 1116 867 1158 sermo
891 1100 960 1157 de
987 1101 1212 1166 sarculo,
1239 1100 1356 1156 sola
1380 1098 1491 1154 illic
1506 1099 1786 1171 Scriptura
1812 1097 2140 1163 contexitur,

549 1196 892 1268 singulorum
919 1193 1020 1250 sibi
1050 1209 1146 1264 per
1178 1193 1327 1249 vices
1355 1208 1450 1248 ora
1477 1191 1805 1256 succedunt;
1838 1206 1906 1244 ne
1927 1189 2144 1260 quando

549 1303 706 1344 sacer
735 1287 830 1344 ille
858 1301 1027 1342 sonus
1053 1285 1430 1341 mandatorum
1453 1285 1759 1342 caelestium
1791 1282 2016 1339 ferietur
2047 1301 2061 1336 :
2091 1290 2147 1338 et

552 1388 608 1435 tu
654 1379 987 1447 Christiane,
1021 1378 1248 1446 dormis,
1275 1378 1364 1433 cui
1407 1380 1666 1449 magister
1687 1385 1772 1432 est
1795 1376 2070 1441 Christus;
2093 1384 2149 1430 et

550 1487 661 1529 non
691 1470 903 1528 vereris
937 1488 1006 1526 ne
1027 1471 1096 1527 de
1123 1480 1174 1527 te
1201 1469 1411 1526 dicatur
1436 1489 1450 1526 :
1476 1470 1714 1540 Populus
1738 1467 1840 1525 iste
1864 1484 1964 1526 nec
1993 1467 2148 1523 labiis

554 1581 644 1622 me
689 1564 956 1622 honorat?
983 1563 1202 1620 Judaeus
1241 1565 1329 1622 vel
1362 1563 1542 1630 labiis,
1579 1572 1633 1618 tu
1670 1578 1800 1618 vero
1836 1578 1938 1618 nec
1966 1562 2147 1617 labiis.

550 1657 609 1716 Si
641 1657 787 1713 illius
808 1658 900 1728 qui
925 1657 1010 1712 vel
1037 1656 1194 1712 labiis
1217 1656 1470 1724 honorat,
1509 1670 1604 1710 cor
1632 1654 1793 1725 longe
1821 1663 1906 1710 est
1933 1669 1962 1708 a
1993 1653 2145 1709 Dee:

2241 715 2502 771 cernitur.
2530 714 2641 770 Lex
2692 713 2838 768 enim
2875 711 3015 767 dicit
3053 728 3065 763 :
3095 708 3298 780 Diliges
3331 706 3612 761 Dominum
3665 701 3835 757 Deum

2243 817 2480 863 tuunt....
2529 807 2713 878 diliges
2761 805 3056 875 proximum
3094 812 3236 857 tuum
3267 799 3448 873 (Deut.
3491 815 3566 863 vr,
3592 797 3675 868 5).
3720 794 3835 850 NOII

2242 914 2372 972 ergo
2414 899 2625 956 oderim
2676 898 2921 963 fratrem,
2960 912 3029 952 ne
3060 895 3271 950 dicatur
3313 893 3445 949 mihi
3472 911 3486 948 :
3511 891 3573 948 Si
3625 895 3838 962 fratrem

2243 1003 2386 1048 tuum
2418 993 2629 1066 1219
2649 1009 2750 1047 non
2781 991 2976 1063 diligis,
3017 1006 3169 1062 quem
3196 987 3336 1042 rides
3366 986 3666 1058 :quontodo
3703 992 3840 1054 potes

2245 1088 2414 1152 Deum
2438 1089 2673 1160 diligere,
2697 1103 2846 1159 quem
2887 1101 2988 1140 non
3021 1084 3162 1138 uides
3211 1082 3258 1155 (l
3283 1080 3442 1136 Joan.
3465 1096 3541 1146 tv,
3571 1077 3667 1144 20)
3691 1076 3716 1130 ἲ
3743 1076 3844 1133 Ne-

2247 1182 2355 1238 scis
2387 1180 2606 1236 fratrem
2635 1189 2784 1234 tuum
2833 1193 3072 1234 mercem
3122 1190 3244 1232 esse
3279 1172 3556 1246 sanguinis
3601 1170 3841 1227 Christi?

2247 1276 2479 1332 Mercem
2511 1289 2643 1346 ergo
2679 1289 2786 1330 non
2822 1271 3001 1344 diligis
3027 1268 3252 1336 Christi,
3286 1270 3330 1326 si
3371 1268 3596 1324 fratrem
3620 1281 3731 1322 non
3765 1265 3844 1321 di-

2248 1370 2388 1440 ligis.

2321 1460 2415 1518 55.
2443 1461 2588 1532 Ergo
2635 1469 2951 1532 persecutor
3001 1460 3132 1515 mihi
3178 1457 3609 1530 appropinquat,
3659 1464 3718 1510 ut
3755 1469 3845 1510 no-

2250 1567 2374 1615 ceat
2408 1577 2419 1612 :
2454 1559 2551 1614 sed
2579 1558 2624 1613 is
2647 1574 2706 1614 se
2733 1575 2761 1612 a
2793 1559 2915 1630 lege
2944 1558 3326 1634 disterminat;
3353 1573 3475 1628 qua:
3495 1555 3645 1612 enim
3675 1554 3846 1626 portio

2248 1655 2476 1726 justitite
2505 1672 2626 1712 cum
2661 1654 2987 1726 iniquitate?
3013 1654 3114 1722 Qui
3145 1662 3322 1709 autem
3348 1667 3378 1706 a
3409 1653 3524 1724 lege
3548 1651 3648 1706 Dei
3672 1665 3733 1705 se
3759 1664 3844 1704 se-
3903 1652 3919 1665 '

549 1749 824 1822 quomodo
852 1757 1032 1820 potest
1071 1764 1167 1805 cor
1193 1757 1344 1806 tuum
1377 1765 1549 1820 prope
1573 1762 1719 1815 esse,
1751 1749 1840 1819 qui
1875 1750 2040 1803 etiam
2069 1747 2148 1803 la-
2177 1759 2226 1819 Β
2253 1758 2426 1820 parat,
2458 1758 2673 1820 separat
2704 1765 2765 1804 se
2802 1749 2870 1804 ab
2915 1757 3114 1803 aeterna
3146 1747 3292 1812 vita;
3323 1746 3410 1802 lex
3439 1747 3587 1801 enim
3617 1745 3724 1800 vita
3745 1752 3845 1800 est.

553 1843 660 1900 hiis
688 1859 795 1899 non
829 1843 1103 1899 honores?
1142 1842 1410 1912 Quamdiu
1449 1852 1500 1899 te
1541 1856 1788 1911 somnus,
1820 1840 2075 1911 quamdiu
2099 1850 2153 1897 te

556 1936 835 1992 saecularia
857 1943 1073 2003 tenent,
1094 1935 1355 2008 quamdiu
1391 1934 1790 1992 sollicitudines
1820 1934 1978 1991 istius
2004 1933 2150 1998 vitae,

555 2028 818 2101 quamdiu
851 2029 1109 2085 terrena?

625 2121 716 2179 '52.
751 2121 941 2179 Divide
964 2123 1160 2180 saltem
1189 2122 1306 2180 Deo
1322 2131 1378 2179 et
1406 2123 1610 2178 saeculo
1641 2132 1885 2194 tempora
1914 2130 2002 2177 tua
2029 2139 2042 2176 :
2070 2121 2154 2178 vel

559 2215 779 2289 quando
811 2231 919 2272 non
950 2224 1107 2287 potes
1150 2231 1315 2286 agere
1347 2215 1402 2271 in
1440 2215 1658 2286 publice
1688 2231 1808 2286 quae
1837 2224 1964 2271 sunt
2001 2214 2156 2270 istius

562 2309 771 2378 mundi,
795 2319 852 2367 et
883 2310 1122 2367 tenebrae
1154 2309 1450 2381 prohibent
1475 2310 1670 2378 nectis,
1694 2309 1808 2365 Dee
1830 2317 2044 2375 vacate,
2077 2310 2158 2363 in-

558 2403 722 2476 dulge
741 2404 1080 2460 orationibus
1102 2421 1115 2467 ;
1144 2412 1200 2460 et
1223 2419 1290 2458 ne
1311 2401 1707 2470 obdormiscas,
1735 2401 1950 2474 psallite
1975 2418 1988 2454 :
2014 2416 2160 2458 sein-

565 2514 691 2554 num
723 2507 873 2555 tuum
895 2497 1036 2554 bona
1060 2497 1250 2554 fraude
1275 2495 1544 2552 fraudato.
1578 2497 1734 2552 Mane
1766 2496 1982 2561 festina,
2011 2505 2065 2551 et
2091 2493 2160 2549 ad

562 2591 865 2651 Ecclesium
889 2593 1040 2650 defer
1063 2592 1331 2664 primitias
1357 2593 1427 2663 pii
1454 2593 1561 2646 voti
1585 2610 1598 2646 :
1619 2599 1677 2647 et
1702 2599 1910 2661 postea,
1939 2589 1984 2644 si
2007 2597 2163 2644 vocat

565 2688 850 2746 saecularis
878 2687 1198 2754 necessitas,
1229 2702 1338 2743 non
1369 2686 1674 2743 excluderis
1702 2685 1885 2741 dicere
1914 2700 1929 2740 :
1958 2683 2163 2740 Prtere-

561 2791 747 2837 nerunt
795 2781 932 2837 oculi
969 2781 1072 2837 mei
1098 2796 1269 2846 mane,
1297 2780 1537 2835 meditari
1572 2779 1726 2835 verba
1771 2788 1862 2833 tua
1891 2794 1909 2833 :
1935 2793 2164 2834 securus

563 2875 830 2948 procedes
870 2875 937 2930 ad
985 2886 1110 2930 tuos
1149 2882 1324 2930 actus.
1358 2872 1530 2941 Quam
1556 2871 1857 2944 jucundum
1909 2872 2165 2928 inchoare

562 2970 631 3027 ab
674 2969 890 3044 hymnis
942 2968 1287 3035 etcanticis,
1339 2983 1370 3023 a
1400 2966 1428 3005 ι)
1461 2965 1890 3022 beatitudinibus
1935 2981 2074 3036 quas
2110 2965 2163 3020 in

563 3062 861 3133 Evangelio
890 3061 1028 3134 legis
1067 3059 1282 3134 (Matth.
1327 3058 1425 3131 v)?
1455 3058 1629 3129 Quam
1661 3072 1981 3130 prosperum
2031 3067 2088 3112 ut
2116 3064 2168 3112 te

2256 1845 2500 1916 Denique
2543 1842 2840 1901 ostendens
2873 1842 3141 1913 Propheta
3191 1842 3366 1913 legem
3407 1840 3526 1905 Dei,
3558 1839 3635 1895 ait
3666 1857 3678 1893 :
3711 1840 3846 1895 Ecce

2255 1939 2358 1994 ista
2389 1949 2478 1995 est
2503 1938 2632 2004 vita,
2664 1936 2919 2009 quoniam
2942 1937 3032 2007 qui
3057 1935 3187 1990 facit
3211 1949 3333 2005 quae
3358 1933 3492 2003 legis
3522 1941 3673 1998 sunt,
3708 1931 3849 1985 vivet

2255 2033 2309 2089 in
2353 2031 2434 2088 eis
2475 2031 2659 2104 (Leuit.
2703 2048 2858 2098 xvnt,
2904 2032 2960 2100 5)
2993 2029 3173 2101 :quod
3224 2027 3329 2099 legi
3369 2026 3628 2082 convenit
3671 2023 3847 2096 utique

2257 2128 2508 2198 Spiritali.
2540 2127 2610 2182 Et
2637 2127 2869 2182 fortasse
2897 2127 2987 2196 qui
3022 2125 3155 2179 mihi
3202 2123 3642 2193 appropinquat;
3677 2129 3735 2175 ut
3758 2135 3849 2175 no-

2258 2231 2378 2278 ceat
2398 2219 2554 2287 mihi,
2579 2220 2707 2274 dum
2732 2228 3016 2291 separatur
3035 2234 3065 2273 a
3083 2218 3224 2288 lege,
3248 2225 3533 2286 separatur
3558 2232 3589 2270 a
3611 2212 3845 2277 Christo;

2259 2315 2386 2386 quia
2434 2314 2688 2369 Christus
2741 2322 2825 2369 est
2870 2312 2998 2369 vita.
3058 2313 3168 2384 Ego
3224 2319 3402 2366 autem
3457 2310 3504 2365 si
3549 2307 3848 2364 adhaeream

2261 2408 2499 2477 Christo,
2533 2424 2633 2466 nec
2660 2409 2788 2464 mihi
2813 2410 3241 2480 appropinquat;
3273 2408 3397 2478 quia
3419 2405 3640 2461 etiamsi
3669 2419 3849 2475 corpo—

2262 2502 2340 2559 ris
2370 2503 2476 2557 mei
2507 2502 2708 2558 habeat
2744 2511 3088 2568 potestatem,
3135 2502 3332 2556 animae
3372 2508 3560 2556 tamen
3591 2514 3724 2555 mea:
3764 2513 3851 2553 no-

2269 2611 2398 2652 cere
2430 2610 2536 2651 non
2586 2595 2804 2666 poterit.
2848 2596 3091 2667 Denique
3120 2605 3496 2665 persecutores
3542 2602 3850 2664 martyrum,

2265 2706 2426 2763 quam
2457 2673 2619 2760 longe
2647 2690 2716 2745 ab
2749 2705 2942 2746 eorum
2975 2691 3184 2747 meritis
3207 2689 3443 2762 separati
3472 2691 3634 2745 sunt!

2341 2784 2431 2840 56.
2467 2783 2649 2856 (Vers.
2687 2782 2836 2854 15L)
2867 2783 2977 2839 Sed
3001 2782 3139 2838 forte
3169 2783 3318 2838 dicas
3344 2801 3356 2838 :
3379 2782 3671 2852 Quomodo
3696 2779 3852 2836 sancti

2269 2876 2548 2932 adhaerent
2567 2876 2709 2932 Deo?
2732 2875 2802 2930 Et
2823 2875 2946 2932 ideo
2968 2877 3242 2946 sequitur:
3259 2875 3434 2946 Pr0pe
3452 2892 3504 2931 es
3521 2885 3604 2942 tu,
3631 2873 3854 2938 Domine,

2271 2979 2320 3025 et
2369 2969 2543 3023 omnia
2585 2978 2847 3038 praecepta
2894 2979 2985 3024 tua
3015 2969 3226 3024 veritas.
3273 2969 3449 3038 PrOpc
3489 2980 3582 3024 est
3613 2967 3856 3024 Dominus

2271 3062 2546 3126 omnibus,
2578 3062 2673 3132 qui
2698 3062 2901 3134 ubique
2930 3061 3124 3118 adest:
3159 3078 3259 3118 nec
3297 3061 3485 3133 fugere
3524 3078 3655 3118 eum
3683 3074 3858 3133 possu-

568 3171 750 3213 sermo
792 3154 992 3211 Christi
1038 3153 1352 3221 henedicat,
1403 3165 1456 3210 et
1485 3153 1612 3209 dum
1662 3162 1912 3209 recantas
1956 3151 2166 3207 Domini
2196 3165 2243 3230 α
2273 3171 2414 3220 mus,
2468 3155 2512 3210 si
2560 3155 2887 3211 offendimus
2917 3175 2932 3211 :
2961 3170 3061 3211 nec
3099 3155 3309 3219 fallere,
3359 3156 3406 3210 si
3457 3155 3856 3226 delinquimus:

570 3247 1007 3315 benedictiones,
1036 3246 1272 3304 studium
1295 3245 1525 3316 alicujus
1558 3245 1774 3301 virtutis
1794 3258 2043 3300 assumas
2071 3260 2085 3309 ;
2113 3252 2170 3298 nt

569 3344 739 3401 etiam
793 3345 847 3400 in
894 3354 946 3398 te
1004 3341 1402 3398 benedictionis
1449 3340 1648 3397 divina:
1699 3339 1952 3395 meritum
2011 3352 2168 3394 reco-

568 3453 820 3510 gnoscas.

644 3531 734 3587 55.
773 3531 956 3604 (Vers.
985 3527 1139 3597 149.)
1166 3526 1424 3598 Sequitur
1457 3541 1649 3583 versus
1676 3527 1896 3597 quintus
1928 3546 1940 3582 :
1983 3525 2171 3582 Vocem

574 3645 740 3685 meam
763 3627 957 3684 exaudi
981 3627 1264 3680 secundum
1290 3625 1697 3679 misericordiam
1723 3633 1886 3689 tuam,
1916 3622 2130 3678 Domine
2154 3638 2173 3676 :

569 3733 617 3778 et
634 3724 915 3779 secundum
927 3721 1190 3796 judicium
1213 3729 1360 3775 tuum
1384 3719 1587 3789 uiviﬁca
1610 3735 1710 3775 nte.
1736 3719 1964 3789 Semper
1986 3717 2171 3784 homo,

581 3817 797 3872 etiamsi
822 3824 1067 3883 sanctus,
1093 3823 1150 3870 et
1173 3813 1352 3885 justus
1374 3813 1464 3878 sit,
1490 3812 1651 3868 debet
1682 3828 1839 3868 orare
1863 3829 1878 3878 ;
1913 3821 1973 3867 ut
2008 3825 2175 3868 exau-

582 3909 696 3966 diat
717 3923 839 3966 eum
872 3907 1138 3963 Dominus
1176 3905 1476 3962 secundum
1529 3903 1956 3960 misericordiam
1997 3918 2174 3969 suam,

574 4018 684 4060 non
705 3999 965 4059 secudum
999 4000 1196 4057 merita
1222 3997 1442 4054 virtutis
1474 3997 1742 4069 alicujus;
1772 3995 1895 4068 quia
1926 4011 2048 4052 rara
2077 3995 2178 4050 vir-

578 4107 687 4164 tus,
721 4096 889 4153 multa
913 4103 1132 4168 peccata
1163 4111 1177 4148 :
1211 4105 1268 4151 et
1296 4095 1596 4151 secundum
1620 4092 1882 4163 judicium
1913 4107 2092 4157 suum,
2119 4102 2178 4145 ut

574 4189 805 4246 infirmis
835 4204 992 4261 Opem
1026 4187 1181 4244 lerat.
1224 4186 1295 4243 Et
1333 4185 1567 4243 maxime
1601 4185 1703 4241 hoc
1731 4185 1992 4241 debemus
2018 4199 2176 4239 orare

573 4300 697 4340 cum
726 4283 1000 4356 aliquibus
1032 4297 1294 4354 urgemur
1324 4280 1591 4337 adversis.
1626 4278 1780 4334 Unde
1811 4293 1917 4333 non
1941 4277 2114 4332 otiose
2145 4291 2176 4331 a

571 4389 762 4433 sancto
789 4375 959 4432 David
1010 4374 1290 4446 praemissa
1323 4381 1409 4429 est
1435 4371 1632 4427 divinae
1664 4370 2057 4426 misericordize
2081 4385 2177 4439 pe-

575 4470 820 4525 stulatio.

2276 3263 2378 3304 nec
2428 3246 2747 3312 annuimus,
2801 3249 2846 3302 si
2895 3247 3160 3303 colamus.
3207 3247 3426 3318 Spectat
3477 3249 3670 3303 omnia
3713 3246 3858 3309 Deus,

2275 3342 2458 3398 omnia
2484 3341 2652 3410 videt,
2682 3343 2889 3398 assistit
2909 3343 3156 3413 singulis,
3173 3341 3359 3398 dicens
3383 3360 3394 3395 :
3421 3341 3568 3396 Deus
3592 3339 3861 3412 appropin-

2273 3452 2435 3507 quans
2469 3450 2562 3507 ego
2607 3451 2721 3490 sum
2748 3433 2962 3508 (Jerem.
2998 3450 3160 3502 χχιιι,
3214 3433 3346 3506 23)?
3374 3433 3441 3488 Et
3473 3433 3752 3504 quomodo
3780 3445 3864 3502 po-

2275 3538 2381 3586 test
2403 3528 2595 3583 deesse
2619 3527 2818 3584 alicubi
2843 3528 3010 3595 Deus,
3040 3544 3162 3583 cum
3194 3526 3262 3582 de
3280 3526 3484 3597 Spiritu
3515 3527 3620 3582 Dei
3652 3525 3862 3597 legeris:

2277 3621 2506 3691 Spiritus
2534 3620 2744 3675 Domini
2768 3621 2983 3690 replevit
3011 3621 3184 3676 orbem
3221 3629 3474 3675 terrarum
3513 3620 3675 3691 (Sap.
3709 3633 3744 3684 ι,
3777 3616 3864 3686 7)?

2277 3715 2413 3784 Quia
2442 3714 2530 3769 ubi
2564 3714 2778 3770 Domini
2809 3712 3064 3784 Spiritus,
3102 3714 3172 3768 ibi
3204 3712 3464 3768 Dominus
3489 3713 3655 3769 Deus.
3679 3709 3859 3766 Cirtam

2277 3816 2324 3862 et
2355 3817 2544 3860 terram
2581 3822 2674 3878 ego
2716 3805 2968 3876 compleo,
3011 3804 3138 3859 dicit
3165 3803 3416 3858 Dominus
3462 3802 3680 3876 (Jerem.
3717 3814 3856 3865 mu,

2276 3898 2391 3969 24).
2423 3898 2525 3955 Ubi
2569 3899 2728 3969 igitur
2761 3897 2943 3954 deﬁcit
2978 3899 3068 3969 qui
3113 3899 3296 3968 implet
3334 3897 3557 3953 omnia?
3609 3901 3711 3953 Aut
3737 3907 3858 3962 que-

2278 3994 2443 4050 modo
2491 3993 2561 4049 de
2605 3993 2942 4064 plenitudine
2976 3994 3094 4064 ejus
3149 4008 3250 4050 nos
3293 4009 3484 4050 omnes
3525 3993 3856 4063 accepimus,

2279 4091 2382 4146 nisi
2405 4088 2660 4145 omnibus
2691 4090 3126 4160 apprepinquct?

2351 4184 2441 4240 57.
2491 4183 2734 4255 Denique
2778 4184 2946 4239 David
2990 4184 3170 4240 sciens
3201 4183 3353 4240 illum
3395 4183 3598 4254 ubique
3649 4197 3784 4245 esse,
3813 4186 3861 4234 et

2281 4277 2508 4348 implere
2529 4277 2753 4343 ccelum,
2797 4287 2851 4333 et
2874 4287 3095 4344 terram,
3123 4287 3178 4333 et
3204 4278 3397 4346 maria,
3428 4279 3504 4332 ait
3539 4296 3553 4333 :
3593 4281 3703 4345 Quo
3731 4275 3805 4329 ibo
3833 4288 3861 4324 α

2282 4372 2487 4442 Spiritu
2531 4383 2618 4428 tuo
2641 4415 2654 4438 ,
2692 4382 2740 4428 et
2765 4390 2864 4443 quo
2902 4390 2936 4428 a
2965 4373 3098 4444 [acie
3133 4383 3222 4427 tua
3251 4373 3489 4444 fugiant?
3511 4372 3577 4430 Si
3602 4368 3862 4427 ascendere

2279 4469 2333 4523 in
2360 4468 2567 4533 caelum,
2593 4481 2647 4522 tu
2670 4467 2740 4522 ibi
2761 4484 2816 4524 es
2846 4485 2864 4521 :
2889 4469 2934 4522 si
2957 4467 3270 4523 descendere
3305 4467 3362 4520 in
3399 4469 3682 4539 infernum,
3714 4461 3862 4517 ades:

647 4563 738 4617 54.
781 4559 963 4632 (Vers.
995 4561 1145 4631 150.)
1195 4557 1452 4630 Sequitur
1497 4557 1642 4615 enim
1681 4575 1694 4612 :
1720 4557 2176 4630 Appmpinquaue-
2205 4562 2260 4623 D
2282 4562 2328 4616 si
2348 4577 2614 4633 sumpsero
2641 4578 2837 4634 pennas
2868 4579 3005 4617 meas
3034 4571 3153 4616 ante
3174 4562 3362 4628 lucent,
3387 4570 3432 4616 et
3461 4562 3681 4618 habitem
3709 4560 3760 4613 in
3784 4571 3866 4609 no-

575 4663 695 4708 runt
718 4661 1078 4724 persequentes
1107 4667 1186 4708 nte
1210 4652 1387 4721 inique
1409 4670 1428 4706 :
1455 4669 1486 4706 a
1508 4651 1618 4722 lege
1646 4661 1817 4706 autem
1843 4661 1935 4706 tua
1965 4650 2175 4723 elonga-

576 4756 776 4804 uerunt.
813 4747 1037 4804 Grazcus
1067 4746 1147 4802 sic
1185 4745 1368 4818 posuit
1392 4764 1404 4799 :
1427 4746 1986 4818 Appropinquaverunt
2015 4762 2184 4816 perse-

651 4967 788 5025 eSic
815 4979 1008 5023 omnes
1047 4977 1183 5018 mss.
1228 4961 1377 5018 Edit.
1423 4967 1630 5025 autem,
1662 4976 1787 5015 usus
1835 4971 1907 5015 est
1953 4961 2174 5033 populus

577 5040 886 5097 Iudaeorum
923 5034 1154 5104 quotidie
1179 5035 1233 5088 in
1280 5033 1758 5104 sermonibussuis,
1785 5048 1817 5085 a
1841 5048 1991 5104 inane
2017 5048 2178 5102 usque

579 5113 648 5168 ad
677 5101 945 5179 uesperam
955 5106 1222 5179 judicium
1246 5101 1670 5179 Deioperiendo.
1705 5103 1857 5179 Quod
1885 5103 2062 5179 uidens
2088 5120 2177 5179 co:

577 5173 775 5258 gnatus
796 5184 910 5252 ejus
943 5173 1054 5258 esse
1092 5173 1752 5258 intolerabile,.consilium
1796 5173 1963 5258 dedit.
1991 5175 2181 5246 negotii

577 5245 997 5316 consummandi,
1025 5250 1216 5324 partito
1243 5265 1357 5324 cum
1380 5247 1499 5301 aliis
1527 5262 1703 5312 onere,
1730 5247 1820 5318 qui
1851 5246 1918 5300 ad
1942 5245 2038 5301 Itoc
2058 5245 2185 5301 imu-

577 5343 677 5380 nus
706 5325 852 5379 electi
876 5321 1252 5378 suntJMerum
1284 5321 1578 5391 glossema.

650 5395 678 5434 δ
700 5394 1082 5458 Beatitudines,
1123 5407 1220 5447 seu
1253 5389 1632 5445 benedictiones
1653 5397 1813 5445 vocat
1851 5389 2170 5445 Ambrosius

578 5465 816 5536 priorem
836 5465 1104 5536 imprimis
1125 5470 1333 5536 partem
1354 5461 1626 5536 sermonis
1649 5460 1990 5536 illiusquem
2015 5458 2170 5536 Chri-

585 5531 704 5594 stus
732 5536 801 5592 ad
821 5531 1265 5605 discipulos’sues
1292 5533 1344 5588 in
1366 5545 1549 5588 mente
1577 5531 1784 5605 habuit;
1813 5532 1977 5586 immo
1992 5541 2047 5586 et
2074 5531 2172 5586 ali-

578 5608 796 5682 quando
818 5604 986 5682 totam
1021 5606 1165 5660 illam
1193 5604 1585 5682 divinissimam
1619 5604 1963 5682 concinnem,
2000 5613 2058 5656 ut
2096 5618 2166 5657 ex

579 5673 700 5752 ejus
748 5681 817 5752 in,
857 5679 1058 5752 Lucam
1097 5675 1304 5752 praefat.
1332 5678 1631 5752 observare
1679 5685 1797 5752 est._
1824 5673 1964 5752 ll_|as_
1985 5683 2166 5728 autem

578 5745 944 5812 beatitudines
965 5750 1032 5807 iis
1057 5751 1219 5806 etiam
1239 5747 1432 5804 diebus
1455 5748 1652 5820 quibus
1673 5745 1968 5804 Christiani
1997 5759 2171 5803 sinen-

2281 4653 2488 4707 vissimo
2517 4655 2710 4721 maris;
2738 4655 2924 4710 etenim
2954 4654 3024 4710 ibi
3046 4639 3226 4708 manus
3251 4665 3340 4708 tua
3370 4655 3587 4710 deducet
3614 4670 3709 4720 me,
3732 4657 3776 4704 et
3799 4659 3862 4701 le-

2286 4748 2422 4803 nebit
2465 4763 2544 4803 me
2583 4750 2793 4805 dextera
2836 4758 2925 4805 tua
2975 4749 3149 4821 (Psal.
3182 4765 3450 4817 csxxvnt,
3480 4750 3653 4821 7-l0).
3702 4745 3860 4814 Qua!“

2283 4961 2489 5015 laribus
2519 4960 2784 5016 vacabant
2807 4959 3058 5030 negotiis,
3086 4960 3139 5014 in
3184 4961 3354 5031 prima
3392 4961 3652 5017 Ecclesiae
3690 4949 3869 5031 synaxi

2283 5031 2556 5088 rccantari
2575 5032 2952 5098 ctmsnevisse,
2981 5041 3038 5086 ut
3057 5030 3192 5087 inde
3208 5032 3621 5088 stimularentur
3637 5030 3700 5086 ad
3724 5039 3870 5098 exer-

2283 5103 2461 5159 cenda
2507 5103 2894 5159 misericordiae
2938 5093 3138 5175 'opera,
3183 5120 3248 5159 ex
3280 5103 3383 5160 hoc
3419 5105 3541 5159 loco
3584 5118 3688 5158 non
3727 5093 3868 5175 male

2285 5176 2561 5242 conjicere
2575 5165 3029 5247 nobisvidetnnr.
3064 5165 3134 5230 Et
3157 5175 3294 5232 forte
3317 5176 3609 5247 peculiaris
3629 5190 3689 5231 ea
3721 5165 3870 5247 fuerit

2287 5247 2548 5318 Ecclesiae
2571 5245 2792 5301 Mediol.
2822 5248 3190 5314 consuetudo;
3223 5248 3275 5301 in
3305 5242 3427 5304 aliis
3448 5247 3710 5318 siquidem
3743 5242 3870 5318 bene

2291 5317 2475 5373 multis
2507 5317 2648 5373 hanc
2673 5318 2992 5372 matutinam
3031 5309 3467 5375 Christianorum
3502 5309 3867 5389 congregatio-

2284 5404 2406 5443 nem
2452 5390 2730 5459 legimus:
2763 5391 2860 5444 sed
2915 5406 2981 5444 an
3028 5391 3099 5444 ihi
3131 5390 3470 5460 Evangelica:
3520 5383 3870 5460 bea'tituditlcs

2284 5471 2390 5514 tam
2420 5456 2565 5529 saepe
2592 5460 2978 5528 recitarentur,
3010 5462 3215 5517 nullum
3248 5456 3394 5517 nllihi
3422 5456 3868 5531 deprehendimus

2276 5531 2592 5603 vestigium.
2655 5531 2922 5587 Caeterum
2977 5533 3123 5603 quod
3168 5533 3318 5588 addit
3365 5529 3686 5590 Ambrosius
3735 5536 3786 5580 ut
3819 5529 3869 5602 fc

2273 5619 2438 5659 sermo
2485 5601 2675 5658 Christi
2716 5601 3007 5671 benedicat,
3055 5621 3122 5661 eo
3169 5620 3336 5661 sensu
3384 5606 3604 5670 dicitur,
3655 5612 3760 5671 quo
3798 5601 3868 5671 ,1η

2274 5675 2405 5753 Luc.
2431 5690 2486 5753 vt
2512 5673 2580 5729 de
2599 5675 2817 5753 Christe
2838 5693 2960 5731 eum
2987 5664 3295 5753 sermonem
3327 5664 3618 5746 incipiente
3642 5691 3655 5727 :
3675 5664 3753 5726 'Et
3790 5664 3869 5753 [ξς-

2273 5745 2611 5803 nedictienent
2653 5746 2716 5802 de
2745 5748 2985 5805 thesauro
3026 5747 3315 5806 diuinitatis
3357 5745 3708 5821 prompturus,
3768 5747 3866 5794 οισι
