4104 6350
316 311 454 367 1481

1417 313 1485 370 ΙΝ
1523 313 1843 372 PSALMUM
1883 314 2095 374 CXVIII
2133 314 2517 376 EXPOSITIO.

3478 327 3620 389 ηδε

311 423 425 480 cito
454 422 782 493 signiﬁcavit
804 424 1004 495 ubique
1030 426 1198 482 Deum
1230 440 1375 493 esse,
1405 437 1504 485 net
1534 430 1623 485 ubi
1646 444 1722 486 εει
1751 432 1913 494 Dens,
1944 438 1990 493 Α
2022 434 2233 488 causari
2256 436 2450 503 poterit
2475 435 2614 502 quod
2639 436 2721 491 sol
2744 435 2975 507 justitia:
3009 441 3239 499 noluerit
3274 443 3498 513 intrare,
3530 459 3623 504 aut
3664 440 3669 443 ’

313 516 390 573 ibi
422 519 675 587 spiritum
700 517 819 588 ejus
844 534 971 573 esse
1006 533 1357 589 praesentem,
1389 533 1443 577 et
1479 524 1808 593 ubicumque
1836 536 1922 581 est

316 609 414 665 Dei
446 610 694 680 Spiritus,
720 612 792 667 ibi
821 612 993 667 Deum
1024 629 1168 669 esse.
1197 616 1317 683 Quo
1350 615 1469 670 loco
1500 617 1791 673 individua:
1829 635 1924 671 co-

315 704 443 777 pula
474 704 757 761 Trinitatis
806 722 1064 776 eitpressa
1104 719 1212 764 est.
1266 710 1549 782 Siquidem
1584 710 1700 767 [nec
1734 728 1832 781 per
1856 727 1921 768 os

308 796 608 868 Propheta:
636 800 850 857 locutus
876 810 961 857 est
985 802 1075 858 Dei
1101 801 1290 867 Filius.
1341 804 1393 858 in
1426 819 1653 874 persona
1685 805 1921 861 hominis

314 890 555 954 locutus,
582 894 675 959 qui
715 910 809 963 per
840 895 1269 952 incarnationem
1300 897 1584 953 descendit
1616 899 1673 954 in
1720 908 1919 966 terras,

319 999 417 1055 per
448 988 913 1045 resurrectionem
942 990 1194 1046 ascendit
1221 992 1273 1046 in
1301 992 1522 1057 cadum,
1556 1008 1653 1062 per
1672 993 1922 1063 corporis

320 1088 559 1134 mortem
603 1081 1229 1152 penetravitinfernmn,
1278 1092 1338 1139 ut
1380 1084 1617 1139 solveret
1646 1084 1918 1154 alligatos.

320 1177 428 1229 Aut
472 1175 519 1229 si
573 1175 643 1230 ad
689 1176 1018 1246 Pmphetam
1058 1178 1285 1237 referas.
1334 1179 1571 1235 advertis
1600 1194 1921 1249 eXpressnm

320 1266 463 1337 quod
490 1267 689 1337 ubique
713 1284 909 1324 manus
929 1279 984 1326 et
1006 1270 1241 1326 dextera
1280 1270 1375 1327 Dei
1405 1271 1652 1327 Christus
1678 1271 1917 1340 assistat,

321 1358 411 1413 ubi
441 1359 605 1415 Pater
636 1361 799 1430 Deus,
831 1371 887 1417 et
911 1372 1133 1419 sanctus
1162 1363 1255 1419 Dei
1279 1364 1537 1434 Spiritus.

392 1451 485 1508 58.
518 1452 606 1510 An
644 1469 767 1509 cum
820 1455 889 1511 de
931 1456 1052 1512 sole
1088 1456 1342 1513 dubitare
1371 1471 1728 1524 nequeamus,
1774 1456 1920 1529 quod

322 1545 658 1616 procedente
687 1546 776 1604 die
817 1558 932 1604 toto
982 1550 1116 1605 urbe
1167 1549 1353 1605 radios
1391 1550 1660 1606 dillundat
1685 1566 1835 1618 suos,
1868 1561 1923 1607 et

323 1638 584 1694 ontuibus
609 1640 788 1696 lumen
819 1640 1089 1708 infundat,
1119 1658 1282 1711 quem
1311 1644 1471 1698 etiam
1505 1643 1581 1698 illi
1613 1644 1703 1713 qni
1736 1643 1922 1701 vidi-re

324 1748 434 1788 non
481 1743 730 1802 possunt.
764 1735 1007 1789 sentiunt
1040 1745 1219 1791 tamen
1263 1737 1411 1791 aeris
1442 1736 1614 1805 ipsius
1645 1735 1758 1791 fotu
1798 1751 1921 1793 esse

2023 524 2390 582 inﬁrmitatem
2414 529 2635 585 luminis
2652 533 2893 588 rmlestis
2912 539 3179 605 arguere?
3203 538 3618 609 Pnls:ujanu:un

2028 627 2172 673 tuam
2201 620 2296 674 Dei
2331 621 2586 677 Verbum.
2614 624 2676 678 Si
2703 628 2914 694 φώκη..
2948 629 3073 683 mihi
3108 633 3387 700 aperuerit,
3420 632 3615 703 inquit,

2020 713 2225 767 intrabo
2253 713 2440 788 (Apoc.
2488 732 2569 780 tn,
2598 716 2713 788 20).
2746 719 2801 774 Si
2844 723 2967 790 quis
2996 737 3128 789 ergo
3168 738 3277 777 non
3323 727 3616 796 aperuerit,

2023 806 2286 877 numquid
2335 824 2440 862 non
2473 810 2849 879 ingredientis,
2898 822 2956 869 et
2998 832 3102 871 non
3135 819 3307 888 magis
3344 834 3450 873 non
3491 836 3621 892 ape-

2022 900 2216 956 rientis
2241 911 2325 957 est
2354 904 2557 974 culpa?
2586 904 2728 960 Nihil
2769 907 2991 976 quidem
3024 910 3136 966 Deo
3167 924 3249 968 est
3277 914 3619 984 obseratum,

2022 991 2160 1047 nihil
2185 994 2430 1051 clausum
2461 1007 2667 1052 :eterno
2690 999 2876 1055 lumini
2915 1003 3043 1058 :sed
3073 1016 3258 1075 portas
3280 1008 3500 1063 malitia:
3528 1010 3623 1067 de-

2022 1084 2277 1155 dignatur
2324 1090 2561 1159 aperire,
2594 1093 2873 1149 conclavia
2917 1110 3024 1151 non
3055 1097 3170 1153 vult
3205 1112 3493 1170 penetrare
3528 1119 3622 1160 ne-

2023 1179 2229 1249 quitiae.

2092 1271 2187 1328 41.
2219 1273 2301 1330 An
2327 1292 2458 1333 vero
2482 1293 2604 1333 cum
2632 1280 2826 1337 anima:
2853 1293 3054 1340 nostrae
3079 1286 3234 1359 vigor
3261 1300 3470 1360 putrem
3502 1309 3624 1349 cor-

2023 1368 2173 1438 poris
2195 1369 2428 1442 refugiat
2451 1374 2779 1443 portionem,
2812 1379 2954 1449 quod
2982 1380 3099 1451 ejus
3128 1386 3358 1452 gratiam
3380 1391 3622 1459 corrupti

2022 1469 2173 1516 artus
2223 1465 2430 1520 sentire
2482 1482 2586 1522 non
2634 1470 2874 1538 possint;
2916 1471 3060 1527 Deus
3106 1488 3379 1541 corruptae
3426 1480 3624 1538 animae

2023 1557 2271 1612 membra
2302 1560 2547 1630 qumdam
2592 1562 2851 1635 dignatur
2882 1565 3172 1623 habitare?
3198 1570 3410 1627 Animae
3443 1584 3627 1631 tamen

2026 1649 2180 1719 vigor
2204 1668 2300 1719 per
2328 1667 2528 1722 corpus
2556 1670 2719 1712 omne
2749 1656 3093 1725 diffunditur,
3122 1662 3239 1719 sive
3266 1679 3482 1730 manus,
3514 1667 3630 1724 sive

2025 1758 2141 1813 pes,
2182 1746 2298 1800 sive
2334 1748 2538 1818 digitus
2592 1750 2868 1822 particeps
2908 1768 3105 1808 sensus
3149 1766 3269 1810 est:
3301 1758 3395 1812 Dei
3450 1768 3632 1827 potest

323 1825 700 1896 praesentem?
731 1824 829 1882 Ubi
860 1827 1006 1882 enim
1048 1827 1205 1883 deest
1244 1829 1393 1884 calor
1432 1828 1615 1884 illius?
1642 1833 1761 1896 Quo
1789 1830 1923 1884 radii
1954 1830 2002 1890 B
2028 1835 2222 1890 alicubi
2265 1836 2455 1894 deesse
2496 1842 2788 1910 sapientia,
2826 1842 3027 1899 alicubi
3054 1846 3172 1913 ejus
3199 1846 3393 1905 deesse
3424 1824 3626 1923 majes-

323 1920 444 1991 ejus
486 1936 594 1976 non
629 1920 977 1991 perveniunt,
1005 1937 1131 1979 cum
1178 1922 1438 1979 discussis
1475 1923 1651 1979 noctis
1700 1932 1795 1978 aut
1826 1940 1925 1978 nn-

318 2014 470 2071 biuin
516 2015 780 2081 tenebris,
824 2016 1097 2072 illuminat
1128 2018 1340 2073 terras?
1379 2018 1434 2073 lu
1472 2018 1614 2074 ctelo
1644 2018 1834 2088 fulget,
1870 2018 1922 2074 in

322 2114 460 2167 mari
488 2112 699 2178 rutilat,
724 2112 898 2169 fervet
931 2113 983 2166 in
1024 2114 1202 2169 terris.
1226 2113 1303 2168 De
1325 2113 1441 2168 sole
1471 2130 1604 2185 ergo
1630 2129 1737 2168 non
1767 2112 1925 2168 dubi-

322 2211 431 2263 tas.
461 2203 607 2274 quod
641 2203 841 2273 ubique
870 2204 1217 2275 resplendeat
1242 2221 1257 2258 :
1290 2205 1359 2260 de
1383 2206 1490 2259 Deo
1515 2206 1752 2265 dubitas.
1777 2204 1924 2277 quod

319 2296 527 2367 ubique
570 2297 772 2367 fulgeat
808 2297 1067 2366 Splendor
1095 2298 1286 2369 gloria:
1323 2300 1464 2366 ejus.
1492 2309 1548 2355 et
1578 2299 1757 2371 imago
1796 2299 1926 2354 sub—

317 2390 581 2446 διειυιί.ιε2
611 2390 751 2460 Quid
800 2407 906 2448 non
956 2399 1208 2463 penetret
1258 2394 1472 2466 1220
1522 2394 1752 2450 Verbum
1801 2393 1921 2459 Dei,

322 2484 589 2556 splendor
604 2498 864 2554 aeternus,
879 2492 967 2557 qui
991 2488 1158 2543 etiam
1181 2488 1391 2542 occulta
1417 2488 1615 2543 mentis
1633 2488 1921 2554 illuminat,

322 2597 447 2652 qua!
484 2597 593 2636 non
640 2591 821 2651 petest
868 2582 971 2637 iste
1017 2582 1096 2637 sol
1144 2594 1461 2652 penetrare;
1501 2581 1734 2637 Verbum
1777 2582 1924 2638 enim

322 2673 423 2731 Dei
461 2674 677 2746 gladius
721 2675 985 2745 spiritalis
1023 2686 1130 2741 est,
1159 2691 1329 2748 usque
1371 2675 1437 2731 ad
1470 2676 1769 2732 dinsiones
1808 2677 1924 2731 ani-

318 2785 451 2839 mar,
480 2780 643 2841 atque
683 2785 922 2836 artuum,
953 2770 1430 2841 medullarumque
1478 2772 1823 2841 perveniens.
1847 2768 1926 2824 De

318 2878 435 2935 quo
462 2863 592 2920 dicit
624 2863 851 2920 Simeou
878 2864 1062 2935 justus
1091 2866 1157 2917 ad
1194 2863 1415 2919 Mariam
1446 2880 1460 2917 :
1498 2862 1561 2917 Et
1593 2876 1736 2917 tuum
1762 2864 1926 2935 ipsius

318 2957 550 3011 animum
578 2958 912 3026 pertranafoit
958 2957 1201 3031 gladius;
1232 2971 1286 3011 ut
1328 2956 1615 3013 revelantur
1644 2958 1926 3011 multorum

317 3050 561 3105 cordium
590 3051 926 3121 cogitationes
954 3050 1108 3123 (Luc.
1143 3066 1201 3116 n,
1231 3050 1346 3121 55).

398 3143 487 3200 39.
518 3146 776 3200 Peuetrat
800 3161 931 3211 ergo
963 3146 1225 3211 animam,
1257 3154 1313 3199 et
1350 3145 1503 3215 quasi
1530 3143 1736 3200 candor
1762 3154 1924 3201 aiter-

2025 1930 2144 1984 tas?
2170 1929 2314 1987 Sane
2344 1932 2610 2003 fugientes
2654 1951 2761 1990 non
2798 1937 3013 2000 retinet.
3050 1955 3156 1994 non
3190 1941 3337 2010 cogit
3379 1942 3578 2001 invitos
3611 1965 3626 2002 :

2027 2022 2121 2077 sed
2156 2040 2332 2093 neque
2357 2026 2563 2082 fastidit
2585 2031 3086 2100 appropinquantes
3112 2045 3202 2089 :et
3229 2036 3379 2093 illius
3404 2040 3627 2109 quidem

2026 2114 2223 2179 virtus.
2264 2118 2406 2173 illius
2454 2119 2693 2175 Verbum
2730 2122 2870 2177 Deus
2918 2126 3170 2181 oumibns
3210 2145 3380 2200 prope
3409 2142 3531 2186 est:
3558 2131 3629 2188 In

2025 2207 2139 2278 ipso
2170 2210 2313 2263 enim
2343 2221 2578 2268 constant
2611 2216 2803 2280 omnia,
2845 2226 2894 2271 et
2929 2218 3039 2286 ipse
3080 2229 3151 2272 est
3191 2232 3349 2288 caput
3393 2226 3627 2291 corporis

2028 2299 2276 2357 Ecclesia:
2319 2302 2542 2373 (Coloss.
2567 2322 2607 2367 ι,
2644 2308 2710 2361 l7
2748 2318 2795 2361 et
2822 2308 2933 2380 18),
2982 2313 3033 2364 in
3075 2329 3176 2382 quo
3231 2315 3398 2368 omnis
3431 2317 3629 2372 innubi-

2026 2392 2148 2448 tatb
2196 2397 2713 2469 plenitudo(Coluss.
2761 2416 2819 2459 ll.
2851 2400 2931 2470 9).
2978 2403 3084 2457 Sed
3123 2405 3410 2476 plerosque
3455 2408 3523 2461 ab
3564 2424 3630 2465 eo

2028 2503 2249 2560 peccata
2283 2503 2602 2560 secernunt,
2640 2493 2709 2548 de
2750 2496 2948 2563 quibus
2994 2498 3198 2552 dictum
3238 2511 3322 2555 est
3352 2518 3365 2554 :
3390 2500 3520 2556 Ecce
3544 2504 3633 2571 qui

2025 2582 2271 2656 clangunt
2317 2601 2371 2639 se
2416 2602 2449 2640 a
2490 2597 2557 2650 te,
2605 2587 2843 2657 peribunt
2891 2588 3061 2660 (Paul.
3102 2608 3273 2652 Lxxn.
3315 2592 3433 2663 27).
3480 2594 3637 2652 Unde

2026 2686 2246 2730 sanctus
2279 2678 2546 2748 Propheta
2574 2682 2651 2733 ait
2687 2700 2699 2733 :
2732 2680 2869 2735 Mihi
2902 2694 3072 2736 autem
3107 2687 3374 2739 adlttcrere
3403 2684 3515 2741 Deo
3537 2688 3629 2743 b0-

2026 2772 2456 2839 namest(1bid.,
2482 2774 2599 2845 28).
2635 2774 2699 2829 Et
2732 2778 3020 2839 Apostolus
3042 2780 3338 2834 ostendens
3361 2797 3466 2835 non
3500 2798 3626 2840 esse

2024 2862 2186 2933 longe
2234 2864 2403 2920 Deum
2448 2865 2517 2920 ab
2554 2882 2881 2937 unoquoque
2919 2878 3165 2923 nostrum
3201 2890 3213 2927 :
3248 2870 3318 2925 In
3361 2873 3494 2944 ipso.
3543 2874 3627 2929 in-

2025 2960 2164 3027 quit,
2203 2959 2437 3024 vivimus,
2483 2970 2531 3013 et
2571 2976 2848 3026 movemur,
2896 2972 2943 3016 et
2992 2981 3171 3018 sumus
3216 2965 3354 3037 (Art.
3392 2984 3524 3029 xvn.
3553 2970 3622 3025 ‘27

2026 3059 2074 3104 et
2107 3050 2225 3121 28).
2268 3052 2497 3107 Vitnlem
2543 3054 2744 3110 etenim
2787 3056 3040 3110 omnibus
3066 3059 3291 3126 gratiam
3334 3060 3627 3118 sohminis-

2027 3153 2197 3211 trans,
2468 3148 2722 3204 omnibus
2763 3163 2963 3220 prmsm
2989 3159 3073 3205 est
3110 3168 3339 3209 munere
3365 3154 3625 3214 bonitatis

319 3252 412 3293 na:
442 3236 575 3293 lucis
610 3237 865 3293 illustrat.
911 3238 1017 3295 Sed
1061 3238 1310 3306 quamvis
1347 3237 1542 3294 dull'nse
1586 3254 1682 3309 per
1705 3254 1919 3305 omnes,
1948 3223 1993 3286 C
2025 3254 2177 3296 suae:
2212 3245 2305 3295 sed
2338 3242 2588 3307 proprior
2613 3252 2700 3298 εει
2736 3244 2845 3298 illis
2873 3246 2961 3316 qui
2994 3246 3231 3301 contrito
3273 3258 3403 3303 sunt
3431 3250 3619 3306 corde.

318 3340 379 3387 et
418 3330 469 3386 in
516 3347 730 3396 omnes.
762 3342 820 3387 et
866 3348 1030 3398 supra
1076 3348 1267 3387 omnes
1311 3343 1607 3402 pmestates
1651 3334 1757 3398 sit;
1795 3332 1922 3403 quia

317 3422 581 3481 omnibus
624 3437 779 3481 ortus
815 3440 883 3481 ex
935 3425 1159 3495 Virgine
1206 3439 1312 3493 eat,
1362 3436 1419 3482 et
1451 3427 1609 3482 bonis
1656 3435 1713 3482 et
1766 3426 1924 3481 malis

318 3521 487 3592 (sicut
514 3531 570 3576 et
601 3523 775 3577 solem
801 3535 958 3577 suum
998 3521 1130 3576 oriri
1157 3521 1314 3591 jubet
1341 3536 1505 3589 super
1531 3522 1702 3576 bonos
1727 3530 1781 3575 et
1810 3535 1923 3575 ma-

316 3612 433 3683 lus)
470 3613 624 3669 illum
658 3624 837 3670 tanien
876 3614 1021 3670 fovet
1046 3616 1136 3685 qui
1170 3616 1567 3685 appropinquat
1608 3615 1730 3669 sibi.
1772 3615 1920 3671 Sicut

318 3706 468 3762 enim
496 3722 527 3761 a
562 3721 622 3761 se
660 3706 921 3778 fulgorem
955 3707 1088 3763 solis
1115 3708 1377 3770 excludit,
1407 3709 1497 3779 qui
1530 3706 1799 3763 fenestras
1824 3708 1921 3763 do-

318 3816 446 3855 mus
491 3816 605 3856 sure
643 3800 935 3867 clauserit,
972 3802 1257 3872 locumque
1306 3802 1659 3858 tenebrosum
1713 3803 1766 3857 in
1812 3816 1921 3871 quo

317 3892 656 3963 diverseIur,
672 3895 928 3966 elegerit;
958 3895 1031 3950 ita
1063 3895 1152 3965 qui
1177 3911 1237 3951 se
1260 3895 1520 3950 averterit
1556 3912 1585 3950 a
1614 3898 1730 3950 sole
1761 3894 1921 3966 justi-

316 3987 433 4053 tize,
461 4003 569 4042 non
596 3997 773 4055 potest
791 3989 1140 4057 splendorem
1177 3989 1298 4057 ejus
1334 3989 1619 4058 adspicere
1643 4006 1654 4042 :
1676 3989 1730 4045 in
1769 4000 1921 4045 tene-

317 4079 439 4135 bris
467 4081 733 4146 ambulat,
759 4082 891 4137 etin
926 4080 1169 4137 omnium
1213 4082 1332 4137 luce
1369 4082 1486 4151 ipse
1508 4081 1612 4135 sibi
1637 4096 1801 4137 causa
1835 4093 1919 4138 est

316 4175 605 4228 catcitatis.
656 4172 803 4229 Tuas
843 4174 1008 4243 igitur
1054 4174 1127 4228 illi
1166 4174 1315 4242 aperi
1359 4173 1659 4238 fenestras;
1708 4187 1765 4228 ut
1806 4182 1918 4229 tota

316 4264 519 4321 domus
546 4279 636 4320 tua
673 4265 786 4322 veri
823 4264 1033 4337 fulgore
1070 4266 1203 4322 solis
1235 4265 1459 4323 illuceztt
1502 4266 1697 4334 :aperi
1730 4266 1919 4321 oculos

317 4369 466 4425 tuos,
520 4370 577 4415 ut
621 4360 808 4416 videas
842 4365 1111 4417 orientem
1168 4362 1264 4417 tibi
1318 4362 1490 4417 solem
1521 4361 1767 4432 jnstitiaa.
1810 4360 1918 4418 Sed

315 4468 455 4511 cave
491 4472 559 4511 ne
594 4471 691 4511 eos
733 4457 841 4513 ulla
870 4458 1084 4522 Slipultl‘:
1117 4456 1323 4513 festuca
1364 4458 1664 4529 perturbet.
1693 4457 1749 4515 Si
1787 4454 1916 4528 quid

315 4551 500 4607 sordis
542 4552 595 4607 in
624 4553 787 4607 oculo
821 4552 984 4608 fuerit
1022 4552 1219 4609 mentis
1268 4563 1397 4618 tuae,
1441 4568 1548 4608 non
1595 4552 1802 4622 poteris
1833 4550 1919 4608 iu-

2094 3333 2185 3388 49..
2227 3334 2384 3402 Quod
2439 3343 2596 3391 vetus
2640 3352 2858 3407 quoque
2916 3354 3013 3407 per
3060 3343 3345 3409 :enigmata
3396 3341 3623 3401 historia

2024 3425 2205 3481 docet.
2251 3426 2466 3498 Moyses
2504 3429 2554 3482 in
2605 3429 2807 3483 montis
2856 3429 3006 3485 Sinni
3051 3434 3343 3502 snpercilo
3390 3445 3537 3502 erat,
3572 3446 3628 3493 et

2024 3520 2177 3574 solus
2204 3531 2320 3575 erat
2366 3536 2381 3573 :
2416 3521 2648 3590 populus
2678 3521 2730 3574 in
2760 3523 2902 3577 valle
2930 3564 2944 3586 ,
2974 3524 3026 3577 in
3058 3524 3168 3578 imo
3202 3527 3399 3580 montis
3428 3544 3441 3581 :
3474 3544 3629 3597 prcs-

2023 3616 2196 3688 byturi
2231 3616 2285 3670 in
2317 3625 2468 3686 parte
2497 3616 2695 3670 montis
2720 3632 2883 3686 supra
2916 3622 3106 3674 merita
3143 3620 3348 3689 plebis.
3379 3621 3472 3676 sed
3509 3625 3625 3689 pln-

2022 3708 2162 3765 rimo
2184 3708 2471 3764 intervallo
2494 3725 2522 3764 a
2555 3708 2725 3782 Moysi
2756 3711 2966 3766 meritis
2994 3714 3228 3782 separati
3261 3712 3456 3784 (Exod.
3486 3732 3572 3771 xnt
3596 3760 3612 3785 ,

2021 3804 2093 3861 20
2114 3814 2158 3858 et
2187 3821 2294 3875 seq.
2322 3802 2361 3876 ).
2406 3802 2522 3858 Non
2552 3820 2745 3860 omnes
2796 3806 2846 3857 in
2902 3807 3145 3872 vertice,
3194 3823 3370 3878 neque
3418 3810 3468 3863 in
3514 3810 3625 3868 imo

2022 3910 2236 3961 omnes,
2268 3895 2363 3951 sed
2400 3896 2666 3965 populus:
2717 3896 2932 3967 Moyses
2974 3898 3124 3952 solus
3155 3900 3206 3952 in
3240 3903 3442 3956 vertice
3493 3902 3622 3958 Sina

2023 3991 2244 4050 montis.
2274 3990 2363 4060 qui
2398 3990 2585 4046 Latina
2636 3990 3085 4059 interpretatione
3125 3992 3348 4058 dicitur,
3383 3997 3618 4051 tentutio.

2022 4086 2089 4141 Et
2118 4096 2171 4139 tu
2218 4084 2264 4140 si
2297 4101 2461 4153 supra
2497 4087 2829 4140 tentatioues
2879 4089 3226 4151 ascenderis,
3278 4098 3329 4143 el
3381 4092 3620 4147 contrito

2020 4179 2186 4234 corde
2206 4178 2468 4233 detuleris
2493 4193 2732 4248 precem,
2752 4178 2862 4233 lleo
2886 4178 3173 4243 proximus
3194 4181 3333 4234 eris:
3355 4184 3399 4236 si
3422 4184 3623 4237 mundo

2016 4270 2404 4335 cordeTueris,
2434 4280 2489 4323 et
2515 4284 2568 4325 tu
2598 4270 2764 4323 Deum
2796 4269 3032 4335 videbis;
3069 4269 3215 4325 Booti
3245 4272 3390 4327 enini
3420 4274 3612 4328 mundo

2022 4366 2218 4433 corde;
2244 4366 2365 4429 quia
2390 4365 2491 4433 ipsi
2525 4365 2689 4419 Deum
2715 4364 2954 4419 videbunt
2980 4364 3176 4437 (.llatth
3222 4382 3253 4419 v
3270 4408 3284 4427 .
3314 4364 3394 4437 8).

2091 4460 2183 4515 45.
2224 4458 2326 4526 Qui
2358 4474 2491 4527 ergo
2521 4458 2632 4513 Deo
2663 4460 2941 4525 proximus
2979 4467 3092 4521 est,
3125 4458 3253 4512 dicit
3285 4474 3298 4511 :
3331 4456 3501 4529 Prope
3525 4478 3577 4515 es
3601 4501 3617 4527 ,

2021 4550 2267 4618 Domine,
2299 4563 2346 4606 et
2393 4552 2566 4607 omnia
2615 4562 2868 4623 praerepta
2894 4558 2984 4604 tuo
3014 4550 3222 4604 veritas.
3262 4549 3485 4605 Juda-us
3519 4552 3623 4611 ltoc

315 4643 497 4699 tueri:
530 4645 573 4698 si
606 4646 736 4715 quid
774 4644 1133 4715 mgritudlnis,
1172 4645 1291 4713 plus
1327 4644 1602 4714 gravabit;
1636 4644 1916 4698 confusam
1942 4648 1997 4710 D
2025 4663 2131 4701 non
2157 4653 2335 4717 potest
2360 4646 2580 4711 dicere,
2608 4644 2699 4713 qni
2729 4659 2835 4697 non
2866 4644 3051 4712 recipit
3084 4643 3378 4697 Dominum
3410 4645 3618 4714 .lesmn;

316 4736 603 4792 oculorum
624 4737 798 4791 aciem
822 4736 912 4792 lttx
936 4736 1082 4802 ferit,
1108 4736 1479 4806 majoremque
1501 4737 1746 4793 dolorem
1770 4737 1917 4792 exci-

317 4839 419 4885 tat.
448 4828 533 4886 διε
558 4840 693 4899 ergo
728 4829 961 4900 simplex
990 4830 1184 4886 oculos
1216 4841 1373 4886 tuus:
1403 4845 1471 4885 ne
1493 4829 1717 4898 incipiat
1744 4839 1914 4884 totum

316 4937 520 4992 corpus
542 4934 691 4979 tuum
720 4939 844 4980 esse
868 4924 1237 4989 teuehrosmn,
1267 4931 1322 4979 et
1348 4924 1563 4979 vacillet
1604 4924 1656 4979 in
1687 4922 1913 4991 lumine,

314 5019 457 5074 sicut
483 5030 607 5073 sunt
630 5035 898 5075 caecorum
922 5018 1167 5085 vestigia.

382 5113 474 5170 40.
506 5112 776 5180 Numquid
798 5112 843 5168 si
868 5113 990 5183 quis
1006 5114 1143 5166 ostia
1166 5111 1362 5166 domus
1390 5125 1501 5165 suae
1525 5110 1763 5175 claudat,
1786 5108 1915 5164 solis

315 5219 402 5265 est
430 5208 587 5278 culpa
625 5208 766 5277 quod
805 5223 912 5262 nnn
954 5206 1225 5261 illumiuet
1256 5204 1477 5259 domum
1510 5204 1663 5274 ejus?
1709 5205 1847 5274 Ergo
1872 5202 1918 5258 si

315 5304 446 5372 quis
469 5311 813 5366 teccatornm
837 5315 1058 5353 suorum
1084 5298 1359 5368 repagulis
1378 5297 1737 5353 obsorandam
1769 5312 1921 5351 men-

318 5404 429 5449 tem
461 5392 733 5463 propriam
757 5390 1106 5462 judicaverit.
1139 5400 1195 5446 et
1220 5389 1380 5446 Verbi
1421 5407 1451 5445 a
1480 5405 1540 5446 se
1568 5390 1917 5459 Splendorem

313 5484 520 5543 stultus
541 5494 769 5553 avertat,
793 5500 857 5541 ac
887 5485 989 5540 sibi
1018 5484 1214 5539 inferat
1235 5484 1563 5555 insipientia:
1585 5483 1916 5549 czecitatem;

391 5660 416 5687 ει
436 5649 641 5705 Omnes
668 5649 825 5711 edit.,
857 5658 904 5704 et
926 5648 1010 5704 ubi
1031 5661 1105 5705 est
1125 5648 1221 5703 Dei
1241 5649 1476 5714 spiritus,
1506 5647 1577 5700 ibi
1599 5647 1764 5703 Deum
1791 5663 1927 5711 esse,

312 5721 481 5796 etiubi
509 5734 580 5777 est
622 5720 784 5787 Deus,
807 5722 873 5776 ibi
898 5724 1136 5796 spiritum
1159 5721 1257 5777 Dei
1286 5736 1393 5796 esse
1422 5730 1746 5796 prwseutem.
1786 5723 1918 5774 Mss.

310 5795 524 5864 aliquot
553 5809 658 5850 non
685 5796 861 5849 Iltldus
884 5791 1249 5866 praepostere;
1273 5794 1367 5851 sed
1396 5791 1487 5850 alii
1519 5793 1698 5863 plures
1737 5806 1799 5849 ac
1824 5808 1925 5862 po-

314 5866 512 5932 tiores,
544 5874 602 5923 ut
633 5867 684 5924 in
710 5876 879 5924 textu.

836 5962 1117 6024 PATROL.
1180 5958 1322 6025 XV.

2019 4740 2294 4808 separavit
2316 4739 2459 4792 enim
2482 4752 2572 4798 se,
2603 4752 2703 4792 nec
2735 4738 2786 4790 in
2813 4737 3129 4801 veritatem,
3163 4735 3259 4791 sed
3292 4738 3341 4792 in
3374 4741 3619 4796 umbram

2020 4833 2215 4889 credit.
2250 4832 2536 4898 Quomodo
2578 4831 2705 4886 dicit
2740 4848 2753 4885 :
2795 4829 3064 4903 Prwrepta
3113 4840 3203 4883 tua
3253 4832 3472 4899 veritus;
3498 4851 3620 4889 cum

2019 4926 2191 4997 gratia
2221 4934 2277 4981 et
2299 4925 2500 4980 veritas
2528 4941 2623 4991 per
2652 4923 2835 4978 Jesum
2876 4923 3151 4977 CIu-isnun
3187 4922 3322 4977 [in-ta
3355 4925 3425 4978 sit
3446 4968 3461 4990 ,
3496 4943 3619 4983 cum

2022 5033 2144 5074 eum
2175 5033 2280 5072 nou
2329 5024 2619 5087 agnoSCat,
2648 5016 2740 5084 qui
2775 5016 3005 5069 veritate
3052 5024 3107 5070 et
3146 5016 3483 5083 plenitudine
3512 5019 3623 5076 cir-

2020 5109 2374 5166 cntncisionis
2399 5124 2510 5163 sua:
2544 5117 2713 5161 totum
2747 5111 3009 5161 mundum
3046 5107 3318 5161 redemit?

2094 5199 2186 5254 44.
2228 5199 2416 5267 (ναῖε.
2465 5198 2568 5254 152
2597 5198 2615 5268 )
2648 5202 2882 5253 Octavius
2925 5212 3113 5251 versus
3146 5208 3229 5251 Cal
3281 5213 3295 5251 :
3332 5196 3495 5255 Initio
3544 5220 3631 5258 τοο

2022 5294 2175 5365 gnovi
2197 5295 2261 5346 de
2287 5292 2588 5347 testimoniis
2612 5291 2711 5344 tuis
2736 5306 2751 5355 ;
2774 5291 2896 5359 quia
2920 5290 2975 5343 in
3003 5301 3247 5344 a’termtm
3288 5294 3517 5351 fundasti
3545 5313 3627 5351 ra.

2025 5389 2104 5445 De
2134 5386 2460 5443 testimoniis
2480 5430 2495 5449 ,
2531 5383 2739 5457 inquit.
2766 5386 2873 5438 tuis
2904 5384 2973 5440 ab
3006 5384 3162 5439 initio
3183 5387 3547 5457 cognitionem
3572 5402 3628 5446 et

2024 5482 2187 5538 ﬁdem
2209 5481 2477 5552 assumpsi
2501 5522 2516 5549 ,
2545 5478 2693 5551 quod
2723 5495 2773 5533 ιιι
2796 5490 3060 5534 aeternum
3086 5478 3306 5534 fundata
3330 5493 3491 5549 sunt;
3519 5494 3630 5539 tes-

2109 5645 2354 5702 1’Omnes
2383 5645 2546 5709 edit.,
2579 5644 2846 5714 plenitudo
2875 5640 3180 5698 uicinitatis.
3212 5640 3318 5697 Sed
3350 5657 3474 5700 ros.
3503 5644 3637 5698 divin

2030 5719 2226 5776 nitatis.
2262 5720 2329 5770 ab
2350 5720 2603 5773 uiunibns
2630 5735 2758 5771 mss.
2787 5718 2961 5778 abest,
2990 5733 3090 5771 nec
3117 5728 3445 5786 tuagtmpere
3473 5717 3632 5771 vidc-

2032 5800 2119 5848 tur
2149 5790 2506 5851 Atnbrusiano
2531 5789 2714 5849 sensui
2745 5788 3072 5846 necessaria.

3068 5945 3139 6009 10
