4104 6350
466 284 608 345 1183

1787 276 2037 336 SANCTI
2074 276 2394 336 AMBROSII

3632 280 3776 340 i484

463 403 754 462 timonium
786 401 932 458 enim
955 396 1119 454 ﬁdele
1144 406 1248 464 est,
1273 405 1325 452 et
1351 401 1571 466 prmstat
1595 394 1838 466 parvulis
1858 395 2074 467 sapien-
2098 397 2153 458 Α
2179 395 2348 450 ctesite
2377 391 2600 464 (Colon.
2633 407 2650 448 ι
2678 434 2691 458 ,
2725 394 2791 450 17
2823 402 2870 447 et
2902 392 3014 463 18).
3047 391 3160 448 Hoc
3185 399 3351 462 caput
3377 392 3469 464 qui
3489 394 3734 451 amiserit
3752 437 3767 461 ,

463 500 619 554 tiam.
653 495 717 554 Si
737 494 1132 568 cognovissent
1161 490 1331 546 Adam
1359 501 1414 546 et
1442 490 1552 544 Eva
1581 491 1725 561 quod
1755 489 1910 562 quasi
1943 505 2066 560 par-

2175 488 2391 545 vivendi
2422 503 2577 544 usum
2611 487 2816 543 habere
2838 503 2944 542 non
2967 487 3187 558 poterit.
3221 487 3334 542 lloe
3361 488 3480 544 solo
3501 489 3771 546 distamus

461 594 606 648 vulis
636 592 758 647 data
789 600 974 647 essent
1003 588 1246 644 cautiora
1278 596 1592 657 praecepta;
1625 601 1694 643 ne
1739 595 2069 657 usurparent
2171 601 2204 641 a
2251 586 2460 654 bestiis,
2495 585 2560 641 ad
2609 585 2899 658 imaginem
2933 585 3028 642 Dei
3057 594 3112 641 et
3152 584 3566 640 similitudinem
3599 585 3772 640 virtu-

460 685 566 742 sibi
595 685 881 740 scientiam
926 682 1050 738 boni
1077 689 1132 736 et
1161 679 1290 735 mali
1316 720 1330 746 ,
1355 693 1516 750 quam
1546 686 1700 735 recto
1745 679 2065 735 discrimine

458 785 692 841 definire
721 798 827 839 non
880 788 1143 851 possent,
1194 777 1434 849 paradisi
1462 778 1756 833 incolatum
1790 777 1845 832 in
1869 789 2064 847 perpe-

457 890 609 934 tuum
640 876 916 932 vindicare
961 874 1285 943 potuissent.
1315 871 1371 927 Si
1417 871 1769 927 considerent
1812 868 2061 924 homines

454 972 579 1041 quia
610 969 832 1038 sanguis
865 965 1107 1023 hominis
1139 964 1206 1020 ad
1235 965 1404 1020 Dettm
1427 964 1668 1031 clamat,
1703 976 1900 1018 manus
1930 975 2062 1032 pro-

453 1065 602 1135 prias
622 1077 653 1118 a
683 1075 817 1118 nece
842 1060 1078 1117 hominis
1105 1059 1475 1115 abstinebant.
1498 1059 1558 1115 Si
1578 1057 1889 1114 cuStodiant
1920 1071 2060 1127 prte-

451 1166 608 1227 cepta
637 1172 757 1228 qua:
785 1155 936 1211 dedit
963 1154 1224 1210 Dominus
1248 1167 1432 1208 coram
1462 1153 1601 1208 ctelo
1631 1160 1685 1208 ct
1730 1160 1872 1206 terra
1898 1158 1924 1188 ο
1948 1159 2058 1206 tes-

450 1251 616 1317 tibus,
641 1251 839 1306 -dicens
869 1267 882 1302 :
913 1248 1081 1314 Audi,
1112 1248 1316 1313 cretum,
1348 1256 1398 1302 et
1425 1246 1641 1300 auribus
1667 1246 1895 1318 percipe,
1919 1253 2056 1298 terra

447 1341 624 1412 (Esai.
653 1359 704 1409 ι,
733 1342 793 1412 2)
827 1360 841 1397 :
873 1342 1112 1398 scientes
1139 1341 1264 1411 quia
1301 1339 1559 1410 quidquid
1609 1337 1795 1410 ﬂagitii
1825 1336 2053 1393 commi-

443 1439 654 1504 serint,
687 1437 956 1494 adversus
983 1438 1158 1508 legem
1187 1433 1402 1490 Domini
1434 1434 1660 1497 fecisse,
1691 1433 2011 1504 angelorum
2033 1471 2046 1496 ,

441 1542 499 1591 et
526 1535 890 1595 Potestatum,
947 1540 1264 1590 sanctorum
1310 1543 1526 1600 quoque
1579 1527 1862 1582 hominum
1895 1526 2054 1581 testi-

440 1629 645 1684 moniis
676 1636 1008 1698 arguantur,
1043 1637 1206 1695 supra
1241 1621 1356 1678 haec
1383 1621 1695 1678 testimonia
1723 1619 2044 1676 fundamen-

437 1733 552 1779 tum
585 1723 688 1779 sibi
713 1721 1092 1787 constituent,
1121 1720 1246 1791 quia
1275 1729 1477 1773 aeterna
1509 1724 1639 1774 sunt
1660 1726 1823 1788 atque
1853 1728 2047 1786 perpe-

2169 687 2283 734 tum
2331 680 2518 751 vigore
2559 679 2797 734 formati.
2854 677 3015 734 Fides
3067 693 3167 734 nos
3201 678 3270 732 ab
3315 677 3768 734 irrationabilium

2168 775 2436 846 pecudum
2458 774 2866 846 comparatione
2895 773 3158 829 secernit.
3187 773 3301 829 Hoc
3328 783 3517 844 caput,
3546 773 3768 830 humani

2166 875 2405 933 servate,
2427 876 2738 939 serpentes;
2759 866 2972 923 etiamsi
2993 866 3177 922 omnia
3199 867 3446 924 membra
3464 868 3768 937 caedantur,

2166 966 2337 1015 totum
2371 969 2559 1016 uratur
2587 975 2789 1032 corpus
2817 960 3086 1015 incendiis
3109 1001 3124 1025 ,
3159 971 3444 1033 mergatur
3471 959 3764 1031 profundo,

2163 1052 2500 1108 evisceratur
2524 1068 2554 1107 a
2599 1053 2790 1109 bestiis
2813 1095 2828 1120 ,
2877 1053 2984 1109 hoc
3009 1061 3190 1108 tamen
3243 1054 3424 1126 capite
3447 1054 3721 1111 custodito
3746 1096 3764 1122 ,

2161 1146 2272 1202 vita
2303 1146 2511 1217 integra
2535 1188 2550 1214 ,
2582 1147 2730 1201 saltis
2757 1155 2870 1201 tuta
2901 1153 3014 1212 est;
3039 1161 3205 1202 nemo
3233 1147 3382 1203 enim
3414 1156 3600 1220 potest
3643 1163 3766 1220 per-

2159 1240 2240 1296 ire
2262 1282 2276 1307 ,
2311 1240 2401 1295 cui
2428 1255 2535 1295 non
2569 1239 2817 1296 sublatus
2836 1248 2923 1296 est
2950 1240 3223 1297 Christus.

2228 1337 2285 1391 5.
2327 1334 2425 1391 Est
2458 1343 2513 1391 et
2539 1343 2702 1407 caput
2730 1349 2940 1392 summa
2967 1335 3134 1390 Studii
3163 1345 3331 1406 atque
3351 1335 3534 1407 operis
3563 1336 3755 1403 nostri,

2156 1441 2364 1482 summa
2394 1427 2598 1499 negOIii
2625 1469 2640 1494 ,
2669 1443 2879 1483 summa
2907 1429 3024 1499 spei
3045 1471 3059 1493 ,
3085 1442 3294 1484 summa
3316 1429 3596 1484 virtutum.
3625 1428 3756 1484 Om-

2155 1521 2241 1576 nis
2265 1530 2445 1576 autem
2495 1535 2706 1577 summa
2740 1530 2826 1577 est
2854 1520 3021 1578 studii
3051 1523 3253 1589 nostri;
3285 1531 3343 1578 ut
3381 1522 3552 1578 simus
3578 1522 3753 1579 humi-

2153 1613 2234 1670 les
2256 1653 2272 1681 ,
2301 1613 2583 1670 veritatem
2617 1630 2910 1686 sequamur
2933 1653 2948 1684 ,
2973 1632 3128 1686 quant
3171 1632 3274 1670 non
3317 1616 3453 1671 ridet
3505 1617 3758 1673 extollens

2151 1723 2227 1776 se,
2259 1710 2458 1778 frustra
2479 1707 2692 1778 inﬂatus
2739 1718 2908 1762 mente
2949 1709 3124 1762 carnis
3169 1724 3301 1775 stuc,
3331 1717 3381 1762 et
3427 1725 3532 1764 non
3583 1720 3756 1766 tenens

436 1827 551 1874 tua.
587 1817 652 1873 Et
703 1827 802 1872 nos
850 1829 980 1886 ergo
1029 1828 1168 1884 opus
1208 1822 1452 1868 nostrum
1500 1810 1830 1866 :ediiicemus
1878 1821 2033 1879 supra

2153 1810 2310 1871 caput
2341 1799 2564 1874 (Coloss.
2598 1815 2638 1855 tt
2658 1841 2673 1867 ,
2700 1800 2768 1856 18
2798 1809 2849 1854 et
2873 1798 2983 1872 19).
3006 1799 3162 1869 Quod
3206 1799 3404 1856 sithoc
3451 1813 3614 1872 caput
3639 1803 3755 1858 evi-

439 1914 855 1971 fundamentum
880 1909 1318 1968 testimoniorum
1342 1907 1649 1964 cmiestium
1675 1921 1690 1971 ;
1723 1913 1784 1960 ut
1807 1915 1920 1960 non
1951 1915 2042 1956 ar-

441 2007 570 2063 deat
595 2004 736 2062 sicut
755 2004 962 2076 lignum
995 2011 1087 2058 aut
1116 2000 1314 2073 stipula
1366 2017 1380 2056 ;
1419 1999 1519 2056 sed
1545 1999 1690 2055 sicut
1710 2011 1898 2054 aurum
1920 2009 2045 2067 pro-

439 2099 629 2166 betur;
653 2108 714 2154 ut
739 2106 951 2154 aeterno
979 2103 1200 2151 maneat
1223 2092 1412 2149 nisum
1436 2091 1774 2148 fundamine.

900 2227 1134 2286 SEBMO
1173 2211 1574 2285 VIGESiMUS.

1120 2351 1170 2403 Ἴ.
1193 2344 1398 2402 Resch.

501 2463 556 2523 1.
598 2465 791 2536 incipit
835 2463 1020 2518 littera
1052 2459 1314 2531 vigesima
1334 2459 1437 2515 Res
1457 2502 1473 2526 ,
1496 2470 1621 2530 quae
1647 2458 1835 2513 Latina
1865 2456 2039 2511 inter-

433 2559 746 2630 pretatione
789 2564 946 2627 caput
999 2554 1221 2619 dicitur,
1277 2554 1362 2608 vel
1412 2553 1688 2625 primatus.
1720 2549 1898 2621 Caput
1927 2558 2034 2613 est,

432 2661 493 2706 ut
522 2651 751 2706 formam
785 2648 1006 2720 generis
1043 2644 1267 2700 humani
1295 2644 1712 2701 consideremus
1733 2683 1748 2710 ,
1777 2641 1926 2712 quod
1955 2640 2038 2696 fo-

427 2755 519 2801 vet
546 2744 793 2801 membra
815 2743 1019 2807 omnia,
1050 2749 1105 2796 et
1133 2739 1321 2811 dirigit
1347 2749 1508 2810 atque
1539 2738 1734 2809 implet
1758 2736 2031 2792 sensibus.

427 2837 625 2894 Sensus
653 2837 799 2894 enim
832 2835 1082 2906 sapientis
1129 2834 1184 2888 in
1227 2833 1398 2903 capite
1441 2834 1555 2905 ejus
1601 2830 1777 2903 (Eccl.
1811 2843 1884 2898 tt,
1913 2827 2030 2899 14).

420 2931 552 2990 Inde
573 2932 775 2988 ductus
795 2941 1081 2996 venarum,
1115 2935 1435 2996 meatusque
1469 2924 1721 2995 Spiritus,
1747 2922 2032 2994 sanguinis

426 3028 574 3082 vires
623 3026 678 3081 in
707 3025 876 3080 totius
918 3032 1105 3093 partes
1131 3021 1382 3092 corporis
1428 3021 1763 3077 derivantur.
1815 3019 2034 3076 Lustrat

423 3119 632 3186 omnia,
677 3128 838 3173 ornat
878 3117 1078 3172 omnia.
1128 3114 1356 3170 Sublato
1388 3114 1589 3184 capite,
1640 3127 1844 3184 corpus
1902 3114 2029 3168 sine

2148 1895 2342 1951 denter
2369 1895 2642 1965 expressit
2688 1893 2878 1951 dicens
2909 1911 2921 1947 :
2953 1893 3039 1949 Ea:
3085 1912 3187 1966 quo
3232 1912 3384 1952 omne
3437 1913 3626 1967 corpus
3658 1914 3750 1968 per

2147 1991 2624 2061 compaginationes
2651 2000 2699 2045 et
2729 1989 3086 2063 coltigationes
3113 1991 3560 2046 subministramus
3589 2001 3638 2046 et
3661 2008 3751 2046 co-

2147 2084 2385 2154 pulatum
2409 2085 2596 2140 crescit
2620 2086 2678 2139 in
2705 2085 3080 2140 incrementum
3105 2084 3206 2139 Dei
3229 2084 3422 2157 (Ibid.,
3455 2085 3571 2157 19).
3601 2085 3672 2141 Ει
3692 2087 3748 2141 in

2145 2175 2323 2233 Esaiae
2342 2177 2482 2234 libro
2503 2177 2636 2234 dicit
2660 2178 2926 2234 Dominus
2971 2193 3069 2249 per
3097 2177 3428 2249 Prophetas:
3453 2196 3468 2233 :
3498 2179 3749 2250 Auferam

2143 2289 2176 2326 a
2199 2269 2388 2327 ludam
2413 2281 2570 2344 caput
2597 2282 2650 2328 et
2671 2273 2915 2342 caudam,
2948 2273 3153 2329 initium
3185 2283 3234 2328 et
3263 2275 3420 2344 ﬁnem
3451 2273 3625 2346 (Esai.
3657 2291 3712 2330 Ix
3731 2315 3747 2340 ,

2145 2363 2214 2420 14
2240 2364 2282 2436 ).
2363 2365 2476 2421 Hoc
2550 2373 2715 2433 caput
2765 2365 2956 2423 Judaza
3023 2365 3171 2437 quod
3248 2369 3472 2424 tenebat
3532 2366 3745 2437 amisit,

2145 2471 2266 2526 qua:
2294 2454 2482 2513 Jesum
2517 2457 2807 2514 Dominum
2838 2473 2950 2514 non
2981 2459 3213 2529 recepit.
3241 2458 3345 2516 Ubi
3376 2459 3512 2516 ﬁdes
3534 2470 3620 2516 est
3644 2502 3658 2526 ,
3691 2469 3747 2516 et

2140 2553 2356 2608 initium
2379 2593 2394 2619 ,
2447 2562 2503 2610 et
2547 2554 2712 2611 tinem
2762 2554 3042 2610 habemus.
3076 2553 3181 2611 Ubi
3210 2553 3467 2625 perfidia,
3512 2569 3617 2610 nec
3647 2554 3748 2610 ini.

2144 2648 2303 2714 tium,
2333 2664 2439 2704 nec
2481 2650 2608 2705 finis
2636 2658 2739 2706 est.
2765 2649 3010 2706 Ecclesia
3035 2649 3362 2720 principium
3395 2650 3596 2716 habet,
3625 2666 3748 2720 qnze

2137 2741 2416 2800 Christum
2439 2743 2638 2810 habet;
2667 2742 2919 2799 Christus
2949 2743 3094 2799 enim
3122 2742 3386 2798 Ecclesiae
3414 2742 3740 2813 principium

2138 2845 2223 2894 eat
2241 2879 2256 2904 ,
2285 2838 2688 2909 primogenitus
2713 2853 2780 2894 ex
2809 2838 3062 2894 mortuis.
3095 2837 3272 2894 Habet
3301 2847 3357 2894 et
3380 2838 3546 2894 ﬁnem
3572 2856 3586 2903 ;
3618 2839 3746 2908 quia

2136 2931 2258 3004 ipse
2286 2941 2371 2988 est
2414 2935 2624 3004 primus
2651 2941 2706 2989 et
2733 2933 3083 2989 novissimus.
3131 2933 3252 3004 Ipse
3289 2941 3377 2989 est
3425 2933 3549 2989 finis
3587 2932 3747 3004 Legis

2135 3027 2203 3082 ad
2225 3028 2492 3098 justitiam
2541 3027 2691 3083 omni
2736 3022 3002 3084 credenti.
3047 3028 3332 3100 Synagoga
3384 3043 3486 3084 nec
3527 3027 3740 3082 initium

2135 3135 2239 3176 nec
2265 3122 2426 3176 linem
2455 3121 2650 3187 habet;
2679 3121 2805 3193 quia
2836 3137 2938 3178 nec
2977 3122 3032 3177 in
3059 3122 3332 3192 principio
3361 3122 3571 3178 invenit
3593 3121 3742 3193 quod

422 3214 646 3270 nomine
674 3223 755 3268 est
773 3252 789 3279 ,
823 3226 930 3266 non
957 3210 1294 3282 agnoscitur,
1320 3224 1418 3264 nec
1447 3209 1559 3263 ulla
1583 3218 1835 3280 superest
1861 3223 2028 3264 usura
2049 3203 2100 3266 C
2135 3225 2412 3284 sequatur,
2440 3229 2546 3271 nec
2585 3215 2641 3270 in
2673 3215 2783 3271 fine
2809 3215 2958 3287 quod
2997 3223 3201 3286 speret.
3235 3214 3458 3271 inﬂatus
3489 3231 3621 3288 ergo
3647 3230 3741 3272 ca-

425 3304 666 3362 vivendi.
693 3305 986 3374 PrOpterea
1031 3302 1124 3373 qui
1153 3303 1208 3358 in
1249 3303 1429 3372 aliquo
1462 3305 1674 3376 1222
1700 3304 2030 3359 damnantur

424 3400 660 3457 crimine
685 3441 698 3464 ,
732 3413 802 3454 eo
823 3397 964 3468 quod
989 3409 1369 3454 ornamentum
1396 3405 1483 3454 est
1515 3405 1678 3454 totius
1728 3399 1978 3468 corporis
2009 3440 2023 3465 ,

423 3493 452 3533 δ
477 3494 653 3563 capite
681 3491 1004 3547 abdicantur
1035 3509 1048 3546 :
1079 3499 1136 3547 et
1164 3491 1288 3563 quia
1329 3491 1471 3563 turpi
1498 3492 1581 3547 vel
1613 3491 1848 3547 scelesto
1873 3500 2030 3547 reatu

424 3587 680 3644 belluinte
711 3585 954 3641 ieditatis
982 3584 1359 3650 illuviem,vel
1395 3585 1645 3640 bestialis
1675 3585 2031 3640 immanitatis

420 3679 711 3735 horrorem
739 3679 1117 3734 commississe
1143 3678 1341 3734 detecti
1372 3687 1538 3748 sunt,
1571 3687 1845 3748 tamquam
1878 3679 1914 3733 ii
1937 3678 2030 3749 qui

421 3772 706 3843 proposito
741 3771 996 3826 humanae
1025 3771 1416 3828 moderationis
1437 3771 1768 3838 exciderint,
1798 3772 2028 3828 formam

424 3880 646 3937 quoque
670 3866 920 3920 humana:
953 3866 1281 3922 conditionis
1300 3865 1560 3936 jubentnr
1582 3881 1803 3923 exuere.
1832 3866 2032 3922 Reciso

425 3963 571 4018 enim
623 3961 827 4033 capite,
886 3960 1082 4031 reliqui
1139 3961 1388 4031 corporis
1443 3971 1672 4016 truncus
1727 3960 2070 4017 bestiarum.

426 4057 647 4127 corpori
685 4065 1059 4126 comparatur,
1100 4066 1154 4112 et
1205 4057 1492 4127 sapientia
1535 4072 1664 4113 arce
1709 4056 2026 4114 fraudatur:

424 4150 551 4221 quia
577 4150 860 4219 sapientite
885 4163 996 4204 non
1026 4148 1201 4219 potuit
1219 4159 1410 4205 tenere
1429 4150 1719 4205 rationem.
1753 4149 2032 4220 Sepelitur

427 4245 594 4315 igitur
621 4244 739 4299 sine
767 4243 969 4299 decore
986 4257 1086 4297 suo
1109 4256 1344 4312 corpus;
1369 4243 1423 4298 in
1449 4244 1627 4314 capite
1653 4237 2032 4312 etenim'irigor

429 4337 578 4404 vitae,
606 4337 659 4391 in
685 4337 867 4406 capite
897 4343 981 4390 est
1027 4336 1204 4405 gratia
1233 4337 1556 4390 venustatis.

500 4429 557 4483 2.
600 4428 798 4485 Fertur
837 4429 1089 4496 coluber,
1113 4441 1240 4484 cum
1269 4439 1494 4497 urgetur
1538 4429 1821 4498 periculo,
1867 4438 2031 4498 caput

429 4537 643 4595 semper
673 4521 1009 4578 abscondere
1030 4564 1045 4590 ,
1081 4531 1136 4578 et
1173 4523 1234 4576 in
1263 4521 1454 4577 orbem
1480 4537 1540 4578 se
1583 4522 1848 4592 colligens
1869 4563 1884 4588 ,
1925 4522 2031 4578 ob-

2132 3317 2228 3380 pnt
2257 3324 2364 3363 non
2406 3318 2585 3375 tenet,
2620 3309 2727 3365 hoc
2762 3318 2849 3366 est
2873 3352 2888 3376 ,
2926 3309 3078 3364 illam
3123 3309 3326 3366 Christi
3373 3309 3738 3366 humilitatem

2130 3416 2236 3472 qua
2264 3401 2547 3457 descendit
2573 3415 2744 3473 usque
2773 3402 2838 3456 ad
2869 3416 3087 3458 crucem
3108 3445 3123 3468 ,
3161 3401 3447 3458 descendit
3475 3418 3648 3472 usque
3665 3402 3735 3458 ad

2131 3494 2359 3550 inferos.
2390 3494 2518 3550 Ideo
2564 3495 2784 3551 Judaeus
2814 3510 2923 3552 non
2954 3495 3215 3563 credidit;
3261 3495 3387 3567 quia
3415 3497 3745 3566 contempsit

2131 3585 2406 3642 dicentem
2470 3605 2485 3641 :
2530 3587 2726 3643 Discite
2747 3605 2778 3642 a
2806 3605 2906 3652 me,
2939 3590 3063 3659 quia
3083 3589 3224 3644 mitis
3253 3605 3370 3643 sunt
3394 3630 3410 3657 ,
3452 3599 3502 3643 et
3528 3589 3744 3646 temnitis

2131 3680 2286 3735 corde
2317 3679 2534 3754 (Matth.
2583 3696 2667 3747 ιι,
2697 3680 2814 3754 29).
2865 3683 2992 3738 Haec
3020 3682 3304 3739 humilitas
3330 3683 3593 3738 virtutum
3617 3698 3742 3738 om-

2131 3773 2280 3829 nium
2309 3781 2472 3843 caput
2515 3782 2601 3829 est
2624 3813 2640 3840 ,
2665 3788 2787 3844 quae
2811 3782 2984 3832 totum
3026 3775 3176 3832 velut
3213 3774 3489 3847 quoddam
3523 3785 3744 3833 nostro-

2133 3882 2250 3921 rum
2279 3877 2500 3922 actuum
2532 3867 2678 3923 fovet
2699 3882 2920 3940 corpus.

2202 3962 2257 4016 4.
2299 3960 2558 4029 Quamvis
2577 3961 2830 4018 inﬁmus
2852 3963 3050 4033 aliquis
3071 3962 3176 4028 sit,
3205 3977 3432 4034 pauper,
3464 3962 3737 4035 ignobilis,

2133 4066 2313 4113 tamen
2342 4057 2391 4110 si
2415 4071 2523 4110 non
2551 4070 2608 4112 se
2629 4057 2857 4112 extollat
2883 4068 2936 4112 et
2965 4056 3222 4127 prteferat
3250 4097 3265 4124 ,
3290 4056 3404 4128 ipsa
3433 4055 3742 4112 sobumili—

2135 4159 2243 4206 tate
2272 4150 2640 4205 commendat.
2674 4149 2972 4221 Sitaliquis
3001 4150 3279 4221 praedives
3303 4158 3362 4206 et
3394 4150 3608 4223 1223
3638 4165 3740 4205 no-

2133 4243 2259 4299 bilis
2285 4287 2299 4312 ,
2336 4241 2479 4298 idem
2523 4244 2570 4298 si
2620 4243 2957 4297 nobilitatem
3000 4243 3220 4314 generis
3265 4252 3320 4298 et
3359 4241 3584 4298 divitias
3611 4255 3738 4298 suas

2128 4335 2317 4404 jactet,
2367 4335 2660 4392 insolentia
2697 4335 2786 4392 sui
2827 4337 2946 4391 vilis
2977 4345 3080 4392 est.
3125 4335 3210 4392 Sit
3241 4336 3442 4408 aliquis
3469 4336 3736 4392 facundus

2134 4440 2192 4485 et
2217 4429 2397 4493 fortis,
2426 4431 2518 4500 qui
2539 4440 2754 4486 tumore
2775 4430 3044 4487 facundiae
3071 4445 3138 4488 ac
3166 4432 3384 4488 virtutis
3413 4432 3589 4487 elatus
3613 4432 3733 4502 plu-

2135 4521 2334 4576 rimum
2361 4521 2468 4576 sibi
2505 4531 2722 4592 arroget
2746 4541 2758 4575 :
2794 4539 2974 4578 nonne
3001 4523 3053 4578 ei
3077 4531 3301 4593 propter
3323 4523 3733 4590 verecundiam,

421 4615 565 4687 jecta
589 4615 789 4684 reliqui
815 4626 968 4686 parte
991 4614 1237 4685 corporis
1258 4656 1272 4680 ,
1303 4613 1407 4670 hoc
1429 4614 1602 4670 solum
1627 4615 1761 4670 tueri
1787 4630 1804 4681 ;
1835 4625 1859 4653 ο
1882 4615 2027 4684 quod
2054 4595 2111 4657 Β
2135 4623 2191 4670 et
2215 4612 2480 4682 insipiens
2523 4615 2843 4684 plerumque
2874 4623 2932 4671 et
2956 4614 3228 4670 invalidus
3258 4613 3562 4670 antefertur
3585 4616 3607 4668 ?
3629 4614 3737 4670 De-

430 4709 570 4764 illisa
601 4709 810 4763 feratur
849 4708 1090 4763 membra
1122 4717 1351 4776 caetera,
1393 4709 1548 4763 salvo
1589 4709 1784 4780 capitis
1807 4707 2023 4779 vigore,

431 4812 710 4869 reparare.
741 4799 858 4854 lioc
886 4808 940 4853 et
965 4810 1019 4853 tu
1049 4800 1332 4855 moraliter
1353 4810 1515 4870 caput
1541 4815 1730 4866 serva,
1765 4799 1875 4856 hoc
1902 4815 2025 4855 ser-

425 4903 552 4946 vato
595 4901 650 4947 et
676 4893 923 4965 mystice.
959 4892 1244 4964 lliysnienm
1287 4905 1448 4962 caput
1471 4892 1721 4948 Christus
1743 4904 1865 4959 est;
1897 4893 2024 4964 quia

429 4986 618 5041 Omnia
647 4987 701 5041 in
724 4988 835 5057 ipso
859 4994 1126 5051 constant,
1157 4993 1205 5040 et
1232 4986 1344 5056 ipse
1372 4994 1445 5039 est
1472 4997 1628 5057 caput
1655 4987 1890 5056 corporis
1920 4986 2019 5041 Ec-

495 5183 520 5210 δ
554 5171 710 5227 Rom.
745 5171 877 5227 edit.
910 5171 1024 5226 sola
1044 5170 1296 5244 ,rtestibus
1316 5170 1498 5244 (unde
1523 5170 1655 5224 dixit
1699 5169 1968 5242 Pmpheta
1988 5187 2008 5225 :

421 5243 579 5304 Audi.
610 5244 864 5299 mlum...
899 5243 1083 5313 terra.)
1130 5242 1466 5298 Verum'no-n
1497 5244 1634 5298 satis
1665 5250 1896 5312 apparet
1917 5243 2006 5298 eui

415 5314 560 5372 bono
592 5333 651 5369 ea
687 5314 912 5370 mutatio
935 5315 1150 5368 inducta
1182 5317 1286 5380 sit;
1316 5329 1436 5370 cum
1453 5314 1628 5369 Deum
1656 5317 1707 5370 in
1735 5314 2003 5387 Propheta

413 5388 654 5442 locutum
686 5388 862 5458 quivis
893 5387 1178 5455 intelligat.

476 5483 501 5522 ι»
531 5483 648 5539 Alia
692 5483 910 5553 quidem
944 5495 1099 5540 erant
1129 5494 1330 5552 prmter
1357 5483 1550 5554 capitis
1575 5498 1787 5553 poenam
1820 5489 2006 5538 extre-

398 5573 487 5611 ma
521 5555 808 5625 supplicia,
841 5566 901 5611 ut
924 5571 1189 5612 venarum
1220 5555 1412 5621 sectio,
1446 5571 1738 5623 venenum,
1778 5555 1994 5617 bestiae,

399 5629 666 5699 laqueus:
703 5643 888 5683 verum
933 5628 1148 5682 omissis
1195 5628 1438 5698 reliquis,
1469 5627 1556 5682 hic
1597 5628 1746 5682 illam
1788 5634 1995 5681 tantum

397 5700 495 5754 Vir
524 5709 742 5754 sanctus
768 5708 1189 5766 commemorat,
1223 5700 1308 5755 vel
1340 5701 1462 5766 quia
1490 5700 1541 5753 in
1561 5714 1677 5755 rem
1705 5712 1857 5754 suam
1883 5712 1993 5750 ma-

393 5773 476 5840 gis
529 5771 796 5835 fauiebat,
845 5772 929 5826 vel
986 5771 1124 5825 forte
1157 5771 1281 5842 quin
1331 5772 1381 5825 id
1427 5772 1689 5840 temporis
1719 5771 1842 5825 aliis
1869 5777 1990 5842 erat

389 5842 750 5916 frequentior,
792 5843 877 5905 vel
928 5843 1145 5904 tandem
1177 5841 1317 5914 quia
1367 5857 1478 5902 non
1533 5843 1710 5900 solum
1756 5841 1981 5907 mortis,

2136 4707 2300 4776 nique
2326 4705 2634 4763 Pharisaeus
2675 4708 2730 4762 in
2779 4707 3074 4778 Evangelia
3119 4706 3146 4746 ει
3175 4723 3301 4763 cum
3353 4707 3649 4763 abstemius
3680 4716 3738 4762 et

2132 4815 2330 4872 parcus
2358 4811 2507 4858 esset
2530 4801 2730 4869 alieni,
2762 4802 3004 4858 liberalis
3035 4802 3120 4858 sui
3139 4845 3154 4868 ,
3185 4817 3290 4859 non
3333 4803 3555 4872 refugus
3591 4802 3732 4872 jeju-

2132 4894 2244 4960 nii,
2295 4903 2357 4951 ut
2401 4894 2517 4964 ipse
2566 4894 2818 4960 dicebat;
2877 4905 3054 4950 tamen
3103 4908 3329 4966 propter
3374 4893 3732 4965 jactantiam,

2132 4987 2295 5042 etiam
2346 4985 2438 5041 illa
2469 5003 2589 5058 quae
2621 4987 2823 5042 habere
2869 4997 3103 5056 poterat,
3151 4987 3335 5044 amisit
3357 4987 3514 5058 (Luc.
3552 5000 3685 5043 xvttt
3713 5029 3734 5057 ,

2119 5170 2214 5226 sed
2245 5180 2301 5244 et
2345 5169 2625 5244 exsiliiac
2651 5171 2939 5244 servitutis
2989 5187 3148 5240 pana
3171 5213 3187 5240 ,
3232 5173 3477 5244 capitalis
3509 5175 3732 5232 nomine

2115 5243 2477 5318 censebatur;
2509 5242 2667 5318 Vide
2695 5241 2934 5318 Brissen.
2979 5245 3049 5301 de
3085 5245 3245 5302 Verb.
3277 5241 3459 5317 signil'.
3502 5246 3597 5304 lib.
3642 5262 3726 5318 tu,

2115 5315 2182 5370 ad
2211 5330 2402 5378 voces,
2438 5311 2700 5384 Capitalia
2731 5315 2971 5370 crimina.

2189 5420 2211 5448 ο
2243 5409 2370 5463 Mss.
2403 5407 2709 5482 aliquohac
2725 5418 2834 5463 vet.
2854 5409 3016 5482 edit.,
3040 5409 3371 5477 Quodillazsa
3398 5411 3725 5482 feratur.....

2111 5496 2377 5549 reparare.
2409 5479 2568 5552 Rom.
2601 5480 2714 5552 sola
2742 5521 2756 5545 ,
2785 5481 2925 5548 quod
2958 5483 3084 5536 lwsa
3115 5479 3422 5552 ferantur...
3456 5485 3725 5552 reparari.

2112 5553 2218 5607 Alii
2266 5566 2396 5606 mss.
2447 5549 2643 5621 majori
2688 5567 2933 5616 numero,
2989 5563 3042 5607 et
3105 5549 3523 5621 meliorinota,
3561 5565 3617 5610 ut
3670 5557 3727 5613 in

2111 5631 2283 5706 textu.
2315 5620 2518 5676 Confer
2546 5630 2726 5750 agtem
2762 5625 2905 5680 hunc
2929 5625 3113 5680 locum
3145 5642 3268 5682 cum
3289 5625 3460 5683 Enar.
3491 5620 3546 5682 in
3571 5627 3716 5682 Psal.

2111 5709 2324 5750 xxxvii.
2363 5709 2512 5748 num.
2627 5734 2637 5747 .

2106 5709 2292 5750 xxxvii
2311 5735 2324 5758 ,
2363 5709 2512 5748 num.
2554 5709 2637 5750 ιθ.

2174 5767 2200 5802 ά
2232 5766 2358 5841 Era.
2391 5777 2451 5841 et
2475 5766 2933 5841 seq_._edit.,_cum
2974 5767 3258 5841 abstinens.
3304 5768 3435 5841 AAm.
3474 5779 3722 5841 ettnss.,

2099 5855 2217 5895 cum
2241 5837 2536 5894 abstemius.
2566 5837 2681 5897 Non
2705 5838 2884 5910 male;
2912 5854 3057 5912 saepe
3082 5839 3229 5896 enim
3258 5839 3546 5897 abstemius
3565 5837 3717 5901 idem
