  <div class='ocr_page' id='page_1' title='image "/cluster/home/n/w/nwhite01/storage/ocr_20150623/15/hvd.32044015471311/156.png"; bbox 0 0 4104 6350; ppageno 0'>
   <div class='ocr_carea' id='block_1_1' title="bbox 291 233 2493 300">
    <p class='ocr_par' dir='ltr' id='par_1_1' title="bbox 291 233 2493 300">
     <span class='ocr_line' id='line_1_1' title="bbox 291 233 2493 300; baseline -0.002 -2"><span class='ocrx_word' id='word_1_1' title='bbox 291 239 427 298; x_wconf 70' lang='lat'><strong>“85</strong></span> <span class='ocrx_word' id='word_1_2' title='bbox 1388 235 1454 299; x_wconf 79' lang='lat' dir='ltr'><strong>IN</strong></span> <span class='ocrx_word' id='word_1_3' title='bbox 1494 237 1823 300; x_wconf 74' lang='lat' dir='ltr'><strong>PSALMUM</strong></span> <span class='ocrx_word' id='word_1_4' title='bbox 1856 233 2072 298; x_wconf 62' lang='lat' dir='ltr'><strong>CXVIII</strong></span> <span class='ocrx_word' id='word_1_5' title='bbox 2109 235 2493 296; x_wconf 73' lang='lat' dir='ltr'><strong>EXPOSITIO.</strong></span> 
     </span>
    </p>
   </div>
   <div class='ocr_carea' id='block_1_2' title="bbox 3452 241 3592 304">
    <p class='ocr_par' dir='ltr' id='par_1_2' title="bbox 3452 241 3592 304">
     <span class='ocr_line' id='line_1_2' title="bbox 3452 241 3592 304; baseline 0.014 -2"><span class='ocrx_word' id='word_1_6' title='bbox 3452 241 3592 304; x_wconf 70' lang='lat'><strong>“86</strong></span> 
     </span>
    </p>
   </div>
   <div class='ocr_carea' id='block_1_3' title="bbox 293 349 3592 431">
    <p class='ocr_par' dir='ltr' id='par_1_3' title="bbox 293 349 3592 431">
     <span class='ocr_line' id='line_1_3' title="bbox 293 349 3592 431; baseline 0.001 -17"><span class='ocrx_word' id='word_1_7' title='bbox 293 359 360 415; x_wconf 83' lang='lat' dir='ltr'><strong>l0</strong></span> <span class='ocrx_word' id='word_1_8' title='bbox 384 368 432 414; x_wconf 84' lang='lat' dir='ltr'><strong>et</strong></span> <span class='ocrx_word' id='word_1_9' title='bbox 462 359 621 430; x_wconf 86' lang='lat' dir='ltr'><strong>seq.).</strong></span> <span class='ocrx_word' id='word_1_10' title='bbox 671 356 817 415; x_wconf 81' lang='lat' dir='ltr'><strong>Nihil</strong></span> <span class='ocrx_word' id='word_1_11' title='bbox 847 360 898 416; x_wconf 87' lang='lat' dir='ltr'><strong>ei</strong></span> <span class='ocrx_word' id='word_1_12' title='bbox 947 365 1026 416; x_wconf 84' lang='lat' dir='ltr'><strong>tot</strong></span> <span class='ocrx_word' id='word_1_13' title='bbox 1051 372 1254 430; x_wconf 74' lang='lat' dir='ltr'><strong>genera</strong></span> <span class='ocrx_word' id='word_1_14' title='bbox 1286 358 1550 414; x_wconf 87' lang='lat' dir='ltr'><strong>virtutum</strong></span> <span class='ocrx_word' id='word_1_15' title='bbox 1589 373 1702 415; x_wconf 91' lang='lat' dir='ltr'><strong>uno</strong></span> <span class='ocrx_word' id='word_1_16' title='bbox 1754 358 1887 414; x_wconf 83' lang='lat' dir='ltr'><strong>vitio</strong></span> <span class='ocrx_word' id='word_1_17' title='bbox 1910 367 1962 431; x_wconf 74' lang='grc' dir='ltr'><strong>Α</strong></span> <span class='ocrx_word' id='word_1_18' title='bbox 1993 355 2159 425; x_wconf 71' lang='lat' dir='ltr'><strong>sapiat</strong></span> <span class='ocrx_word' id='word_1_19' title='bbox 2196 368 2334 421; x_wconf 65' lang='lat' dir='ltr'><strong>suae,</strong></span> <span class='ocrx_word' id='word_1_20' title='bbox 2363 353 2505 410; x_wconf 88' lang='lat' dir='ltr'><strong>alius</strong></span> <span class='ocrx_word' id='word_1_21' title='bbox 2536 353 2590 409; x_wconf 84' lang='lat' dir='ltr'><strong>in</strong></span> <span class='ocrx_word' id='word_1_22' title='bbox 2620 349 3189 414; x_wconf 72' lang='lat' dir='ltr'><strong>administrationibus</strong></span> <span class='ocrx_word' id='word_1_23' title='bbox 3207 365 3264 415; x_wconf 88' lang='lat' dir='ltr'><strong>et</strong></span> <span class='ocrx_word' id='word_1_24' title='bbox 3289 356 3592 418; x_wconf 85' lang='lat' dir='ltr'><strong>honoribus</strong></span> 
     </span>
    </p>
   </div>
   <div class='ocr_carea' id='block_1_4' title="bbox 289 449 3586 526">
    <p class='ocr_par' dir='ltr' id='par_1_4' title="bbox 289 449 3586 526">
     <span class='ocr_line' id='line_1_4' title="bbox 289 449 3586 526; baseline 0.002 -19"><span class='ocrx_word' id='word_1_25' title='bbox 289 451 603 509; x_wconf 85' lang='lat' dir='ltr'><strong>decolorata</strong></span> <span class='ocrx_word' id='word_1_26' title='bbox 622 453 884 525; x_wconf 82' lang='lat' dir='ltr'><strong>prodesse</strong></span> <span class='ocrx_word' id='word_1_27' title='bbox 925 462 1241 526; x_wconf 89' lang='lat' dir='ltr'><strong>potuerunt.</strong></span> <span class='ocrx_word' id='word_1_28' title='bbox 1273 453 1604 510; x_wconf 88' lang='lat' dir='ltr'><strong>Publicanus</strong></span> <span class='ocrx_word' id='word_1_29' title='bbox 1626 452 1720 524; x_wconf 92' lang='lat' dir='ltr'><strong>qui</strong></span> <span class='ocrx_word' id='word_1_30' title='bbox 1746 452 1887 508; x_wconf 84' lang='lat' dir='ltr'><strong>nihil</strong></span> <span class='ocrx_word' id='word_1_31' title='bbox 1989 449 2256 520; x_wconf 74' lang='lat' dir='ltr'><strong>gloriatur</strong></span> <span class='ocrx_word' id='word_1_32' title='bbox 2287 467 2301 504; x_wconf 89' lang='lat'><strong>:</strong></span> <span class='ocrx_word' id='word_1_33' title='bbox 2327 449 2509 522; x_wconf 88' lang='lat' dir='ltr'><strong>justus</strong></span> <span class='ocrx_word' id='word_1_34' title='bbox 2531 450 2584 505; x_wconf 90' lang='lat' dir='ltr'><strong>in</strong></span> <span class='ocrx_word' id='word_1_35' title='bbox 2609 449 2916 507; x_wconf 90' lang='lat' dir='ltr'><strong>humilitate</strong></span> <span class='ocrx_word' id='word_1_36' title='bbox 2944 452 3242 523; x_wconf 80' lang='lat' dir='ltr'><strong>gloriatur;</strong></span> <span class='ocrx_word' id='word_1_37' title='bbox 3271 455 3413 512; x_wconf 88' lang='lat' dir='ltr'><strong>bona</strong></span> <span class='ocrx_word' id='word_1_38' title='bbox 3438 457 3586 513; x_wconf 89' lang='lat' dir='ltr'><strong>enim</strong></span> 
     </span>
    </p>
   </div>
   <div class='ocr_carea' id='block_1_5' title="bbox 291 544 3593 625">
    <p class='ocr_par' dir='ltr' id='par_1_5' title="bbox 291 544 3593 625">
     <span class='ocr_line' id='line_1_5' title="bbox 291 544 3593 625; baseline 0.002 -24"><span class='ocrx_word' id='word_1_39' title='bbox 291 560 620 603; x_wconf 85' lang='lat' dir='ltr'><strong>enumerare</strong></span> <span class='ocrx_word' id='word_1_40' title='bbox 666 555 880 618; x_wconf 81' lang='lat' dir='ltr'><strong>poterat</strong></span> <span class='ocrx_word' id='word_1_41' title='bbox 921 546 1065 618; x_wconf 91' lang='lat' dir='ltr'><strong>quod</strong></span> <span class='ocrx_word' id='word_1_42' title='bbox 1115 555 1301 617; x_wconf 84' lang='lat' dir='ltr'><strong>posset</strong></span> <span class='ocrx_word' id='word_1_43' title='bbox 1357 546 1612 618; x_wconf 84' lang='lat' dir='ltr'><strong>probari;</strong></span> <span class='ocrx_word' id='word_1_44' title='bbox 1666 553 1891 618; x_wconf 84' lang='lat' dir='ltr'><strong>propter</strong></span> <span class='ocrx_word' id='word_1_45' title='bbox 1993 546 2188 616; x_wconf 78' lang='lat' dir='ltr'><strong>gloria,</strong></span> <span class='ocrx_word' id='word_1_46' title='bbox 2221 544 2443 603; x_wconf 80' lang='lat' dir='ltr'><strong>Chri5to</strong></span> <span class='ocrx_word' id='word_1_47' title='bbox 2474 561 2598 603; x_wconf 91' lang='lat' dir='ltr'><strong>esse</strong></span> <span class='ocrx_word' id='word_1_48' title='bbox 2629 547 2955 619; x_wconf 75' lang='lat' dir='ltr'><strong>subjectum.</strong></span> <span class='ocrx_word' id='word_1_49' title='bbox 2990 547 3060 605; x_wconf 90' lang='lat' dir='ltr'><strong>Ut</strong></span> <span class='ocrx_word' id='word_1_50' title='bbox 3089 551 3232 607; x_wconf 88' lang='lat' dir='ltr'><strong>scias</strong></span> <span class='ocrx_word' id='word_1_51' title='bbox 3254 561 3435 608; x_wconf 89' lang='lat' dir='ltr'><strong>autem</strong></span> <span class='ocrx_word' id='word_1_52' title='bbox 3465 554 3593 625; x_wconf 87' lang='lat' dir='ltr'><strong>quia</strong></span> 
     </span>
    </p>
   </div>
   <div class='ocr_carea' id='block_1_6' title="bbox 293 638 3593 718">
    <p class='ocr_par' dir='ltr' id='par_1_6' title="bbox 293 638 3593 718">
     <span class='ocr_line' id='line_1_6' title="bbox 293 638 3593 718; baseline 0.003 -24"><span class='ocrx_word' id='word_1_53' title='bbox 293 638 657 696; x_wconf 80' lang='lat' dir='ltr'><strong>humilitatem</strong></span> <span class='ocrx_word' id='word_1_54' title='bbox 709 649 889 696; x_wconf 86' lang='lat' dir='ltr'><strong>tamen</strong></span> <span class='ocrx_word' id='word_1_55' title='bbox 937 640 1267 710; x_wconf 83' lang='lat' dir='ltr'><strong>justitiaatus</strong></span> <span class='ocrx_word' id='word_1_56' title='bbox 1325 639 1530 710; x_wconf 77' lang='lat' dir='ltr'><strong>magis,</strong></span> <span class='ocrx_word' id='word_1_57' title='bbox 1584 651 1746 710; x_wconf 90' lang='lat' dir='ltr'><strong>quam</strong></span> <span class='ocrx_word' id='word_1_58' title='bbox 1797 638 1893 694; x_wconf 92' lang='lat' dir='ltr'><strong>ille</strong></span> <span class='ocrx_word' id='word_1_59' title='bbox 1989 639 2199 710; x_wconf 85' lang='lat' dir='ltr'><strong>jactare</strong></span> <span class='ocrx_word' id='word_1_60' title='bbox 2233 657 2339 697; x_wconf 88' lang='lat' dir='ltr'><strong>non</strong></span> <span class='ocrx_word' id='word_1_61' title='bbox 2372 657 2432 699; x_wconf 89' lang='lat' dir='ltr'><strong>se</strong></span> <span class='ocrx_word' id='word_1_62' title='bbox 2480 645 2694 712; x_wconf 88' lang='lat' dir='ltr'><strong>cupiat,</strong></span> <span class='ocrx_word' id='word_1_63' title='bbox 2729 641 2826 700; x_wconf 91' lang='lat' dir='ltr'><strong>sed</strong></span> <span class='ocrx_word' id='word_1_64' title='bbox 2880 643 3095 700; x_wconf 86' lang='lat' dir='ltr'><strong>Domini</strong></span> <span class='ocrx_word' id='word_1_65' title='bbox 3147 643 3199 702; x_wconf 90' lang='lat' dir='ltr'><strong>in</strong></span> <span class='ocrx_word' id='word_1_66' title='bbox 3252 657 3314 703; x_wconf 85' lang='lat' dir='ltr'><strong>se</strong></span> <span class='ocrx_word' id='word_1_67' title='bbox 3361 649 3593 718; x_wconf 77' lang='lat' dir='ltr'><strong>gratiam</strong></span> 
     </span>
    </p>
   </div>
   <div class='ocr_carea' id='block_1_7' title="bbox 295 728 3599 811">
    <p class='ocr_par' dir='ltr' id='par_1_7' title="bbox 295 728 3599 811">
     <span class='ocr_line' id='line_1_7' title="bbox 295 728 3599 811; baseline 0.003 -22"><span class='ocrx_word' id='word_1_68' title='bbox 295 733 636 799; x_wconf 66' lang='lat' dir='ltr'><strong>Pharisaeus,</strong></span> <span class='ocrx_word' id='word_1_69' title='bbox 685 734 972 790; x_wconf 83' lang='lat' dir='ltr'><strong>descendit</strong></span> <span class='ocrx_word' id='word_1_70' title='bbox 1024 751 1056 790; x_wconf 91' lang='lat' dir='ltr'><strong>e</strong></span> <span class='ocrx_word' id='word_1_71' title='bbox 1114 734 1348 805; x_wconf 88' lang='lat' dir='ltr'><strong>templo,</strong></span> <span class='ocrx_word' id='word_1_72' title='bbox 1404 731 1703 789; x_wconf 90' lang='lat' dir='ltr'><strong>secundum</strong></span> <span class='ocrx_word' id='word_1_73' title='bbox 1748 728 1890 803; x_wconf 89' lang='lat' dir='ltr'><strong>quod</strong></span> <span class='ocrx_word' id='word_1_74' title='bbox 1995 747 2319 805; x_wconf 85' lang='lat' dir='ltr'><strong>provocare,</strong></span> <span class='ocrx_word' id='word_1_75' title='bbox 2352 737 2482 792; x_wconf 80' lang='lat' dir='ltr'><strong>alibi</strong></span> <span class='ocrx_word' id='word_1_76' title='bbox 2513 737 2654 793; x_wconf 89' lang='lat' dir='ltr'><strong>idem</strong></span> <span class='ocrx_word' id='word_1_77' title='bbox 2689 738 2959 811; x_wconf 83' lang='lat' dir='ltr'><strong>Propheta</strong></span> <span class='ocrx_word' id='word_1_78' title='bbox 2993 741 3115 796; x_wconf 87' lang='lat' dir='ltr'><strong>ait:</strong></span> <span class='ocrx_word' id='word_1_79' title='bbox 3167 739 3298 797; x_wconf 86' lang='lat' dir='ltr'><strong>Vide</strong></span> <span class='ocrx_word' id='word_1_80' title='bbox 3328 743 3599 798; x_wconf 77' lang='lat' dir='ltr'><strong>humilita-</strong></span> 
     </span>
    </p>
   </div>
   <div class='ocr_carea' id='block_1_8' title="bbox 295 823 1898 898">
    <p class='ocr_par' dir='ltr' id='par_1_8' title="bbox 295 823 1898 898">
     <span class='ocr_line' id='line_1_8' title="bbox 295 823 1898 898; baseline -0.001 -16"><span class='ocrx_word' id='word_1_81' title='bbox 295 825 561 894; x_wconf 79' lang='lat' dir='ltr'><strong>scriptum</strong></span> <span class='ocrx_word' id='word_1_82' title='bbox 585 835 673 880; x_wconf 81' lang='lat' dir='ltr'><strong>est</strong></span> <span class='ocrx_word' id='word_1_83' title='bbox 713 825 766 880; x_wconf 90' lang='lat' dir='ltr'><strong>in</strong></span> <span class='ocrx_word' id='word_1_84' title='bbox 800 825 1069 898; x_wconf 85' lang='lat' dir='ltr'><strong>Propheta</strong></span> <span class='ocrx_word' id='word_1_85' title='bbox 1104 843 1118 880; x_wconf 86' lang='lat'>:</span> <span class='ocrx_word' id='word_1_86' title='bbox 1162 825 1298 893; x_wconf 84' lang='lat' dir='ltr'><strong>Quia</strong></span> <span class='ocrx_word' id='word_1_87' title='bbox 1328 826 1547 881; x_wconf 72' lang='lat' dir='ltr'><strong>humiles</strong></span> <span class='ocrx_word' id='word_1_88' title='bbox 1575 825 1762 897; x_wconf 85' lang='lat' dir='ltr'><strong>spiritu</strong></span> <span class='ocrx_word' id='word_1_89' title='bbox 1791 823 1898 880; x_wconf 83' lang='lat' dir='ltr'><strong>sal-</strong></span> 
     </span>
    </p>
   </div>
   <div class='ocr_carea' id='block_1_9' title="bbox 296 916 1014 992">
    <p class='ocr_par' dir='ltr' id='par_1_9' title="bbox 296 916 1014 992">
     <span class='ocr_line' id='line_1_9' title="bbox 296 916 1014 992; baseline -0.001 -18"><span class='ocrx_word' id='word_1_90' title='bbox 296 918 437 974; x_wconf 77' lang='lat' dir='ltr'><strong>uabit</strong></span> <span class='ocrx_word' id='word_1_91' title='bbox 465 916 637 991; x_wconf 84' lang='lat' dir='ltr'><strong>(Psal.</strong></span> <span class='ocrx_word' id='word_1_92' title='bbox 669 935 837 975; x_wconf 75' lang='lat' dir='ltr'><strong>xxxm</strong></span> <span class='ocrx_word' id='word_1_93' title='bbox 860 960 874 982; x_wconf 89' lang='lat'><strong>.</strong></span> <span class='ocrx_word' id='word_1_94' title='bbox 901 920 1014 992; x_wconf 72' lang='lat' dir='ltr'><strong>l9).</strong></span> 
     </span>
    </p>
   </div>
   <div class='ocr_carea' id='block_1_10' title="bbox 368 1008 1899 1082">
    <p class='ocr_par' dir='ltr' id='par_1_10' title="bbox 368 1008 1899 1082">
     <span class='ocr_line' id='line_1_10' title="bbox 368 1008 1899 1082; baseline -0.002 -17"><span class='ocrx_word' id='word_1_95' title='bbox 368 1011 425 1065; x_wconf 88' lang='lat'><strong>5.</strong></span> <span class='ocrx_word' id='word_1_96' title='bbox 471 1011 583 1067; x_wconf 84' lang='lat' dir='ltr'><strong>Hoc</strong></span> <span class='ocrx_word' id='word_1_97' title='bbox 628 1022 812 1068; x_wconf 82' lang='lat' dir='ltr'><strong>autem</strong></span> <span class='ocrx_word' id='word_1_98' title='bbox 841 1027 963 1068; x_wconf 88' lang='lat' dir='ltr'><strong>esse</strong></span> <span class='ocrx_word' id='word_1_99' title='bbox 990 1021 1150 1082; x_wconf 87' lang='lat' dir='ltr'><strong>caput</strong></span> <span class='ocrx_word' id='word_1_100' title='bbox 1193 1012 1336 1082; x_wconf 87' lang='lat' dir='ltr'><strong>quod</strong></span> <span class='ocrx_word' id='word_1_101' title='bbox 1367 1009 1486 1068; x_wconf 62' lang='lat' dir='ltr'><strong>haec</strong></span> <span class='ocrx_word' id='word_1_102' title='bbox 1515 1011 1690 1066; x_wconf 85' lang='lat' dir='ltr'><strong>littera</strong></span> <span class='ocrx_word' id='word_1_103' title='bbox 1717 1008 1899 1080; x_wconf 83' lang='lat' dir='ltr'><strong>expri-</strong></span> 
     </span>
    </p>
   </div>
   <div class='ocr_carea' id='block_1_11' title="bbox 300 1101 1895 1169">
    <p class='ocr_par' dir='ltr' id='par_1_11' title="bbox 300 1101 1895 1169">
     <span class='ocr_line' id='line_1_11' title="bbox 300 1101 1895 1169; baseline -0.002 -13"><span class='ocrx_word' id='word_1_104' title='bbox 300 1114 450 1169; x_wconf 86' lang='lat' dir='ltr'><strong>tnat,</strong></span> <span class='ocrx_word' id='word_1_105' title='bbox 476 1103 756 1160; x_wconf 84' lang='lat' dir='ltr'><strong>evidenter</strong></span> <span class='ocrx_word' id='word_1_106' title='bbox 775 1106 938 1161; x_wconf 88' lang='lat' dir='ltr'><strong>etiam</strong></span> <span class='ocrx_word' id='word_1_107' title='bbox 967 1103 1021 1158; x_wconf 85' lang='lat' dir='ltr'><strong>in</strong></span> <span class='ocrx_word' id='word_1_108' title='bbox 1049 1102 1336 1158; x_wconf 64' lang='lat' dir='ltr'><strong>Hieremias</strong></span> <span class='ocrx_word' id='word_1_109' title='bbox 1361 1101 1596 1158; x_wconf 88' lang='lat' dir='ltr'><strong>Threnis</strong></span> <span class='ocrx_word' id='word_1_110' title='bbox 1616 1102 1895 1157; x_wconf 88' lang='lat' dir='ltr'><strong>docemur.</strong></span> 
     </span>
    </p>
   </div>
   <div class='ocr_carea' id='block_1_12' title="bbox 296 1197 1902 1269">
    <p class='ocr_par' dir='ltr' id='par_1_12' title="bbox 296 1197 1902 1269">
     <span class='ocr_line' id='line_1_12' title="bbox 296 1197 1902 1269; baseline -0.004 -15"><span class='ocrx_word' id='word_1_111' title='bbox 296 1197 441 1254; x_wconf 76' lang='lat' dir='ltr'><strong>Nam</strong></span> <span class='ocrx_word' id='word_1_112' title='bbox 467 1198 687 1268; x_wconf 76' lang='lat' dir='ltr'><strong>praelata</strong></span> <span class='ocrx_word' id='word_1_113' title='bbox 716 1197 820 1254; x_wconf 84' lang='lat' dir='ltr'><strong>hac</strong></span> <span class='ocrx_word' id='word_1_114' title='bbox 858 1198 1038 1252; x_wconf 86' lang='lat' dir='ltr'><strong>littera</strong></span> <span class='ocrx_word' id='word_1_115' title='bbox 1063 1199 1141 1252; x_wconf 91' lang='lat' dir='ltr'><strong>ait</strong></span> <span class='ocrx_word' id='word_1_116' title='bbox 1179 1197 1447 1268; x_wconf 84' lang='lat' dir='ltr'><strong>Propheta</strong></span> <span class='ocrx_word' id='word_1_117' title='bbox 1479 1214 1491 1250; x_wconf 91' lang='lat'><strong>:</strong></span> <span class='ocrx_word' id='word_1_118' title='bbox 1524 1197 1755 1269; x_wconf 77' lang='lat' dir='ltr'><strong>Spiritus</strong></span> <span class='ocrx_word' id='word_1_119' title='bbox 1784 1203 1902 1249; x_wconf 84' lang='lat' dir='ltr'><strong>ante</strong></span> 
     </span>
    </p>
   </div>
   <div class='ocr_carea' id='block_1_13' title="bbox 299 1289 1903 1364">
    <p class='ocr_par' dir='ltr' id='par_1_13' title="bbox 299 1289 1903 1364">
     <span class='ocr_line' id='line_1_13' title="bbox 299 1289 1903 1364; baseline -0.004 -18"><span class='ocrx_word' id='word_1_120' title='bbox 299 1293 495 1364; x_wconf 71' lang='lat' dir='ltr'><strong>faciem</strong></span> <span class='ocrx_word' id='word_1_121' title='bbox 518 1302 752 1348; x_wconf 76' lang='lat' dir='ltr'><strong>nostram</strong></span> <span class='ocrx_word' id='word_1_122' title='bbox 776 1291 1010 1347; x_wconf 85' lang='lat' dir='ltr'><strong>Christus</strong></span> <span class='ocrx_word' id='word_1_123' title='bbox 1045 1290 1397 1359; x_wconf 76' lang='lat' dir='ltr'><strong>Domim...,</strong></span> <span class='ocrx_word' id='word_1_124' title='bbox 1447 1291 1541 1348; x_wconf 73' lang='lat' dir='ltr'><strong>sub</strong></span> <span class='ocrx_word' id='word_1_125' title='bbox 1585 1289 1768 1345; x_wconf 85' lang='lat' dir='ltr'><strong>umbra</strong></span> <span class='ocrx_word' id='word_1_126' title='bbox 1789 1292 1903 1362; x_wconf 87' lang='lat' dir='ltr'><strong>ejus</strong></span> 
     </span>
    </p>
   </div>
   <div class='ocr_carea' id='block_1_14' title="bbox 298 1382 1906 1457">
    <p class='ocr_par' dir='ltr' id='par_1_14' title="bbox 298 1382 1906 1457">
     <span class='ocr_line' id='line_1_14' title="bbox 298 1382 1906 1457; baseline -0.002 -19"><span class='ocrx_word' id='word_1_127' title='bbox 298 1385 362 1439; x_wconf 73' lang='lat' dir='ltr'><strong>in</strong></span> <span class='ocrx_word' id='word_1_128' title='bbox 391 1384 624 1457; x_wconf 74' lang='lat' dir='ltr'><strong>gentibus</strong></span> <span class='ocrx_word' id='word_1_129' title='bbox 666 1385 890 1440; x_wconf 70' lang='lat' dir='ltr'><strong>vivemus</strong></span> <span class='ocrx_word' id='word_1_130' title='bbox 921 1382 1138 1456; x_wconf 82' lang='lat' dir='ltr'><strong>(Thren.</strong></span> <span class='ocrx_word' id='word_1_131' title='bbox 1167 1400 1240 1452; x_wconf 84' lang='lat' dir='ltr'><strong>tr,</strong></span> <span class='ocrx_word' id='word_1_132' title='bbox 1276 1384 1392 1456; x_wconf 76' lang='grc'><strong>20).</strong></span> <span class='ocrx_word' id='word_1_133' title='bbox 1427 1383 1542 1440; x_wconf 83' lang='lat' dir='ltr'><strong>Hoc</strong></span> <span class='ocrx_word' id='word_1_134' title='bbox 1583 1397 1715 1454; x_wconf 73' lang='lat' dir='ltr'><strong>ergo</strong></span> <span class='ocrx_word' id='word_1_135' title='bbox 1739 1387 1906 1451; x_wconf 83' lang='lat' dir='ltr'><strong>caput</strong></span> 
     </span>
    </p>
   </div>
   <div class='ocr_carea' id='block_1_15' title="bbox 301 1478 1342 1550">
    <p class='ocr_par' dir='ltr' id='par_1_15' title="bbox 301 1478 1342 1550">
     <span class='ocr_line' id='line_1_15' title="bbox 301 1478 1342 1550; baseline -0.002 -16"><span class='ocrx_word' id='word_1_136' title='bbox 301 1493 442 1536; x_wconf 74' lang='lat' dir='ltr'><strong>vere</strong></span> <span class='ocrx_word' id='word_1_137' title='bbox 467 1488 580 1545; x_wconf 83' lang='lat' dir='ltr'><strong>est,</strong></span> <span class='ocrx_word' id='word_1_138' title='bbox 605 1478 754 1549; x_wconf 79' lang='lat' dir='ltr'><strong>quod</strong></span> <span class='ocrx_word' id='word_1_139' title='bbox 778 1479 1020 1535; x_wconf 69' lang='lat' dir='ltr'><strong>manium</strong></span> <span class='ocrx_word' id='word_1_140' title='bbox 1047 1487 1211 1550; x_wconf 87' lang='lat' dir='ltr'><strong>caput</strong></span> <span class='ocrx_word' id='word_1_141' title='bbox 1237 1486 1342 1535; x_wconf 86' lang='lat' dir='ltr'><strong>est.</strong></span> 
     </span>
    </p>
   </div>
   <div class='ocr_carea' id='block_1_16' title="bbox 384 1568 1908 1644">
    <p class='ocr_par' dir='ltr' id='par_1_16' title="bbox 384 1568 1908 1644">
     <span class='ocr_line' id='line_1_16' title="bbox 384 1568 1908 1644; baseline -0.004 -15"><span class='ocrx_word' id='word_1_142' title='bbox 384 1574 440 1629; x_wconf 89' lang='lat'><strong>6.</strong></span> <span class='ocrx_word' id='word_1_143' title='bbox 479 1573 724 1630; x_wconf 76' lang='lat' dir='ltr'><strong>Diximus</strong></span> <span class='ocrx_word' id='word_1_144' title='bbox 738 1573 808 1629; x_wconf 78' lang='lat' dir='ltr'><strong>de</strong></span> <span class='ocrx_word' id='word_1_145' title='bbox 833 1575 1028 1644; x_wconf 87' lang='lat' dir='ltr'><strong>capite,</strong></span> <span class='ocrx_word' id='word_1_146' title='bbox 1052 1573 1300 1630; x_wconf 84' lang='lat' dir='ltr'><strong>dicamus</strong></span> <span class='ocrx_word' id='word_1_147' title='bbox 1313 1582 1370 1630; x_wconf 90' lang='lat' dir='ltr'><strong>et</strong></span> <span class='ocrx_word' id='word_1_148' title='bbox 1388 1572 1460 1628; x_wconf 91' lang='lat' dir='ltr'><strong>de</strong></span> <span class='ocrx_word' id='word_1_149' title='bbox 1483 1573 1740 1644; x_wconf 87' lang='lat' dir='ltr'><strong>primatu,</strong></span> <span class='ocrx_word' id='word_1_150' title='bbox 1762 1568 1908 1641; x_wconf 89' lang='lat' dir='ltr'><strong>quod</strong></span> 
     </span>
    </p>
   </div>
   <div class='ocr_carea' id='block_1_17' title="bbox 304 1661 1907 1736">
    <p class='ocr_par' dir='ltr' id='par_1_17' title="bbox 304 1661 1907 1736">
     <span class='ocr_line' id='line_1_17' title="bbox 304 1661 1907 1736; baseline -0.004 -14"><span class='ocrx_word' id='word_1_151' title='bbox 304 1669 440 1726; x_wconf 86' lang='lat' dir='ltr'><strong>licet</strong></span> <span class='ocrx_word' id='word_1_152' title='bbox 462 1683 718 1724; x_wconf 80' lang='lat' dir='ltr'><strong>sermone</strong></span> <span class='ocrx_word' id='word_1_153' title='bbox 740 1668 908 1724; x_wconf 82' lang='lat' dir='ltr'><strong>distet</strong></span> <span class='ocrx_word' id='word_1_154' title='bbox 932 1683 996 1724; x_wconf 86' lang='lat' dir='ltr'><strong>ac</strong></span> <span class='ocrx_word' id='word_1_155' title='bbox 1021 1669 1201 1724; x_wconf 86' lang='lat' dir='ltr'><strong>littera</strong></span> <span class='ocrx_word' id='word_1_156' title='bbox 1226 1684 1241 1736; x_wconf 90' lang='lat'><strong>;</strong></span> <span class='ocrx_word' id='word_1_157' title='bbox 1276 1681 1437 1724; x_wconf 85' lang='lat' dir='ltr'><strong>sensu</strong></span> <span class='ocrx_word' id='word_1_158' title='bbox 1475 1674 1654 1722; x_wconf 85' lang='lat' dir='ltr'><strong>tamen</strong></span> <span class='ocrx_word' id='word_1_159' title='bbox 1676 1661 1733 1720; x_wconf 82' lang='lat' dir='ltr'><strong>in</strong></span> <span class='ocrx_word' id='word_1_160' title='bbox 1755 1678 1907 1718; x_wconf 88' lang='lat' dir='ltr'><strong>eam-</strong></span> 
     </span>
    </p>
   </div>
   <div class='ocr_carea' id='block_1_18' title="bbox 1998 829 3598 905">
    <p class='ocr_par' dir='ltr' id='par_1_18' title="bbox 1998 829 3598 905">
     <span class='ocr_line' id='line_1_18' title="bbox 1998 829 3598 905; baseline 0.007 -25"><span class='ocrx_word' id='word_1_161' title='bbox 1998 835 2098 881; x_wconf 84' lang='lat' dir='ltr'><strong>tem</strong></span> <span class='ocrx_word' id='word_1_162' title='bbox 2123 841 2290 882; x_wconf 79' lang='lat' dir='ltr'><strong>meam</strong></span> <span class='ocrx_word' id='word_1_163' title='bbox 2320 839 2366 884; x_wconf 85' lang='lat' dir='ltr'><strong>et</strong></span> <span class='ocrx_word' id='word_1_164' title='bbox 2410 829 2635 885; x_wconf 83' lang='lat' dir='ltr'><strong>laborem</strong></span> <span class='ocrx_word' id='word_1_165' title='bbox 2666 847 2854 886; x_wconf 86' lang='lat' dir='ltr'><strong>meum.</strong></span> <span class='ocrx_word' id='word_1_166' title='bbox 2880 832 3024 904; x_wconf 83' lang='lat' dir='ltr'><strong>Ergo</strong></span> <span class='ocrx_word' id='word_1_167' title='bbox 3045 834 3197 904; x_wconf 86' lang='lat' dir='ltr'><strong>quasi</strong></span> <span class='ocrx_word' id='word_1_168' title='bbox 3230 836 3278 890; x_wconf 90' lang='lat' dir='ltr'><strong>is</strong></span> <span class='ocrx_word' id='word_1_169' title='bbox 3303 836 3391 905; x_wconf 90' lang='lat' dir='ltr'><strong>qui</strong></span> <span class='ocrx_word' id='word_1_170' title='bbox 3419 836 3598 891; x_wconf 90' lang='lat' dir='ltr'><strong>humi-</strong></span> 
     </span>
    </p>
   </div>
   <div class='ocr_carea' id='block_1_19' title="bbox 1999 921 3600 999">
    <p class='ocr_par' dir='ltr' id='par_1_19' title="bbox 1999 921 3600 999">
     <span class='ocr_line' id='line_1_19' title="bbox 1999 921 3600 999; baseline 0.006 -23"><span class='ocrx_word' id='word_1_171' title='bbox 1999 921 2219 978; x_wconf 87' lang='lat' dir='ltr'><strong>liaverit</strong></span> <span class='ocrx_word' id='word_1_172' title='bbox 2256 937 2353 979; x_wconf 88' lang='lat' dir='ltr'><strong>cor</strong></span> <span class='ocrx_word' id='word_1_173' title='bbox 2375 939 2555 991; x_wconf 90' lang='lat' dir='ltr'><strong>suum,</strong></span> <span class='ocrx_word' id='word_1_174' title='bbox 2589 926 2744 997; x_wconf 84' lang='lat' dir='ltr'><strong>quasi</strong></span> <span class='ocrx_word' id='word_1_175' title='bbox 2791 926 2838 982; x_wconf 87' lang='lat' dir='ltr'><strong>is</strong></span> <span class='ocrx_word' id='word_1_176' title='bbox 2862 929 2952 998; x_wconf 88' lang='lat' dir='ltr'><strong>qui</strong></span> <span class='ocrx_word' id='word_1_177' title='bbox 2986 928 3280 999; x_wconf 86' lang='lat' dir='ltr'><strong>plurimum</strong></span> <span class='ocrx_word' id='word_1_178' title='bbox 3313 929 3600 988; x_wconf 49' lang='lat' dir='ltr'><strong>laboraba-</strong></span> 
     </span>
    </p>
   </div>
   <div class='ocr_carea' id='block_1_20' title="bbox 1999 1015 3604 1090">
    <p class='ocr_par' dir='ltr' id='par_1_20' title="bbox 1999 1015 3604 1090">
     <span class='ocr_line' id='line_1_20' title="bbox 1999 1015 3604 1090; baseline 0.006 -21"><span class='ocrx_word' id='word_1_179' title='bbox 1999 1015 2102 1080; x_wconf 89' lang='lat' dir='ltr'><strong>rit,</strong></span> <span class='ocrx_word' id='word_1_180' title='bbox 2134 1016 2206 1071; x_wconf 86' lang='lat' dir='ltr'><strong>ibi</strong></span> <span class='ocrx_word' id='word_1_181' title='bbox 2237 1017 2343 1072; x_wconf 82' lang='lat' dir='ltr'><strong>sibi</strong></span> <span class='ocrx_word' id='word_1_182' title='bbox 2397 1018 2598 1073; x_wconf 89' lang='lat' dir='ltr'><strong>dimitti</strong></span> <span class='ocrx_word' id='word_1_183' title='bbox 2651 1031 2875 1089; x_wconf 86' lang='lat' dir='ltr'><strong>peccata</strong></span> <span class='ocrx_word' id='word_1_184' title='bbox 2921 1021 3229 1090; x_wconf 85' lang='lat' dir='ltr'><strong>desiderat,</strong></span> <span class='ocrx_word' id='word_1_185' title='bbox 3259 1021 3349 1078; x_wconf 90' lang='lat' dir='ltr'><strong>hic</strong></span> <span class='ocrx_word' id='word_1_186' title='bbox 3397 1025 3511 1079; x_wconf 88' lang='lat' dir='ltr'><strong>erui</strong></span> <span class='ocrx_word' id='word_1_187' title='bbox 3544 1033 3604 1080; x_wconf 90' lang='lat' dir='ltr'><strong>se</strong></span> 
     </span>
    </p>
   </div>
   <div class='ocr_carea' id='block_1_21' title="bbox 2002 1117 2274 1179">
    <p class='ocr_par' dir='ltr' id='par_1_21' title="bbox 2002 1117 2274 1179">
     <span class='ocr_line' id='line_1_21' title="bbox 2002 1117 2274 1179; baseline 0 -15"><span class='ocrx_word' id='word_1_188' title='bbox 2002 1117 2274 1179; x_wconf 86' lang='lat' dir='ltr'><strong>precatur.</strong></span> 
     </span>
    </p>
   </div>
   <div class='ocr_carea' id='block_1_22' title="bbox 2076 1202 3607 1278">
    <p class='ocr_par' dir='ltr' id='par_1_22' title="bbox 2076 1202 3607 1278">
     <span class='ocr_line' id='line_1_22' title="bbox 2076 1202 3607 1278; baseline 0.005 -20"><span class='ocrx_word' id='word_1_189' title='bbox 2076 1202 2130 1258; x_wconf 86' lang='lat'><strong>8.</strong></span> <span class='ocrx_word' id='word_1_190' title='bbox 2172 1202 2456 1259; x_wconf 87' lang='lat' dir='ltr'><strong>Constitue</strong></span> <span class='ocrx_word' id='word_1_191' title='bbox 2486 1203 2723 1276; x_wconf 83' lang='lat' dir='ltr'><strong>aliquem</strong></span> <span class='ocrx_word' id='word_1_192' title='bbox 2752 1207 3092 1264; x_wconf 85' lang='lat' dir='ltr'><strong>sacerdotem</strong></span> <span class='ocrx_word' id='word_1_193' title='bbox 3122 1221 3222 1278; x_wconf 90' lang='lat' dir='ltr'><strong>pro</strong></span> <span class='ocrx_word' id='word_1_194' title='bbox 3250 1208 3486 1264; x_wconf 83' lang='lat' dir='ltr'><strong>ministri</strong></span> <span class='ocrx_word' id='word_1_195' title='bbox 3517 1224 3607 1264; x_wconf 89' lang='lat' dir='ltr'><strong>sa-</strong></span> 
     </span>
    </p>
   </div>
   <div class='ocr_carea' id='block_1_23' title="bbox 2005 1292 3608 1368">
    <p class='ocr_par' dir='ltr' id='par_1_23' title="bbox 2005 1292 3608 1368">
     <span class='ocr_line' id='line_1_23' title="bbox 2005 1292 3608 1368; baseline 0.006 -20"><span class='ocrx_word' id='word_1_196' title='bbox 2005 1292 2118 1348; x_wconf 87' lang='lat' dir='ltr'><strong>lute</strong></span> <span class='ocrx_word' id='word_1_197' title='bbox 2155 1295 2470 1362; x_wconf 88' lang='lat' dir='ltr'><strong>sollicitum,</strong></span> <span class='ocrx_word' id='word_1_198' title='bbox 2519 1312 2682 1367; x_wconf 88' lang='lat' dir='ltr'><strong>quem</strong></span> <span class='ocrx_word' id='word_1_199' title='bbox 2715 1297 3003 1368; x_wconf 84' lang='lat' dir='ltr'><strong>probatum</strong></span> <span class='ocrx_word' id='word_1_200' title='bbox 3030 1297 3285 1355; x_wconf 79' lang='lat' dir='ltr'><strong>advertat</strong></span> <span class='ocrx_word' id='word_1_201' title='bbox 3315 1301 3425 1356; x_wconf 91' lang='lat' dir='ltr'><strong>Deo</strong></span> <span class='ocrx_word' id='word_1_202' title='bbox 3461 1318 3474 1354; x_wconf 89' lang='lat'><strong>:</strong></span> <span class='ocrx_word' id='word_1_203' title='bbox 3505 1302 3608 1356; x_wconf 88' lang='lat' dir='ltr'><strong>ali-</strong></span> 
     </span>
    </p>
   </div>
   <div class='ocr_carea' id='block_1_24' title="bbox 2007 1384 3604 1462">
    <p class='ocr_par' dir='ltr' id='par_1_24' title="bbox 2007 1384 3604 1462">
     <span class='ocr_line' id='line_1_24' title="bbox 2007 1384 3604 1462; baseline 0.004 -20"><span class='ocrx_word' id='word_1_204' title='bbox 2007 1401 2169 1458; x_wconf 86' lang='lat' dir='ltr'><strong>quem</strong></span> <span class='ocrx_word' id='word_1_205' title='bbox 2227 1395 2434 1458; x_wconf 87' lang='lat' dir='ltr'><strong>patrem</strong></span> <span class='ocrx_word' id='word_1_206' title='bbox 2489 1402 2588 1459; x_wconf 90' lang='lat' dir='ltr'><strong>pro</strong></span> <span class='ocrx_word' id='word_1_207' title='bbox 2626 1384 2741 1444; x_wconf 83' lang='lat' dir='ltr'><strong>lilia</strong></span> <span class='ocrx_word' id='word_1_208' title='bbox 2801 1390 2858 1446; x_wconf 90' lang='lat' dir='ltr'><strong>in</strong></span> <span class='ocrx_word' id='word_1_209' title='bbox 2916 1391 3240 1462; x_wconf 76' lang='lat' dir='ltr'><strong>aegritudine</strong></span> <span class='ocrx_word' id='word_1_210' title='bbox 3303 1394 3604 1450; x_wconf 89' lang='lat' dir='ltr'><strong>constituto</strong></span> 
     </span>
    </p>
   </div>
   <div class='ocr_carea' id='block_1_25' title="bbox 2009 1479 3605 1556">
    <p class='ocr_par' dir='ltr' id='par_1_25' title="bbox 2009 1479 3605 1556">
     <span class='ocr_line' id='line_1_25' title="bbox 2009 1479 3605 1556; baseline 0.005 -22"><span class='ocrx_word' id='word_1_211' title='bbox 2009 1479 2162 1551; x_wconf 75' lang='lat' dir='ltr'><strong>gravi</strong></span> <span class='ocrx_word' id='word_1_212' title='bbox 2189 1496 2200 1534; x_wconf 91' lang='lat'>:</span> <span class='ocrx_word' id='word_1_213' title='bbox 2231 1480 2470 1551; x_wconf 79' lang='lat' dir='ltr'><strong>aliquam</strong></span> <span class='ocrx_word' id='word_1_214' title='bbox 2500 1479 2758 1538; x_wconf 84' lang='lat' dir='ltr'><strong>feminam</strong></span> <span class='ocrx_word' id='word_1_215' title='bbox 2792 1483 2875 1538; x_wconf 84' lang='lat' dir='ltr'><strong>vel</strong></span> <span class='ocrx_word' id='word_1_216' title='bbox 2920 1498 3022 1553; x_wconf 90' lang='lat' dir='ltr'><strong>pro</strong></span> <span class='ocrx_word' id='word_1_217' title='bbox 3070 1483 3217 1551; x_wconf 83' lang='lat' dir='ltr'><strong>lilio,</strong></span> <span class='ocrx_word' id='word_1_218' title='bbox 3244 1484 3330 1540; x_wconf 85' lang='lat' dir='ltr'><strong>vel</strong></span> <span class='ocrx_word' id='word_1_219' title='bbox 3363 1502 3462 1556; x_wconf 89' lang='lat' dir='ltr'><strong>pro</strong></span> <span class='ocrx_word' id='word_1_220' title='bbox 3485 1487 3605 1542; x_wconf 86' lang='lat' dir='ltr'><strong>viro</strong></span> 
     </span>
    </p>
   </div>
   <div class='ocr_carea' id='block_1_26' title="bbox 2009 1572 3612 1642">
    <p class='ocr_par' dir='ltr' id='par_1_26' title="bbox 2009 1572 3612 1642">
     <span class='ocr_line' id='line_1_26' title="bbox 2009 1572 3612 1642; baseline 0.004 -15"><span class='ocrx_word' id='word_1_221' title='bbox 2009 1579 2287 1640; x_wconf 76' lang='lat' dir='ltr'><strong>mtestam,</strong></span> <span class='ocrx_word' id='word_1_222' title='bbox 2311 1572 2654 1630; x_wconf 85' lang='lat' dir='ltr'><strong>orationibus</strong></span> <span class='ocrx_word' id='word_1_223' title='bbox 2681 1575 3056 1642; x_wconf 85' lang='lat' dir='ltr'><strong>incubantem,</strong></span> <span class='ocrx_word' id='word_1_224' title='bbox 3075 1575 3391 1633; x_wconf 84' lang='lat' dir='ltr'><strong>fundentem</strong></span> <span class='ocrx_word' id='word_1_225' title='bbox 3415 1578 3612 1635; x_wconf 88' lang='lat' dir='ltr'><strong>uberes</strong></span> 
     </span>
    </p>
   </div>
   <div class='ocr_carea' id='block_1_27' title="bbox 2014 1664 3616 1737">
    <p class='ocr_par' dir='ltr' id='par_1_27' title="bbox 2014 1664 3616 1737">
     <span class='ocr_line' id='line_1_27' title="bbox 2014 1664 3616 1737; baseline 0.006 -19"><span class='ocrx_word' id='word_1_226' title='bbox 2014 1664 2283 1736; x_wconf 83' lang='lat' dir='ltr'><strong>lacrymas</strong></span> <span class='ocrx_word' id='word_1_227' title='bbox 2335 1666 2585 1722; x_wconf 84' lang='lat' dir='ltr'><strong>noctibus</strong></span> <span class='ocrx_word' id='word_1_228' title='bbox 2627 1681 2692 1721; x_wconf 89' lang='lat' dir='ltr'><strong>ac</strong></span> <span class='ocrx_word' id='word_1_229' title='bbox 2745 1667 2977 1737; x_wconf 88' lang='lat' dir='ltr'><strong>diebus,</strong></span> <span class='ocrx_word' id='word_1_230' title='bbox 3034 1669 3411 1727; x_wconf 85' lang='lat' dir='ltr'><strong>ltumiliantem</strong></span> <span class='ocrx_word' id='word_1_231' title='bbox 3450 1685 3510 1727; x_wconf 90' lang='lat' dir='ltr'><strong>se</strong></span> <span class='ocrx_word' id='word_1_232' title='bbox 3551 1685 3616 1727; x_wconf 86' lang='lat' dir='ltr'><strong>ac</strong></span> 
     </span>
    </p>
   </div>
   <div class='ocr_carea' id='block_1_28' title="bbox 304 1756 3619 1859">
    <p class='ocr_par' dir='ltr' id='par_1_28' title="bbox 304 1756 3619 1859">
     <span class='ocr_line' id='line_1_28' title="bbox 304 1756 3619 1859; baseline 0.001 -41"><span class='ocrx_word' id='word_1_233' title='bbox 304 1763 438 1820; x_wconf 81' lang='lat' dir='ltr'><strong>dem</strong></span> <span class='ocrx_word' id='word_1_234' title='bbox 485 1765 766 1819; x_wconf 78' lang='lat' dir='ltr'><strong>concurrit</strong></span> <span class='ocrx_word' id='word_1_235' title='bbox 807 1762 1242 1833; x_wconf 75' lang='lat' dir='ltr'><strong>intelligentiam.</strong></span> <span class='ocrx_word' id='word_1_236' title='bbox 1295 1762 1566 1817; x_wconf 88' lang='lat' dir='ltr'><strong>Primatus</strong></span> <span class='ocrx_word' id='word_1_237' title='bbox 1608 1759 1751 1816; x_wconf 90' lang='lat' dir='ltr'><strong>enim</strong></span> <span class='ocrx_word' id='word_1_238' title='bbox 1785 1756 1908 1828; x_wconf 77' lang='lat' dir='ltr'><strong>legl-</strong></span> <span class='ocrx_word' id='word_1_239' title='bbox 1937 1795 1985 1859; x_wconf 75' lang='grc' dir='ltr'>Β</span> <span class='ocrx_word' id='word_1_240' title='bbox 2013 1766 2349 1814; x_wconf 85' lang='lat' dir='ltr'><strong>sternentem</strong></span> <span class='ocrx_word' id='word_1_241' title='bbox 2371 1757 2516 1827; x_wconf 83' lang='lat' dir='ltr'><strong>solo,</strong></span> <span class='ocrx_word' id='word_1_242' title='bbox 2545 1759 2996 1831; x_wconf 85' lang='lat' dir='ltr'><strong>multiplicantem</strong></span> <span class='ocrx_word' id='word_1_243' title='bbox 3017 1761 3249 1833; x_wconf 74' lang='lat' dir='ltr'><strong>jejunis,</strong></span> <span class='ocrx_word' id='word_1_244' title='bbox 3282 1761 3501 1834; x_wconf 88' lang='lat' dir='ltr'><strong>etquod</strong></span> <span class='ocrx_word' id='word_1_245' title='bbox 3531 1764 3619 1821; x_wconf 87' lang='lat' dir='ltr'><strong>his</strong></span> 
     </span>
    </p>
   </div>
   <div class='ocr_carea' id='block_1_29' title="bbox 306 1851 1908 1927">
    <p class='ocr_par' dir='ltr' id='par_1_29' title="bbox 306 1851 1908 1927">
     <span class='ocr_line' id='line_1_29' title="bbox 306 1851 1908 1927; baseline -0.006 -13"><span class='ocrx_word' id='word_1_246' title='bbox 306 1872 441 1914; x_wconf 81' lang='lat' dir='ltr'><strong>ntus</strong></span> <span class='ocrx_word' id='word_1_247' title='bbox 488 1856 544 1912; x_wconf 90' lang='lat' dir='ltr'><strong>in</strong></span> <span class='ocrx_word' id='word_1_248' title='bbox 593 1859 762 1914; x_wconf 80' lang='lat' dir='ltr'><strong>veteri</strong></span> <span class='ocrx_word' id='word_1_249' title='bbox 812 1857 1165 1913; x_wconf 88' lang='lat' dir='ltr'><strong>Testamento</strong></span> <span class='ocrx_word' id='word_1_250' title='bbox 1197 1856 1351 1927; x_wconf 73' lang='lat' dir='ltr'><strong>(Cen.</strong></span> <span class='ocrx_word' id='word_1_251' title='bbox 1387 1869 1514 1920; x_wconf 87' lang='lat' dir='ltr'><strong>xxv,</strong></span> <span class='ocrx_word' id='word_1_252' title='bbox 1541 1851 1652 1925; x_wconf 72' lang='grc'><strong>55),</strong></span> <span class='ocrx_word' id='word_1_253' title='bbox 1687 1865 1822 1922; x_wconf 92' lang='lat' dir='ltr'><strong>quos</strong></span> <span class='ocrx_word' id='word_1_254' title='bbox 1851 1851 1908 1906; x_wconf 88' lang='lat' dir='ltr'><strong>in</strong></span> 
     </span>
    </p>
   </div>
   <div class='ocr_carea' id='block_1_30' title="bbox 306 1946 1912 2023">
    <p class='ocr_par' dir='ltr' id='par_1_30' title="bbox 306 1946 1912 2023">
     <span class='ocr_line' id='line_1_30' title="bbox 306 1946 1912 2023; baseline -0.007 -14"><span class='ocrx_word' id='word_1_255' title='bbox 306 1951 702 2023; x_wconf 75' lang='lat' dir='ltr'><strong>primogenitis</strong></span> <span class='ocrx_word' id='word_1_256' title='bbox 731 1950 871 2007; x_wconf 87' lang='lat' dir='ltr'><strong>Esau</strong></span> <span class='ocrx_word' id='word_1_257' title='bbox 903 1950 1056 2005; x_wconf 80' lang='lat' dir='ltr'><strong>fratri</strong></span> <span class='ocrx_word' id='word_1_258' title='bbox 1082 1964 1182 2005; x_wconf 91' lang='lat' dir='ltr'><strong>suo</strong></span> <span class='ocrx_word' id='word_1_259' title='bbox 1201 1949 1398 2011; x_wconf 83' lang='lat' dir='ltr'><strong>cessit;</strong></span> <span class='ocrx_word' id='word_1_260' title='bbox 1429 1957 1486 2003; x_wconf 90' lang='lat' dir='ltr'><strong>et</strong></span> <span class='ocrx_word' id='word_1_261' title='bbox 1513 1946 1638 2002; x_wconf 90' lang='lat' dir='ltr'><strong>ideo</strong></span> <span class='ocrx_word' id='word_1_262' title='bbox 1661 1954 1912 2000; x_wconf 83' lang='lat' dir='ltr'><strong>vocatum</strong></span> 
     </span>
    </p>
   </div>
   <div class='ocr_carea' id='block_1_31' title="bbox 308 2038 1909 2119">
    <p class='ocr_par' dir='ltr' id='par_1_31' title="bbox 308 2038 1909 2119">
     <span class='ocr_line' id='line_1_31' title="bbox 308 2038 1909 2119; baseline -0.009 -14"><span class='ocrx_word' id='word_1_263' title='bbox 308 2059 403 2105; x_wconf 83' lang='lat' dir='ltr'><strong>est</strong></span> <span class='ocrx_word' id='word_1_264' title='bbox 430 2064 630 2104; x_wconf 85' lang='lat' dir='ltr'><strong>nomen</strong></span> <span class='ocrx_word' id='word_1_265' title='bbox 659 2047 776 2119; x_wconf 86' lang='lat' dir='ltr'><strong>ejus</strong></span> <span class='ocrx_word' id='word_1_266' title='bbox 809 2046 1005 2112; x_wconf 85' lang='lat' dir='ltr'><strong>Edam,</strong></span> <span class='ocrx_word' id='word_1_267' title='bbox 1035 2047 1137 2101; x_wconf 90' lang='lat' dir='ltr'><strong>hoc</strong></span> <span class='ocrx_word' id='word_1_268' title='bbox 1158 2052 1272 2112; x_wconf 86' lang='lat' dir='ltr'><strong>est,</strong></span> <span class='ocrx_word' id='word_1_269' title='bbox 1304 2053 1556 2100; x_wconf 89' lang='lat' dir='ltr'><strong>terrenus</strong></span> <span class='ocrx_word' id='word_1_270' title='bbox 1575 2049 1632 2098; x_wconf 82' lang='lat' dir='ltr'><strong>et</strong></span> <span class='ocrx_word' id='word_1_271' title='bbox 1660 2038 1909 2097; x_wconf 88' lang='lat' dir='ltr'><strong>callidus.</strong></span> 
     </span>
    </p>
   </div>
   <div class='ocr_carea' id='block_1_32' title="bbox 310 2135 1914 2210">
    <p class='ocr_par' dir='ltr' id='par_1_32' title="bbox 310 2135 1914 2210">
     <span class='ocr_line' id='line_1_32' title="bbox 310 2135 1914 2210; baseline -0.007 -10"><span class='ocrx_word' id='word_1_272' title='bbox 310 2143 409 2200; x_wconf 73' lang='lat' dir='ltr'><strong>lati</strong></span> <span class='ocrx_word' id='word_1_273' title='bbox 436 2151 565 2198; x_wconf 83' lang='lat' dir='ltr'><strong>sunt</strong></span> <span class='ocrx_word' id='word_1_274' title='bbox 589 2149 771 2197; x_wconf 84' lang='lat' dir='ltr'><strong>autem</strong></span> <span class='ocrx_word' id='word_1_275' title='bbox 800 2140 1020 2206; x_wconf 88' lang='lat' dir='ltr'><strong>fratres,</strong></span> <span class='ocrx_word' id='word_1_276' title='bbox 1047 2139 1115 2195; x_wconf 88' lang='lat' dir='ltr'><strong>de</strong></span> <span class='ocrx_word' id='word_1_277' title='bbox 1140 2139 1333 2210; x_wconf 82' lang='lat' dir='ltr'><strong>quibus</strong></span> <span class='ocrx_word' id='word_1_278' title='bbox 1362 2146 1583 2209; x_wconf 70' lang='lat' dir='ltr'><strong>rogatus</strong></span> <span class='ocrx_word' id='word_1_279' title='bbox 1623 2144 1706 2192; x_wconf 87' lang='lat' dir='ltr'><strong>est</strong></span> <span class='ocrx_word' id='word_1_280' title='bbox 1727 2135 1914 2192; x_wconf 80' lang='lat' dir='ltr'><strong>Domi-</strong></span> 
     </span>
    </p>
   </div>
   <div class='ocr_carea' id='block_1_33' title="bbox 310 2226 1918 2304">
    <p class='ocr_par' dir='ltr' id='par_1_33' title="bbox 310 2226 1918 2304">
     <span class='ocr_line' id='line_1_33' title="bbox 310 2226 1918 2304; baseline -0.005 -13"><span class='ocrx_word' id='word_1_281' title='bbox 310 2251 425 2292; x_wconf 86' lang='lat' dir='ltr'><strong>nus</strong></span> <span class='ocrx_word' id='word_1_282' title='bbox 449 2236 518 2290; x_wconf 89' lang='lat' dir='ltr'><strong>ab</strong></span> <span class='ocrx_word' id='word_1_283' title='bbox 546 2234 697 2290; x_wconf 87' lang='lat' dir='ltr'><strong>Isaac</strong></span> <span class='ocrx_word' id='word_1_284' title='bbox 736 2243 890 2304; x_wconf 87' lang='lat' dir='ltr'><strong>patre</strong></span> <span class='ocrx_word' id='word_1_285' title='bbox 913 2247 1103 2289; x_wconf 91' lang='lat' dir='ltr'><strong>eorum</strong></span> <span class='ocrx_word' id='word_1_286' title='bbox 1131 2248 1146 2296; x_wconf 91' lang='lat'><strong>;</strong></span> <span class='ocrx_word' id='word_1_287' title='bbox 1191 2241 1250 2286; x_wconf 92' lang='lat' dir='ltr'><strong>ut</strong></span> <span class='ocrx_word' id='word_1_288' title='bbox 1277 2231 1434 2286; x_wconf 89' lang='lat' dir='ltr'><strong>daret</strong></span> <span class='ocrx_word' id='word_1_289' title='bbox 1459 2231 1511 2286; x_wconf 91' lang='lat' dir='ltr'><strong>ei</strong></span> <span class='ocrx_word' id='word_1_290' title='bbox 1543 2244 1655 2286; x_wconf 65' lang='lat' dir='ltr'><strong>sure</strong></span> <span class='ocrx_word' id='word_1_291' title='bbox 1685 2226 1918 2300; x_wconf 47' lang='lat' dir='ltr'><strong>posteri.</strong></span> 
     </span>
    </p>
   </div>
   <div class='ocr_carea' id='block_1_34' title="bbox 310 2322 1917 2395">
    <p class='ocr_par' dir='ltr' id='par_1_34' title="bbox 310 2322 1917 2395">
     <span class='ocr_line' id='line_1_34' title="bbox 310 2322 1917 2395; baseline -0.007 -9"><span class='ocrx_word' id='word_1_292' title='bbox 310 2331 446 2386; x_wconf 76' lang='lat' dir='ltr'><strong>tatis</strong></span> <span class='ocrx_word' id='word_1_293' title='bbox 477 2327 726 2384; x_wconf 69' lang='lat' dir='ltr'><strong>hrcredes</strong></span> <span class='ocrx_word' id='word_1_294' title='bbox 745 2328 816 2382; x_wconf 90' lang='lat' dir='ltr'><strong>de</strong></span> <span class='ocrx_word' id='word_1_295' title='bbox 844 2326 1086 2381; x_wconf 76' lang='lat' dir='ltr'><strong>Rebecca</strong></span> <span class='ocrx_word' id='word_1_296' title='bbox 1120 2339 1291 2380; x_wconf 86' lang='lat' dir='ltr'><strong>uxore</strong></span> <span class='ocrx_word' id='word_1_297' title='bbox 1318 2339 1439 2392; x_wconf 89' lang='lat' dir='ltr'><strong>sua,</strong></span> <span class='ocrx_word' id='word_1_298' title='bbox 1461 2339 1582 2395; x_wconf 82' lang='lat' dir='ltr'><strong>quae</strong></span> <span class='ocrx_word' id='word_1_299' title='bbox 1605 2337 1701 2393; x_wconf 89' lang='lat' dir='ltr'><strong>per</strong></span> <span class='ocrx_word' id='word_1_300' title='bbox 1725 2322 1917 2392; x_wconf 75' lang='lat' dir='ltr'><strong>viginti</strong></span> 
     </span>
    </p>
   </div>
   <div class='ocr_carea' id='block_1_35' title="bbox 309 2414 1920 2491">
    <p class='ocr_par' dir='ltr' id='par_1_35' title="bbox 309 2414 1920 2491">
     <span class='ocr_line' id='line_1_35' title="bbox 309 2414 1920 2491; baseline -0.005 -13"><span class='ocrx_word' id='word_1_301' title='bbox 309 2437 494 2479; x_wconf 77' lang='lat' dir='ltr'><strong>annos</strong></span> <span class='ocrx_word' id='word_1_302' title='bbox 521 2421 732 2476; x_wconf 88' lang='lat' dir='ltr'><strong>nullum</strong></span> <span class='ocrx_word' id='word_1_303' title='bbox 758 2419 984 2475; x_wconf 82' lang='lat' dir='ltr'><strong>dederat</strong></span> <span class='ocrx_word' id='word_1_304' title='bbox 1008 2418 1376 2491; x_wconf 67' lang='lat' dir='ltr'><strong>generationis</strong></span> <span class='ocrx_word' id='word_1_305' title='bbox 1415 2417 1645 2486; x_wconf 76' lang='lat' dir='ltr'><strong>insigne.</strong></span> <span class='ocrx_word' id='word_1_306' title='bbox 1679 2414 1920 2470; x_wconf 82' lang='lat' dir='ltr'><strong>Exaudi-</strong></span> 
     </span>
    </p>
   </div>
   <div class='ocr_carea' id='block_1_36' title="bbox 312 2509 1916 2586">
    <p class='ocr_par' dir='ltr' id='par_1_36' title="bbox 312 2509 1916 2586">
     <span class='ocr_line' id='line_1_36' title="bbox 312 2509 1916 2586; baseline -0.006 -14"><span class='ocrx_word' id='word_1_307' title='bbox 312 2519 398 2572; x_wconf 77' lang='lat' dir='ltr'><strong>vit</strong></span> <span class='ocrx_word' id='word_1_308' title='bbox 423 2533 572 2580; x_wconf 88' lang='lat' dir='ltr'><strong>eum,</strong></span> <span class='ocrx_word' id='word_1_309' title='bbox 602 2522 660 2571; x_wconf 82' lang='lat' dir='ltr'><strong>et</strong></span> <span class='ocrx_word' id='word_1_310' title='bbox 679 2513 928 2586; x_wconf 82' lang='lat' dir='ltr'><strong>concepit.</strong></span> <span class='ocrx_word' id='word_1_311' title='bbox 965 2513 1236 2579; x_wconf 83' lang='lat' dir='ltr'><strong>Rebecca,</strong></span> <span class='ocrx_word' id='word_1_312' title='bbox 1281 2523 1335 2567; x_wconf 91' lang='lat' dir='ltr'><strong>et</strong></span> <span class='ocrx_word' id='word_1_313' title='bbox 1367 2511 1573 2582; x_wconf 81' lang='lat' dir='ltr'><strong>rogavit</strong></span> <span class='ocrx_word' id='word_1_314' title='bbox 1606 2509 1916 2578; x_wconf 87' lang='lat' dir='ltr'><strong>Dominum,</strong></span> 
     </span>
    </p>
   </div>
   <div class='ocr_carea' id='block_1_37' title="bbox 315 2602 1917 2682">
    <p class='ocr_par' dir='ltr' id='par_1_37' title="bbox 315 2602 1917 2682">
     <span class='ocr_line' id='line_1_37' title="bbox 315 2602 1917 2682; baseline -0.009 -12"><span class='ocrx_word' id='word_1_315' title='bbox 315 2621 348 2650; x_wconf 77' lang='grc'><strong>⁸</strong></span> <span class='ocrx_word' id='word_1_316' title='bbox 381 2628 508 2670; x_wconf 79' lang='lat' dir='ltr'><strong>eum</strong></span> <span class='ocrx_word' id='word_1_317' title='bbox 536 2611 749 2682; x_wconf 75' lang='lat' dir='ltr'><strong>jactare</strong></span> <span class='ocrx_word' id='word_1_318' title='bbox 777 2624 840 2665; x_wconf 88' lang='lat' dir='ltr'><strong>ae</strong></span> <span class='ocrx_word' id='word_1_319' title='bbox 864 2606 1074 2679; x_wconf 84' lang='lat' dir='ltr'><strong>parvuli</strong></span> <span class='ocrx_word' id='word_1_320' title='bbox 1109 2606 1425 2662; x_wconf 86' lang='lat' dir='ltr'><strong>viderentur</strong></span> <span class='ocrx_word' id='word_1_321' title='bbox 1468 2605 1524 2659; x_wconf 91' lang='lat' dir='ltr'><strong>in</strong></span> <span class='ocrx_word' id='word_1_322' title='bbox 1552 2613 1708 2659; x_wconf 89' lang='lat' dir='ltr'><strong>utero</strong></span> <span class='ocrx_word' id='word_1_323' title='bbox 1758 2602 1876 2672; x_wconf 84' lang='lat' dir='ltr'><strong>ejus</strong></span> <span class='ocrx_word' id='word_1_324' title='bbox 1901 2643 1917 2670; x_wconf 90' lang='lat'><strong>,</strong></span> 
     </span>
    </p>
   </div>
   <div class='ocr_carea' id='block_1_38' title="bbox 313 2699 1917 2776">
    <p class='ocr_par' dir='ltr' id='par_1_38' title="bbox 313 2699 1917 2776">
     <span class='ocr_line' id='line_1_38' title="bbox 313 2699 1917 2776; baseline -0.01 -12"><span class='ocrx_word' id='word_1_325' title='bbox 313 2718 376 2765; x_wconf 86' lang='lat' dir='ltr'><strong>et</strong></span> <span class='ocrx_word' id='word_1_326' title='bbox 401 2720 724 2776; x_wconf 77' lang='lat' dir='ltr'><strong>responsum</strong></span> <span class='ocrx_word' id='word_1_327' title='bbox 753 2703 965 2773; x_wconf 87' lang='lat' dir='ltr'><strong>accepit</strong></span> <span class='ocrx_word' id='word_1_328' title='bbox 992 2719 1004 2756; x_wconf 91' lang='lat'>:</span> <span class='ocrx_word' id='word_1_329' title='bbox 1034 2699 1170 2756; x_wconf 69' lang='lat' dir='ltr'><strong>Duae</strong></span> <span class='ocrx_word' id='word_1_330' title='bbox 1195 2711 1368 2772; x_wconf 79' lang='lat' dir='ltr'><strong>gentes</strong></span> <span class='ocrx_word' id='word_1_331' title='bbox 1389 2700 1443 2752; x_wconf 87' lang='lat' dir='ltr'><strong>in</strong></span> <span class='ocrx_word' id='word_1_332' title='bbox 1472 2708 1621 2752; x_wconf 82' lang='lat' dir='ltr'><strong>utero</strong></span> <span class='ocrx_word' id='word_1_333' title='bbox 1645 2708 1733 2751; x_wconf 85' lang='lat' dir='ltr'><strong>tuo</strong></span> <span class='ocrx_word' id='word_1_334' title='bbox 1762 2705 1917 2760; x_wconf 82' lang='lat' dir='ltr'><strong>sunt,</strong></span> 
     </span>
    </p>
   </div>
   <div class='ocr_carea' id='block_1_39' title="bbox 314 2787 1921 2871">
    <p class='ocr_par' dir='ltr' id='par_1_39' title="bbox 314 2787 1921 2871">
     <span class='ocr_line' id='line_1_39' title="bbox 314 2787 1921 2871; baseline -0.009 -15"><span class='ocrx_word' id='word_1_335' title='bbox 314 2811 369 2856; x_wconf 82' lang='lat' dir='ltr'><strong>et</strong></span> <span class='ocrx_word' id='word_1_336' title='bbox 393 2802 499 2855; x_wconf 80' lang='lat' dir='ltr'><strong>duo</strong></span> <span class='ocrx_word' id='word_1_337' title='bbox 526 2797 711 2871; x_wconf 80' lang='lat' dir='ltr'><strong>populi</strong></span> <span class='ocrx_word' id='word_1_338' title='bbox 737 2796 803 2852; x_wconf 84' lang='lat' dir='ltr'><strong>ab</strong></span> <span class='ocrx_word' id='word_1_339' title='bbox 826 2805 970 2852; x_wconf 79' lang='lat' dir='ltr'><strong>utero</strong></span> <span class='ocrx_word' id='word_1_340' title='bbox 1017 2806 1106 2847; x_wconf 86' lang='lat' dir='ltr'><strong>tuo</strong></span> <span class='ocrx_word' id='word_1_341' title='bbox 1150 2791 1542 2866; x_wconf 77' lang='lat' dir='ltr'><strong>separabantur,</strong></span> <span class='ocrx_word' id='word_1_342' title='bbox 1597 2800 1644 2844; x_wconf 87' lang='lat' dir='ltr'><strong>et</strong></span> <span class='ocrx_word' id='word_1_343' title='bbox 1692 2787 1921 2859; x_wconf 79' lang='lat' dir='ltr'><strong>populus</strong></span> 
     </span>
    </p>
   </div>
   <div class='ocr_carea' id='block_1_40' title="bbox 316 2882 1920 2966">
    <p class='ocr_par' dir='ltr' id='par_1_40' title="bbox 316 2882 1920 2966">
     <span class='ocr_line' id='line_1_40' title="bbox 316 2882 1920 2966; baseline -0.011 -14"><span class='ocrx_word' id='word_1_344' title='bbox 316 2896 580 2966; x_wconf 78' lang='lat' dir='ltr'><strong>populum</strong></span> <span class='ocrx_word' id='word_1_345' title='bbox 627 2892 930 2964; x_wconf 74' lang='lat' dir='ltr'><strong>superabit,</strong></span> <span class='ocrx_word' id='word_1_346' title='bbox 974 2901 1022 2944; x_wconf 88' lang='lat' dir='ltr'><strong>et</strong></span> <span class='ocrx_word' id='word_1_347' title='bbox 1073 2893 1243 2963; x_wconf 83' lang='lat' dir='ltr'><strong>major</strong></span> <span class='ocrx_word' id='word_1_348' title='bbox 1291 2889 1476 2942; x_wconf 83' lang='lat' dir='ltr'><strong>serviet</strong></span> <span class='ocrx_word' id='word_1_349' title='bbox 1507 2885 1696 2940; x_wconf 83' lang='lat' dir='ltr'><strong>minari</strong></span> <span class='ocrx_word' id='word_1_350' title='bbox 1730 2882 1920 2956; x_wconf 83' lang='lat' dir='ltr'><strong>(lbid.,</strong></span> 
     </span>
    </p>
   </div>
   <div class='ocr_carea' id='block_1_41' title="bbox 312 2979 1923 3059">
    <p class='ocr_par' dir='ltr' id='par_1_41' title="bbox 312 2979 1923 3059">
     <span class='ocr_line' id='line_1_41' title="bbox 312 2979 1923 3059; baseline -0.01 -12"><span class='ocrx_word' id='word_1_351' title='bbox 312 2991 442 3054; x_wconf 74' lang='lat'><strong>23).</strong></span> <span class='ocrx_word' id='word_1_352' title='bbox 491 2989 688 3045; x_wconf 79' lang='lat' dir='ltr'><strong>Nonne</strong></span> <span class='ocrx_word' id='word_1_353' title='bbox 731 2995 976 3059; x_wconf 88' lang='lat' dir='ltr'><strong>apertum</strong></span> <span class='ocrx_word' id='word_1_354' title='bbox 1027 2993 1114 3039; x_wconf 88' lang='lat' dir='ltr'><strong>est</strong></span> <span class='ocrx_word' id='word_1_355' title='bbox 1141 2984 1495 3056; x_wconf 83' lang='lat' dir='ltr'><strong>mysterium,</strong></span> <span class='ocrx_word' id='word_1_356' title='bbox 1535 2982 1671 3037; x_wconf 91' lang='lat' dir='ltr'><strong>duos</strong></span> <span class='ocrx_word' id='word_1_357' title='bbox 1715 2979 1923 3050; x_wconf 85' lang='lat' dir='ltr'><strong>signili—</strong></span> 
     </span>
    </p>
   </div>
   <div class='ocr_carea' id='block_1_42' title="bbox 317 3075 1922 3155">
    <p class='ocr_par' dir='ltr' id='par_1_42' title="bbox 317 3075 1922 3155">
     <span class='ocr_line' id='line_1_42' title="bbox 317 3075 1922 3155; baseline -0.01 -12"><span class='ocrx_word' id='word_1_358' title='bbox 317 3086 438 3144; x_wconf 81' lang='lat' dir='ltr'><strong>cari</strong></span> <span class='ocrx_word' id='word_1_359' title='bbox 459 3084 714 3155; x_wconf 83' lang='lat' dir='ltr'><strong>papulas,</strong></span> <span class='ocrx_word' id='word_1_360' title='bbox 732 3082 837 3138; x_wconf 86' lang='lat' dir='ltr'><strong>hoc</strong></span> <span class='ocrx_word' id='word_1_361' title='bbox 858 3091 944 3137; x_wconf 86' lang='lat' dir='ltr'><strong>est</strong></span> <span class='ocrx_word' id='word_1_362' title='bbox 963 3121 976 3147; x_wconf 91' lang='lat'><strong>,</strong></span> <span class='ocrx_word' id='word_1_363' title='bbox 1006 3078 1265 3150; x_wconf 81' lang='lat' dir='ltr'><strong>pupulum</strong></span> <span class='ocrx_word' id='word_1_364' title='bbox 1290 3077 1600 3133; x_wconf 65' lang='lat' dir='ltr'><strong>Iudaeorum</strong></span> <span class='ocrx_word' id='word_1_365' title='bbox 1625 3075 1922 3140; x_wconf 85' lang='lat' dir='ltr'><strong>seniorem,</strong></span> 
     </span>
    </p>
   </div>
   <div class='ocr_carea' id='block_1_43' title="bbox 2016 1851 3616 1925">
    <p class='ocr_par' dir='ltr' id='par_1_43' title="bbox 2016 1851 3616 1925">
     <span class='ocr_line' id='line_1_43' title="bbox 2016 1851 3616 1925; baseline 0.004 -21"><span class='ocrx_word' id='word_1_366' title='bbox 2016 1851 2234 1922; x_wconf 79' lang='lat' dir='ltr'><strong>gravius</strong></span> <span class='ocrx_word' id='word_1_367' title='bbox 2256 1861 2370 1917; x_wconf 87' lang='lat' dir='ltr'><strong>est,</strong></span> <span class='ocrx_word' id='word_1_368' title='bbox 2417 1852 2618 1908; x_wconf 88' lang='lat' dir='ltr'><strong>mentis</strong></span> <span class='ocrx_word' id='word_1_369' title='bbox 2647 1859 2811 1923; x_wconf 89' lang='lat' dir='ltr'><strong>atque</strong></span> <span class='ocrx_word' id='word_1_370' title='bbox 2841 1853 3012 1909; x_wconf 87' lang='lat' dir='ltr'><strong>animi</strong></span> <span class='ocrx_word' id='word_1_371' title='bbox 3043 1853 3235 1911; x_wconf 89' lang='lat' dir='ltr'><strong>dolore</strong></span> <span class='ocrx_word' id='word_1_372' title='bbox 3286 1857 3616 1925; x_wconf 80' lang='lat' dir='ltr'><strong>confectam,</strong></span> 
     </span>
    </p>
   </div>
   <div class='ocr_carea' id='block_1_44' title="bbox 2016 1944 3617 2018">
    <p class='ocr_par' dir='ltr' id='par_1_44' title="bbox 2016 1944 3617 2018">
     <span class='ocr_line' id='line_1_44' title="bbox 2016 1944 3617 2018; baseline 0.004 -19"><span class='ocrx_word' id='word_1_373' title='bbox 2016 1944 2194 1999; x_wconf 86' lang='lat' dir='ltr'><strong>morbi</strong></span> <span class='ocrx_word' id='word_1_374' title='bbox 2237 1959 2302 2000; x_wconf 90' lang='lat' dir='ltr'><strong>ac</strong></span> <span class='ocrx_word' id='word_1_375' title='bbox 2355 1945 2584 2015; x_wconf 86' lang='lat' dir='ltr'><strong>periculi</strong></span> <span class='ocrx_word' id='word_1_376' title='bbox 2645 1945 2911 2003; x_wconf 87' lang='lat' dir='ltr'><strong>dilatione</strong></span> <span class='ocrx_word' id='word_1_377' title='bbox 2957 1955 3269 2018; x_wconf 89' lang='lat' dir='ltr'><strong>torpentem</strong></span> <span class='ocrx_word' id='word_1_378' title='bbox 3315 1948 3498 2006; x_wconf 84' lang='lat' dir='ltr'><strong>dicere</strong></span> <span class='ocrx_word' id='word_1_379' title='bbox 3549 1950 3617 2006; x_wconf 89' lang='lat' dir='ltr'><strong>ad</strong></span> 
     </span>
    </p>
   </div>
   <div class='ocr_carea' id='block_1_45' title="bbox 2020 2026 3465 2110">
    <p class='ocr_par' dir='ltr' id='par_1_45' title="bbox 2020 2026 3465 2110">
     <span class='ocr_line' id='line_1_45' title="bbox 2020 2026 3465 2110; baseline 0.005 -18"><span class='ocrx_word' id='word_1_380' title='bbox 2020 2038 2308 2094; x_wconf 91' lang='lat' dir='ltr'><strong>Dominum</strong></span> <span class='ocrx_word' id='word_1_381' title='bbox 2338 2055 2353 2105; x_wconf 89' lang='lat'>;</span> <span class='ocrx_word' id='word_1_382' title='bbox 2390 2039 2522 2095; x_wconf 81' lang='lat' dir='ltr'><strong>Vide</strong></span> <span class='ocrx_word' id='word_1_383' title='bbox 2551 2026 2895 2097; x_wconf 72' lang='lat' dir='ltr'><strong>humilitatem</strong></span> <span class='ocrx_word' id='word_1_384' title='bbox 2924 2057 3114 2110; x_wconf 76' lang='lat' dir='ltr'><strong>meum,</strong></span> <span class='ocrx_word' id='word_1_385' title='bbox 3145 2053 3192 2099; x_wconf 83' lang='lat' dir='ltr'><strong>et</strong></span> <span class='ocrx_word' id='word_1_386' title='bbox 3219 2059 3340 2100; x_wconf 84' lang='lat' dir='ltr'><strong>erue</strong></span> <span class='ocrx_word' id='word_1_387' title='bbox 3364 2061 3465 2100; x_wconf 80' lang='lat' dir='ltr'><strong>me.</strong></span> 
     </span>
    </p>
   </div>
   <div class='ocr_carea' id='block_1_46' title="bbox 2089 2134 3622 2212">
    <p class='ocr_par' dir='ltr' id='par_1_46' title="bbox 2089 2134 3622 2212">
     <span class='ocr_line' id='line_1_46' title="bbox 2089 2134 3622 2212; baseline 0.004 -21"><span class='ocrx_word' id='word_1_388' title='bbox 2089 2136 2144 2191; x_wconf 88' lang='lat'><strong>9.</strong></span> <span class='ocrx_word' id='word_1_389' title='bbox 2185 2134 2482 2192; x_wconf 87' lang='lat' dir='ltr'><strong>Considera</strong></span> <span class='ocrx_word' id='word_1_390' title='bbox 2538 2137 2702 2193; x_wconf 90' lang='lat' dir='ltr'><strong>etiam</strong></span> <span class='ocrx_word' id='word_1_391' title='bbox 2756 2141 2882 2209; x_wconf 83' lang='lat' dir='ltr'><strong>quia</strong></span> <span class='ocrx_word' id='word_1_392' title='bbox 2936 2140 3170 2210; x_wconf 90' lang='lat' dir='ltr'><strong>spiritali</strong></span> <span class='ocrx_word' id='word_1_393' title='bbox 3204 2140 3438 2212; x_wconf 84' lang='lat' dir='ltr'><strong>quodam</strong></span> <span class='ocrx_word' id='word_1_394' title='bbox 3492 2141 3622 2198; x_wconf 90' lang='lat' dir='ltr'><strong>oleo</strong></span> 
     </span>
    </p>
   </div>
   <div class='ocr_carea' id='block_1_47' title="bbox 2020 2229 3627 2306">
    <p class='ocr_par' dir='ltr' id='par_1_47' title="bbox 2020 2229 3627 2306">
     <span class='ocr_line' id='line_1_47' title="bbox 2020 2229 3627 2306; baseline 0.003 -21"><span class='ocrx_word' id='word_1_395' title='bbox 2020 2229 2328 2286; x_wconf 88' lang='lat' dir='ltr'><strong>caelestium</strong></span> <span class='ocrx_word' id='word_1_396' title='bbox 2379 2236 2774 2302; x_wconf 65' lang='lat' dir='ltr'><strong>praeceptorum</strong></span> <span class='ocrx_word' id='word_1_397' title='bbox 2829 2234 2983 2305; x_wconf 79' lang='lat' dir='ltr'><strong>ungit</strong></span> <span class='ocrx_word' id='word_1_398' title='bbox 3038 2246 3140 2290; x_wconf 88' lang='lat' dir='ltr'><strong>nos</strong></span> <span class='ocrx_word' id='word_1_399' title='bbox 3190 2244 3353 2306; x_wconf 86' lang='lat' dir='ltr'><strong>atque</strong></span> <span class='ocrx_word' id='word_1_400' title='bbox 3400 2241 3627 2291; x_wconf 81' lang='lat' dir='ltr'><strong>exercet</strong></span> 
     </span>
    </p>
   </div>
   <div class='ocr_carea' id='block_1_48' title="bbox 2020 2325 3632 2404">
    <p class='ocr_par' dir='ltr' id='par_1_48' title="bbox 2020 2325 3632 2404">
     <span class='ocr_line' id='line_1_48' title="bbox 2020 2325 3632 2404; baseline 0.006 -25"><span class='ocrx_word' id='word_1_401' title='bbox 2020 2325 2266 2396; x_wconf 90' lang='lat' dir='ltr'><strong>quotidie</strong></span> <span class='ocrx_word' id='word_1_402' title='bbox 2299 2327 2585 2398; x_wconf 86' lang='lat' dir='ltr'><strong>Scriptura</strong></span> <span class='ocrx_word' id='word_1_403' title='bbox 2613 2328 2826 2396; x_wconf 85' lang='lat' dir='ltr'><strong>divina,</strong></span> <span class='ocrx_word' id='word_1_404' title='bbox 2859 2340 2914 2386; x_wconf 91' lang='lat' dir='ltr'><strong>et</strong></span> <span class='ocrx_word' id='word_1_405' title='bbox 2943 2331 3207 2388; x_wconf 85' lang='lat' dir='ltr'><strong>Dominus</strong></span> <span class='ocrx_word' id='word_1_406' title='bbox 3249 2341 3439 2388; x_wconf 87' lang='lat' dir='ltr'><strong>uoster</strong></span> <span class='ocrx_word' id='word_1_407' title='bbox 3462 2333 3632 2404; x_wconf 83' lang='lat' dir='ltr'><strong>pluri-</strong></span> 
     </span>
    </p>
   </div>
   <div class='ocr_carea' id='block_1_49' title="bbox 2022 2419 3627 2497">
    <p class='ocr_par' dir='ltr' id='par_1_49' title="bbox 2022 2419 3627 2497">
     <span class='ocr_line' id='line_1_49' title="bbox 2022 2419 3627 2497; baseline 0.006 -24"><span class='ocrx_word' id='word_1_408' title='bbox 2022 2431 2142 2475; x_wconf 87' lang='lat' dir='ltr'><strong>mos</strong></span> <span class='ocrx_word' id='word_1_409' title='bbox 2198 2419 2266 2474; x_wconf 88' lang='lat' dir='ltr'><strong>ad</strong></span> <span class='ocrx_word' id='word_1_410' title='bbox 2324 2420 2608 2477; x_wconf 89' lang='lat' dir='ltr'><strong>subeunda</strong></span> <span class='ocrx_word' id='word_1_411' title='bbox 2659 2423 2963 2479; x_wconf 79' lang='lat' dir='ltr'><strong>certamina</strong></span> <span class='ocrx_word' id='word_1_412' title='bbox 3020 2426 3264 2495; x_wconf 76' lang='lat' dir='ltr'><strong>gestiens</strong></span> <span class='ocrx_word' id='word_1_413' title='bbox 3294 2437 3627 2497; x_wconf 75' lang='lat' dir='ltr'><strong>promcare,</strong></span> 
     </span>
    </p>
   </div>
   <div class='ocr_carea' id='block_1_50' title="bbox 2022 2513 3628 2586">
    <p class='ocr_par' dir='ltr' id='par_1_50' title="bbox 2022 2513 3628 2586">
     <span class='ocr_line' id='line_1_50' title="bbox 2022 2513 3628 2586; baseline 0.002 -17"><span class='ocrx_word' id='word_1_414' title='bbox 2022 2513 2238 2570; x_wconf 85' lang='lat' dir='ltr'><strong>diversa</strong></span> <span class='ocrx_word' id='word_1_415' title='bbox 2298 2515 2483 2586; x_wconf 85' lang='lat' dir='ltr'><strong>posuit</strong></span> <span class='ocrx_word' id='word_1_416' title='bbox 2522 2517 2743 2586; x_wconf 67' lang='lat' dir='ltr'><strong>praemia</strong></span> <span class='ocrx_word' id='word_1_417' title='bbox 2789 2531 3142 2574; x_wconf 76' lang='lat' dir='ltr'><strong>coronarum.</strong></span> <span class='ocrx_word' id='word_1_418' title='bbox 3185 2516 3509 2584; x_wconf 86' lang='lat' dir='ltr'><strong>Considera,</strong></span> <span class='ocrx_word' id='word_1_419' title='bbox 3544 2519 3628 2573; x_wconf 90' lang='lat' dir='ltr'><strong>in-</strong></span> 
     </span>
    </p>
   </div>
   <div class='ocr_carea' id='block_1_51' title="bbox 2022 2606 3629 2677">
    <p class='ocr_par' dir='ltr' id='par_1_51' title="bbox 2022 2606 3629 2677">
     <span class='ocr_line' id='line_1_51' title="bbox 2022 2606 3629 2677; baseline 0.006 -18"><span class='ocrx_word' id='word_1_420' title='bbox 2022 2621 2218 2677; x_wconf 90' lang='lat' dir='ltr'><strong>quam,</strong></span> <span class='ocrx_word' id='word_1_421' title='bbox 2270 2606 2472 2663; x_wconf 88' lang='lat' dir='ltr'><strong>Christi</strong></span> <span class='ocrx_word' id='word_1_422' title='bbox 2519 2608 2785 2664; x_wconf 88' lang='lat' dir='ltr'><strong>athletam</strong></span> <span class='ocrx_word' id='word_1_423' title='bbox 2835 2610 3136 2666; x_wconf 87' lang='lat' dir='ltr'><strong>innumeris</strong></span> <span class='ocrx_word' id='word_1_424' title='bbox 3186 2611 3629 2668; x_wconf 84' lang='lat' dir='ltr'><strong>contentionibus</strong></span> 
     </span>
    </p>
   </div>
   <div class='ocr_carea' id='block_1_52' title="bbox 2023 2699 3625 2773">
    <p class='ocr_par' dir='ltr' id='par_1_52' title="bbox 2023 2699 3625 2773">
     <span class='ocr_line' id='line_1_52' title="bbox 2023 2699 3625 2773; baseline 0.004 -19"><span class='ocrx_word' id='word_1_425' title='bbox 2023 2699 2306 2772; x_wconf 77' lang='lat' dir='ltr'><strong>fatigatum</strong></span> <span class='ocrx_word' id='word_1_426' title='bbox 2324 2744 2338 2768; x_wconf 95' lang='lat'><strong>,</strong></span> <span class='ocrx_word' id='word_1_427' title='bbox 2369 2715 2433 2757; x_wconf 89' lang='lat' dir='ltr'><strong>ac</strong></span> <span class='ocrx_word' id='word_1_428' title='bbox 2460 2717 2626 2772; x_wconf 85' lang='lat' dir='ltr'><strong>prope</strong></span> <span class='ocrx_word' id='word_1_429' title='bbox 2653 2702 2762 2771; x_wconf 88' lang='lat' dir='ltr'><strong>jam</strong></span> <span class='ocrx_word' id='word_1_430' title='bbox 2785 2703 2999 2758; x_wconf 87' lang='lat' dir='ltr'><strong>lassatis</strong></span> <span class='ocrx_word' id='word_1_431' title='bbox 3025 2705 3232 2761; x_wconf 88' lang='lat' dir='ltr'><strong>viribus</strong></span> <span class='ocrx_word' id='word_1_432' title='bbox 3253 2705 3625 2773; x_wconf 82' lang='lat' dir='ltr'><strong>resistentem,</strong></span> 
     </span>
    </p>
   </div>
   <div class='ocr_carea' id='block_1_53' title="bbox 2025 2791 3628 2863">
    <p class='ocr_par' dir='ltr' id='par_1_53' title="bbox 2025 2791 3628 2863">
     <span class='ocr_line' id='line_1_53' title="bbox 2025 2791 3628 2863; baseline 0.006 -18"><span class='ocrx_word' id='word_1_433' title='bbox 2025 2791 2257 2863; x_wconf 86' lang='lat' dir='ltr'><strong>periculi</strong></span> <span class='ocrx_word' id='word_1_434' title='bbox 2288 2795 2432 2848; x_wconf 88' lang='lat' dir='ltr'><strong>mole</strong></span> <span class='ocrx_word' id='word_1_435' title='bbox 2475 2794 2786 2860; x_wconf 88' lang='lat' dir='ltr'><strong>turbatum;</strong></span> <span class='ocrx_word' id='word_1_436' title='bbox 2817 2811 2938 2851; x_wconf 91' lang='lat' dir='ltr'><strong>cum</strong></span> <span class='ocrx_word' id='word_1_437' title='bbox 2964 2795 3144 2854; x_wconf 80' lang='lat' dir='ltr'><strong>videat</strong></span> <span class='ocrx_word' id='word_1_438' title='bbox 3169 2799 3270 2854; x_wconf 88' lang='lat' dir='ltr'><strong>sibi</strong></span> <span class='ocrx_word' id='word_1_439' title='bbox 3313 2814 3419 2854; x_wconf 88' lang='lat' dir='ltr'><strong>non</strong></span> <span class='ocrx_word' id='word_1_440' title='bbox 3450 2799 3628 2854; x_wconf 91' lang='lat' dir='ltr'><strong>solum</strong></span> 
     </span>
    </p>
   </div>
   <div class='ocr_carea' id='block_1_54' title="bbox 2029 2885 3627 2961">
    <p class='ocr_par' dir='ltr' id='par_1_54' title="bbox 2029 2885 3627 2961">
     <span class='ocr_line' id='line_1_54' title="bbox 2029 2885 3627 2961; baseline 0.006 -21"><span class='ocrx_word' id='word_1_441' title='bbox 2029 2885 2296 2942; x_wconf 88' lang='lat' dir='ltr'><strong>adversus</strong></span> <span class='ocrx_word' id='word_1_442' title='bbox 2321 2899 2540 2943; x_wconf 87' lang='lat' dir='ltr'><strong>carnem</strong></span> <span class='ocrx_word' id='word_1_443' title='bbox 2571 2895 2626 2944; x_wconf 91' lang='lat' dir='ltr'><strong>et</strong></span> <span class='ocrx_word' id='word_1_444' title='bbox 2648 2890 2986 2961; x_wconf 78' lang='lat' dir='ltr'><strong>sanguinem,</strong></span> <span class='ocrx_word' id='word_1_445' title='bbox 3022 2891 3118 2947; x_wconf 89' lang='lat' dir='ltr'><strong>sed</strong></span> <span class='ocrx_word' id='word_1_446' title='bbox 3161 2893 3326 2948; x_wconf 85' lang='lat' dir='ltr'><strong>etiam</strong></span> <span class='ocrx_word' id='word_1_447' title='bbox 3359 2893 3627 2950; x_wconf 86' lang='lat' dir='ltr'><strong>adversus</strong></span> 
     </span>
    </p>
   </div>
   <div class='ocr_carea' id='block_1_55' title="bbox 2026 2979 3627 3055">
    <p class='ocr_par' dir='ltr' id='par_1_55' title="bbox 2026 2979 3627 3055">
     <span class='ocr_line' id='line_1_55' title="bbox 2026 2979 3627 3055; baseline 0.007 -21"><span class='ocrx_word' id='word_1_448' title='bbox 2026 2979 2302 3050; x_wconf 83' lang='lat' dir='ltr'><strong>spiritales</strong></span> <span class='ocrx_word' id='word_1_449' title='bbox 2354 2979 2659 3052; x_wconf 85' lang='lat' dir='ltr'><strong>nequitias,</strong></span> <span class='ocrx_word' id='word_1_450' title='bbox 2707 2997 2825 3055; x_wconf 61' lang='lat' dir='ltr'><strong>quae</strong></span> <span class='ocrx_word' id='word_1_451' title='bbox 2851 2993 2977 3040; x_wconf 92' lang='lat' dir='ltr'><strong>sunt</strong></span> <span class='ocrx_word' id='word_1_452' title='bbox 3017 2984 3070 3039; x_wconf 87' lang='lat' dir='ltr'><strong>in</strong></span> <span class='ocrx_word' id='word_1_453' title='bbox 3114 2985 3468 3054; x_wconf 74' lang='lat' dir='ltr'><strong>caelestibus,</strong></span> <span class='ocrx_word' id='word_1_454' title='bbox 3500 3002 3627 3046; x_wconf 89' lang='lat' dir='ltr'><strong>esse</strong></span> 
     </span>
    </p>
   </div>
   <div class='ocr_carea' id='block_1_56' title="bbox 2028 3073 3631 3148">
    <p class='ocr_par' dir='ltr' id='par_1_56' title="bbox 2028 3073 3631 3148">
     <span class='ocr_line' id='line_1_56' title="bbox 2028 3073 3631 3148; baseline 0.005 -20"><span class='ocrx_word' id='word_1_455' title='bbox 2028 3073 2332 3142; x_wconf 85' lang='lat' dir='ltr'><strong>luctamen,</strong></span> <span class='ocrx_word' id='word_1_456' title='bbox 2367 3074 2586 3131; x_wconf 86' lang='lat' dir='ltr'><strong>dicere:</strong></span> <span class='ocrx_word' id='word_1_457' title='bbox 2637 3074 2768 3132; x_wconf 85' lang='lat' dir='ltr'><strong>Vide</strong></span> <span class='ocrx_word' id='word_1_458' title='bbox 2810 3078 3155 3135; x_wconf 73' lang='lat' dir='ltr'><strong>humilitatem</strong></span> <span class='ocrx_word' id='word_1_459' title='bbox 3201 3095 3388 3148; x_wconf 84' lang='lat' dir='ltr'><strong>meam,</strong></span> <span class='ocrx_word' id='word_1_460' title='bbox 3431 3090 3482 3138; x_wconf 87' lang='lat' dir='ltr'><strong>et</strong></span> <span class='ocrx_word' id='word_1_461' title='bbox 3510 3095 3631 3138; x_wconf 84' lang='lat' dir='ltr'><strong>erue</strong></span> 
     </span>
    </p>
   </div>
   <div class='ocr_carea' id='block_1_57' title="bbox 317 3169 3630 3270">
    <p class='ocr_par' dir='ltr' id='par_1_57' title="bbox 317 3169 3630 3270">
     <span class='ocr_line' id='line_1_57' title="bbox 317 3169 3630 3270; baseline -0.001 -33"><span class='ocrx_word' id='word_1_462' title='bbox 317 3191 379 3237; x_wconf 89' lang='lat' dir='ltr'><strong>et</strong></span> <span class='ocrx_word' id='word_1_463' title='bbox 403 3179 772 3235; x_wconf 86' lang='lat' dir='ltr'><strong>Christianum</strong></span> <span class='ocrx_word' id='word_1_464' title='bbox 807 3176 1065 3248; x_wconf 88' lang='lat' dir='ltr'><strong>populum</strong></span> <span class='ocrx_word' id='word_1_465' title='bbox 1086 3175 1380 3246; x_wconf 74' lang='lat' dir='ltr'><strong>iuniorem,</strong></span> <span class='ocrx_word' id='word_1_466' title='bbox 1414 3173 1504 3243; x_wconf 89' lang='lat' dir='ltr'><strong>qui</strong></span> <span class='ocrx_word' id='word_1_467' title='bbox 1549 3182 1770 3242; x_wconf 87' lang='lat' dir='ltr'><strong>propter</strong></span> <span class='ocrx_word' id='word_1_468' title='bbox 1800 3184 1924 3225; x_wconf 88' lang='lat' dir='ltr'><strong>coc—</strong></span> <span class='ocrx_word' id='word_1_469' title='bbox 1953 3205 1998 3270; x_wconf 65' lang='grc' dir='ltr'>Ο</span> <span class='ocrx_word' id='word_1_470' title='bbox 2029 3184 2141 3235; x_wconf 84' lang='lat' dir='ltr'><strong>me;</strong></span> <span class='ocrx_word' id='word_1_471' title='bbox 2173 3169 2418 3239; x_wconf 79' lang='lat' dir='ltr'><strong>quoniam</strong></span> <span class='ocrx_word' id='word_1_472' title='bbox 2447 3171 2607 3242; x_wconf 85' lang='lat' dir='ltr'><strong>legem</strong></span> <span class='ocrx_word' id='word_1_473' title='bbox 2636 3180 2778 3226; x_wconf 84' lang='lat' dir='ltr'><strong>tuam</strong></span> <span class='ocrx_word' id='word_1_474' title='bbox 2807 3189 2910 3227; x_wconf 88' lang='lat' dir='ltr'><strong>non</strong></span> <span class='ocrx_word' id='word_1_475' title='bbox 2938 3185 3053 3228; x_wconf 78' lang='lat' dir='ltr'><strong>sum</strong></span> <span class='ocrx_word' id='word_1_476' title='bbox 3089 3173 3318 3242; x_wconf 82' lang='lat' dir='ltr'><strong>oblitus;</strong></span> <span class='ocrx_word' id='word_1_477' title='bbox 3345 3188 3452 3232; x_wconf 90' lang='lat' dir='ltr'><strong>non</strong></span> <span class='ocrx_word' id='word_1_478' title='bbox 3486 3177 3630 3233; x_wconf 89' lang='lat' dir='ltr'><strong>enim</strong></span> 
     </span>
    </p>
   </div>
   <div class='ocr_carea' id='block_1_58' title="bbox 319 3263 1925 3341">
    <p class='ocr_par' dir='ltr' id='par_1_58' title="bbox 319 3263 1925 3341">
     <span class='ocr_line' id='line_1_58' title="bbox 319 3263 1925 3341; baseline -0.008 -10"><span class='ocrx_word' id='word_1_479' title='bbox 319 3287 506 3331; x_wconf 86' lang='lat' dir='ltr'><strong>turam</strong></span> <span class='ocrx_word' id='word_1_480' title='bbox 556 3273 722 3329; x_wconf 84' lang='lat' dir='ltr'><strong>lentis</strong></span> <span class='ocrx_word' id='word_1_481' title='bbox 768 3272 1032 3341; x_wconf 85' lang='lat' dir='ltr'><strong>primatus</strong></span> <span class='ocrx_word' id='word_1_482' title='bbox 1070 3269 1251 3325; x_wconf 71' lang='lat' dir='ltr'><strong>fratris</strong></span> <span class='ocrx_word' id='word_1_483' title='bbox 1281 3267 1488 3337; x_wconf 85' lang='lat' dir='ltr'><strong>accepit</strong></span> <span class='ocrx_word' id='word_1_484' title='bbox 1515 3264 1784 3320; x_wconf 82' lang='lat' dir='ltr'><strong>senioris?</strong></span> <span class='ocrx_word' id='word_1_485' title='bbox 1805 3263 1925 3331; x_wconf 87' lang='lat' dir='ltr'><strong>Quo</strong></span> 
     </span>
    </p>
   </div>
   <div class='ocr_carea' id='block_1_59' title="bbox 322 3356 1929 3433">
    <p class='ocr_par' dir='ltr' id='par_1_59' title="bbox 322 3356 1929 3433">
     <span class='ocr_line' id='line_1_59' title="bbox 322 3356 1929 3433; baseline -0.01 -7"><span class='ocrx_word' id='word_1_486' title='bbox 322 3370 535 3426; x_wconf 80' lang='lat' dir='ltr'><strong>indicio</strong></span> <span class='ocrx_word' id='word_1_487' title='bbox 587 3366 870 3424; x_wconf 81' lang='lat' dir='ltr'><strong>evidenter</strong></span> <span class='ocrx_word' id='word_1_488' title='bbox 908 3363 1235 3433; x_wconf 69' lang='lat' dir='ltr'><strong>caprimitur</strong></span> <span class='ocrx_word' id='word_1_489' title='bbox 1281 3360 1422 3432; x_wconf 89' lang='lat' dir='ltr'><strong>quod</strong></span> <span class='ocrx_word' id='word_1_490' title='bbox 1467 3359 1696 3430; x_wconf 85' lang='lat' dir='ltr'><strong>populus</strong></span> <span class='ocrx_word' id='word_1_491' title='bbox 1745 3356 1929 3413; x_wconf 82' lang='lat' dir='ltr'><strong>senior</strong></span> 
     </span>
    </p>
   </div>
   <div class='ocr_carea' id='block_1_60' title="bbox 322 3452 1928 3533">
    <p class='ocr_par' dir='ltr' id='par_1_60' title="bbox 322 3452 1928 3533">
     <span class='ocr_line' id='line_1_60' title="bbox 322 3452 1928 3533; baseline -0.011 -11"><span class='ocrx_word' id='word_1_492' title='bbox 322 3467 420 3522; x_wconf 89' lang='lat' dir='ltr'><strong>ille</strong></span> <span class='ocrx_word' id='word_1_493' title='bbox 441 3474 692 3521; x_wconf 89' lang='lat' dir='ltr'><strong>terrenus</strong></span> <span class='ocrx_word' id='word_1_494' title='bbox 722 3470 940 3533; x_wconf 91' lang='lat' dir='ltr'><strong>propter</strong></span> <span class='ocrx_word' id='word_1_495' title='bbox 964 3457 1438 3527; x_wconf 82' lang='lat' dir='ltr'><strong>intemperantiam</strong></span> <span class='ocrx_word' id='word_1_496' title='bbox 1470 3454 1631 3526; x_wconf 71' lang='lat' dir='ltr'><strong>gulm,</strong></span> <span class='ocrx_word' id='word_1_497' title='bbox 1667 3452 1928 3523; x_wconf 82' lang='lat' dir='ltr'><strong>primatus</strong></span> 
     </span>
    </p>
   </div>
   <div class='ocr_carea' id='block_1_61' title="bbox 323 3545 1929 3630">
    <p class='ocr_par' dir='ltr' id='par_1_61' title="bbox 323 3545 1929 3630">
     <span class='ocr_line' id='line_1_61' title="bbox 323 3545 1929 3630; baseline -0.012 -15"><span class='ocrx_word' id='word_1_498' title='bbox 323 3575 470 3630; x_wconf 76' lang='lat' dir='ltr'><strong>quos</strong></span> <span class='ocrx_word' id='word_1_499' title='bbox 516 3557 736 3620; x_wconf 81' lang='lat' dir='ltr'><strong>habuit,</strong></span> <span class='ocrx_word' id='word_1_500' title='bbox 784 3554 967 3610; x_wconf 88' lang='lat' dir='ltr'><strong>amisit</strong></span> <span class='ocrx_word' id='word_1_501' title='bbox 1005 3551 1276 3622; x_wconf 81' lang='lat' dir='ltr'><strong>:populus</strong></span> <span class='ocrx_word' id='word_1_502' title='bbox 1313 3556 1495 3604; x_wconf 85' lang='lat' dir='ltr'><strong>autem</strong></span> <span class='ocrx_word' id='word_1_503' title='bbox 1543 3545 1805 3601; x_wconf 66' lang='lat' dir='ltr'><strong>Ecclesiae</strong></span> <span class='ocrx_word' id='word_1_504' title='bbox 1833 3557 1929 3613; x_wconf 89' lang='lat' dir='ltr'><strong>per</strong></span> 
     </span>
    </p>
   </div>
   <div class='ocr_carea' id='block_1_62' title="bbox 326 3635 1932 3711">
    <p class='ocr_par' dir='ltr' id='par_1_62' title="bbox 326 3635 1932 3711">
     <span class='ocr_line' id='line_1_62' title="bbox 326 3635 1932 3711; baseline -0.012 -1"><span class='ocrx_word' id='word_1_505' title='bbox 326 3653 692 3710; x_wconf 76' lang='lat' dir='ltr'><strong>sobrietatem</strong></span> <span class='ocrx_word' id='word_1_506' title='bbox 721 3659 778 3706; x_wconf 87' lang='lat' dir='ltr'><strong>et</strong></span> <span class='ocrx_word' id='word_1_507' title='bbox 805 3646 1200 3704; x_wconf 89' lang='lat' dir='ltr'><strong>continentiam</strong></span> <span class='ocrx_word' id='word_1_508' title='bbox 1219 3686 1233 3710; x_wconf 92' lang='lat'><strong>,</strong></span> <span class='ocrx_word' id='word_1_509' title='bbox 1281 3644 1548 3711; x_wconf 84' lang='lat' dir='ltr'><strong>primatus</strong></span> <span class='ocrx_word' id='word_1_510' title='bbox 1579 3653 1715 3711; x_wconf 87' lang='lat' dir='ltr'><strong>quos</strong></span> <span class='ocrx_word' id='word_1_511' title='bbox 1739 3635 1932 3693; x_wconf 84' lang='lat' dir='ltr'><strong>ordine</strong></span> 
     </span>
    </p>
   </div>
   <div class='ocr_carea' id='block_1_63' title="bbox 326 3727 1932 3805">
    <p class='ocr_par' dir='ltr' id='par_1_63' title="bbox 326 3727 1932 3805">
     <span class='ocr_line' id='line_1_63' title="bbox 326 3727 1932 3805; baseline -0.012 -3"><span class='ocrx_word' id='word_1_512' title='bbox 326 3763 442 3802; x_wconf 84' lang='lat' dir='ltr'><strong>non</strong></span> <span class='ocrx_word' id='word_1_513' title='bbox 469 3744 710 3800; x_wconf 84' lang='lat' dir='ltr'><strong>habebat</strong></span> <span class='ocrx_word' id='word_1_514' title='bbox 732 3741 933 3805; x_wconf 62' lang='lat' dir='ltr'><strong>atatis,</strong></span> <span class='ocrx_word' id='word_1_515' title='bbox 967 3749 1021 3795; x_wconf 90' lang='lat' dir='ltr'><strong>et</strong></span> <span class='ocrx_word' id='word_1_516' title='bbox 1057 3735 1416 3792; x_wconf 83' lang='lat' dir='ltr'><strong>concessione</strong></span> <span class='ocrx_word' id='word_1_517' title='bbox 1459 3733 1724 3795; x_wconf 80' lang='lat' dir='ltr'><strong>fraterna,</strong></span> <span class='ocrx_word' id='word_1_518' title='bbox 1752 3737 1808 3786; x_wconf 89' lang='lat' dir='ltr'><strong>et</strong></span> <span class='ocrx_word' id='word_1_519' title='bbox 1845 3727 1932 3798; x_wconf 89' lang='lat' dir='ltr'><strong>pio</strong></span> 
     </span>
    </p>
   </div>
   <div class='ocr_carea' id='block_1_64' title="bbox 328 3821 1933 3909">
    <p class='ocr_par' dir='ltr' id='par_1_64' title="bbox 328 3821 1933 3909">
     <span class='ocr_line' id='line_1_64' title="bbox 328 3821 1933 3909; baseline -0.013 -13"><span class='ocrx_word' id='word_1_520' title='bbox 328 3844 478 3896; x_wconf 77' lang='lat' dir='ltr'><strong>torto</strong></span> <span class='ocrx_word' id='word_1_521' title='bbox 508 3848 748 3909; x_wconf 67' lang='lat' dir='ltr'><strong>paterna:</strong></span> <span class='ocrx_word' id='word_1_522' title='bbox 789 3831 1187 3890; x_wconf 86' lang='lat' dir='ltr'><strong>benedictionis</strong></span> <span class='ocrx_word' id='word_1_523' title='bbox 1213 3828 1431 3899; x_wconf 89' lang='lat' dir='ltr'><strong>eripuit.</strong></span> <span class='ocrx_word' id='word_1_524' title='bbox 1467 3825 1606 3894; x_wconf 80' lang='lat' dir='ltr'><strong>Quid</strong></span> <span class='ocrx_word' id='word_1_525' title='bbox 1656 3832 1741 3879; x_wconf 89' lang='lat' dir='ltr'><strong>est</strong></span> <span class='ocrx_word' id='word_1_526' title='bbox 1771 3821 1933 3893; x_wconf 77' lang='lat' dir='ltr'><strong>igitur</strong></span> 
     </span>
    </p>
   </div>
   <div class='ocr_carea' id='block_1_65' title="bbox 330 3913 1931 4003">
    <p class='ocr_par' dir='ltr' id='par_1_65' title="bbox 330 3913 1931 4003">
     <span class='ocr_line' id='line_1_65' title="bbox 330 3913 1931 4003; baseline -0.012 -16"><span class='ocrx_word' id='word_1_527' title='bbox 330 3931 479 4003; x_wconf 77' lang='lat' dir='ltr'><strong>quod</strong></span> <span class='ocrx_word' id='word_1_528' title='bbox 508 3929 744 4001; x_wconf 84' lang='lat' dir='ltr'><strong>populus</strong></span> <span class='ocrx_word' id='word_1_529' title='bbox 781 3925 964 3998; x_wconf 87' lang='lat' dir='ltr'><strong>rapuit</strong></span> <span class='ocrx_word' id='word_1_530' title='bbox 988 3922 1346 3987; x_wconf 85' lang='lat' dir='ltr'><strong>Christianus,</strong></span> <span class='ocrx_word' id='word_1_531' title='bbox 1385 3918 1489 3975; x_wconf 86' lang='lat' dir='ltr'><strong>nisi</strong></span> <span class='ocrx_word' id='word_1_532' title='bbox 1525 3916 1812 3971; x_wconf 90' lang='lat' dir='ltr'><strong>Dominum</strong></span> <span class='ocrx_word' id='word_1_533' title='bbox 1840 3913 1931 3969; x_wconf 75' lang='lat' dir='ltr'><strong>Je-</strong></span> 
     </span>
    </p>
   </div>
   <div class='ocr_carea' id='block_1_66' title="bbox 329 4013 1936 4085">
    <p class='ocr_par' dir='ltr' id='par_1_66' title="bbox 329 4013 1936 4085">
     <span class='ocr_line' id='line_1_66' title="bbox 329 4013 1936 4085; baseline -0.012 -4"><span class='ocrx_word' id='word_1_534' title='bbox 329 4025 503 4081; x_wconf 78' lang='lat' dir='ltr'><strong>sum?</strong></span> <span class='ocrx_word' id='word_1_535' title='bbox 535 4025 577 4078; x_wconf 78' lang='grc' dir='ltr'>Α</span> <span class='ocrx_word' id='word_1_536' title='bbox 610 4020 804 4078; x_wconf 83' lang='lat' dir='ltr'><strong>diebus</strong></span> <span class='ocrx_word' id='word_1_537' title='bbox 830 4018 977 4075; x_wconf 88' lang='lat' dir='ltr'><strong>enim</strong></span> <span class='ocrx_word' id='word_1_538' title='bbox 1019 4017 1242 4074; x_wconf 89' lang='lat' dir='ltr'><strong>Joannis</strong></span> <span class='ocrx_word' id='word_1_539' title='bbox 1282 4013 1541 4085; x_wconf 73' lang='lat' dir='ltr'><strong>Baptistae</strong></span> <span class='ocrx_word' id='word_1_540' title='bbox 1572 4024 1796 4081; x_wconf 78' lang='lat' dir='ltr'><strong>regnum</strong></span> <span class='ocrx_word' id='word_1_541' title='bbox 1825 4022 1936 4063; x_wconf 77' lang='lat' dir='ltr'><strong>cae-</strong></span> 
     </span>
    </p>
   </div>
   <div class='ocr_carea' id='block_1_67' title="bbox 335 4100 1937 4185">
    <p class='ocr_par' dir='ltr' id='par_1_67' title="bbox 335 4100 1937 4185">
     <span class='ocr_line' id='line_1_67' title="bbox 335 4100 1937 4185; baseline -0.012 -12"><span class='ocrx_word' id='word_1_542' title='bbox 335 4120 516 4173; x_wconf 86' lang='lat' dir='ltr'><strong>lorum</strong></span> <span class='ocrx_word' id='word_1_543' title='bbox 545 4113 778 4185; x_wconf 68' lang='lat' dir='ltr'><strong>cogitur,</strong></span> <span class='ocrx_word' id='word_1_544' title='bbox 812 4121 866 4167; x_wconf 93' lang='lat' dir='ltr'><strong>et</strong></span> <span class='ocrx_word' id='word_1_545' title='bbox 893 4117 1152 4180; x_wconf 76' lang='lat' dir='ltr'><strong>cogentes</strong></span> <span class='ocrx_word' id='word_1_546' title='bbox 1189 4103 1627 4177; x_wconf 80' lang='lat' dir='ltr'><strong>diripiuntillud,</strong></span> <span class='ocrx_word' id='word_1_547' title='bbox 1652 4101 1794 4156; x_wconf 86' lang='lat' dir='ltr'><strong>sicut</strong></span> <span class='ocrx_word' id='word_1_548' title='bbox 1821 4100 1937 4169; x_wconf 85' lang='lat' dir='ltr'><strong>ipse</strong></span> 
     </span>
    </p>
   </div>
   <div class='ocr_carea' id='block_1_68' title="bbox 337 4193 1936 4272">
    <p class='ocr_par' dir='ltr' id='par_1_68' title="bbox 337 4193 1936 4272">
     <span class='ocr_line' id='line_1_68' title="bbox 337 4193 1936 4272; baseline -0.013 -6"><span class='ocrx_word' id='word_1_549' title='bbox 337 4209 606 4265; x_wconf 79' lang='lat' dir='ltr'><strong>Dom-inus</strong></span> <span class='ocrx_word' id='word_1_550' title='bbox 645 4203 949 4262; x_wconf 79' lang='lat' dir='ltr'><strong>declaravit</strong></span> <span class='ocrx_word' id='word_1_551' title='bbox 994 4201 1214 4272; x_wconf 73' lang='lat' dir='ltr'><strong>(Matth.</strong></span> <span class='ocrx_word' id='word_1_552' title='bbox 1268 4215 1358 4264; x_wconf 74' lang='lat' dir='ltr'><strong>si,</strong></span> <span class='ocrx_word' id='word_1_553' title='bbox 1411 4196 1526 4267; x_wconf 67' lang='lat' dir='ltr'><strong>ﬂ).</strong></span> <span class='ocrx_word' id='word_1_554' title='bbox 1580 4196 1724 4249; x_wconf 87' lang='lat' dir='ltr'><strong>Bona</strong></span> <span class='ocrx_word' id='word_1_555' title='bbox 1758 4193 1936 4258; x_wconf 79' lang='lat' dir='ltr'><strong>fraus,</strong></span> 
     </span>
    </p>
   </div>
   <div class='ocr_carea' id='block_1_69' title="bbox 336 4287 1938 4374">
    <p class='ocr_par' dir='ltr' id='par_1_69' title="bbox 336 4287 1938 4374">
     <span class='ocr_line' id='line_1_69' title="bbox 336 4287 1938 4374; baseline -0.012 -14"><span class='ocrx_word' id='word_1_556' title='bbox 336 4319 468 4374; x_wconf 73' lang='lat' dir='ltr'><strong>qua:</strong></span> <span class='ocrx_word' id='word_1_557' title='bbox 483 4303 651 4357; x_wconf 79' lang='lat' dir='ltr'><strong>vitam</strong></span> <span class='ocrx_word' id='word_1_558' title='bbox 679 4299 891 4354; x_wconf 79' lang='lat' dir='ltr'><strong>furatur</strong></span> <span class='ocrx_word' id='word_1_559' title='bbox 923 4304 1211 4353; x_wconf 79' lang='lat' dir='ltr'><strong>aeternam.</strong></span> <span class='ocrx_word' id='word_1_560' title='bbox 1244 4293 1350 4349; x_wconf 85' lang='lat' dir='ltr'><strong>Sed</strong></span> <span class='ocrx_word' id='word_1_561' title='bbox 1383 4291 1637 4362; x_wconf 81' lang='lat' dir='ltr'><strong>quoniam</strong></span> <span class='ocrx_word' id='word_1_562' title='bbox 1663 4287 1796 4343; x_wconf 87' lang='lat' dir='ltr'><strong>satis</strong></span> <span class='ocrx_word' id='word_1_563' title='bbox 1819 4287 1938 4342; x_wconf 88' lang='lat' dir='ltr'><strong>dic-</strong></span> 
     </span>
    </p>
   </div>
   <div class='ocr_carea' id='block_1_70' title="bbox 341 4383 1939 4461">
    <p class='ocr_par' dir='ltr' id='par_1_70' title="bbox 341 4383 1939 4461">
     <span class='ocr_line' id='line_1_70' title="bbox 341 4383 1939 4461; baseline -0.012 -7"><span class='ocrx_word' id='word_1_564' title='bbox 341 4410 460 4454; x_wconf 75' lang='lat' dir='ltr'><strong>tum</strong></span> <span class='ocrx_word' id='word_1_565' title='bbox 499 4395 572 4450; x_wconf 76' lang='lat' dir='ltr'><strong>de</strong></span> <span class='ocrx_word' id='word_1_566' title='bbox 599 4395 802 4448; x_wconf 65' lang='lat' dir='ltr'><strong>littera:</strong></span> <span class='ocrx_word' id='word_1_567' title='bbox 829 4390 988 4461; x_wconf 67' lang='lat' dir='ltr'><strong>huius</strong></span> <span class='ocrx_word' id='word_1_568' title='bbox 1019 4385 1562 4458; x_wconf 79' lang='lat' dir='ltr'><strong>interpretationibus</strong></span> <span class='ocrx_word' id='word_1_569' title='bbox 1585 4383 1939 4447; x_wconf 86' lang='lat' dir='ltr'><strong>arbitramur,</strong></span> 
     </span>
    </p>
   </div>
   <div class='ocr_carea' id='block_1_71' title="bbox 336 4476 1944 4556">
    <p class='ocr_par' dir='ltr' id='par_1_71' title="bbox 336 4476 1944 4556">
     <span class='ocr_line' id='line_1_71' title="bbox 336 4476 1944 4556; baseline -0.011 -6"><span class='ocrx_word' id='word_1_570' title='bbox 336 4490 763 4550; x_wconf 79' lang='lat' dir='ltr'><strong>consideremus</strong></span> <span class='ocrx_word' id='word_1_571' title='bbox 814 4501 876 4542; x_wconf 89' lang='lat' dir='ltr'><strong>ea</strong></span> <span class='ocrx_word' id='word_1_572' title='bbox 927 4500 1046 4556; x_wconf 64' lang='lat' dir='ltr'><strong>qua:</strong></span> <span class='ocrx_word' id='word_1_573' title='bbox 1089 4483 1215 4538; x_wconf 83' lang='lat' dir='ltr'><strong>huic</strong></span> <span class='ocrx_word' id='word_1_574' title='bbox 1264 4482 1464 4536; x_wconf 83' lang='lat' dir='ltr'><strong>litterae</strong></span> <span class='ocrx_word' id='word_1_575' title='bbox 1517 4477 1788 4548; x_wconf 84' lang='lat' dir='ltr'><strong>Propheta</strong></span> <span class='ocrx_word' id='word_1_576' title='bbox 1818 4476 1944 4532; x_wconf 49' lang='lat' dir='ltr'><strong>sub.</strong></span> 
     </span>
    </p>
   </div>
   <div class='ocr_carea' id='block_1_72' title="bbox 333 4586 498 4657">
    <p class='ocr_par' dir='ltr' id='par_1_72' title="bbox 333 4586 498 4657">
     <span class='ocr_line' id='line_1_72' title="bbox 333 4586 498 4657; baseline -0.018 -15"><span class='ocrx_word' id='word_1_577' title='bbox 333 4586 498 4657; x_wconf 84' lang='lat' dir='ltr'><strong>jecit.</strong></span> 
     </span>
    </p>
   </div>
   <div class='ocr_carea' id='block_1_73' title="bbox 419 4661 1944 4750">
    <p class='ocr_par' dir='ltr' id='par_1_73' title="bbox 419 4661 1944 4750">
     <span class='ocr_line' id='line_1_73' title="bbox 419 4661 1944 4750; baseline -0.012 -16"><span class='ocrx_word' id='word_1_578' title='bbox 419 4681 474 4735; x_wconf 92' lang='lat'><strong>7.</strong></span> <span class='ocrx_word' id='word_1_579' title='bbox 520 4671 887 4750; x_wconf 53' lang='lat' dir='ltr'><strong>(Vers.&#39;155.)</strong></span> <span class='ocrx_word' id='word_1_580' title='bbox 932 4671 1145 4728; x_wconf 88' lang='lat' dir='ltr'><strong>Primus</strong></span> <span class='ocrx_word' id='word_1_581' title='bbox 1191 4670 1372 4740; x_wconf 86' lang='lat' dir='ltr'><strong>itaque</strong></span> <span class='ocrx_word' id='word_1_582' title='bbox 1399 4680 1590 4722; x_wconf 89' lang='lat' dir='ltr'><strong>versus</strong></span> <span class='ocrx_word' id='word_1_583' title='bbox 1624 4673 1708 4722; x_wconf 87' lang='lat' dir='ltr'><strong>est</strong></span> <span class='ocrx_word' id='word_1_584' title='bbox 1756 4681 1767 4717; x_wconf 89' lang='lat'><strong>:</strong></span> <span class='ocrx_word' id='word_1_585' title='bbox 1816 4661 1944 4716; x_wconf 76' lang='lat' dir='ltr'><strong>Vide</strong></span> 
     </span>
    </p>
   </div>
   <div class='ocr_carea' id='block_1_74' title="bbox 343 4760 1945 4835">
    <p class='ocr_par' dir='ltr' id='par_1_74' title="bbox 343 4760 1945 4835">
     <span class='ocr_line' id='line_1_74' title="bbox 343 4760 1945 4835; baseline -0.013 -4"><span class='ocrx_word' id='word_1_586' title='bbox 343 4776 699 4830; x_wconf 68' lang='lat' dir='ltr'><strong>huttrititaaem</strong></span> <span class='ocrx_word' id='word_1_587' title='bbox 729 4783 896 4825; x_wconf 83' lang='lat' dir='ltr'><strong>meam</strong></span> <span class='ocrx_word' id='word_1_588' title='bbox 920 4810 934 4835; x_wconf 92' lang='lat'><strong>,</strong></span> <span class='ocrx_word' id='word_1_589' title='bbox 963 4776 1011 4823; x_wconf 89' lang='lat' dir='ltr'><strong>et</strong></span> <span class='ocrx_word' id='word_1_590' title='bbox 1060 4767 1180 4822; x_wconf 74' lang='lat' dir='ltr'><strong>erue</strong></span> <span class='ocrx_word' id='word_1_591' title='bbox 1203 4780 1316 4832; x_wconf 88' lang='lat' dir='ltr'><strong>nte;</strong></span> <span class='ocrx_word' id='word_1_592' title='bbox 1344 4763 1589 4833; x_wconf 80' lang='lat' dir='ltr'><strong>quoniam</strong></span> <span class='ocrx_word' id='word_1_593' title='bbox 1614 4760 1776 4831; x_wconf 80' lang='lat' dir='ltr'><strong>legem</strong></span> <span class='ocrx_word' id='word_1_594' title='bbox 1804 4768 1945 4812; x_wconf 88' lang='lat' dir='ltr'><strong>tuam</strong></span> 
     </span>
    </p>
   </div>
   <div class='ocr_carea' id='block_1_75' title="bbox 342 4851 1947 4928">
    <p class='ocr_par' dir='ltr' id='par_1_75' title="bbox 342 4851 1947 4928">
     <span class='ocr_line' id='line_1_75' title="bbox 342 4851 1947 4928; baseline -0.011 -3"><span class='ocrx_word' id='word_1_595' title='bbox 342 4883 456 4925; x_wconf 74' lang='lat' dir='ltr'><strong>non</strong></span> <span class='ocrx_word' id='word_1_596' title='bbox 483 4885 600 4924; x_wconf 72' lang='lat' dir='ltr'><strong>sum</strong></span> <span class='ocrx_word' id='word_1_597' title='bbox 621 4867 832 4920; x_wconf 70' lang='lat' dir='ltr'><strong>oblitus.</strong></span> <span class='ocrx_word' id='word_1_598' title='bbox 864 4861 1119 4917; x_wconf 81' lang='lat' dir='ltr'><strong>Fortasse</strong></span> <span class='ocrx_word' id='word_1_599' title='bbox 1146 4860 1294 4914; x_wconf 88' lang='lat' dir='ltr'><strong>dicat</strong></span> <span class='ocrx_word' id='word_1_600' title='bbox 1314 4856 1510 4928; x_wconf 82' lang='lat' dir='ltr'><strong>aliquis</strong></span> <span class='ocrx_word' id='word_1_601' title='bbox 1536 4873 1548 4909; x_wconf 91' lang='lat'>:</span> <span class='ocrx_word' id='word_1_602' title='bbox 1579 4853 1854 4909; x_wconf 85' lang='lat' dir='ltr'><strong>Gloriatur</strong></span> <span class='ocrx_word' id='word_1_603' title='bbox 1878 4851 1947 4908; x_wconf 84' lang='lat' dir='ltr'><strong>de</strong></span> 
     </span>
    </p>
   </div>
   <div class='ocr_carea' id='block_1_76' title="bbox 342 4945 1947 5031">
    <p class='ocr_par' dir='ltr' id='par_1_76' title="bbox 342 4945 1947 5031">
     <span class='ocr_line' id='line_1_76' title="bbox 342 4945 1947 5031; baseline -0.012 -12"><span class='ocrx_word' id='word_1_604' title='bbox 342 4978 414 5019; x_wconf 83' lang='lat' dir='ltr'><strong>se</strong></span> <span class='ocrx_word' id='word_1_605' title='bbox 430 4961 727 5031; x_wconf 81' lang='lat' dir='ltr'><strong>Propheta.</strong></span> <span class='ocrx_word' id='word_1_606' title='bbox 765 4958 832 5012; x_wconf 85' lang='lat' dir='ltr'><strong>Et</strong></span> <span class='ocrx_word' id='word_1_607' title='bbox 850 4956 896 5011; x_wconf 88' lang='lat' dir='ltr'><strong>si</strong></span> <span class='ocrx_word' id='word_1_608' title='bbox 927 4953 1208 5026; x_wconf 73' lang='lat' dir='ltr'><strong>gloriatur,</strong></span> <span class='ocrx_word' id='word_1_609' title='bbox 1241 4951 1503 5022; x_wconf 75' lang='lat' dir='ltr'><strong>gloriatur</strong></span> <span class='ocrx_word' id='word_1_610' title='bbox 1534 4950 1585 5003; x_wconf 91' lang='lat' dir='ltr'><strong>in</strong></span> <span class='ocrx_word' id='word_1_611' title='bbox 1617 4945 1947 5002; x_wconf 81' lang='lat' dir='ltr'><strong>inﬁrmitati-</strong></span> 
     </span>
    </p>
   </div>
   <div class='ocr_carea' id='block_1_77' title="bbox 346 5040 1948 5120">
    <p class='ocr_par' dir='ltr' id='par_1_77' title="bbox 346 5040 1948 5120">
     <span class='ocr_line' id='line_1_77' title="bbox 346 5040 1948 5120; baseline -0.011 -8"><span class='ocrx_word' id='word_1_612' title='bbox 346 5057 456 5113; x_wconf 77' lang='lat' dir='ltr'><strong>bus</strong></span> <span class='ocrx_word' id='word_1_613' title='bbox 479 5055 621 5116; x_wconf 87' lang='lat' dir='ltr'><strong>suis,</strong></span> <span class='ocrx_word' id='word_1_614' title='bbox 655 5054 708 5107; x_wconf 89' lang='lat' dir='ltr'><strong>in</strong></span> <span class='ocrx_word' id='word_1_615' title='bbox 745 5049 940 5120; x_wconf 89' lang='lat' dir='ltr'><strong>quibus</strong></span> <span class='ocrx_word' id='word_1_616' title='bbox 979 5056 1037 5104; x_wconf 86' lang='lat' dir='ltr'><strong>et</strong></span> <span class='ocrx_word' id='word_1_617' title='bbox 1079 5046 1372 5117; x_wconf 80' lang='lat' dir='ltr'><strong>Apostolus</strong></span> <span class='ocrx_word' id='word_1_618' title='bbox 1397 5043 1683 5115; x_wconf 78' lang='lat' dir='ltr'><strong>gloriatur,</strong></span> <span class='ocrx_word' id='word_1_619' title='bbox 1714 5040 1904 5096; x_wconf 87' lang='lat' dir='ltr'><strong>dicens</strong></span> <span class='ocrx_word' id='word_1_620' title='bbox 1934 5056 1948 5094; x_wconf 89' lang='lat'><strong>:</strong></span> 
     </span>
    </p>
   </div>
   <div class='ocr_carea' id='block_1_78' title="bbox 346 5131 1952 5214">
    <p class='ocr_par' dir='ltr' id='par_1_78' title="bbox 346 5131 1952 5214">
     <span class='ocr_line' id='line_1_78' title="bbox 346 5131 1952 5214; baseline -0.01 -10"><span class='ocrx_word' id='word_1_621' title='bbox 346 5146 634 5204; x_wconf 66' lang='grc' dir='ltr'><strong>ϐίον-ἕψον</strong></span> <span class='ocrx_word' id='word_1_622' title='bbox 654 5146 711 5198; x_wconf 67' lang='lat' dir='ltr'><strong>in</strong></span> <span class='ocrx_word' id='word_1_623' title='bbox 739 5140 1131 5214; x_wconf 67' lang='lat' dir='ltr'><strong>inﬁrmitatibus</strong></span> <span class='ocrx_word' id='word_1_624' title='bbox 1157 5139 1284 5193; x_wconf 76' lang='lat' dir='ltr'><strong>meis</strong></span> <span class='ocrx_word' id='word_1_625' title='bbox 1313 5136 1381 5208; x_wconf 88' lang='lat' dir='ltr'><strong>(Il</strong></span> <span class='ocrx_word' id='word_1_626' title='bbox 1404 5135 1527 5191; x_wconf 82' lang='lat' dir='ltr'><strong>Cor.</strong></span> <span class='ocrx_word' id='word_1_627' title='bbox 1549 5149 1626 5188; x_wconf 70' lang='grc' dir='ltr'><strong>ιιι</strong></span> <span class='ocrx_word' id='word_1_628' title='bbox 1648 5175 1661 5199; x_wconf 91' lang='grc'><em>,</em></span> <span class='ocrx_word' id='word_1_629' title='bbox 1686 5131 1765 5203; x_wconf 76' lang='grc'><strong>5).</strong></span> <span class='ocrx_word' id='word_1_630' title='bbox 1802 5132 1952 5188; x_wconf 82' lang='lat' dir='ltr'><strong>Alius</strong></span> 
     </span>
    </p>
   </div>
   <div class='ocr_carea' id='block_1_79' title="bbox 347 5225 1953 5308">
    <p class='ocr_par' dir='ltr' id='par_1_79' title="bbox 347 5225 1953 5308">
     <span class='ocr_line' id='line_1_79' title="bbox 347 5225 1953 5308; baseline -0.011 -11"><span class='ocrx_word' id='word_1_631' title='bbox 347 5241 411 5297; x_wconf 86' lang='lat' dir='ltr'><strong>in</strong></span> <span class='ocrx_word' id='word_1_632' title='bbox 439 5239 678 5305; x_wconf 80' lang='lat' dir='ltr'><strong>divitiis,</strong></span> <span class='ocrx_word' id='word_1_633' title='bbox 718 5233 934 5308; x_wconf 62' lang='lat'><strong>1225</strong></span> <span class='ocrx_word' id='word_1_634' title='bbox 959 5233 1097 5289; x_wconf 88' lang='lat' dir='ltr'><strong>alius</strong></span> <span class='ocrx_word' id='word_1_635' title='bbox 1125 5232 1181 5288; x_wconf 88' lang='lat' dir='ltr'><strong>in</strong></span> <span class='ocrx_word' id='word_1_636' title='bbox 1214 5229 1386 5286; x_wconf 86' lang='lat' dir='ltr'><strong>titulis</strong></span> <span class='ocrx_word' id='word_1_637' title='bbox 1408 5225 1712 5284; x_wconf 85' lang='lat' dir='ltr'><strong>nobilitatis</strong></span> <span class='ocrx_word' id='word_1_638' title='bbox 1736 5240 1798 5281; x_wconf 86' lang='lat' dir='ltr'><strong>ac</strong></span> <span class='ocrx_word' id='word_1_639' title='bbox 1828 5240 1953 5297; x_wconf 76' lang='lat' dir='ltr'><strong>pro-</strong></span> 
     </span>
    </p>
   </div>
   <div class='ocr_carea' id='block_1_80' title="bbox 346 5433 1960 5517">
    <p class='ocr_par' dir='ltr' id='par_1_80' title="bbox 346 5433 1960 5517">
     <span class='ocr_line' id='line_1_80' title="bbox 346 5433 1960 5517; baseline -0.01 -13"><span class='ocrx_word' id='word_1_640' title='bbox 346 5444 680 5517; x_wconf 80' lang='lat' dir='ltr'><strong>simpliciter</strong></span> <span class='ocrx_word' id='word_1_641' title='bbox 729 5450 886 5498; x_wconf 88' lang='lat' dir='ltr'><strong>sanat</strong></span> <span class='ocrx_word' id='word_1_642' title='bbox 937 5447 1100 5512; x_wconf 85' lang='lat' dir='ltr'><strong>atque</strong></span> <span class='ocrx_word' id='word_1_643' title='bbox 1144 5436 1441 5503; x_wconf 80' lang='lat' dir='ltr'><strong>abstinens,</strong></span> <span class='ocrx_word' id='word_1_644' title='bbox 1477 5443 1534 5491; x_wconf 88' lang='lat' dir='ltr'><strong>ut</strong></span> <span class='ocrx_word' id='word_1_645' title='bbox 1563 5440 1712 5508; x_wconf 86' lang='lat' dir='ltr'><strong>patet</strong></span> <span class='ocrx_word' id='word_1_646' title='bbox 1755 5449 1818 5491; x_wconf 85' lang='lat' dir='ltr'><strong>ex</strong></span> <span class='ocrx_word' id='word_1_647' title='bbox 1865 5433 1960 5489; x_wconf 92' lang='lat' dir='ltr'><strong>illo</strong></span> 
     </span>
    </p>
   </div>
   <div class='ocr_carea' id='block_1_81' title="bbox 351 5519 620 5578">
    <p class='ocr_par' dir='ltr' id='par_1_81' title="bbox 351 5519 620 5578">
     <span class='ocr_line' id='line_1_81' title="bbox 351 5519 620 5578; baseline -0.022 0"><span class='ocrx_word' id='word_1_648' title='bbox 351 5519 578 5578; x_wconf 69' lang='lat' dir='ltr'><strong>Horatii</strong></span> <span class='ocrx_word' id='word_1_649' title='bbox 607 5536 620 5572; x_wconf 92' lang='lat'>:</span> 
     </span>
    </p>
   </div>
   <div class='ocr_carea' id='block_1_82' title="bbox 610 5619 1857 5695">
    <p class='ocr_par' dir='ltr' id='par_1_82' title="bbox 610 5619 1857 5695">
     <span class='ocr_line' id='line_1_82' title="bbox 610 5619 1857 5695; baseline -0.007 -11"><span class='ocrx_word' id='word_1_650' title='bbox 610 5634 662 5684; x_wconf 85' lang='lat' dir='ltr'><strong>Si</strong></span> <span class='ocrx_word' id='word_1_651' title='bbox 685 5632 813 5684; x_wconf 70' lang='lat' dir='ltr'><strong>hirta</strong></span> <span class='ocrx_word' id='word_1_652' title='bbox 833 5636 884 5682; x_wconf 89' lang='lat' dir='ltr'><strong>tn</strong></span> <span class='ocrx_word' id='word_1_653' title='bbox 905 5632 1070 5682; x_wconf 84' lang='lat' dir='ltr'><strong>medio</strong></span> <span class='ocrx_word' id='word_1_654' title='bbox 1094 5631 1364 5695; x_wconf 83' lang='lat' dir='ltr'><strong>positorum</strong></span> <span class='ocrx_word' id='word_1_655' title='bbox 1389 5619 1660 5678; x_wconf 73' lang='lat' dir='ltr'><strong>alistetnius</strong></span> <span class='ocrx_word' id='word_1_656' title='bbox 1682 5623 1857 5676; x_wconf 78' lang='lat' dir='ltr'><strong>herbis</strong></span> 
     </span>
    </p>
   </div>
   <div class='ocr_carea' id='block_1_83' title="bbox 615 5697 1019 5748">
    <p class='ocr_par' dir='ltr' id='par_1_83' title="bbox 615 5697 1019 5748">
     <span class='ocr_line' id='line_1_83' title="bbox 615 5697 1019 5748; baseline -0.015 0"><span class='ocrx_word' id='word_1_657' title='bbox 615 5697 754 5748; x_wconf 73' lang='lat' dir='ltr'><strong>Vivis</strong></span> <span class='ocrx_word' id='word_1_658' title='bbox 767 5703 824 5748; x_wconf 87' lang='lat' dir='ltr'><strong>et.</strong></span> <span class='ocrx_word' id='word_1_659' title='bbox 845 5698 1019 5746; x_wconf 82' lang='lat' dir='ltr'><strong>urtica.</strong></span> 
     </span>
    </p>
   </div>
   <div class='ocr_carea' id='block_1_84' title="bbox 361 5794 1972 5875">
    <p class='ocr_par' dir='ltr' id='par_1_84' title="bbox 361 5794 1972 5875">
     <span class='ocr_line' id='line_1_84' title="bbox 361 5794 1972 5875; baseline -0.008 -11"><span class='ocrx_word' id='word_1_660' title='bbox 361 5807 524 5864; x_wconf 78' lang='lat' dir='ltr'><strong>[lude</strong></span> <span class='ocrx_word' id='word_1_661' title='bbox 566 5806 721 5863; x_wconf 89' lang='lat' dir='ltr'><strong>nobis</strong></span> <span class='ocrx_word' id='word_1_662' title='bbox 750 5805 907 5862; x_wconf 85' lang='lat' dir='ltr'><strong>valde</strong></span> <span class='ocrx_word' id='word_1_663' title='bbox 948 5815 1198 5875; x_wconf 83' lang='lat' dir='ltr'><strong>suspecta</strong></span> <span class='ocrx_word' id='word_1_664' title='bbox 1230 5811 1313 5859; x_wconf 85' lang='lat' dir='ltr'><strong>est</strong></span> <span class='ocrx_word' id='word_1_665' title='bbox 1342 5802 1436 5858; x_wconf 83' lang='lat' dir='ltr'><strong>illa</strong></span> <span class='ocrx_word' id='word_1_666' title='bbox 1497 5799 1756 5855; x_wconf 72' lang='lat' dir='ltr'><strong>Varronis</strong></span> <span class='ocrx_word' id='word_1_667' title='bbox 1805 5794 1972 5866; x_wconf 79' lang='lat' dir='ltr'><strong>origi-</strong></span> 
     </span>
    </p>
   </div>
   <div class='ocr_carea' id='block_1_85' title="bbox 2029 3262 3635 3340">
    <p class='ocr_par' dir='ltr' id='par_1_85' title="bbox 2029 3262 3635 3340">
     <span class='ocr_line' id='line_1_85' title="bbox 2029 3262 3635 3340; baseline 0.006 -22"><span class='ocrx_word' id='word_1_668' title='bbox 2029 3263 2207 3333; x_wconf 91' lang='lat' dir='ltr'><strong>potuit</strong></span> <span class='ocrx_word' id='word_1_669' title='bbox 2254 3262 2536 3332; x_wconf 88' lang='lat' dir='ltr'><strong>oblivisci,</strong></span> <span class='ocrx_word' id='word_1_670' title='bbox 2572 3265 2660 3335; x_wconf 88' lang='lat' dir='ltr'><strong>qui</strong></span> <span class='ocrx_word' id='word_1_671' title='bbox 2716 3265 3018 3322; x_wconf 88' lang='lat' dir='ltr'><strong>secundum</strong></span> <span class='ocrx_word' id='word_1_672' title='bbox 3050 3267 3169 3339; x_wconf 89' lang='lat' dir='ltr'><strong>ejus</strong></span> <span class='ocrx_word' id='word_1_673' title='bbox 3210 3276 3485 3340; x_wconf 73' lang='lat' dir='ltr'><strong>praecepta</strong></span> <span class='ocrx_word' id='word_1_674' title='bbox 3515 3286 3635 3328; x_wconf 84' lang='lat' dir='ltr'><strong>cer-</strong></span> 
     </span>
    </p>
   </div>
   <div class='ocr_carea' id='block_1_86' title="bbox 2029 3356 2184 3411">
    <p class='ocr_par' dir='ltr' id='par_1_86' title="bbox 2029 3356 2184 3411">
     <span class='ocr_line' id='line_1_86' title="bbox 2029 3356 2184 3411; baseline -0.013 -1"><span class='ocrx_word' id='word_1_675' title='bbox 2029 3356 2184 3411; x_wconf 89' lang='lat' dir='ltr'><strong>tavit.</strong></span> 
     </span>
    </p>
   </div>
   <div class='ocr_carea' id='block_1_87' title="bbox 2104 3447 3636 3526">
    <p class='ocr_par' dir='ltr' id='par_1_87' title="bbox 2104 3447 3636 3526">
     <span class='ocr_line' id='line_1_87' title="bbox 2104 3447 3636 3526; baseline 0.008 -24"><span class='ocrx_word' id='word_1_676' title='bbox 2104 3447 2192 3503; x_wconf 81' lang='lat' dir='ltr'><strong>lo.</strong></span> <span class='ocrx_word' id='word_1_677' title='bbox 2234 3447 2506 3504; x_wconf 86' lang='lat' dir='ltr'><strong>Contuere</strong></span> <span class='ocrx_word' id='word_1_678' title='bbox 2531 3450 2695 3506; x_wconf 84' lang='lat' dir='ltr'><strong>etiam</strong></span> <span class='ocrx_word' id='word_1_679' title='bbox 2714 3450 2952 3524; x_wconf 89' lang='lat' dir='ltr'><strong>aliquem</strong></span> <span class='ocrx_word' id='word_1_680' title='bbox 2982 3452 3036 3507; x_wconf 87' lang='lat' dir='ltr'><strong>in</strong></span> <span class='ocrx_word' id='word_1_681' title='bbox 3067 3455 3337 3526; x_wconf 86' lang='lat' dir='ltr'><strong>martyrio</strong></span> <span class='ocrx_word' id='word_1_682' title='bbox 3365 3457 3636 3513; x_wconf 64' lang='lat' dir='ltr'><strong>constituo</strong></span> 
     </span>
    </p>
   </div>
   <div class='ocr_carea' id='block_1_88' title="bbox 2031 3539 3634 3617">
    <p class='ocr_par' dir='ltr' id='par_1_88' title="bbox 2031 3539 3634 3617">
     <span class='ocr_line' id='line_1_88' title="bbox 2031 3539 3634 3617; baseline 0.007 -22"><span class='ocrx_word' id='word_1_683' title='bbox 2031 3549 2168 3607; x_wconf 88' lang='lat' dir='ltr'><strong>tum,</strong></span> <span class='ocrx_word' id='word_1_684' title='bbox 2200 3539 2580 3612; x_wconf 84' lang='lat' dir='ltr'><strong>frequentibus</strong></span> <span class='ocrx_word' id='word_1_685' title='bbox 2624 3542 2884 3600; x_wconf 85' lang='lat' dir='ltr'><strong>afﬂictum</strong></span> <span class='ocrx_word' id='word_1_686' title='bbox 2929 3546 3223 3617; x_wconf 87' lang='lat' dir='ltr'><strong>supplicis,</strong></span> <span class='ocrx_word' id='word_1_687' title='bbox 3277 3558 3548 3605; x_wconf 87' lang='lat' dir='ltr'><strong>retrusam</strong></span> <span class='ocrx_word' id='word_1_688' title='bbox 3580 3551 3634 3607; x_wconf 91' lang='lat' dir='ltr'><strong>in</strong></span> 
     </span>
    </p>
   </div>
   <div class='ocr_carea' id='block_1_89' title="bbox 2035 3637 3639 3711">
    <p class='ocr_par' dir='ltr' id='par_1_89' title="bbox 2035 3637 3639 3711">
     <span class='ocr_line' id='line_1_89' title="bbox 2035 3637 3639 3711; baseline 0.007 -21"><span class='ocrx_word' id='word_1_689' title='bbox 2035 3637 2320 3702; x_wconf 88' lang='lat' dir='ltr'><strong>tenebras,</strong></span> <span class='ocrx_word' id='word_1_690' title='bbox 2346 3637 2502 3707; x_wconf 78' lang='lat' dir='ltr'><strong>gravi</strong></span> <span class='ocrx_word' id='word_1_691' title='bbox 2536 3637 2764 3695; x_wconf 87' lang='lat' dir='ltr'><strong>fractum</strong></span> <span class='ocrx_word' id='word_1_692' title='bbox 2799 3639 3039 3711; x_wconf 89' lang='lat' dir='ltr'><strong>pondere</strong></span> <span class='ocrx_word' id='word_1_693' title='bbox 3065 3650 3385 3699; x_wconf 89' lang='lat' dir='ltr'><strong>catenarum</strong></span> <span class='ocrx_word' id='word_1_694' title='bbox 3407 3685 3423 3711; x_wconf 95' lang='lat'><strong>,</strong></span> <span class='ocrx_word' id='word_1_695' title='bbox 3454 3643 3639 3701; x_wconf 79' lang='lat' dir='ltr'><strong>nervis</strong></span> 
     </span>
    </p>
   </div>
   <div class='ocr_carea' id='block_1_90' title="bbox 2034 3729 3640 3806">
    <p class='ocr_par' dir='ltr' id='par_1_90' title="bbox 2034 3729 3640 3806">
     <span class='ocr_line' id='line_1_90' title="bbox 2034 3729 3640 3806; baseline 0.006 -22"><span class='ocrx_word' id='word_1_696' title='bbox 2034 3743 2194 3785; x_wconf 87' lang='lat' dir='ltr'><strong>crura</strong></span> <span class='ocrx_word' id='word_1_697' title='bbox 2241 3729 2575 3795; x_wconf 88' lang='lat' dir='ltr'><strong>distentum,</strong></span> <span class='ocrx_word' id='word_1_698' title='bbox 2631 3733 2993 3788; x_wconf 87' lang='lat' dir='ltr'><strong>evisceratum</strong></span> <span class='ocrx_word' id='word_1_699' title='bbox 3037 3737 3292 3806; x_wconf 87' lang='lat' dir='ltr'><strong>equuleo,</strong></span> <span class='ocrx_word' id='word_1_700' title='bbox 3350 3749 3640 3794; x_wconf 87' lang='lat' dir='ltr'><strong>exaratum</strong></span> 
     </span>
    </p>
   </div>
   <div class='ocr_carea' id='block_1_91' title="bbox 2035 3821 3643 3900">
    <p class='ocr_par' dir='ltr' id='par_1_91' title="bbox 2035 3821 3643 3900">
     <span class='ocr_line' id='line_1_91' title="bbox 2035 3821 3643 3900; baseline 0.007 -24"><span class='ocrx_word' id='word_1_701' title='bbox 2035 3821 2279 3893; x_wconf 81' lang='lat' dir='ltr'><strong>ungulis,</strong></span> <span class='ocrx_word' id='word_1_702' title='bbox 2312 3823 2567 3879; x_wconf 86' lang='lat' dir='ltr'><strong>adustum</strong></span> <span class='ocrx_word' id='word_1_703' title='bbox 2592 3826 2959 3882; x_wconf 87' lang='lat' dir='ltr'><strong>candentibus</strong></span> <span class='ocrx_word' id='word_1_704' title='bbox 2991 3827 3231 3895; x_wconf 86' lang='lat' dir='ltr'><strong>laminis,</strong></span> <span class='ocrx_word' id='word_1_705' title='bbox 3287 3840 3643 3900; x_wconf 83' lang='lat' dir='ltr'><strong>persevcran-</strong></span> 
     </span>
    </p>
   </div>
   <div class='ocr_carea' id='block_1_92' title="bbox 2037 3916 3641 3996">
    <p class='ocr_par' dir='ltr' id='par_1_92' title="bbox 2037 3916 3641 3996">
     <span class='ocr_line' id='line_1_92' title="bbox 2037 3916 3641 3996; baseline 0.007 -25"><span class='ocrx_word' id='word_1_706' title='bbox 2037 3916 2105 3971; x_wconf 87' lang='lat' dir='ltr'><strong>tis</strong></span> <span class='ocrx_word' id='word_1_707' title='bbox 2136 3916 2262 3972; x_wconf 83' lang='lat' dir='ltr'><strong>ﬁdei</strong></span> <span class='ocrx_word' id='word_1_708' title='bbox 2292 3919 2500 3984; x_wconf 88' lang='lat' dir='ltr'><strong>virum,</strong></span> <span class='ocrx_word' id='word_1_709' title='bbox 2548 3919 2644 3974; x_wconf 88' lang='lat' dir='ltr'><strong>sed</strong></span> <span class='ocrx_word' id='word_1_710' title='bbox 2668 3920 2780 3990; x_wconf 80' lang='lat' dir='ltr'><strong>jam</strong></span> <span class='ocrx_word' id='word_1_711' title='bbox 2825 3921 3097 3977; x_wconf 71' lang='lat' dir='ltr'><strong>trcdiantis</strong></span> <span class='ocrx_word' id='word_1_712' title='bbox 3139 3924 3304 3978; x_wconf 89' lang='lat' dir='ltr'><strong>animi</strong></span> <span class='ocrx_word' id='word_1_713' title='bbox 3336 3927 3480 3996; x_wconf 88' lang='lat' dir='ltr'><strong>quod</strong></span> <span class='ocrx_word' id='word_1_714' title='bbox 3515 3920 3641 3982; x_wconf 80' lang='lat' dir='ltr'><strong>diu-</strong></span> 
     </span>
    </p>
   </div>
   <div class='ocr_carea' id='block_1_93' title="bbox 2040 4008 3642 4080">
    <p class='ocr_par' dir='ltr' id='par_1_93' title="bbox 2040 4008 3642 4080">
     <span class='ocr_line' id='line_1_93' title="bbox 2040 4008 3642 4080; baseline 0.007 -17"><span class='ocrx_word' id='word_1_715' title='bbox 2040 4009 2146 4063; x_wconf 90' lang='lat' dir='ltr'><strong>tius</strong></span> <span class='ocrx_word' id='word_1_716' title='bbox 2167 4008 2450 4064; x_wconf 75' lang='lat' dir='ltr'><strong>differatur</strong></span> <span class='ocrx_word' id='word_1_717' title='bbox 2480 4023 2652 4065; x_wconf 66' lang='lat' dir='ltr'><strong>sacra‘:</strong></span> <span class='ocrx_word' id='word_1_718' title='bbox 2681 4013 2876 4067; x_wconf 87' lang='lat' dir='ltr'><strong>mortis</strong></span> <span class='ocrx_word' id='word_1_719' title='bbox 2896 4026 3124 4080; x_wconf 87' lang='lat' dir='ltr'><strong>corona,</strong></span> <span class='ocrx_word' id='word_1_720' title='bbox 3156 4015 3430 4072; x_wconf 84' lang='lat' dir='ltr'><strong>dicentem</strong></span> <span class='ocrx_word' id='word_1_721' title='bbox 3463 4036 3476 4072; x_wconf 93' lang='lat'><strong>:</strong></span> <span class='ocrx_word' id='word_1_722' title='bbox 3514 4018 3642 4074; x_wconf 87' lang='lat' dir='ltr'><strong>Vide</strong></span> 
     </span>
    </p>
   </div>
   <div class='ocr_carea' id='block_1_94' title="bbox 2040 4102 3644 4184">
    <p class='ocr_par' dir='ltr' id='par_1_94' title="bbox 2040 4102 3644 4184">
     <span class='ocr_line' id='line_1_94' title="bbox 2040 4102 3644 4184; baseline 0.007 -28"><span class='ocrx_word' id='word_1_723' title='bbox 2040 4102 2384 4158; x_wconf 79' lang='lat' dir='ltr'><strong>humilitatem</strong></span> <span class='ocrx_word' id='word_1_724' title='bbox 2415 4119 2601 4172; x_wconf 81' lang='lat' dir='ltr'><strong>meam,</strong></span> <span class='ocrx_word' id='word_1_725' title='bbox 2633 4115 2684 4160; x_wconf 87' lang='lat' dir='ltr'><strong>et</strong></span> <span class='ocrx_word' id='word_1_726' title='bbox 2715 4121 2840 4162; x_wconf 86' lang='lat' dir='ltr'><strong>erue</strong></span> <span class='ocrx_word' id='word_1_727' title='bbox 2863 4122 2982 4172; x_wconf 87' lang='lat' dir='ltr'><strong>me;</strong></span> <span class='ocrx_word' id='word_1_728' title='bbox 3030 4111 3272 4178; x_wconf 82' lang='lat' dir='ltr'><strong>quoniam</strong></span> <span class='ocrx_word' id='word_1_729' title='bbox 3303 4112 3462 4184; x_wconf 83' lang='lat' dir='ltr'><strong>legem</strong></span> <span class='ocrx_word' id='word_1_730' title='bbox 3499 4124 3644 4168; x_wconf 83' lang='lat' dir='ltr'><strong>tuam</strong></span> 
     </span>
    </p>
   </div>
   <div class='ocr_carea' id='block_1_95' title="bbox 2042 4197 3645 4279">
    <p class='ocr_par' dir='ltr' id='par_1_95' title="bbox 2042 4197 3645 4279">
     <span class='ocr_line' id='line_1_95' title="bbox 2042 4197 3645 4279; baseline 0.009 -30"><span class='ocrx_word' id='word_1_731' title='bbox 2042 4211 2142 4251; x_wconf 84' lang='lat' dir='ltr'><strong>non</strong></span> <span class='ocrx_word' id='word_1_732' title='bbox 2172 4211 2286 4252; x_wconf 84' lang='lat' dir='ltr'><strong>sunt</strong></span> <span class='ocrx_word' id='word_1_733' title='bbox 2318 4197 2531 4252; x_wconf 85' lang='lat' dir='ltr'><strong>oblitus.</strong></span> <span class='ocrx_word' id='word_1_734' title='bbox 2575 4197 2692 4253; x_wconf 86' lang='lat' dir='ltr'><strong>Non</strong></span> <span class='ocrx_word' id='word_1_735' title='bbox 2727 4199 2903 4255; x_wconf 92' lang='lat' dir='ltr'><strong>solum</strong></span> <span class='ocrx_word' id='word_1_736' title='bbox 2957 4201 3102 4257; x_wconf 88' lang='lat' dir='ltr'><strong>enim</strong></span> <span class='ocrx_word' id='word_1_737' title='bbox 3155 4203 3208 4258; x_wconf 91' lang='lat' dir='ltr'><strong>in</strong></span> <span class='ocrx_word' id='word_1_738' title='bbox 3239 4205 3435 4261; x_wconf 85' lang='lat' dir='ltr'><strong>studiis</strong></span> <span class='ocrx_word' id='word_1_739' title='bbox 3479 4215 3645 4279; x_wconf 86' lang='lat' dir='ltr'><strong>atque</strong></span> 
     </span>
    </p>
   </div>
   <div class='ocr_carea' id='block_1_96' title="bbox 2043 4289 3644 4360">
    <p class='ocr_par' dir='ltr' id='par_1_96' title="bbox 2043 4289 3644 4360">
     <span class='ocr_line' id='line_1_96' title="bbox 2043 4289 3644 4360; baseline 0.009 -17"><span class='ocrx_word' id='word_1_740' title='bbox 2043 4289 2373 4360; x_wconf 87' lang='lat' dir='ltr'><strong>propositis,</strong></span> <span class='ocrx_word' id='word_1_741' title='bbox 2409 4289 2505 4345; x_wconf 88' lang='lat' dir='ltr'><strong>sed</strong></span> <span class='ocrx_word' id='word_1_742' title='bbox 2557 4289 2724 4346; x_wconf 91' lang='lat' dir='ltr'><strong>etiam</strong></span> <span class='ocrx_word' id='word_1_743' title='bbox 2757 4292 2810 4346; x_wconf 89' lang='lat' dir='ltr'><strong>in</strong></span> <span class='ocrx_word' id='word_1_744' title='bbox 2851 4294 3247 4350; x_wconf 88' lang='lat' dir='ltr'><strong>tentationibus</strong></span> <span class='ocrx_word' id='word_1_745' title='bbox 3277 4295 3644 4356; x_wconf 82' lang='lat' dir='ltr'><strong>humilitatem</strong></span> 
     </span>
    </p>
   </div>
   <div class='ocr_carea' id='block_1_97' title="bbox 2045 4381 3646 4456">
    <p class='ocr_par' dir='ltr' id='par_1_97' title="bbox 2045 4381 3646 4456">
     <span class='ocr_line' id='line_1_97' title="bbox 2045 4381 3646 4456; baseline 0.007 -18"><span class='ocrx_word' id='word_1_746' title='bbox 2045 4381 2149 4439; x_wconf 86' lang='lat' dir='ltr'><strong>dici</strong></span> <span class='ocrx_word' id='word_1_747' title='bbox 2176 4396 2359 4454; x_wconf 85' lang='lat' dir='ltr'><strong>posse,</strong></span> <span class='ocrx_word' id='word_1_748' title='bbox 2409 4384 2740 4439; x_wconf 88' lang='lat' dir='ltr'><strong>testimoniis</strong></span> <span class='ocrx_word' id='word_1_749' title='bbox 2771 4385 3177 4456; x_wconf 87' lang='lat' dir='ltr'><strong>Scripturarum</strong></span> <span class='ocrx_word' id='word_1_750' title='bbox 3219 4388 3500 4447; x_wconf 89' lang='lat' dir='ltr'><strong>docemur.</strong></span> <span class='ocrx_word' id='word_1_751' title='bbox 3555 4393 3646 4448; x_wconf 87' lang='lat' dir='ltr'><strong>Si-</strong></span> 
     </span>
    </p>
   </div>
   <div class='ocr_carea' id='block_1_98' title="bbox 2045 4476 3652 4554">
    <p class='ocr_par' dir='ltr' id='par_1_98' title="bbox 2045 4476 3652 4554">
     <span class='ocr_line' id='line_1_98' title="bbox 2045 4476 3652 4554; baseline 0.008 -25"><span class='ocrx_word' id='word_1_752' title='bbox 2045 4476 2267 4547; x_wconf 84' lang='lat' dir='ltr'><strong>quidem</strong></span> <span class='ocrx_word' id='word_1_753' title='bbox 2311 4477 2510 4532; x_wconf 91' lang='lat' dir='ltr'><strong>lectum</strong></span> <span class='ocrx_word' id='word_1_754' title='bbox 2542 4486 2626 4533; x_wconf 88' lang='lat' dir='ltr'><strong>est</strong></span> <span class='ocrx_word' id='word_1_755' title='bbox 2654 4495 2666 4530; x_wconf 94' lang='lat'>:</span> <span class='ocrx_word' id='word_1_756' title='bbox 2699 4477 2950 4534; x_wconf 82' lang='lat' dir='ltr'><strong>Homines</strong></span> <span class='ocrx_word' id='word_1_757' title='bbox 2980 4479 3321 4552; x_wconf 87' lang='lat' dir='ltr'><strong>acceptabiles</strong></span> <span class='ocrx_word' id='word_1_758' title='bbox 3351 4485 3405 4539; x_wconf 84' lang='lat' dir='ltr'><strong>in</strong></span> <span class='ocrx_word' id='word_1_759' title='bbox 3437 4485 3652 4554; x_wconf 81' lang='lat' dir='ltr'><strong>fornace</strong></span> 
     </span>
    </p>
   </div>
   <div class='ocr_carea' id='block_1_99' title="bbox 1972 4567 3649 4668">
    <p class='ocr_par' dir='ltr' id='par_1_99' title="bbox 1972 4567 3649 4668">
     <span class='ocr_line' id='line_1_99' title="bbox 1972 4567 3649 4668; baseline 0.01 -48"><span class='ocrx_word' id='word_1_760' title='bbox 1972 4608 2026 4668; x_wconf 68' lang='grc' dir='ltr'>Β</span> <span class='ocrx_word' id='word_1_761' title='bbox 2049 4567 2356 4623; x_wconf 80' lang='lat' dir='ltr'><strong>humilitatis</strong></span> <span class='ocrx_word' id='word_1_762' title='bbox 2379 4567 2574 4639; x_wconf 84' lang='lat' dir='ltr'><strong>(Eccti.</strong></span> <span class='ocrx_word' id='word_1_763' title='bbox 2608 4585 2674 4636; x_wconf 83' lang='grc' dir='ltr'><strong>ιι,</strong></span> <span class='ocrx_word' id='word_1_764' title='bbox 2717 4569 2820 4641; x_wconf 81' lang='grc'><strong>5);</strong></span> <span class='ocrx_word' id='word_1_765' title='bbox 2849 4576 3212 4638; x_wconf 83' lang='grc' dir='ltr'><strong>ταπεινώσεως</strong></span> <span class='ocrx_word' id='word_1_766' title='bbox 3246 4577 3393 4632; x_wconf 89' lang='lat' dir='ltr'><strong>enim</strong></span> <span class='ocrx_word' id='word_1_767' title='bbox 3422 4577 3649 4636; x_wconf 65' lang='lat' dir='ltr'><strong>Graecus</strong></span> 
     </span>
    </p>
   </div>
   <div class='ocr_carea' id='block_1_100' title="bbox 2052 4661 3654 4742">
    <p class='ocr_par' dir='ltr' id='par_1_100' title="bbox 2052 4661 3654 4742">
     <span class='ocr_line' id='line_1_100' title="bbox 2052 4661 3654 4742; baseline 0.006 -26"><span class='ocrx_word' id='word_1_768' title='bbox 2052 4661 2229 4728; x_wconf 88' lang='lat' dir='ltr'><strong>dixit,</strong></span> <span class='ocrx_word' id='word_1_769' title='bbox 2261 4661 2405 4731; x_wconf 89' lang='lat' dir='ltr'><strong>quod</strong></span> <span class='ocrx_word' id='word_1_770' title='bbox 2456 4671 2570 4726; x_wconf 75' lang='lat' dir='ltr'><strong>eSt,</strong></span> <span class='ocrx_word' id='word_1_771' title='bbox 2620 4661 2943 4719; x_wconf 70' lang='lat' dir='ltr'><strong>humilitatis.</strong></span> <span class='ocrx_word' id='word_1_772' title='bbox 2989 4663 3102 4721; x_wconf 84' lang='lat' dir='ltr'><strong>Ho’c</strong></span> <span class='ocrx_word' id='word_1_773' title='bbox 3152 4668 3276 4724; x_wconf 90' lang='lat' dir='ltr'><strong>ideo</strong></span> <span class='ocrx_word' id='word_1_774' title='bbox 3317 4671 3474 4740; x_wconf 90' lang='lat' dir='ltr'><strong>posui</strong></span> <span class='ocrx_word' id='word_1_775' title='bbox 3525 4672 3654 4742; x_wconf 87' lang='lat' dir='ltr'><strong>quia</strong></span> 
     </span>
    </p>
   </div>
   <div class='ocr_carea' id='block_1_101' title="bbox 2056 4755 3658 4834">
    <p class='ocr_par' dir='ltr' id='par_1_101' title="bbox 2056 4755 3658 4834">
     <span class='ocr_line' id='line_1_101' title="bbox 2056 4755 3658 4834; baseline 0.007 -24"><span class='ocrx_word' id='word_1_776' title='bbox 2056 4756 2275 4827; x_wconf 88' lang='lat' dir='ltr'><strong>plurimi</strong></span> <span class='ocrx_word' id='word_1_777' title='bbox 2324 4755 2528 4811; x_wconf 74' lang='lat' dir='ltr'><strong>habent</strong></span> <span class='ocrx_word' id='word_1_778' title='bbox 2571 4755 2786 4825; x_wconf 86' lang='lat' dir='ltr'><strong>Latini,</strong></span> <span class='ocrx_word' id='word_1_779' title='bbox 2815 4759 2869 4812; x_wconf 84' lang='lat' dir='ltr'><strong>in</strong></span> <span class='ocrx_word' id='word_1_780' title='bbox 2909 4759 3122 4830; x_wconf 81' lang='lat' dir='ltr'><strong>fornace</strong></span> <span class='ocrx_word' id='word_1_781' title='bbox 3158 4763 3481 4834; x_wconf 82' lang='lat' dir='ltr'><strong>afﬂictionis.</strong></span> <span class='ocrx_word' id='word_1_782' title='bbox 3505 4765 3658 4822; x_wconf 84' lang='lat' dir='ltr'><strong>Lati-</strong></span> 
     </span>
    </p>
   </div>
   <div class='ocr_carea' id='block_1_102' title="bbox 2057 4849 3660 4927">
    <p class='ocr_par' dir='ltr' id='par_1_102' title="bbox 2057 4849 3660 4927">
     <span class='ocr_line' id='line_1_102' title="bbox 2057 4849 3660 4927; baseline 0.008 -22"><span class='ocrx_word' id='word_1_783' title='bbox 2057 4865 2160 4906; x_wconf 88' lang='lat' dir='ltr'><strong>nus</strong></span> <span class='ocrx_word' id='word_1_784' title='bbox 2191 4850 2484 4919; x_wconf 85' lang='lat' dir='ltr'><strong>discernit,</strong></span> <span class='ocrx_word' id='word_1_785' title='bbox 2520 4849 2747 4907; x_wconf 67' lang='lat' dir='ltr'><strong>Gnaeus</strong></span> <span class='ocrx_word' id='word_1_786' title='bbox 2795 4869 2901 4909; x_wconf 89' lang='lat' dir='ltr'><strong>non</strong></span> <span class='ocrx_word' id='word_1_787' title='bbox 2949 4865 3202 4927; x_wconf 85' lang='lat' dir='ltr'><strong>separat;</strong></span> <span class='ocrx_word' id='word_1_788' title='bbox 3239 4863 3552 4924; x_wconf 83' lang='grc' dir='ltr'><strong>ταπείνωσις</strong></span> <span class='ocrx_word' id='word_1_789' title='bbox 3602 4870 3660 4918; x_wconf 88' lang='lat' dir='ltr'><strong>et</strong></span> 
     </span>
    </p>
   </div>
   <div class='ocr_carea' id='block_1_103' title="bbox 2058 4943 3653 5012">
    <p class='ocr_par' dir='ltr' id='par_1_103' title="bbox 2058 4943 3653 5012">
     <span class='ocr_line' id='line_1_103' title="bbox 2058 4943 3653 5012; baseline 0.005 -12"><span class='ocrx_word' id='word_1_790' title='bbox 2058 4943 2334 5000; x_wconf 87' lang='lat' dir='ltr'><strong>humilitas</strong></span> <span class='ocrx_word' id='word_1_791' title='bbox 2384 4943 2600 5000; x_wconf 85' lang='lat' dir='ltr'><strong>virtutis</strong></span> <span class='ocrx_word' id='word_1_792' title='bbox 2631 4944 2832 5001; x_wconf 88' lang='lat' dir='ltr'><strong>dicitur</strong></span> <span class='ocrx_word' id='word_1_793' title='bbox 2857 4989 2870 5012; x_wconf 95' lang='lat'><strong>,</strong></span> <span class='ocrx_word' id='word_1_794' title='bbox 2903 4955 2959 5002; x_wconf 91' lang='lat' dir='ltr'><strong>et</strong></span> <span class='ocrx_word' id='word_1_795' title='bbox 2988 4948 3272 5007; x_wconf 89' lang='lat' dir='ltr'><strong>humilitas</strong></span> <span class='ocrx_word' id='word_1_796' title='bbox 3321 4952 3653 5010; x_wconf 81' lang='lat' dir='ltr'><strong>afﬂictionis.</strong></span> 
     </span>
    </p>
   </div>
   <div class='ocr_carea' id='block_1_104' title="bbox 2058 5041 3659 5114">
    <p class='ocr_par' dir='ltr' id='par_1_104' title="bbox 2058 5041 3659 5114">
     <span class='ocr_line' id='line_1_104' title="bbox 2058 5041 3659 5114; baseline 0.006 -16"><span class='ocrx_word' id='word_1_797' title='bbox 2058 5042 2201 5098; x_wconf 83' lang='lat' dir='ltr'><strong>Nihil</strong></span> <span class='ocrx_word' id='word_1_798' title='bbox 2227 5041 2455 5113; x_wconf 86' lang='lat' dir='ltr'><strong>impedit</strong></span> <span class='ocrx_word' id='word_1_799' title='bbox 2484 5042 2528 5098; x_wconf 89' lang='lat' dir='ltr'><strong>si</strong></span> <span class='ocrx_word' id='word_1_800' title='bbox 2562 5041 2786 5098; x_wconf 85' lang='lat' dir='ltr'><strong>Latinus</strong></span> <span class='ocrx_word' id='word_1_801' title='bbox 2828 5053 3080 5114; x_wconf 87' lang='lat' dir='ltr'><strong>separat;</strong></span> <span class='ocrx_word' id='word_1_802' title='bbox 3126 5057 3232 5101; x_wconf 89' lang='lat' dir='ltr'><strong>n0u</strong></span> <span class='ocrx_word' id='word_1_803' title='bbox 3259 5048 3403 5103; x_wconf 90' lang='lat' dir='ltr'><strong>enim</strong></span> <span class='ocrx_word' id='word_1_804' title='bbox 3432 5049 3659 5108; x_wconf 72' lang='lat' dir='ltr'><strong>Cra-cus</strong></span> 
     </span>
    </p>
   </div>
   <div class='ocr_carea' id='block_1_105' title="bbox 2060 5136 3402 5203">
    <p class='ocr_par' dir='ltr' id='par_1_105' title="bbox 2060 5136 3402 5203">
     <span class='ocr_line' id='line_1_105' title="bbox 2060 5136 3402 5203; baseline 0.004 -10"><span class='ocrx_word' id='word_1_805' title='bbox 2060 5151 2128 5194; x_wconf 81' lang='lat' dir='ltr'><strong>ex</strong></span> <span class='ocrx_word' id='word_1_806' title='bbox 2159 5136 2353 5192; x_wconf 86' lang='lat' dir='ltr'><strong>Latino</strong></span> <span class='ocrx_word' id='word_1_807' title='bbox 2382 5137 2657 5192; x_wconf 87' lang='lat' dir='ltr'><strong>transtulit</strong></span> <span class='ocrx_word' id='word_1_808' title='bbox 2681 5179 2695 5203; x_wconf 93' lang='lat'><strong>,</strong></span> <span class='ocrx_word' id='word_1_809' title='bbox 2721 5137 2813 5192; x_wconf 89' lang='lat' dir='ltr'><strong>sed</strong></span> <span class='ocrx_word' id='word_1_810' title='bbox 2836 5137 3060 5194; x_wconf 89' lang='lat' dir='ltr'><strong>Latinus</strong></span> <span class='ocrx_word' id='word_1_811' title='bbox 3088 5155 3158 5196; x_wconf 82' lang='lat' dir='ltr'><strong>ex</strong></span> <span class='ocrx_word' id='word_1_812' title='bbox 3187 5141 3402 5199; x_wconf 68' lang='lat' dir='ltr'><strong>(ii-arca.</strong></span> 
     </span>
    </p>
   </div>
   <div class='ocr_carea' id='block_1_106' title="bbox 2135 5229 3660 5313">
    <p class='ocr_par' dir='ltr' id='par_1_106' title="bbox 2135 5229 3660 5313">
     <span class='ocr_line' id='line_1_106' title="bbox 2135 5229 3660 5313; baseline 0.009 -29"><span class='ocrx_word' id='word_1_813' title='bbox 2135 5229 2224 5286; x_wconf 75' lang='lat' dir='ltr'><strong>ll.</strong></span> <span class='ocrx_word' id='word_1_814' title='bbox 2265 5229 2510 5300; x_wconf 87' lang='lat' dir='ltr'><strong>Denique</strong></span> <span class='ocrx_word' id='word_1_815' title='bbox 2532 5239 2586 5286; x_wconf 91' lang='lat' dir='ltr'><strong>et</strong></span> <span class='ocrx_word' id='word_1_816' title='bbox 2605 5229 2832 5286; x_wconf 65' lang='grc' dir='ltr'><strong>Περὶ)τωὶ</strong></span> <span class='ocrx_word' id='word_1_817' title='bbox 2850 5233 3105 5302; x_wconf 88' lang='lat' dir='ltr'><strong>quamdiu</strong></span> <span class='ocrx_word' id='word_1_818' title='bbox 3139 5236 3190 5290; x_wconf 91' lang='lat' dir='ltr'><strong>in</strong></span> <span class='ocrx_word' id='word_1_819' title='bbox 3213 5233 3453 5310; x_wconf 61' lang='lat' dir='ltr'><strong>Egypto</strong></span> <span class='ocrx_word' id='word_1_820' title='bbox 3480 5250 3660 5313; x_wconf 86' lang='lat' dir='ltr'><strong>erant,</strong></span> 
     </span>
    </p>
   </div>
   <div class='ocr_carea' id='block_1_107' title="bbox 2067 5431 3664 5503">
    <p class='ocr_par' dir='ltr' id='par_1_107' title="bbox 2067 5431 3664 5503">
     <span class='ocr_line' id='line_1_107' title="bbox 2067 5431 3664 5503; baseline 0.009 -15"><span class='ocrx_word' id='word_1_821' title='bbox 2067 5433 2237 5499; x_wconf 91' lang='lat' dir='ltr'><strong>natio,</strong></span> <span class='ocrx_word' id='word_1_822' title='bbox 2272 5447 2377 5502; x_wconf 87' lang='lat' dir='ltr'><strong>qua</strong></span> <span class='ocrx_word' id='word_1_823' title='bbox 2412 5431 2610 5489; x_wconf 90' lang='lat' dir='ltr'><strong>dicitur</strong></span> <span class='ocrx_word' id='word_1_824' title='bbox 2637 5435 2933 5503; x_wconf 78' lang='lat' dir='ltr'><strong>abstemius,</strong></span> <span class='ocrx_word' id='word_1_825' title='bbox 2983 5433 3100 5495; x_wconf 85' lang='lat' dir='ltr'><strong>ﬁeri</strong></span> <span class='ocrx_word' id='word_1_826' title='bbox 3138 5439 3207 5497; x_wconf 90' lang='lat' dir='ltr'><strong>ab</strong></span> <span class='ocrx_word' id='word_1_827' title='bbox 3250 5441 3558 5501; x_wconf 81' lang='lat' dir='ltr'><strong>abstinentia</strong></span> <span class='ocrx_word' id='word_1_828' title='bbox 3589 5458 3664 5503; x_wconf 87' lang='lat' dir='ltr'><strong>te-</strong></span> 
     </span>
    </p>
   </div>
   <div class='ocr_carea' id='block_1_108' title="bbox 2068 5503 3662 5590">
    <p class='ocr_par' dir='ltr' id='par_1_108' title="bbox 2068 5503 3662 5590">
     <span class='ocr_line' id='line_1_108' title="bbox 2068 5503 3662 5590; baseline 0.011 -31"><span class='ocrx_word' id='word_1_829' title='bbox 2068 5506 2189 5590; x_wconf 73' lang='lat' dir='ltr'><strong>meti</strong></span> <span class='ocrx_word' id='word_1_830' title='bbox 2212 5543 2228 5571; x_wconf 93' lang='lat'><strong>,</strong></span> <span class='ocrx_word' id='word_1_831' title='bbox 2249 5503 2308 5590; x_wconf 82' lang='lat' dir='ltr'><strong>id</strong></span> <span class='ocrx_word' id='word_1_832' title='bbox 2336 5514 2456 5569; x_wconf 87' lang='lat' dir='ltr'><strong>est,</strong></span> <span class='ocrx_word' id='word_1_833' title='bbox 2510 5506 2656 5572; x_wconf 87' lang='lat' dir='ltr'><strong>vini;</strong></span> <span class='ocrx_word' id='word_1_834' title='bbox 2686 5512 2998 5590; x_wconf 51' lang='lat' dir='ltr'><strong>priesertim</strong></span> <span class='ocrx_word' id='word_1_835' title='bbox 3028 5524 3149 5567; x_wconf 88' lang='lat' dir='ltr'><strong>cum</strong></span> <span class='ocrx_word' id='word_1_836' title='bbox 3183 5515 3491 5572; x_wconf 84' lang='lat' dir='ltr'><strong>inveniatur</strong></span> <span class='ocrx_word' id='word_1_837' title='bbox 3516 5519 3662 5590; x_wconf 88' lang='lat' dir='ltr'><strong>apud</strong></span> 
     </span>
    </p>
   </div>
   <div class='ocr_carea' id='block_1_109' title="bbox 2071 5579 3085 5648">
    <p class='ocr_par' dir='ltr' id='par_1_109' title="bbox 2071 5579 3085 5648">
     <span class='ocr_line' id='line_1_109' title="bbox 2071 5579 3085 5648; baseline 0.006 -16"><span class='ocrx_word' id='word_1_838' title='bbox 2071 5579 2329 5648; x_wconf 84' lang='lat' dir='ltr'><strong>probatos</strong></span> <span class='ocrx_word' id='word_1_839' title='bbox 2357 5588 2629 5645; x_wconf 89' lang='lat' dir='ltr'><strong>auctores,</strong></span> <span class='ocrx_word' id='word_1_840' title='bbox 2658 5581 2762 5634; x_wconf 84' lang='lat' dir='ltr'><strong>uini</strong></span> <span class='ocrx_word' id='word_1_841' title='bbox 2787 5580 3085 5638; x_wconf 79' lang='lat' dir='ltr'><strong>abstemius.</strong></span> 
     </span>
    </p>
   </div>
   <div class='ocr_carea' id='block_1_110' title="bbox 2147 5649 3669 5719">
    <p class='ocr_par' dir='ltr' id='par_1_110' title="bbox 2147 5649 3669 5719">
     <span class='ocr_line' id='line_1_110' title="bbox 2147 5649 3669 5719; baseline 0.011 -16"><span class='ocrx_word' id='word_1_842' title='bbox 2147 5659 2170 5686; x_wconf 74' lang='grc' dir='ltr'><strong>θ</strong></span> <span class='ocrx_word' id='word_1_843' title='bbox 2202 5649 2330 5704; x_wconf 85' lang='lat' dir='ltr'><strong>Era.</strong></span> <span class='ocrx_word' id='word_1_844' title='bbox 2364 5659 2420 5706; x_wconf 84' lang='lat' dir='ltr'><strong>et</strong></span> <span class='ocrx_word' id='word_1_845' title='bbox 2459 5665 2575 5718; x_wconf 81' lang='lat' dir='ltr'><strong>seq.</strong></span> <span class='ocrx_word' id='word_1_846' title='bbox 2606 5649 2767 5718; x_wconf 87' lang='lat' dir='ltr'><strong>cdit.,</strong></span> <span class='ocrx_word' id='word_1_847' title='bbox 2809 5669 2924 5708; x_wconf 85' lang='lat' dir='ltr'><strong>cum</strong></span> <span class='ocrx_word' id='word_1_848' title='bbox 2962 5655 3147 5711; x_wconf 78' lang='lat' dir='ltr'><strong>laetari</strong></span> <span class='ocrx_word' id='word_1_849' title='bbox 3192 5659 3325 5713; x_wconf 77' lang='lat' dir='ltr'><strong>inter</strong></span> <span class='ocrx_word' id='word_1_850' title='bbox 3351 5677 3424 5715; x_wconf 89' lang='lat' dir='ltr'><strong>se.</strong></span> <span class='ocrx_word' id='word_1_851' title='bbox 3457 5662 3579 5719; x_wconf 86' lang='lat' dir='ltr'><strong>Am.</strong></span> <span class='ocrx_word' id='word_1_852' title='bbox 3612 5673 3669 5719; x_wconf 86' lang='lat' dir='ltr'><strong>et.</strong></span> 
     </span>
    </p>
   </div>
   <div class='ocr_carea' id='block_1_111' title="bbox 2076 5719 3669 5806">
    <p class='ocr_par' dir='ltr' id='par_1_111' title="bbox 2076 5719 3669 5806">
     <span class='ocr_line' id='line_1_111' title="bbox 2076 5719 3669 5806; baseline 0.012 -33"><span class='ocrx_word' id='word_1_853' title='bbox 2076 5719 2230 5806; x_wconf 82' lang='lat' dir='ltr'><strong>pauci</strong></span> <span class='ocrx_word' id='word_1_854' title='bbox 2260 5737 2412 5790; x_wconf 86' lang='lat' dir='ltr'><strong>utss.,</strong></span> <span class='ocrx_word' id='word_1_855' title='bbox 2439 5739 2555 5779; x_wconf 87' lang='lat' dir='ltr'><strong>cum</strong></span> <span class='ocrx_word' id='word_1_856' title='bbox 2581 5723 2769 5781; x_wconf 86' lang='lat' dir='ltr'><strong>luctari</strong></span> <span class='ocrx_word' id='word_1_857' title='bbox 2808 5741 2879 5782; x_wconf 81' lang='lat' dir='ltr'><strong>se.</strong></span> <span class='ocrx_word' id='word_1_858' title='bbox 2918 5723 3021 5783; x_wconf 87' lang='lat' dir='ltr'><strong>Alii</strong></span> <span class='ocrx_word' id='word_1_859' title='bbox 3055 5743 3251 5800; x_wconf 75' lang='lat' dir='ltr'><strong>magno</strong></span> <span class='ocrx_word' id='word_1_860' title='bbox 3273 5747 3523 5806; x_wconf 87' lang='lat' dir='ltr'><strong>numero,</strong></span> <span class='ocrx_word' id='word_1_861' title='bbox 3551 5752 3669 5791; x_wconf 84' lang='lat' dir='ltr'><strong>eum</strong></span> 
     </span>
    </p>
   </div>
   <div class='ocr_carea' id='block_1_112' title="bbox 2069 5802 2371 5865">
    <p class='ocr_par' dir='ltr' id='par_1_112' title="bbox 2069 5802 2371 5865">
     <span class='ocr_line' id='line_1_112' title="bbox 2069 5802 2371 5865; baseline 0 -19"><span class='ocrx_word' id='word_1_862' title='bbox 2069 5802 2270 5865; x_wconf 79' lang='lat' dir='ltr'><strong>jactare</strong></span> <span class='ocrx_word' id='word_1_863' title='bbox 2300 5811 2371 5849; x_wconf 86' lang='lat' dir='ltr'><strong>se.</strong></span> 
     </span>
    </p>
   </div>
  </div>
