4104 6350
493 294 633 354 1187

1829 284 2075 344 SANCTI
2114 285 2438 347 AMBROSII

3652 287 3791 350 N88

489 416 546 470 in
580 413 801 467 fornace
830 414 989 464 erant
1032 406 1227 471 ferrea,
1262 404 1368 459 hoc
1406 409 1520 469 est,
1563 401 1617 455 in
1649 401 1869 457 fornace
1914 412 2087 458 lenla~
2116 408 2165 464 Α
2196 402 2249 456 in
2277 419 2342 459 eo
2372 403 2514 475 quod
2543 419 2772 461 exurere
2792 412 2999 474 posset,
3028 401 3254 461 invenit.
3281 403 3525 479 Denique
3552 405 3651 461 soli
3679 407 3792 464 ele-

491 508 680 564 tionie.
712 506 764 558 in
793 504 1011 557 l'ornace
1036 500 1511 561 atllictionis,cnm
1541 495 1695 551 duris
1716 495 2090 567 afﬂigerentur

493 599 756 668 imperiis.
787 596 937 652 Unde
960 603 1017 649 et
1041 596 1299 661 scriptum
1326 595 1408 644 est
1433 606 1445 641 :
1480 588 1615 653 Quia
1642 588 1817 641 eduxit
1843 604 1928 641 eos
1954 586 2093 640 Deus

496 693 561 747 de
592 695 803 759 fornace
831 690 999 759 ferrea
1020 727 1036 751 ,
1071 703 1135 741 ex
1161 684 1420 755 «Egypto.
1463 681 1680 755 (let-em.
1710 697 1769 736 XI
1796 721 1811 745 ,
1842 679 1921 750 4).
1960 678 2094 733 For-

493 805 597 843 nax
629 798 745 842 erat
773 786 983 849 ferrea;
1011 784 1131 852 quia
1154 782 1353 835 nullius
1377 779 1553 834 adhuc
1581 780 1633 832 in
1665 776 1901 850 Egyptn
1926 790 2091 841 Opera

492 882 753 936 virtutum
787 879 939 948 plena
969 876 1256 938 lucebunt,
1283 873 1480 928 nullius
1510 887 1701 925 aurum
1738 872 1847 925 illic
1880 867 2091 943 1225

494 976 673 1033 fuerat
726 971 1169 1039 comprobatum,
1222 967 1419 1023 nullius
1478 965 1756 1039 plumbum
1796 962 2093 1032 initllltlulls

494 1082 770 1128 exustum.
790 1072 930 1124 Dura
948 1069 1159 1134 l‘ornax,
1176 1065 1367 1121 fornax
1385 1063 1575 1120 mortis
1599 1070 1879 1133 perpetuae
1900 1072 2091 1128 :qnam

490 1164 769 1221 fornacem
795 1162 976 1217 nullus
998 1168 1214 1230 poterat
1240 1157 1473 1213 evadere
1519 1172 1639 1226 qua!
1671 1166 1863 1207 omnes
1892 1167 2091 1207 oonsu-

492 1267 703 1324 mcret,
756 1256 808 1309 in
853 1269 961 1320 qua
1005 1253 1154 1307 solus
1180 1251 1337 1305 dolor
1363 1258 1509 1304 esset
1535 1256 1591 1301 et
1618 1247 1814 1301 luctus.
1864 1245 1930 1298 At
1962 1257 2092 1298 vero

491 1351 684 1406 lornax
713 1350 764 1401 in
790 1365 893 1420 qna
924 1348 1184 1412 Ananias,
1215 1344 1460 1409 Azarias,
1492 1341 1674 1395 .‘llisael
1705 1340 1961 1411 hymnum
1989 1336 2093 1389 Do-

490 1446 643 1501 mino
689 1441 961 1499 eanebant
1009 1438 1172 1510 (Dan.
1217 1453 1306 1502 in,
1352 1434 1480 1506 5!);
1527 1433 1719 1487 fornax
1769 1444 1931 1485 aurea
1962 1427 2088 1494 illa,

494 1556 605 1595 non
636 1536 814 1593 ferrea
849 1554 862 1589 :
899 1550 994 1602 per
1044 1548 1205 1601 quam
1261 1538 1376 1584 toto
1406 1528 1540 1581 orbe
1569 1524 1834 1596 sapientia
1865 1522 1967 1576 lide
1996 1521 2093 1576 dc-

490 1631 729 1685 votionis
779 1627 979 1682 illuxit.
1028 1625 1157 1679 Erat
1202 1621 1420 1694 quidem
1450 1621 1614 1675 etiam
1649 1619 1763 1670 haec
1794 1618 1982 1669 fornax
2036 1614 2089 1667 iit

491 1725 815 1797 Babylonia,
859 1722 949 1776 ubi
982 1735 1172 1775 aurum
1207 1733 1314 1771 non
1343 1723 1462 1770 erat
1508 1713 1773 1783 spiritale,
1818 1709 1917 1764 nisi
1952 1710 2092 1763 torte

2195 505 2335 549 varie
2363 506 2492 551 sunt
2515 508 2684 566 porta:
2710 498 2999 555 mternales
3023 540 3038 563 ,
3076 510 3132 553 ut
3163 498 3415 555 introiret
3442 516 3535 555 rex
3570 500 3787 571 gloriae,

2196 604 2302 643 non
2332 605 2458 644 rens
2485 606 2685 646 causas.
2732 591 2803 646 Et
2831 590 2917 646 ltic
2946 591 3162 661 quidem
3197 601 3427 647 mortem
3468 606 3597 648 caro
3644 592 3791 647 illius

2194 691 2460 752 gustavit;
2496 700 2671 755 neque
2699 686 2842 739 enim
2875 685 3036 740 aliter
3065 696 3247 752 posset
3279 699 3588 756 resurgere.
3634 683 3789 752 Quod

2195 771 2322 841 legi,
2355 788 2628 843 prsesuuio
2654 792 2668 829 :
2697 773 2839 843 quod
2871 790 2977 829 non
3011 774 3135 845 legi,
3169 784 3459 831 veneratus
3489 776 3790 831 scientibus

2196 863 2516 935 derelinqno
2542 883 2556 919 :
2588 882 2752 920 unum
2779 866 3070 933 ciuilitens,
3099 870 3224 935 quia
3256 866 3515 938 quidquid
3545 883 3673 922 caro
3701 866 3793 921 illa

2195 957 2397 1024 subiit,
2440 958 2561 1012 ideo
2594 959 2793 1023 subiit,
2822 970 2879 1013 ut
2908 960 3046 1013 viam
3071 961 3286 1014 caeteris
3307 960 3393 1013 vel
3423 956 3791 1028 triumphandi

2196 1065 2293 1120 per
2315 1051 2559 1123 martyrii
2585 1052 2916 1124 pas-iuriam,
2938 1055 3019 1108 vel
3043 1054 3361 1109 transeundi
3392 1056 3443 1109 in
3476 1055 3787 1125 paradisum

2196 1146 2308 1199 suis
2337 1145 2575 1217 vestigiis
2616 1149 2951 1203 informaret.
3004 1147 3174 1203 Nemo
3215 1164 3349 1220 ergo
3390 1149 3493 1205 sibi
3539 1159 3789 1220 arroget,

2196 1251 2355 1291 nemo
2381 1236 2451 1293 de
2483 1240 2722 1300 ineritis.
2754 1256 2916 1296 nemo
2946 1240 3014 1295 de
3045 1251 3317 1312 potestate
3346 1256 3405 1298 se
3429 1242 3592 1309 jactet
3630 1260 3643 1295 :
3696 1242 3791 1299 sed

2195 1345 2389 1385 omnes
2422 1333 2634 1404 1226
2662 1348 2949 1403 speremus
2976 1349 3070 1404 per
3104 1335 3387 1389 Dominum
3414 1333 3598 1390 Jesum
3632 1335 3792 1391 mise-

2195 1426 2485 1481 riCordiam
2534 1426 2814 1494 invenire;
2868 1429 3125 1498 quoniam
3168 1444 3360 1483 omnes
3400 1440 3527 1484 ante
3556 1428 3792 1485 tribunal

2195 1516 2312 1588 ejus
2342 1518 2630 1573 stabimus.
2669 1520 2746 1574 De
2778 1521 2869 1575 illo
2901 1520 3116 1576 veniam
3137 1562 3152 1584 ,
3183 1521 3252 1576 de
3281 1521 3374 1577 illo
3402 1523 3790 1592 indulgentiam

2194 1611 2481 1679 postnlalm
2506 1628 2521 1674 ;
2552 1628 2672 1682 qua:
2701 1615 2847 1668 enim
2875 1629 3003 1679 spes
3032 1614 3135 1669 alia
3171 1616 3595 1682 peccatoribus?

2267 1702 2355 1757 13.
2402 1702 2466 1757 Ει
2494 1705 2584 1774 qui
2616 1720 2676 1759 se
2708 1705 2794 1760 hic
2823 1721 3014 1760 aurum
3050 1716 3231 1773 putat,
3279 1707 3439 1762 habet
3470 1710 3745 1777 plmnbnm
3774 1727 3788 1766 :

492 1795 802 1890 captivum;
845 1814 1111 1885 Captivum
1156 1811 1300 1866 enim
1333 1807 1587 1863 Dominus
1628 1806 1777 1860 duxit
1818 1803 2090 1874 captivita-
2125 1804 2169 1864 Β
2197 1804 2252 1850 ct
2281 1795 2373 1863 qui
2408 1806 2555 1865 putat
2600 1812 2659 1853 se
2682 1813 2911 1868 granum
2941 1798 3139 1865 tritici,
3170 1799 3336 1855 habet
3372 1801 3626 1872 stipulam
3670 1818 3791 1871 quas

494 1924 593 1970 tem
625 1912 841 1985 (Ep/tes.
876 1925 957 1973 tv,
983 1909 1059 1976 8).
1095 1907 1209 1961 lloc
1252 1914 1372 1961 erat
1400 1918 1591 1956 aurum
1643 1900 1694 1952 in
1724 1898 1820 1953 Dei
1846 1894 2050 1952 sanctis
2070 1935 2087 1961 ,

490 2007 583 2079 qui
612 2004 811 2075 captivi
835 2012 993 2059 ermt
1021 2001 1161 2066 apud
1210 1997 1539 2069 Babylonios
1564 2007 1795 2063 corpore
1837 2007 1851 2043 :
1899 1993 2091 2061 spiritu

491 2110 676 2157 autem
705 2100 860 2155 liberi
893 2096 1035 2167 apud
1059 2095 1254 2158 Deum,
1280 2092 1440 2149 saluti
1482 2089 1719 2145 vinculis
1763 2083 2091 2156 Ctlpll\il:tli8

490 2194 789 2258 humanae,
840 2191 971 2262 jngo
1032 2190 1223 2260 gratia:
1273 2184 1534 2256 Spiritalis
1584 2180 1795 2236 innexi.
1852 2178 1922 2233 Et
1982 2176 2094 2230 for-

488 2296 639 2343 tasse
668 2286 858 2341 eadem
890 2283 1078 2338 l'ornax
1107 2282 1283 2337 ferrea
1309 2276 1593 2349 l'ragilibus
1611 2285 1695 2330 est
1718 2314 1734 2342 ,
1776 2286 1938 2327 aurea
1969 2285 2092 2341 per-

491 2379 897 2439 sbverant'bus.

566 2472 651 2528 l2.
677 2471 881 2526 Omnes
906 2477 1123 2539 oportet
1153 2482 1249 2538 per
1280 2466 1456 2537 ignem
1491 2461 1733 2533 probari,
1764 2459 2093 2530 quicumque

489 2566 558 2622 ad
600 2564 908 2635 paradisum
942 2561 1120 2617 redire
1165 2560 1513 2624 desiderant;
1571 2572 1676 2611 non
1723 2553 1867 2608 enim
1917 2552 2093 2606 otiose

490 2659 755 2726 scriptum
797 2665 904 2722 est,
935 2654 1076 2722 quod
1105 2652 1300 2723 ejectis
1330 2651 1500 2706 Adam
1534 2658 1589 2703 et
1619 2648 1726 2702 Eva
1758 2646 1827 2701 de
1858 2640 2092 2712 paradisi

491 2752 651 2815 sede.
681 2752 861 2823 posuit
890 2750 1033 2804 Deus
1062 2749 1112 2801 in
1143 2747 1290 2802 exitu
1325 2743 1558 2815 paradisi
1595 2742 1660 2813 gl.
1684 2740 1832 2795 dintn
1875 2739 2091 2808 igneum

487 2848 804 2903 versatilem
834 2843 986 2911 (Gen.
1016 2859 1093 2899 ιιι.
1114 2840 1229 2912 24).
1263 2840 1465 2895 Omnes
1488 2843 1708 2906 oportet
1736 2833 1967 2888 transire
1995 2844 2095 2901 per

490 2943 761 3007 ﬂammas,
787 2944 899 2995 sive
946 2939 1037 2994 ile
1070 2937 1306 2992 Joannes
1340 2932 1681 3003 Evangelista
1711 2929 1803 2991 sit,
1835 2944 1995 2997 quem
2022 2926 2093 2980 ita

488 3036 679 3092 dilexit
704 3034 985 3089 Dominus.
1010 3041 1067 3084 nt
1089 3029 1157 3083 de
1175 3044 1240 3081 eo
1257 3026 1461 3081 diceret
1482 3025 1546 3077 ad
1571 3024 1791 3078 Petrum
1818 3037 1831 3072 :
1864 3019 1958 3072 Sic
1978 3033 2096 3072 eum

486 3129 605 3183 volo
637 3142 936 3181 manere....
965 3122 1090 3195 quid
1111 3121 1179 3174 ad
1203 3119 1293 3175 te?
1328 3116 1404 3171 Tu
1431 3132 1510 3169 me
1528 3130 1739 3182 sequere
1769 3110 1950 3181 (Joan.
1979 3124 2089 3172 ιιι,

2195 1889 2363 1960 ροεμίι
2403 1894 2581 1945 exuri.
2633 1891 2741 1948 Sed
2796 1892 2883 1947 hic
2926 1893 3025 1949 sibi
3073 1895 3227 1950 multi
3272 1911 3462 1951 aurum
3517 1897 3786 1953 videntur.

2191 1984 2309 2040 Non
2343 1985 2451 2039 illis
2483 1986 2697 2042 invideo
2728 2006 2742 2043 :
2778 1987 2874 2043 sed
2902 1998 3080 2044 tamen
3110 2005 3303 2044 aurum
3356 1991 3785 2059 examinabitur,

2195 2092 2386 2136 uretnr
2406 2092 2460 2135 ut
2489 2081 2660 2151 poSsit
2690 2082 2932 2145 probari.
2954 2083 3043 2141 Sic
3064 2084 3208 2139 enim
3239 2084 3500 2148 scripturn
3519 2095 3606 2141 est
3631 2104 3643 2140 :
3672 2086 3791 2142 Sic-

2192 2182 2250 2227 ut
2280 2191 2464 2227 aurum
2502 2178 2553 2227 in
2584 2176 2891 2244 conﬂatorio
2937 2175 3162 2247 probabo
3191 2177 3310 2231 illos
3335 2176 3525 2248 (chh.
3554 2194 3671 2239 χιιι.
3706 2178 3787 2248 9).

2192 2265 2335 2337 Ergo
2357 2266 2675 2335 advertant,
2716 2267 2839 2338 quia
2879 2269 3337 2323 exaininabnntur
3372 2286 3584 2326 omnes.
3633 2271 3783 2327 Multi

2191 2376 2323 2433 ergo
2350 2364 2439 2433 qui
2471 2378 2531 2419 se
2561 2380 2750 2419 aurum
2784 2374 2999 2434 putant,
3046 2378 3101 2421 et
3144 2367 3245 2436 ipsi
3292 2367 3655 2425 humilitatem
3703 2383 3791 2425 se-

2190 2470 2454 2529 quantur;
2485 2470 2539 2513 ut
2577 2461 2702 2515 vitia
2739 2475 2831 2514 sna
2857 2460 3184 2532 decoquant.
3215 2462 3321 2517 Sed
3356 2462 3445 2517 hic
3475 2463 3653 2519 inanis
3675 2464 3795 2535 jac-

2194 2554 2361 2604 tantia
2410 2560 2525 2616 est;
2577 2552 2699 2606 ideo
2744 2553 2929 2608 multis
2965 2553 3056 2623 qui
3088 2568 3147 2609 se
3180 2570 3386 2609 massas
3416 2565 3607 2627 putant
3632 2558 3749 2613 auri
3774 2599 3791 2625 ,

2195 2642 2323 2697 dicit
2351 2645 2650 2712 sapientior
2676 2646 2791 2699 anri
2829 2660 3005 2701 maSsa
3037 2666 3050 2702 :
3080 2647 3281 2703 Omnes
3309 2664 3409 2704 nos
3448 2653 3638 2705 t'ornax
3670 2667 3799 2721 pro-

2195 2736 2365 2791 babit.
2396 2738 2537 2807 Ergo
2562 2740 2685 2808 quia
2708 2739 3054 2794 examinandi
3077 2754 3285 2807 sumus,
3311 2742 3391 2798 sic
3413 2759 3511 2798 nos
3538 2760 3790 2816 agamus;

2198 2842 2249 2882 ut
2274 2830 2481 2899 judicio
2514 2832 2731 2901 probari
2765 2848 3073 2889 mereamur
3102 2835 3305 2891 divino.
3355 2836 3661 2894 Teneamns
3705 2839 3796 2897 hic

2194 2924 2356 2994 positi
2384 2922 2775 2991 humilitatem;
2810 2936 2868 2981 ut
2894 2942 3016 2982 cum
3040 2930 3408 3001 unusquisque
3431 2942 3674 2986 nostrum
3701 2947 3798 2988 ve-

2198 3017 2339 3072 nerit
2365 3017 2431 3071 ad
2460 3018 2723 3086 judicium
2754 3020 2885 3086 Dei,
2910 3022 2975 3076 ad
3003 3022 3128 3078 illos
3160 3025 3310 3095 ignes
3339 3040 3475 3095 quos
3512 3027 3796 3083 transituri

2198 3127 2422 3175 sumus,
2458 3113 2639 3167 dicat;
2678 3112 2809 3167 Vide
2837 3113 3183 3171 humditatem
3210 3134 3407 3184 meam,
3440 3131 3486 3172 et
3514 3135 3638 3174 erue
3673 3136 3797 3185 me;
3824 3140 3829 3143 *

487 3222 611 3293 ‘22).
664 3220 739 3275 De
768 3228 942 3273 morte
970 3192 1087 3284 ejus
1116 3213 1282 3282 aliqui
1318 3211 1732 3271 dubitaverunt,
1767 3205 1836 3259 de
1864 3206 2091 3257 transitu
2122 3192 2168 3256 C
2201 3220 2321 3258 nam
2351 3204 2394 3258 si
2420 3207 2685 3274 superbus
2718 3206 2908 3273 fuerit,
2950 3208 2995 3262 si
3023 3224 3319 3281 arrogans,
3372 3210 3417 3265 si
3464 3224 3753 3267 contumax
3777 3254 3795 3281 ,

486 3332 587 3390 per
618 3318 796 3385 ignem
827 3312 1077 3366 dubitare
1113 3325 1217 3362 non
1250 3320 1567 3376 possumus;
1602 3304 1722 3369 quia
1756 3300 1810 3354 in
1847 3296 2097 3390 paradiso

489 3389 594 3476 est,
626 3426 726 3466 nec
756 3416 1039 3475 separatur
1061 3422 1088 3455 a
1118 3399 1357 3456 Christo.
1388 3398 1515 3455 Sive
1539 3396 1630 3450 ille
1664 3397 1735 3448 sit
1766 3392 1980 3455 Petrus,
2004 3389 2097 3457 qui

486 3504 672 3559 claves
692 3497 898 3568 accepit
928 3494 1083 3566 regni
1104 3495 1392 3553 caelorum,
1421 3490 1510 3555 qni
1538 3501 1699 3556 supra
1731 3499 1878 3538 mare
1906 3480 2098 3535 ambu-

485 3597 659 3663 lavit,
696 3603 913 3662 oportet
965 3601 1021 3643 nt
1057 3589 1244 3643 dicit:
1290 3583 1644 3638 Transiriinus
1697 3596 1785 3651 per
1834 3579 2003 3648 ignem
2048 3583 2098 3630 et

488 3699 762 3761 aquam,et
783 3682 1033 3739 ittduxiali
1066 3698 1156 3735 nos
1188 3680 1242 3732 in
1272 3677 1598 3749 refrigerium
1628 3671 1799 3743 (Paul.
1827 3685 1953 3735 va,
1983 3666 2093 3737 1‘2).

492 3783 602 3840 Sed
639 3778 834 3835 .lo:inni
860 3779 967 3832 cito
995 3774 1302 3829 versabitur
1336 3786 1523 3842 igneus
1553 3768 1793 3838 gladius;
1838 3765 1958 3835 quia
1990 3778 2095 3817 non

491 3875 769 3931 invenitur
793 3875 843 3926 in
866 3886 932 3926 eo
953 3870 1383 3940 iniqnilnSquetn
1404 3863 1593 3918 dilexit
1614 3862 1861 3932 (nutritas.
1887 3858 1945 3915 Si
1967 3856 2096 3928 quid

487 3971 545 4026 in
573 3986 640 4025 eo
663 3967 777 4022 viiii
812 3964 1029 4020 humani
1060 3964 1195 4025 l'uit,
1226 3959 1465 4015 charitas
1488 3956 1669 4011 divina
1695 3953 1953 4017 decoxit;
1987 3950 2099 4004 Ala:

491 4068 639 4125 enim
664 4068 777 4139 ejus
798 4062 932 4118 sicut
961 4059 1061 4113 ala:
1086 4058 1220 4129 ignis
1251 4053 1428 4127 (Cant.
1455 4069 1569 4115 \lll,
1597 4051 1676 4122 6).

569 4159 660 4214 15.
690 4157 791 4224 Qui
819 4152 1065 4208 habuerit
1102 4150 1189 4204 hic
1218 4146 1506 4203 charitatis
1545 4146 1747 4214 ignem,
1783 4141 1893 4197 illic
1916 4140 2097 4211 ignem

490 4251 657 4326 gladii
692 4250 884 4304 timere
912 4262 1018 4299 non
1054 4243 1273 4312 poterit.
1307 4239 1414 4308 lpsi
1448 4239 1607 4292 l’ctro
1632 4235 1723 4305 qui
1752 4236 1915 4289 toties
1950 4248 2097 4288 mor-

496 4357 604 4402 tem
636 4358 790 4398 suam
824 4354 923 4408 pro
949 4336 1171 4393 Chri~to
1197 4332 1413 4397 obtulit,
1442 4330 1588 4386 dicet
1618 4346 1629 4382 :
1659 4328 1873 4392 Transi,
1902 4343 2098 4381 recum-

497 4438 557 4493 be
585 4435 739 4509 (Luc.
774 4448 910 4497 xvii,
937 4430 1016 4501 7).
1064 4426 1170 4483 Sed
1203 4426 1297 4480 ille
1317 4423 1499 4479 dicet:
1542 4421 1669 4491 lgne
1692 4437 1789 4476 nos
1820 4421 2100 4477 examina-

494 4534 574 4586 vit
596 4570 613 4596 ,
643 4532 786 4584 sicut
817 4529 937 4597 igne
959 4522 1301 4579 exatttiualur
1328 4528 1645 4589 argentum;
1681 4518 1885 4573 etenim
1913 4517 1964 4571 in
1989 4531 2097 4585 quo

498 4587 639 4694 aqua
669 4587 863 4676 multav
880 4617 1174 4673 excludere
1203 4629 1308 4668 non
1351 4613 1524 4684 potuit
1550 4611 1872 4667 charitatem
1899 4653 1914 4673 ,
1955 4626 2094 4680 qno-
2122 4587 2173 4648 Ῑ)

498 4716 666 4778 modo
693 4730 817 4769 eum
850 4710 989 4780 ignis
1019 4706 1318 4763 excludet?
1346 4705 1451 4763 Sed
1494 4706 1585 4761 ille
1616 4703 2015 4760 examinahimr
2043 4712 2100 4757 tit

497 4816 782 4880 argentum
810 4847 825 4871 ,
875 4819 975 4873 ego
1028 4802 1382 4857 exaininahor
1428 4811 1486 4853 ut
1541 4799 1817 4868 plumbum
1861 4813 1875 4851 :
1922 4796 2097 4853 donec

498 4902 779 4975 plumbum
828 4898 1098 4963 tabescat,
1140 4893 1389 4949 ardebou
1414 4891 1471 4947 Si
1516 4893 1651 4947 nihil
1684 4890 1891 4963 argenti
1921 4890 1973 4945 in
2010 4905 2096 4946 me

504 5001 782 5056 inventum
810 4993 995 5053 fuerit.
1026 4992 1127 5046 heu
1153 4990 1268 5043 me!
1295 4992 1347 5043 in
1372 4989 1558 5043 ultima
1584 4988 1786 5042 inferni
1814 4986 2096 5055 detrudar,

497 5106 594 5151 aut
624 5102 681 5148 nt
710 5091 911 5160 stipula
945 5098 1089 5141 totus
1117 5100 1341 5141 exurar.
1374 5084 1429 5139 Si
1461 5083 1586 5153 quid
1620 5082 1901 5136 inventum
1929 5082 1980 5135 in
2011 5096 2097 5134 me

500 5188 663 5244 fuerit
691 5187 803 5239 auri
832 5182 916 5237 vel
943 5180 1174 5251 argenti,
1211 5195 1314 5233 nun
1349 5193 1441 5245 per
1470 5191 1620 5231 meos
1647 5186 1834 5238 actus,
1876 5173 1971 5228 si‘d
2003 5188 2099 5243 per

500 5278 932 5339 misericiirdiam
978 5285 1031 5329 et
1070 5272 1295 5343 gratiam
1324 5270 1557 5332 (Zhristi,
1611 5284 1705 5337 per
1734 5267 2094 5321 ministerium

493 5372 821 5434 sacerdotii,
855 5371 1029 5423 dicam
1064 5368 1294 5419 fortasse
1323 5378 1424 5433 ego
1467 5379 1479 5414 :
1517 5360 1723 5415 Etenim
1762 5362 1850 5431 qui
1891 5369 2099 5431 sperant

494 5472 552 5527 in
581 5481 647 5534 te,
683 5484 785 5521 non
814 5461 1197 5533 confundentur
1226 5457 1397 5527 (Psnl.
1434 5472 1580 5516 xxiv,
1610 5455 1689 5526 5).

576 5562 663 5618 M.
708 5559 806 5615 Illo
849 5555 1013 5627 igitur
1054 5554 1213 5622 igneo
1259 5548 1439 5619 gladio
1487 5546 1743 5613 iniquitas
1786 5557 2092 5615 exoretur,

498 5674 621 5733 qua:
665 5654 819 5711 sedet
863 5663 1029 5720 super
1079 5646 1341 5699 talentum
1395 5640 1731 5710 plumbeum.
1787 5640 1912 5695 Iden
1958 5656 2096 5695 unus

497 5732 678 5821 ignem
705 5748 854 5803 illum
884 5736 1092 5796 sentire
1125 5752 1229 5792 non
1262 5733 1463 5807 potuit,
1509 5733 1603 5804 qui
1645 5744 1724 5790 est
1755 5732 1965 5803 justitia
2001 5734 2093 5789 Dei

486 5845 747 5906 Christus
768 5880 783 5907 ,
809 5834 932 5909 quia
959 5840 1240 5906 peccatum
1271 5845 1378 5888 non
1408 5826 1566 5894 fecit;
1609 5827 1744 5885 nihil
1776 5828 1921 5885 enim
1952 5826 2095 5901 ignis

2198 3314 2303 3353 non
2343 3300 2537 3367 poterit
2573 3298 2673 3355 hoc
2701 3299 2904 3357 dicere.
2929 3301 3103 3359 Nemo
3129 3313 3309 3359 autem
3334 3303 3514 3360 dicet:
3548 3303 3683 3361 Vide
3703 3320 3801 3359 suo

2201 3390 2444 3460 perbiam
2470 3406 2644 3445 meam
2675 3410 2687 3447 :
2729 3393 2824 3447 sed
2856 3394 2968 3447 vide
2999 3394 3340 3451 humilitatem
3365 3413 3571 3465 meam;
3597 3407 3656 3453 ut
3679 3396 3799 3467 ejus

2197 3485 2369 3552 gratia
2398 3483 2513 3536 erui
2546 3484 2615 3536 ab
2647 3484 2737 3537 illo
2775 3485 2895 3555 igne
2924 3498 3215 3541 mercatur.

2273 3581 2363 3636 16.
2401 3582 2497 3636 Est
2521 3598 2651 3653 ergo
2674 3583 2949 3638 humilitas
2982 3585 3184 3640 laboris
3215 3594 3268 3640 et
3303 3586 3673 3657 fatigationis:
3712 3595 3801 3643 est

2198 3685 2255 3731 et
2281 3674 2558 3729 humilitas
2583 3677 2792 3731 virtutis
2820 3686 2981 3747 atque
3015 3678 3298 3747 pr0positi,
3324 3695 3481 3748 quam
3514 3682 3566 3734 in
3595 3694 3796 3735 secun-

2200 3768 2285 3823 dis
2305 3777 2357 3824 et
2388 3769 2688 3839 prosperis.
2708 3779 2761 3823 et
2784 3770 2835 3823 in
2865 3770 2977 3823 otio
2999 3771 3207 3839 positus
3233 3779 3381 3826 tenet
3402 3772 3601 3841 justus.
3634 3770 3795 3828 Nullo

2201 3862 2330 3917 licet
2354 3863 2557 3917 [nicius
2573 3862 2779 3925 labore,
2797 3862 2996 3916 nullius
3016 3864 3334 3918 certaminis
3352 3863 3548 3919 dubius
3570 3876 3795 3931 eventu,

2202 3955 2464 4011 humilem
2493 3956 2748 4011 omnibus
2777 3955 3030 4012 alb-ctum
3062 3959 3306 4019 exhibet.
3349 3973 3449 4014 nec
3492 3973 3586 4013 sua
3618 3958 3796 4014 extol-

2202 4050 2317 4107 lere
2342 4052 2526 4106 studet
2552 4068 2566 4105 :
2598 4049 2693 4104 sed
2727 4053 2896 4122 magis
2922 4053 3169 4107 minuere
3197 4053 3381 4122 operis
3411 4053 3493 4107 sui
3532 4053 3797 4122 pretium,

2200 4154 2257 4200 ct
2286 4146 2460 4201 meriti
2488 4146 2571 4199 sui
2597 4144 2850 4217 gratiam.
2898 4145 3035 4199 Audi
3062 4145 3264 4213 justum
3296 4145 3668 4201 humiliantem
3697 4161 3796 4202 se:

2202 4237 2318 4313 Ego
2347 4256 2480 4298 sum.
2512 4239 2708 4305 inquit,
2739 4239 2983 4292 minimus
3007 4239 3358 4307 apostolorum
3381 4240 3425 4307 (l
3448 4238 3568 4296 Cor.
3600 4257 3689 4304 xv,
3716 4240 3795 4312 9).

2201 4331 2297 4389 llle
2327 4349 2421 4389 vas
2446 4332 2731 4390 electionis
2755 4333 2976 4399 diviiue,
3010 4333 3103 4389 ille
3127 4335 3369 4405 gentium
3402 4335 3596 4389 doctor
3629 4334 3796 4390 mini-

2201 4445 2347 4485 mum
2397 4445 2519 4484 esse
2564 4444 2622 4485 se
2648 4428 2822 4494 dicit,
2854 4429 3133 4500 indignum
3176 4429 3294 4499 ejus
3334 4429 3494 4484 ollicii
3539 4430 3796 4496 nomine,

2200 4527 2342 4591 quod
2368 4523 2482 4577 suis
2503 4522 2761 4591 operibus
2781 4522 3138 4590 prml'erebat;
3165 4521 3409 4589 nihilque
3430 4522 3531 4579 sibi
3557 4532 3796 4593 arrogat,

2199 4614 2292 4669 sed
2327 4621 2497 4668 totum
2523 4615 2711 4684 gratia:
2736 4614 2833 4669 Dei
2860 4614 3103 4686 deputat.
3137 4614 3252 4671 Hoc
3285 4614 3470 4687 utique
3496 4615 3655 4671 decet
3682 4615 3801 4687 jus-

2201 4716 2335 4763 tum.

2276 4802 2365 4857 17.
2402 4799 2512 4856 Hac
2538 4800 2846 4857 humilitate
2876 4802 3151 4858 Abraham
3177 4810 3332 4871 pater
3366 4802 3487 4856 lidei
3519 4818 3799 4871 nuncupa-

2200 4902 2288 4951 tos
2314 4904 2395 4950 est
2421 4937 2436 4959 ,
2470 4895 2558 4964 qtti
2586 4911 2707 4949 cum
2738 4896 2926 4951 divino
2959 4897 3378 4968 participaretnr
3400 4897 3661 4964 alloqnio,
3693 4906 3805 4951 ter-

2200 5005 2315 5043 ram
2347 5003 2407 5043 se
2434 5005 2555 5044 es.-e
2583 4988 2819 5054 dicebat,
2844 4999 2901 5044 et
2938 4990 3125 5045 limum
3157 4989 3313 5059 (Gen.
3350 5006 3504 5055 xuii,
3534 4989 3652 5060 27).
3683 4988 3801 5058 Ipse

2200 5097 2413 5152 quoque
2444 5082 2707 5136 Dominus
2737 5083 2851 5138 ait:
2890 5081 3004 5152 Ego
3029 5093 3202 5137 autem
3232 5099 3343 5137 sum
3372 5081 3589 5143 vermis,
3622 5093 3669 5135 et
3698 5098 3801 5134 non

2201 5176 2357 5229 homo
2382 5192 2399 5230 :
2424 5177 2759 5248 apiirobrium
2791 5177 3056 5230 hominum
3076 5219 3089 5239 ,
3114 5188 3159 5230 et
3180 5176 3402 5248 abjectio
3433 5175 3594 5244 plebis
3622 5174 3799 5245 (Psal.

2200 5285 2315 5335 ιικι,
2344 5271 2435 5336 7),
2481 5285 2602 5324 cum
2629 5269 2699 5324 de
2739 5272 2821 5323 sui
2858 5271 3106 5340 Corporis
3142 5271 3396 5340 passione
3446 5269 3797 5340 loqueretur:

2201 5365 2291 5433 qui
2326 5380 2429 5416 non
2465 5380 2587 5433 qua:
2624 5379 2717 5416 sna
2761 5373 2886 5417 sunt
2926 5364 3206 5433 quaesivit,
3250 5364 3346 5418 sed
3390 5379 3509 5431 qua!
3544 5364 3801 5418 aliorum.

2202 5454 2368 5524 Cujus
2397 5470 2493 5507 ιιος
2533 5456 2834 5511 imitatores
2859 5459 2969 5510 vult
2998 5455 3114 5510 ﬁeri
3147 5454 3466 5524 Apostolus,
3492 5465 3652 5526 atque
3674 5456 3804 5511 hur-

2202 5557 2346 5603 tatur
2374 5548 2601 5604 dicens:
2646 5549 2759 5603 Hoc
2787 5552 2920 5605 enim
2950 5553 3130 5605 sentite
3156 5552 3210 5605 in
3254 5552 3394 5606 vobis
3416 5592 3433 5617 ,
3484 5553 3622 5622 quod
3655 5562 3703 5607 et
3747 5553 3801 5607 in

2204 5643 2409 5697 Christo
2430 5642 2557 5697 Iesu
2581 5659 2601 5698 :
2620 5645 2847 5714 quicum
2872 5646 2925 5699 in
2950 5648 3120 5717 [arma
3149 5644 3244 5699 Dei
3267 5656 3417 5709 esset,
3439 5663 3540 5699 non
3562 5648 3802 5713 rapinam

2203 5736 2478 5790 arbitratus
2507 5746 2580 5790 est
2606 5753 2717 5791 esse
2744 5754 2800 5794 se
2835 5740 3086 5810 a’qnalem
3132 5736 3240 5792 Deo
3263 5779 3277 5803 ,
3328 5738 3420 5793 scd
3464 5739 3801 5809 semetipsum

2200 5829 2481 5885 exinanivit
2511 5833 2733 5901 formam
2767 5831 2899 5887 servi
2936 5832 3195 5904 accipiens
3236 5830 3472 5904 (Philip.
3498 5847 3569 5901 ιι,
3602 5832 3677 5890 5·
3706 5832 3794 5907 7).
