4104 6350
296 379 423 435 “89

1358 378 1425 433 IN
1466 376 1801 435 PSALMUM
1837 376 2054 435 CXVIII
2093 376 2475 436 EXPOSITIO.

3439 384 3584 443 H90

292 495 393 551 Nec
414 509 510 552 nos
533 494 697 565 igitur
717 497 1053 554 nobilitatem
1076 499 1319 570 generis,
1343 514 1447 554 nec
1466 498 1682 554 divitias
1705 500 1888 569 requi-
1914 510 1964 574 Α
1994 499 2221 572 Expedit
2241 517 2402 555 unum
2428 502 2686 557 hominem
2712 504 2846 557 mori
2876 519 2971 576 pro
3003 504 3196 573 papula
3231 500 3410 571 (Joan.
3434 516 3587 573 xvm,

293 603 488 654 ramus,
512 589 557 644 si
596 592 844 646 volumus
886 590 1161 647 Christum
1211 593 1385 664 sequi.
1429 593 1737 648 Esinanivit
1778 606 1838 649 se
1863 635 1878 661 ,

292 698 407 738 eum
436 694 585 739 esset
622 684 676 739 in
712 686 803 739 Dei
848 687 1060 749 forma;
1103 703 1227 742 cum
1255 688 1412 742 dives
1453 698 1632 757 esset,
1678 704 1884 761 pauper

290 778 454 834 factus
481 789 589 834 est.
619 779 739 859 θέσιιί
766 794 816 835 et
845 790 899 834 tu
927 792 1280 837 contemnere
1308 782 1575 850 plebeium
1596 825 1609 847 ,
1637 782 1760 850 quia
1788 798 1895 838 no-'

291 870 407 926 bilis
427 884 527 934 es;
560 872 671 926 noli
691 871 975 943 despicere
998 889 1241 938 servum,
1272 875 1394 945 quia
1429 884 1620 944 potens
1644 891 1739 937 es;
1774 874 1887 929 noli

290 979 574 1034 pauperem
606 966 871 1031 fastidire,
896 968 1020 1038 quia
1046 969 1198 1023 dives
1226 984 1305 1023 es.
1336 968 1605 1037 Numquid
1630 968 1882 1033 nobilior,

290 1058 542 1129 numquid
576 1062 851 1129 potentior
871 1102 885 1125 ,
916 1063 1173 1125 numquid
1204 1064 1369 1117 ditior
1414 1063 1630 1118 Christo
1658 1066 1763 1119 es?
1793 1064 1887 1117 Ille

289 1167 383 1223 pro
410 1166 463 1208 te
492 1155 735 1222 suscepit
762 1156 883 1216 illa.
926 1172 1049 1226 qua:
1077 1166 1133 1210 tu
1161 1156 1421 1225 despicis.
1454 1156 1548 1210 Ille
1581 1171 1679 1227 pro
1713 1167 1763 1210 te
1791 1156 1889 1210 bu-

287 1245 513 1300 miliavit
542 1262 603 1301 se
626 1263 798 1317 usque
817 1248 884 1303 ad
916 1258 1145 1303 mortem
1172 1292 1187 1315 ,
1236 1261 1286 1305 ct
1319 1260 1550 1305 mortem
1579 1252 1784 1315 crucis;
1830 1258 1890 1304 ut

288 1350 388 1396 tua:
437 1341 648 1409 lapsum
699 1342 941 1399 aboleret
980 1344 1286 1413 superbia);
1322 1355 1378 1397 ut
1423 1343 1563 1415 quod
1592 1359 1687 1413 per
1726 1343 1889 1399 unius

292 1436 413 1491 Adae
435 1434 863 1491 inobedientiam
888 1436 1317 1506 perdideramus,
1344 1452 1441 1507 per
1472 1439 1635 1490 unius
1677 1434 1892 1490 Domini

286 1526 406 1583 Jesu
454 1527 823 1584 obedientiam
873 1529 1241 1599 reriperemus
1268 1546 1281 1583 :
1312 1527 1536 1596 PrOpter
1563 1528 1700 1590 quod
1726 1525 1890 1595 Deus,

282 1618 483 1690 inquit,
531 1621 686 1674 illum
725 1620 1005 1688 exultavit,
1049 1632 1098 1677 et
1128 1622 1270 1677 dedit
1306 1621 1384 1675 illi
1414 1638 1598 1675 nomen
1638 1618 1776 1690 quod
1818 1628 1892 1674 est

286 1728 435 1780 super
471 1728 625 1767 omne
670 1729 894 1779 nomen;
934 1722 992 1767 ut
1041 1715 1095 1768 in
1137 1714 1345 1768 nomine
1389 1713 1517 1767 Jesu
1566 1729 1715 1767 autne
1760 1728 1894 1782 genu

286 1805 528 1875 ﬂectatur
568 1846 583 1861 .
612 1846 625 1859 .
655 1846 666 1859 .
695 1847 709 1861 .
734 1848 747 1860 .
776 1809 1017 1878 quoniam
1062 1804 1315 1861 Dominus
1338 1805 1493 1861 Jesus
1524 1806 1576 1860 in
1620 1805 1789 1877 gloria
1819 1814 1893 1859 est

286 1894 379 1951 Dei
406 1895 589 1952 Patris
619 1897 845 1971 (Philip.
882 1914 915 1953 tt
935 1939 949 1964 ,
975 1898 1009 1956 9
1037 1930 1053 1939 -
1086 1898 1198 1969 il).

358 1990 572 2063 1227
600 1992 685 2046 l8.
712 1990 1028 2054 Considera,
1054 2008 1088 2048 o
1111 1992 1295 2058 homo,
1320 1993 1447 2061 quid
1477 1993 1644 2064 legas.
1670 1992 1788 2050 Non
1812 1993 1888 2048 Ia-
1920 1989 1965 2050 Β

288 2085 498 2140 boravit
538 2087 837 2156 Apostolus
889 2087 1183 2157 potentiam
1226 2086 1425 2143 Christi
1475 2089 1751 2159 probare:
1793 2088 1889 2144 sed

286 2179 651 2236 obedientiam
677 2181 1010 2252 praedicare;
1040 2182 1135 2238 sed
1180 2181 1558 2238 demonstrare
1587 2193 1786 2253 quanta
1821 2183 1894 2237 sit

286 2272 609 2329 humilitatis
632 2276 803 2341 gratia
823 2317 837 2341 ,
861 2283 1094 2347 quantus
1122 2276 1240 2345 ejus
1262 2275 1556 2347 profectus.
1597 2276 1655 2332 Si
1684 2277 1893 2346 simpli-

284 2368 434 2423 cibus
466 2366 705 2438 accipias
735 2368 996 2435 auribus,
1038 2379 1093 2425 et
1138 2369 1410 2424 Clll‘lrllllll
1457 2370 1733 2424 exultavit.
1783 2368 1891 2424 Sed

284 2460 537 2517 Christus
569 2476 674 2517 non
702 2477 821 2533 quas
850 2477 978 2527 sua,
1009 2462 1103 2517 sed
1134 2478 1255 2533 quia
1285 2470 1371 2515 tua
1397 2472 1575 2525 erant,
1600 2463 1686 2517 illa
1718 2461 1896 2516 humi-

282 2554 437 2611 litate
471 2556 773 2626 qna-rebat.
807 2563 832 2589 λ
862 2555 1062 2624 Accipe
1087 2570 1216 2625 ergo
1244 2554 1451 2624 argutis
1482 2554 1704 2609 auribus
1730 2572 1743 2609 :
1771 2569 1885 2609 mo-

281 2651 491 2717 raliter,
528 2649 624 2704 tibi
657 2649 887 2719 profuit;
928 2649 1179 2721 mystice,
1215 2661 1357 2704 tttatn
1388 2650 1617 2705 redemit
1639 2650 1892 2704 salutem.

283 2743 572 2812 Quomodo
601 2744 683 2797 vis
729 2742 1007 2813 intellige:
1046 2742 1193 2797 salus
1233 2752 1317 2797 est
1344 2755 1452 2797 tua.
1488 2742 1545 2798 Si
1577 2754 1731 2813 putas
1752 2743 1893 2813 quod

285 2835 503 2893 Christo
535 2837 735 2907 proruit
761 2837 1034 2892 humilitas
1052 2851 1181 2901 sua;
1209 2838 1293 2893 cui
1321 2852 1451 2908 ergo
1475 2853 1581 2892 non
1612 2836 1897 2904 proderit?

286 2931 338 2989 Si
364 2934 521 2987 illum
545 2931 833 2997 cxaltavit;
858 2947 1019 2998 quem
1048 2949 1154 2986 non
1178 2933 1435 3003 augebit?
1462 2932 1660 2988 Factus
1686 2942 1771 2987 est
1796 2933 1896 2987 mi-

286 3024 459 3079 nister
478 3024 722 3078 omnium
750 3024 1027 3091 Dominus,
1052 3033 1107 3078 et
1127 3032 1315 3079 auctor
1336 3025 1575 3078 omnium
1596 3024 1893 3091 vapulavit,

286 3116 455 3187 pedes
484 3116 650 3180 lavit,
682 3116 973 3171 cruciﬁxus
1018 3127 1134 3182 est,
1170 3126 1413 3170 nturtnns
1448 3128 1549 3171 εει.
1600 3116 1706 3172 Sed
1732 3117 1783 3169 in
1811 3116 1897 3170 bis

286 3209 543 3266 Omnibus
590 3207 974 3264 detrimentum
1005 3208 1214 3263 nullum
1241 3208 1399 3263 video
1424 3209 1728 3263 divinitatis
1757 3208 1895 3278 ejus,

286 3303 593 3374 profectum
634 3302 966 3373 operationis
1008 3318 1265 3373 agnosco.
1310 3303 1410 3370 Qui
1460 3303 1590 3357 nihil
1642 3302 1897 3367 habebat,

287 3396 434 3468 quod
482 3396 549 3449 ad
592 3404 913 3466 potestatem
955 3410 1105 3450 suam
1138 3394 1394 3455 adderet,
1426 3394 1613 3448 ltalmit
1641 3392 1786 3465 quod
1829 3392 1895 3448 ad
1923 3390 1969 3453 C

287 3492 496 3545 cultum
526 3505 639 3545 sua:
662 3488 956 3558 maiestatis
972 3488 1312 3559 adjuugeret.
1332 3486 1518 3541 Auden
1532 3487 1714 3541 dicere
1735 3504 1747 3539 :
1767 3500 1899 3555 ope-

287 3586 521 3640 rationis
545 3600 657 3639 sua:
684 3598 881 3639 munus
902 3584 1191 3646 amiserat,
1220 3580 1320 3636 nisi
1354 3580 1404 3635 id
1445 3579 1725 3634 humilitas
1749 3593 1899 3632 rece-

288 3680 483 3750 pisset.
535 3678 715 3746 Itaque
764 3692 861 3733 nos
892 3677 1109 3745 quidem
1154 3674 1415 3737 redemit,
1461 3672 1556 3727 sed
1592 3673 1753 3726 etiam
1796 3669 1901 3725 sibi

288 3771 601 3843 acquisivit.
648 3770 789 3825 Nihil
822 3786 951 3838 ergo
993 3768 1269 3822 Immilitas
1295 3764 1453 3820 aﬁ‘ert
1482 3762 1773 3832 dispendii.
1806 3762 1902 3817 Ille

291 3866 379 3935 qui
411 3880 477 3919 se
518 3863 850 3926 exinaniiit,
882 3862 1073 3932 plenus
1101 3869 1204 3915 est.
1255 3859 1353 3913 Ille
1393 3857 1483 3927 qui
1518 3872 1622 3911 non
1656 3855 1900 3925 rapinam

294 3960 593 4014 arbitratus
615 3966 697 4012 est
718 3970 841 4013 esse
867 3972 927 4010 se
948 3954 1208 4026 teqttalent
1237 3954 1367 4016 Deo,
1397 3952 1620 4006 formam
1649 3948 1789 4005 servi
1813 3964 1903 4003 ac-

292 4051 594 4123 cipiens,in
620 4051 791 4121 gloria
822 4057 901 4105 est
935 4050 1027 4103 Dei
1060 4047 1255 4102 Patris.
1278 4044 1500 4113 Snsr-epi
1518 4058 1676 4112 quem
1696 4042 1903 4096 nescie-

293 4146 439 4213 bam,
466 4144 661 4215 agnovi
689 4159 846 4213 quem
881 4158 985 4197 non
1013 4139 1431 4211 cognoscebam,
1455 4136 1721 4191 conﬁteor
1742 4148 1903 4204 quem

296 4241 584 4309 negabam.
621 4237 726 4306 Ipsi
755 4252 899 4305 genu
924 4236 1171 4304 Corporis
1194 4232 1377 4297 ﬂecto,
1402 4229 1504 4300 ipsi
1536 4243 1677 4298 genu
1707 4224 1904 4279 mentis

294 4330 513 4387 inllccto
536 4373 550 4395 ,
592 4331 765 4400 ipsum
807 4330 975 4382 adoro
1000 4368 1014 4392 ,
1049 4342 1205 4396 quem
1238 4335 1363 4378 ante
1396 4321 1685 4392 fugiebam.

368 4426 457 4481 I9.
501 4422 721 4477 Gratias
753 4422 843 4475 tibi
873 4420 1105 4487 agimus.
1139 4417 1368 4473 Domine
1389 4414 1516 4470 Jesu
1538 4456 1551 4478 ,
1577 4411 1722 4485 quod
1748 4426 1904 4465 crea-

297 4518 367 4573 sti
395 4533 517 4581 nos,
552 4516 648 4571 sed
681 4523 895 4570 creatos
925 4514 1072 4574 leris,
1108 4511 1315 4577 bestiis,
1346 4511 1511 4564 mntis
1534 4506 1904 4562 animantibus

298 4608 613 4681 prwl'eciSti.
646 4607 845 4677 Majura
878 4616 1002 4660 sunt
1035 4602 1358 4657 visitatiouis
1386 4611 1491 4656 tua:
1516 4614 1764 4654 munera.
1814 4595 1904 4651 Vi-

298 4708 491 4757 sitatos
520 4702 822 4771 majeStatis
851 4710 956 4753 tua:
995 4697 1290 4753 consurtiis
1318 4693 1632 4751 honorasti.
1672 4690 1860 4746 dicens
1886 4705 1901 4742 :

1991 595 2103 660 ll).
2126 594 2410 650 Suscitasti
2432 609 2696 656 mortuos,
2713 596 2903 651 dicens
2928 616 2940 649 :
2983 596 3181 653 Solvite
3207 598 3450 671 templum
3467 598 3584 664 hoc,

1989 701 2036 745 et
2064 691 2115 744 in
2159 691 2329 744 triduo
2351 691 2610 745 suscitabo
2636 692 2770 745 illud
2798 692 2979 761 (Joan.
3012 691 3211 762 ".19);
3247 693 3298 747 in
3321 693 3415 747 illo
3441 696 3588 749 enim

1989 783 2195 852 templo
2225 782 2486 836 Dominici
2513 783 2757 848 Corporis
2780 784 3032 839 erunibus
3052 784 3141 853 jus
3166 785 3588 840 resurrectionis

1988 875 2249 930 adcrevit.
2303 875 2668 945 Resurgenn-s
2713 876 3008 945 ada'qoasti
3058 877 3289 947 angelis,
3329 878 3465 930 sicut
3503 875 3588 931 di-

1990 968 2113 1022 xisti
2141 986 2153 1020 :
2187 967 2440 1033 Quoniam
2471 985 2586 1039 qua:
2613 985 2713 1021 non
2747 973 2975 1033 nubunt,
3004 980 3048 1024 et
3078 970 3113 1023 ii
3140 971 3226 1039 qui
3256 986 3357 1023 non
3391 970 3589 1024 ducunt

1991 1078 2197 1124 uxores,
2224 1073 2371 1115 erunt
2403 1064 2536 1115 sicut
2568 1063 2741 1134 angeli
2780 1064 2831 1116 in
2872 1064 2997 1117 cwlo
3038 1062 3254 1131 (Matth.
3290 1079 3432 1126 xxu.
3469 1064 3588 1135 30).

1994 1156 2282 1210 Postremo
2311 1154 2376 1207 ad
2407 1154 2684 1209 duruerant
2719 1156 2809 1211 Dei
2844 1156 2895 1209 in
2927 1156 3021 1210 illo
3050 1155 3168 1210 Filii
3196 1154 3429 1211 hominis
3451 1157 3591 1210 solio

1992 1248 2292 1313 collocasti,
2322 1247 2464 1301 sicut
2494 1249 2608 1319 ipse
2635 1249 2885 1318 dignatus
2916 1262 2975 1302 es
3003 1248 3185 1303 dicere
3212 1265 3225 1302 :
3257 1248 3337 1303 Ea:
3366 1250 3461 1302 hoc
3486 1266 3586 1303 au-

1994 1354 2092 1397 tem
2143 1345 2237 1397 erit
2286 1340 2335 1393 F
2340 1342 2457 1397 ilius
2503 1343 2726 1397 hominis
2766 1342 2950 1400 sedens
2992 1345 3060 1397 ad
3090 1343 3354 1399 dexteram
3383 1346 3592 1400 virtutis

1995 1435 2094 1491 Dei
2121 1435 2275 1505 (Luc.
2310 1452 2447 1502 χχιι,
2480 1436 2595 1507 69).

2066 1554 2155 1610 90.
2178 1554 2335 1611 Unde
2353 1555 2648 1625 Apostolus
2668 1556 2943 1614 admirans
2965 1558 3161 1612 divinm
3184 1559 3324 1614 dona
3351 1559 3592 1630 pictatis,

1997 1650 2155 1705 simul
2187 1650 2484 1705 ostendens
2513 1666 2672 1704 unam
2705 1650 2879 1705 Patris
2908 1659 2964 1705 et
2995 1650 3116 1705 Filii
3148 1666 3272 1706 esse
3302 1652 3597 1708 liberalita-

1999 1755 2137 1810 tem,
2168 1745 2280 1798 ait:
2315 1742 2456 1798 Deus
2486 1754 2655 1797 autem
2695 1746 2782 1813 qui
2825 1745 2962 1798 dives
3006 1754 3077 1798 est
3121 1745 3178 1798 in
3212 1738 3597 1813 misericordia;

2001 1849 2212 1912 propter
2262 1838 2474 1892 multam
2503 1837 2808 1892 charitatem
2852 1855 2952 1908 qua
3000 1838 3184 1892 dilexit
3232 1854 3325 1892 nos
3370 1838 3591 1907 (Ephes.

1995 1946 2052 1997 ιι,
2078 1930 2155 2001 4).
2184 1929 2353 1985 Aulis
2385 1931 2437 1985 in
2467 1946 2573 2001 quo
2602 1930 2839 1997 debeas,
2871 1931 3060 1988 homo.
3091 1932 3245 1986 divcs
3274 1947 3430 1994 esse,
3461 1946 3599 2003 quas

1997 2028 2198 2083 habere
2233 2038 2255 2065 ο
2287 2029 2550 2092 virtutes,
2599 2043 2782 2081 amare
2835 2026 2885 2080 in
2939 2026 3084 2091 Deo,
3121 2026 3173 2080 in
3223 2036 3276 2082 te
3322 2025 3595 2097 probare:

1996 2119 2134 2175 inire
2173 2120 2432 2174 beneﬁcia
2479 2119 2868 2175 misericordiae
2910 2118 3298 2189 charitatisqne
3327 2119 3590 2174 caelestis.

1995 2212 2063 2267 Et
2088 2211 2334 2267 addidit:
2368 2211 2430 2266 Et
2461 2228 2578 2266 cum
2604 2229 2827 2265 essemus
2857 2213 3051 2265 mortui
3082 2211 3338 2279 peccatis,
3377 2211 3599 2264 convivi-

1995 2306 2165 2375 ﬁcavit
2190 2322 2282 2359 nos
2304 2310 2357 2359 in
2376 2303 2603 2367 Christo.
2625 2307 2777 2375 cujus
2800 2305 2964 2377 gratia
2980 2304 3102 2357 estis
3122 2304 3307 2357 salvati
3330 2320 3347 2357 :
3376 2314 3420 2357 et
3443 2302 3601 2358 simul

1995 2400 2293 2464 suscitavit,
2331 2400 2487 2453 simul
2519 2400 2637 2470 fecit
2678 2402 2853 2453 sedere
2892 2400 2945 2451 in
2974 2397 3291 2461 ctelestibus,
3316 2398 3371 2451 in
3394 2395 3599 2452 Christo

1994 2492 2120 2547 Jesu
2162 2491 2378 2564 (llud,
2401 2494 2433 2547 5
2460 2502 2507 2548 et
2536 2493 2619 2563 6).
2654 2490 2714 2546 In
2744 2490 2965 2546 tlhristo
2993 2490 3178 2561 utique
3223 2493 3522 2545 honoratur
3550 2500 3607 2546 et

1988 2603 2143 2643 caro.
2187 2589 2277 2642 Ille
2308 2588 2470 2655 igitur
2493 2587 2582 2658 qui
2610 2587 2677 2642 ad
2707 2587 2989 2642 dexteram
3024 2585 3117 2639 Dei
3150 2585 3341 2650 sedet,
3377 2596 3599 2656 propter

1998 2700 2097 2739 nos
2150 2685 2362 2757 1228
2414 2684 2728 2737 lmmiliatus
2782 2694 2884 2738 est.
2945 2681 3177 2751 Ideoque
3222 2680 3352 2735 dicit
3402 2679 3597 2734 nobis:

1999 2778 2194 2832 Discite
2222 2797 2253 2831 a
2282 2795 2361 2832 me
2387 2780 2509 2847 quia
2536 2778 2674 2830 mitis
2698 2793 2813 2830 sum
2832 2816 2846 2835 .
2872 2785 2917 2829 et
2943 2773 3156 2828 humilis
3182 2774 3341 2827 corde
3368 2771 3598 2845 (Matth.

2000 2888 2071 2937 st,
2102 2872 2229 2940 29).
2262 2871 2375 2926 Non
2405 2869 2582 2925 di\it:
2627 2869 2829 2924 Discite
2859 2884 2888 2921 a
2922 2883 3039 2927 me,
3074 2869 3196 2935 quia
3232 2873 3424 2936 puteus
3453 2880 3596 2931 sum,

1998 2964 2093 3020 sed
2123 2965 2245 3035 quia
2281 2963 2502 3017 hmuilis
2539 2964 2733 3026 corde;
2770 2970 2831 3015 ιιι
2858 2972 2913 3015 tu
2952 2959 3102 3014 illum
3145 2959 3406 3023 imiteris,
3450 2970 3501 3011 ut
3544 2968 3600 3010 ιιι

2000 3055 2051 3111 ei
2080 3056 2227 3110 dicas
2253 3074 2265 3109 :
2293 3055 2544 3122 Doiuine,
2574 3054 2755 3107 audivi
2783 3067 2972 3107 vocem
3006 3058 3178 3115 tuam,
3206 3048 3425 3120 implevi
3458 3062 3601 3119 prte-

1999 3158 2217 3216 ccptum
2244 3159 2413 3201 tuum.
2432 3145 2622 3200 Dixisti
2654 3157 2758 3199 uta
2790 3154 2841 3199 te
2858 3142 3599 3199 disceremushumilitatem:

2002 3243 2287 3298 didicimus
2317 3258 2424 3297 non
2468 3247 2641 3294 solum
2674 3254 2926 3294 sermone
2957 3246 3050 3293 tuo
3075 3280 3090 3302 ,
3138 3236 3233 3292 sed
3274 3236 3435 3291 etiam
3480 3242 3603 3289 actu

2006 3347 2119 3405 tuo,
2164 3334 2267 3391 feci
2291 3335 2433 3407 quod
2463 3334 2782 3407 imperaSti:
2830 3332 2961 3388 Vide
2987 3332 3325 3386 humilitatem
3358 3348 3545 3386 meam.

2073 3448 2162 3503 21.
2204 3448 2422 3503 Athleta
2452 3448 2626 3501 bonus
2651 3446 2893 3501 membra
2925 3462 3019 3501 sua
3052 3454 3355 3509 monstrat;
3389 3455 3444 3500 ut
3471 3459 3604 3499 con-

2003 3543 2328 3599 versationis
2349 3558 2458 3598 suar
2481 3541 2744 3612 approbet
2768 3542 3133 3609 disciplinam.
3159 3541 3417 3595 MOIISII‘M
3437 3541 3602 3595 etiam

2004 3647 2132 3692 tunc
2177 3637 2417 3692 membra
2465 3652 2598 3698 sua,
2655 3634 2872 3700 quando
2904 3646 3025 3705 post
3072 3635 3248 3705 aliqua
3302 3632 3604 3689 certamina

2003 3734 2274 3803 graviora,
2297 3733 2488 3786 iterum
2514 3730 3121 3800 certareCompellitur;
3153 3740 3208 3783 ut
3236 3730 3393 3796 index
3411 3729 3605 3783 videns

2004 3826 2204 3881 fessum
2236 3840 2466 3895 corpus,
2510 3838 2848 3894 nequaquam
2880 3840 3005 3876 cum
3048 3835 3259 3876 certare
3289 3822 3604 3892 corripellat.

2006 3919 2073 3975 Et
2104 3928 2161 3974 tu
2184 3917 2412 3974 ostende
2441 3916 2623 3972 cordis
2652 3918 2724 3970 tui
2772 3914 3162 3980 humilitatem;
3195 3924 3251 3969 ut
3280 3915 3471 3969 titulos
3498 3914 3605 3968 vir-

2005 4016 2135 4082 tutis
2161 4013 2436 4068 ostendas.
2464 4011 2702 4066 0~tende
2730 4022 2782 4062 et
2809 4007 3055 4077 corporis
3081 4008 3156 4061 ιιιὶ
3184 4008 3517 4070 certamina;
3550 4016 3610 4061 ut

2005 4107 2194 4161 dicas:
2243 4103 2513 4159 Certamen
2543 4102 2735 4155 bonum
2773 4101 2993 4165 certavi,
3031 4116 3235 4153 cursum
3259 4100 3608 4152 consummavi

2007 4197 2088 4271 (ll
2121 4197 2253 4251 Tim.
2282 4212 2355 4262 tv,
2381 4197 2448 4265 7)
2474 4213 2488 4248 :
2517 4206 2568 4250 et
2600 4193 2793 4248 videns
2819 4193 3074 4261 Spiritalis
3101 4191 3265 4262 jnch
3297 4188 3323 4228 ά
3353 4191 3608 4246 certami-

2006 4295 2113 4359 nis,
2144 4305 2404 4347 corouam
2428 4287 2653 4358 iustitia!
2674 4287 2970 4352 decernat;
2996 4286 3252 4355 quoniam
3282 4285 3454 4354 legem
3480 4295 3608 4354 ago-

2007 4389 2094 4444 nis
2125 4385 2379 4456 implesti.

2078 4507 2171 4562 2%.
2208 4506 2390 4580 (Vers.
2420 4502 2574 4574 I54.)
2614 4501 2870 4567 Sequitur
2894 4512 3084 4553 versus
3111 4496 3420 4552 secundus:
3450 4494 3607 4551 Iudi—

2009 4619 2067 4657 ca
2102 4600 2363 4672 judicium
2386 4613 2571 4656 meum,
2602 4604 2647 4648 et
2670 4594 2827 4648 libera
2850 4608 2927 4644 me
2951 4608 2969 4645 :
3001 4601 3208 4660 prapter
3228 4588 3433 4643 verbum
3460 4601 3607 4642 tuum

2009 4694 2210 4759 vivi/ica
2230 4706 2330 4744 me.
2358 4687 2633 4742 Festinant
2660 4683 2865 4738 innoxii
2889 4683 2955 4737 ad
2980 4682 3264 4751 judicium,
3287 4693 3336 4735 et
3376 4680 3608 4751 propria:

278 4797 552 4852 .Narrabo
581 4810 766 4850 nomen
800 4806 947 4848 tuum
975 4793 1223 4863 fratribus
1263 4792 1390 4843 meis
1419 4787 1593 4855 (Psal.
1625 4802 1741 4853 χιιι,
1767 4785 1863 4857 ‘25)
1886 4800 1901 4850 ;
1928 4775 1983 4835 D
2010 4783 2335 4840 innocentia:
2388 4779 2611 4833 arbitris
2659 4776 2974 4831 desiderant
3026 4774 3187 4828 citius
3236 4773 3605 4842 comprobari.

304 4903 563 4960 suscepto
594 4892 739 4945 enim
762 4904 994 4958 corpore
1020 4888 1184 4942 frater
1204 4902 1265 4942 es
1289 4889 1480 4950 lactus,
1514 4899 1617 4939 nec
1643 4885 1902 4938 Dominus

301 5000 426 5039 esse
469 4981 734 5039 desisti.b
778 4981 949 5051 Major
998 4979 1389 5049 redemptionis
1428 4978 1638 5048 gratia:
1683 4975 1904 5046 pericli-

303 5090 483 5137 tantes
511 5092 689 5135 morte
727 5078 947 5148 propria
978 5074 1281 5139 redemisti,
1317 5075 1455 5127 sicut
1481 5073 1741 5142 SCl‘lptlllll
1775 5079 1858 5125 est
1886 5086 1900 5123 :

376 5278 404 5303 τι
439 5263 569 5318 Voci
598 5260 810 5329 Accipe,
839 5257 1239 5327 pra‘mittehant
1266 5256 1576 5326 superiores
1604 5251 1738 5329 edit.
1773 5252 1908 5329 Ego,

299 5338 504 5405 inquit,
549 5338 592 5389 si
624 5323 1059 5405 egeni/atusfuero
1085 5346 1118 5382 a
1147 5340 1318 5405 terra.
1339 5323 1562 5405 voni_nia_
1589 5323 1798 5377 traham
1822 5323 1910 5405 ad

298 5396 386 5463 me
412 5396 604 5478 ipsum.
646 5403 753 5478 Sed
773 5417 845 5478 ea
972 5416 1103 5478 mss.
1134 5402 1389 5478 munibus
1414 5396 1814 5477 desiderantur.
1845 5396 1913 5451 Et

301 5471 442 5535 sane
462 5480 531 5531 de
560 5477 745 5529 verbis
773 5471 922 5527 Pauli
951 5473 1126 5525 adhuc
1156 5472 1353 5539 agitur.
1658 5472 1671 5477 λ’

378 5550 407 5589 b
448 5549 571 5603 νει.
597 5545 756 5608 edit.,
789 5543 844 5597 Μ
849 5546 1044 5614 ujorem
1071 5543 1438 5614 redemptionis
1464 5540 1695 5614 gratiam
1714 5539 1916 5601 prwsti-

306 5623 450 5684 tisti;
480 5621 604 5686 quia
652 5610 1023 5683 periclitantes.
1060 5614 1214 5668 lium.
1249 5610 1384 5667 edit.
1426 5610 1481 5686 et
1514 5627 1641 5665 ttiSs.
1676 5610 1825 5686 inter
1857 5624 1917 5663 se

301 5682 648 5759 construunt.
681 5688 780 5739 nisi
806 5686 973 5759 Aqui-d
996 5686 1107 5759 illa
1147 5685 1341 5759 habet,
1374 5684 1496 5759 quia
1526 5682 1874 5759 p_et'it‘lllt_1ttles
1897 5696 1916 5734 .-

301 5753 503 5820 horum
535 5773 716 5814 autem
748 5753 952 5823 aliqui,
987 5757 1180 5827 Majori
1225 5756 1591 5824 redemptionis
1620 5753 1787 5823 gratia
1828 5767 1916 5822 pe-

301 5836 613 5899 riclitantes.
647 5829 757 5883 Nec
785 5830 885 5899 ipsi
925 5831 1083 5897 male.
1266 5886 1273 5897 ἢ

386 5898 409 5941 ε
453 5903 599 5960 Edit.
634 5908 771 5965 ant.,
802 5892 1037 5956 uirtutes.
1074 5892 1312 5953 Amorem
1350 5894 1447 5952 Dei
1479 5900 1525 5949 te
1554 5896 1771 5966 probato
1801 5892 1919 5947 imia

2011 4877 2183 4934 Habet
2215 4878 2318 4928 hoc
2346 4888 2475 4926 usus
2502 4870 2665 4925 etiam
2691 4869 2747 4923 in
2776 4871 2977 4922 eti-culo
2997 4909 3010 4925 .
3041 4867 3183 4936 quod
3213 4879 3294 4921 cst
3321 4880 3611 4920 commune

2012 4988 2132 5028 cum
2163 4967 2389 5023 sanctis.
2433 4964 2630 5019 Verum
2665 4963 2709 5018 is
2753 4960 2844 5032 qui
2891 4960 3030 5030 apud
3081 4959 3250 5014 Deum
3276 4958 3454 5028 justus
3500 4968 3608 5024 est,

2012 5066 2178 5123 habet
2216 5063 2376 5117 aliam
2403 5073 2621 5115 causam
2650 5056 2838 5129 judicii
2870 5071 2977 5109 non
3008 5052 3266 5119 timendi;
3309 5052 3436 5122 quia
3467 5052 3611 5123 apud

2017 5252 2136 5315 tari,
2157 5246 2402 5316 beneﬁcia
2418 5240 2784 5316 misericordirr
2799 5240 3169 5316 Δτιιιιιιὶιηιξςφιεξ
3189 5239 3433 5316 ccclesiis.
3456 5237 3616 5316 Rom.

2018 5309 2247 5377 uirtutes.
2270 5309 2505 5371 Amorem
2528 5312 2625 5367 Dei
2649 5325 2696 5366 te
2720 5313 2904 5365 habere.
2926 5309 3163 5382 probato,
3183 5312 3382 5364 imitare
3403 5312 3622 5366 (celestis

2020 5395 2289 5448 charitatts
2332 5386 2676 5441 dulcedinem.
2729 5382 2850 5436 Mss.
2896 5395 3077 5435 autem
3109 5390 3169 5435 ut
3215 5382 3267 5436 in
3303 5394 3481 5443 textu,
3516 5382 3621 5438 nisi

2019 5464 2162 5535 quod
2205 5461 2386 5525 plures
2411 5457 2731 5535 pra-lerunt,
2762 5455 2816 5506 in
2837 5454 2994 5519 irari;
3026 5454 3196 5535 satius
3220 5465 3395 5535 tamen
3428 5456 3622 5535 eat-le-

2022 5523 2150 5603 {Sere
2175 5523 2298 5585 eum
2326 5523 2474 5603 aliis,
2505 5527 2727 5589 imitare,
2755 5535 2813 5579 ut
2838 5532 2910 5578 sit
2932 5525 3086 5594 quasi
3117 5524 3398 5579 conclusio
3426 5523 3621 5578 verbo—

2019 5599 2137 5662 rum
2169 5599 2535 5666 superiorum.

2092 5674 2117 5713 ά
2147 5665 2269 5729 l'uSt
2288 5688 2498 5731 vocem,
2516 5667 2829 5730 certaminis,
2852 5665 2984 5722 edit.
3001 5665 3347 5728 subnectnnt,
3366 5679 3619 5736 agonem:

2021 5764 2145 5820 qua?
2166 5762 2268 5800 vox
2288 5746 2435 5798 decSI
2464 5743 2517 5795 in
2547 5739 2985 5820 IIIrS..tt.lllIllllll§..
3002 5752 3098 5791 nec
3119 5737 3404 5820 admodum
3430 5750 3622 5820 neces:

2023 5806 2163 5880 s'aria
2203 5829 2322 5881 est;
2352 5829 2473 5869 cum
2505 5828 2537 5882 p
2556 5811 2871 5882 'l'llcljtlttlll,
2899 5810 3109 5882 videns,
3128 5812 3255 5882 relet
3272 5809 3314 5861 ri
3349 5814 3518 5882 possit
3546 5806 3615 5861 ad

2022 5877 2153 5945 Illud
2188 5877 2519 5943 aulccedens
2541 5898 2552 5933 :
2582 5880 2806 5934 Ostende
2831 5889 2877 5934 et
2904 5879 3135 5949 corporis
3161 5877 3235 5931 tui
3264 5878 3568 5931 certantium
