4104 6350
465 321 595 382 “Si

1789 322 2038 382 SANCTI
2077 323 2405 383 AMBBOSH

3628 329 3767 384 1492

464 443 873 502 misericordem
891 444 1131 514 iudicem
1147 445 1251 499 sibi
1274 458 1438 500 causa
1459 455 1565 510 est,
1585 444 1727 516 apud
1751 445 2063 517 redempto-
2093 444 2141 506 A
2166 443 2424 512 operibus
2447 443 2595 508 suis,
2646 453 2873 515 propter
2900 445 3124 500 verbum
3158 455 3337 501 tamen
3386 446 3481 503 Dei
3525 448 3767 504 clemen-

466 553 583 594 rem
605 553 763 595 suum
791 537 907 594 vult
928 538 1039 594 cito
1063 547 1118 592 et
1145 546 1329 608 sperat
1356 537 1585 592 absolvi.
1609 537 1900 594 Absolutio
1921 540 2066 594 enim

463 640 674 689 matura
697 641 1007 702 sanctorum
1038 640 1138 685 cst.
1161 629 1316 688 Unde
1346 637 1402 684 et
1425 629 1687 688 Dominus
1709 630 1787 686 ait
1812 645 1908 700 per
1937 630 2070 687 Eze-

467 724 699 781 chielem
731 723 798 780 ad
845 723 1068 793 angelos
1096 723 1189 794 qui
1233 723 1471 779 ministri
1517 732 1644 782 sunt
1683 724 1946 782 ultionum
1978 741 1992 779 ε
2025 725 2069 780 A

462 820 656 876 sanctis
677 821 805 875 meis
825 820 1040 890 incipite
1066 817 1287 892 (Ezech.
1314 835 1395 886 lx,
1421 820 1498 890 6).
1527 820 1647 876 Non
1670 821 1786 877 vult
1808 821 2070 878 Dominus

464 927 755 968 commune
784 912 989 966 sanctis
1016 928 1140 968 cum
1165 911 1363 969 diaboli
1389 912 1558 970 sociis
1587 915 1922 970 consortium
1949 929 2072 971 esse

461 1005 686 1076 iudicii;
721 1005 970 1062 diabolus
1000 1007 1146 1062 enim
1177 1014 1225 1061 et
1259 1004 1492 1062 ministri
1529 1006 1648 1075 ejus
1675 1021 1797 1062 cum
1836 1005 2070 1062 homini-

465 1100 567 1157 bus
589 1117 698 1158 non
725 1101 1162 1172 ilagellahuntur.
1193 1100 1457 1170 Separata
1476 1111 1560 1157 est
1584 1116 1766 1171 poena,
1791 1100 1882 1156 ubi
1904 1101 2074 1156 distat

469 1205 527 1252 et
553 1196 732 1266 culpa.
759 1196 994 1268 ideoque
1015 1197 1121 1253 alio
1151 1197 1272 1253 loco
1301 1197 1580 1266 Scriptura
1604 1197 1717 1252 ait:
1754 1196 1976 1266 Tempus
1997 1208 2074 1254 est

467 1291 694 1363 incipere
733 1291 996 1361 judicium
1023 1307 1054 1345 α
1083 1291 1236 1347 domo
1267 1290 1369 1346 Dei
1396 1290 1623 1364 (lPetr.
1655 1306 1730 1358 tv,
1764 1292 1893 1361 17).
1924 1292 2072 1360 Quos

471 1385 766 1440 miseratur
797 1386 974 1452 enim,
1016 1385 1124 1440 cito
1162 1385 1418 1455 castigat;
1455 1393 1513 1440 ut
1561 1399 1671 1441 non
1707 1384 1911 1440 diutius
1952 1385 2074 1440 afﬁ-

467 1478 685 1534 ciantur
731 1476 898 1532 futuri
944 1477 1349 1547 exspectatione
1391 1476 1621 1547 iudicii,
1669 1492 1777 1534 non
1811 1477 2073 1544 prolixius

471 1571 670 1628 misera
692 1580 874 1629 reatus
901 1581 1048 1628 sorte
1070 1579 1447 1638 macerentur;
1477 1580 1538 1628 ut
1559 1571 1927 1642 unusquisque
1950 1573 2074 1632 red-

472 1665 566 1720 dat
606 1666 770 1724 etiam
800 1663 1035 1736 duplicia
1079 1675 1302 1738 peccata
1332 1680 1458 1734 sua,
1486 1682 1594 1736 quo
1639 1666 1856 1722 tandem
1900 1669 2074 1738 possit

471 1757 698 1816 absolvi.
734 1759 902 1816 Poena
943 1761 1088 1816 enim
1119 1775 1337 1818 reorum
1396 1761 1644 1831 quaedam
1671 1762 1944 1822 absolutio
1974 1763 2072 1820 de-

473 1850 725 1907 lictorum
755 1861 858 1907 est.

546 1965 638 2023 25.
682 1965 939 2023 Videmus
988 1966 1041 2022 in
1078 1965 1184 2022 hoc
1225 1968 1427 2024 saeculo
1457 1967 1694 2026 insertos
1723 1969 1957 2028 nexibus
1985 1984 2075 2028 ca-

477 2068 728 2116 tenarum
763 2075 888 2116 reos
929 2061 981 2116 in
1013 2060 1198 2132 specie
1231 2076 1442 2132 pompas
1471 2064 1796 2120 miserabilis
1827 2064 1950 2120 duci
1977 2083 1989 2120 :
2019 2073 2077 2122 et

475 2168 884 2223 nonnumquam
914 2152 1020 2210 hoc
1044 2154 1321 2225 patiuntur
1346 2155 1627 2223 insontes;
1657 2168 1715 2213 ut
1737 2157 2076 2214 tolerabilius

475 2248 544 2302 sit
573 2248 742 2313 mori,
776 2264 938 2319 quam
967 2250 1094 2305 talia
1119 2249 1304 2307 subire
1333 2251 1616 2321 supplicia.
1657 2252 1859 2323 Optant
1887 2254 2077 2324 utique

473 2339 652 2396 audiri
683 2340 952 2400 bene'sibi
984 2343 1187 2398 conscii
1216 2360 1230 2399 :
1260 2351 1448 2414 optant
1485 2344 1653 2401 etiam
1686 2345 1739 2400 bi
1774 2345 1866 2417 qui
1892 2347 2076 2416 gravi-

474 2431 577 2487 bus
598 2431 818 2505 ﬂagitiis
847 2443 1126 2506 urgentur,
1152 2450 1365 2506 pmnam
1384 2435 1576 2495 mortis
1600 2437 1879 2494 celeritate
1901 2447 2076 2495 trans-

471 2526 651 2598 igere;
687 2536 747 2582 ut
791 2527 1068 2598 aliquanta
1095 2529 1416 2599 compendia
1448 2541 1743 2600 pinnarum
1773 2531 2073 2588 lucrentur.

470 2618 608 2690 Spes
640 2629 724 2676 est
754 2622 916 2680 etiam
945 2621 1012 2677 de
1053 2622 1254 2692 iudicis
1286 2622 1681 2680 misericordia.
1732 2623 1855 2694 ipso
1884 2624 2079 2680 exsilio

473 2715 710 2770 claustra
738 2717 975 2774 carceris
1005 2715 1224 2776 duriora
1257 2725 1402 2786 sunt,
1433 2733 1533 2774 nec
1559 2717 1770 2775 reditus
1801 2720 1855 2774 in
1889 2735 2080 2789 perpe-

474 2816 627 2864 tuum
659 2809 917 2866 omnibus
944 2811 1328 2868 intercluditur
1357 2811 1632 2882 relegatis.
1661 2811 1718 2870 Si
1746 2811 1863 2868 haec
1884 2827 2078 2882 opera-

475 2911 564 2959 tur
612 2905 910 2962 humanum
965 2921 1232 2973 examen,
1282 2915 1486 2975 quanto
1532 2905 1699 2976 magis
1743 2905 1943 2961 Christi
1997 2913 2080 2962 est

475 2997 730 3055 omnibus
760 2998 1162 3067 expetendum!
1195 2995 1451 3054 Diﬂ'ertur
1476 2997 1676 3052 diaboli
1699 2997 1990 3066 judicium;
2025 3007 2081 3054 ut

475 3091 547 3144 sit
575 3092 795 3162 semper
827 3092 879 3148 in
917 3091 1092 3162 poenis
1124 3106 1247 3146 reus
1268 3130 1282 3153 ,
1319 3105 1533 3160 semper
1575 3090 1935 3160 improbitatis
1965 3105 2080 3146 sua:

474 3182 706 3238 innexus
733 3182 968 3248 catenis,
996 3181 1347 3239 conscientias
1374 3197 1486 3238 suae
1517 3183 1570 3237 in
1601 3193 1920 3252 perpetuum
1953 3196 2076 3236 sns-

478 3274 644 3332 tineat
686 3276 804 3345 ipse
837 3275 1126 3346 judicium.
1169 3275 1296 3331 Ideo
1326 3284 1352 3313 ιι
1380 3276 1531 3332 dives
1563 3276 1651 3331 ille
1683 3276 1736 3330 in
1788 3276 2079 3346 Evangelia

477 3367 627 3438 (Luc.
641 3368 836 3440 xn,20)
850 3411 865 3436 ,
888 3369 1100 3442 1229
1117 3368 1242 3423 licet
1264 3378 1519 3440 peccator
1537 3368 1842 3440 poenalibus
1856 3378 2080 3440 urgetur

476 3466 736 3518 :erumnis
758 3506 772 3531 ,
807 3472 864 3518 ut
891 3465 1066 3537 citius
1104 3464 1276 3534 possit
1319 3463 1550 3520 evadere
1577 3482 1589 3517 :
1621 3463 1867 3518 diabolus
1897 3471 2077 3520 autem

478 3573 818 3631 nequaquam
871 3556 1187 3627 pervenisse
1231 3556 1299 3612 ad
1342 3557 1607 3629 judicium
1650 3557 2076 3623 demonstratur,

477 3666 821 3724 nequaquam
854 3650 1032 3706 adhuc
1064 3650 1238 3721 poenis
1279 3665 1400 3706 esse
1440 3651 1748 3720 subjectus;
1800 3650 1900 3708 nisi
1945 3666 2078 3722 quas

477 3747 594 3814 ipse
628 3753 900 3798 tantorum
937 3744 1190 3798 conscius
1231 3744 1497 3800 scelerum
1540 3743 1698 3798 solvit
1732 3744 1925 3800 timore
1953 3760 2078 3816 per-

475 3845 665 3905 petuo,
694 3850 764 3892 ne
784 3835 1078 3906 aliquando
1101 3851 1324 3892 securus
1354 3837 1445 3894 sit.

543 3945 634 4002 24.
677 3947 847 4004 Immo
893 3956 952 4003 ut
996 3948 1175 4006 verius
1219 3948 1418 4015 dicam,
1450 3958 1674 4007 sanctus
1703 3949 1770 4006 ad
1810 3950 2075 4022 judicium

475 4039 656 4104 venit,
709 4039 907 4111 impius
954 4054 1064 4096 non
1114 4039 1303 4096 venit:
1358 4040 1615 4108 Quoniam
1652 4059 1754 4098 non
1803 4053 2079 4115 resurgunt

470 4133 619 4206 impii
647 4133 700 4190 in
717 4132 926 4205 judicio
961 4131 1133 4204 (Prol.
1169 4149 1220 4198 ι,
1249 4131 1328 4205 5).
1359 4133 1457 4190 llic
1490 4137 1623 4206 petit
1653 4144 1711 4192 ut
1737 4135 2073 4206 absolvatur,

472 4225 613 4282 alius
644 4233 702 4280 ut
737 4225 1008 4284 coercitus
1037 4224 1358 4282 dimittatur.
1391 4223 1419 4264 δ
1447 4226 1549 4296 Qui
1577 4236 1758 4284 autem
1795 4243 1900 4283 non
1929 4228 2079 4299 judi-

473 4325 651 4383 catnr,
683 4332 791 4370 non
825 4315 1076 4381 credidit,
1124 4316 1220 4372 sed
1251 4317 1543 4387 impietatis
1584 4333 1697 4372 sua:
1723 4318 1930 4390 judicio
1960 4321 2076 4390 ipse

470 4412 714 4482 punitur.
747 4409 905 4483 Apud
944 4409 1301 4481 imperatores
1331 4411 1463 4464 istos
1490 4425 1597 4468 non
1628 4411 1926 4484 puniuntur
1955 4428 2076 4470 sce-

472 4503 604 4559 leris
638 4505 716 4558 rei
756 4503 1014 4572 barbari,
1061 4503 1203 4574 quod
1246 4502 1299 4559 in
1328 4519 1424 4560 sua
1455 4513 1614 4574 gente
1658 4507 2069 4576 commiserint;

470 4597 596 4666 quia
631 4609 735 4649 non
764 4606 890 4650 sunt
919 4596 1022 4651 sibi
1051 4593 1274 4660 subditi,
1306 4595 1400 4652 sed
1427 4597 1678 4667 graviore
1702 4598 1924 4656 nomine
1949 4601 2075 4657 hos-

471 4697 553 4743 tes
580 4687 869 4756 habentur,
897 4689 991 4762 qui
1021 4690 1138 4744 sine
1167 4687 1593 4762 interrogatione
1626 4692 1818 4764 privati
1848 4695 2072 4752 sceleris

469 4781 786 4853 puniuntur.
824 4783 898 4838 Ita
939 4790 995 4835 et
1023 4778 1275 4837 Christus
1303 4799 1429 4838 suos
1457 4786 1685 4856 castigat
1709 4802 1842 4857 quos
1871 4787 2068 4860 diligit,

467 4874 680 4952 alienos
711 4884 983 4945 tamquam
1005 4872 1248 4944 generali
1277 4875 1626 4932 damnatione
1651 4877 1948 4952 impietatis
1977 4881 2072 4936 ad-

467 4945 688 5020 strictos
737 4979 910 5036 paena:
959 4963 1124 5020 donat
1165 4974 1416 5037 aeternio;
1470 4945 1767 5023 Novissima
1811 4974 2068 5030 enim.....

469 5057 756 5111 destruetur
781 5074 918 5112 mors
945 5057 988 5129 (ι
1011 5055 1131 5113 Cor.
1166 5074 1255 5123 xv,
1285 5057 1378 5130 26)
1406 5075 1418 5112 :
1464 5069 1519 5115 et
1545 5069 1726 5117 tamen
1758 5065 2069 5122 verecunde

469 5148 628 5208 docet
651 5147 921 5226 Propheta
965 5149 1218 5224 exeniplo
1249 5150 1370 5218 sui;
1415 5161 1472 5205 ut
1516 5153 1680 5207 etiam
1726 5157 1819 5225 qui
1867 5154 2069 5213 diffidit

543 5341 568 5370 ιι
607 5331 662 5386 Si
691 5331 810 5410 quis
827 5333 1124 5410 contendat
1142 5334 1232 5390 hic
1260 5333 1482 5410 indicari
1510 5335 1732 5393 divitem
1757 5337 1909 5395 illum
1929 5354 2061 5410 epu-

468 5403 649 5476 lonem
679 5402 754 5476 de
774 5417 882 5471 quo
910 5403 1040 5460 Luc.
1064 5422 1159 5460 vnt
1191 5407 1442 5476 parabola
1473 5409 1794 5474 instituitur,
1824 5411 1928 5467 hoc
1948 5402 2060 5470 dic-

470 5483 588 5552 tum
610 5473 874 5552 intelligat
920 5476 972 5530 in
1009 5473 1276 5552 sententia
1306 5494 1494 5552 eorum
1514 5521 1528 5546 ,
1567 5481 1638 5537 de
1663 5473 1862 5552 quibus
1891 5484 2060 5540 Enar.

469 5545 521 5597 in
552 5543 693 5597 Psal.
719 5559 757 5602 ι.
791 5544 856 5597 ad
878 5561 1026 5622 num.
1048 5548 1141 5622 5t,
1173 5549 1420 5622 nonnihil
1445 5543 1874 5608 obserVavimus.
1903 5556 2060 5622 Quod

469 5629 611 5692 vero
637 5624 863 5692 negatur
891 5617 1140 5692 diabolus
1165 5619 1426 5692 judicium
1455 5623 1631 5678 adhuc
1666 5627 1899 5680 subiisse
1915 5617 1947 5692 ’ξ
1970 5635 2060 5680 aut

467 5688 690 5744 omnino
721 5685 774 5741 in
801 5688 976 5754 pomis
995 5703 1140 5755 esse,
1163 5685 1279 5746 [nec
1302 5693 1398 5746 fuit
1423 5694 1663 5750 omnium
1696 5705 1808 5750 ant.
1838 5685 2057 5753 Patrum

466 5755 965 5885 (7)|ii‘l‘l‘l(};a1l::l“l;l;
969 5760 1176 5887 ﬁgam
1210 5765 1344 5818 texit
1376 5763 1612 5822 Maldon.
1641 5766 1706 5822 de
1730 5765 1972 5840 Angelis,
2002 5784 2056 5838 ᾳ.

2169 536 2362 593 tiorem
2389 547 2573 608 speret
2599 539 2945 594 sententiam.

2242 631 2335 688 25.
2397 632 2551 690 Alius
2611 641 2836 703 propter
2889 633 3107 689 divitias
3162 634 3350 692 vivere
3405 635 3573 706 cupit,
3631 637 3770 694 alius

2171 735 2394 798 propter
2420 727 2558 783 ﬁlios
2591 746 2603 781 :
2635 727 2724 783 hic
2751 740 2974 799 propter
3000 728 3222 784 verbum
3262 729 3357 784 Dei
3377 728 3648 802 .viviiicari
3676 746 3771 802 pe-

2173 820 2259 884 tit,
2315 821 2456 874 sicut
2504 817 2724 875 Simeon
2788 819 3002 874 Domini
3048 822 3384 891 exspectavit
3439 822 3766 889 adventum;

2177 922 2199 950 ο
2219 911 2359 968 vidit
2385 912 2528 967 enim
2553 911 2841 967 Dominum
2873 912 2926 967 in
2960 912 3377 983 templo,etait:
3412 913 3567 969 Nunc
3595 916 3773 971 dimit-

2173 1005 2236 1060 tis
2259 1021 2458 1061 seruum
2501 1013 2766 1060 tuum.....
2791 1005 2846 1059 in
2875 1022 3038 1076 pace;
3068 1007 3190 1076 quia
3228 1005 3466 1061 viderunt
3506 1008 3645 1062 oculi
3675 1009 3772 1064 mei

2173 1097 2402 1153 salutare
2441 1107 2585 1152 tuum
2615 1097 2767 1168 (Luc.
2816 1114 2885 1164 tt,
2935 1099 3006 1154 29
3033 1110 3078 1153 et
3105 1098 3200 1172 50)
3227 1119 3240 1156 :
3271 1115 3526 1157 asserens
3553 1103 3774 1159 vivendi

2174 1190 2278 1247 sibi
2304 1192 2656 1261 cupiditatem
2684 1192 2845 1247 aliam
2876 1208 2981 1248 non
3028 1193 3218 1260 fuisse,
3250 1195 3353 1250 nisi
3395 1205 3455 1250 ut
3495 1195 3771 1253 Christum

2174 1282 2406 1340 videret.
2459 1285 2702 1356 Denique
2747 1284 2913 1353 vidit,
2965 1295 3022 1342 et
3067 1286 3298 1344 vinculis
3343 1287 3484 1344 solvi
3530 1289 3774 1360 corporis

2176 1378 2488 1448 postulavit.

2244 1471 2336 1528 26.
2381 1472 2680 1528 Possumus
2708 1473 2873 1529 etiam
2904 1473 3256 1545 intelligere:
3287 1473 3484 1530 Iudico
3512 1475 3775 1547 judicium

2174 1581 2365 1634 meum,
2389 1567 2541 1635 quasi
2566 1568 2785 1636 gravior
2807 1582 2838 1622 a
2863 1567 3022 1623 nobis
3048 1582 3208 1625 causa
3235 1570 3308 1625 sit
3331 1569 3399 1625 de
3421 1568 3626 1640 judicio
3649 1585 3777 1626 nos-

2177 1671 2281 1732 tro,
2314 1677 2473 1732 quam
2505 1663 2574 1720 de
2610 1678 2804 1720 errore
2835 1664 3085 1721 dicenda.
3138 1664 3356 1721 Errantl
3388 1667 3532 1721 enim
3564 1666 3776 1723 facilius

2175 1752 2336 1809 datur
2361 1757 2541 1824 venia,
2576 1771 2740 1826 quam
2765 1755 3010 1826 improbe
3043 1758 3094 1812 in
3123 1757 3289 1812 alium
3315 1757 3580 1828 judicanti
3615 1776 3630 1814 :
3664 1759 3772 1816 Ne-

2101 1841 2148 1901 B
2176 1860 2331 1903 cesse
2381 1857 2464 1903 est
2515 1849 2661 1903 enim
2707 1863 2827 1904 eam
2875 1847 3106 1905 formam
3152 1850 3209 1905 in
3258 1859 3311 1906 te
3339 1851 3519 1907 redire
3562 1850 3777 1923 judicii,

2175 1957 2338 2012 quam
2363 1943 2416 1998 in
2447 1943 2615 1999 alium
2646 1944 2763 2015 ipse
2783 1944 3186 2001 decernendam
3216 1947 3514 2016 putaveris.

2251 2057 2340 2111 27.
2389 2056 2570 2129 (Vere.
2612 2055 2765 2128 l55.)
2807 2057 3064 2129 Sequitur
3092 2072 3284 2114 versus
3321 2059 3557 2115 tertius:
3602 2059 3781 2132 Longe

2180 2159 2252 2204 est
2281 2167 2312 2204 a
2353 2149 2707 2220 peccatoribus
2753 2152 2934 2219 salus;
2973 2152 3220 2222 quoniam
3258 2153 3495 2224 justitias
3527 2163 3646 2209 tuas
3677 2171 3779 2210 non

2180 2245 2547 2314 quuisierunt.
2595 2244 2841 2313 Quorum
2893 2261 3076 2301 serum
3123 2255 3206 2301 est
3249 2245 3535 2317 judicium,
3588 2263 3782 2306 eorum

2180 2338 2328 2393 salus
2358 2339 2517 2409 longe
2547 2347 2667 2393 est:
2704 2337 2801 2394 sed
2842 2340 2941 2410 ipsi
2975 2349 3101 2396 sunt
3129 2341 3210 2396 sui
3241 2351 3493 2397 auctores
3525 2343 3777 2412 periculi,

2180 2433 2272 2504 qui
2317 2432 2548 2488 Domino
2580 2449 2686 2488 non
2733 2437 3259 2506 apprOpinquarunt.
3307 2436 3433 2493 Ideo
3477 2437 3605 2495 facti
3653 2448 3784 2496 sunt

2181 2526 2360 2598 longe,
2395 2527 2518 2596 quia
2548 2529 2829 2583 voluntate
2854 2544 2950 2583 sua
2981 2544 3010 2582 a
3049 2530 3245 2585 salutis
3269 2543 3328 2586 se
3359 2530 3533 2602 gratia
3563 2548 3783 2604 separa-

2182 2632 2397 2676 verunt.
2431 2621 2547 2677 Non
2579 2621 2780 2693 refugit
2809 2638 2906 2678 eos
2945 2625 3111 2693 salus,
3145 2626 3240 2681 sed
3273 2625 3378 2696 ipsi
3408 2626 3661 2697 salutem,
3688 2630 3782 2700 qui

2183 2728 2242 2770 se
2275 2716 2690 2786 elongaverunt.
2720 2715 2882 2771 Venit
2909 2717 2975 2771 ad
3005 2717 3243 2785 Judznos,
3276 2718 3373 2773 sed
3401 2717 3504 2789 ipsi
3545 2719 3779 2776 salutem

2184 2823 2291 2864 non
2340 2817 2688 2879 receperunt.
2738 2809 3024 2878 Quomodo
3069 2827 3174 2865 non
3217 2812 3576 2882 receperunt?
3604 2811 3780 2881 Audi,

2182 2902 2339 2958 Jesus
2366 2903 2512 2957 salus
2537 2912 2640 2970 est,
2665 2902 2822 2958 Jesus
2846 2904 2990 2960 illius
3019 2905 3258 2960 hominis
3289 2915 3632 2976 nuncupatus
3658 2915 3781 2964 est:

2192 2993 2344 3049 Venit
2375 2996 2511 3049 enim
2561 2995 2735 3051 Filius
2783 2997 3004 3051 hominis
3031 3013 3257 3068 qurerere
3296 3005 3342 3052 et
3373 2998 3571 3052 salvum
3612 3004 3784 3071 facere

2183 3088 2320 3157 quod
2352 3090 2572 3159 perierat
2604 3089 2756 3162 (Luc.
2794 3106 2880 3144 xxx
2903 3133 2916 3156 ,
2953 3089 3042 3160 10)
3073 3110 3084 3145 :
3122 3090 3216 3146 sed
3248 3090 3419 3146 Judaei
3453 3092 3650 3148 dimitti
3679 3094 3780 3148 sibi

2183 3183 2450 3237 latronem
2483 3184 2912 3252 postulaverunt,
2936 3182 3119 3239 Jcsum
3154 3185 3776 3258 repudiaveruntuoan.

2105 3245 2150 3306 Ο
2187 3290 2352 3344 xvm,
2389 3245 2496 3344 10):

2252 3368 2344 3423 28.
2383 3367 2516 3436 Quis
2547 3367 2728 3423 autem
2762 3377 2845 3424 est
2875 3369 2964 3440 qui
3011 3383 3070 3424 se
3114 3369 3273 3442 longe
3302 3369 3433 3426 facit
3461 3387 3488 3425 a
3524 3371 3773 3440 Domino,

2182 3461 2284 3515 nisi
2313 3462 2406 3531 qui
2435 3477 2539 3516 non
2572 3461 2809 3533 exquirit
2834 3461 3078 3532 justitias
3101 3462 3372 3532 cjus?Qui
3399 3467 3776 3535 vcrojustizias

2181 3553 2277 3610 Dei
2306 3557 2562 3628 exquirit,
2596 3571 2766 3628 prope
2795 3565 2898 3621 est,
2919 3555 3160 3613 adhaeret
3185 3557 3318 3612 Deo.
3363 3557 3429 3614 Et
3468 3558 3590 3615 ideo
3613 3560 3774 3631 justi-

2183 3647 2284 3702 tias
2321 3647 2412 3702 Dei
2442 3648 2810 3718 quierentibus
2832 3647 2962 3703 dicit
2991 3648 3323 3720 Apostolus:
3379 3648 3480 3705 Vos
3523 3653 3611 3722 qui
3659 3668 3775 3706 era-

2187 3741 2251 3796 tis
2281 3742 2458 3812 longe,
2492 3743 2617 3813 facti
2645 3745 2763 3797 estis
2793 3759 2954 3815 prape
2990 3744 3042 3796 in
3066 3744 3315 3814 sanguine
3334 3741 3525 3798 Christi
3551 3743 3771 3815 (Ephes.

2181 3851 2251 3902 ιι,
2284 3835 2396 3907 1⁸5).
2433 3836 2662 3906 Sanguis
2686 3836 2887 3891 Christi
2915 3836 3121 3906 justitia
3147 3846 3250 3891 est.
3285 3836 3527 3906 Denique
3555 3838 3672 3906 ipse
3700 3839 3776 3893 ait

2180 3929 2246 3984 ad
2274 3929 2542 3986 Joannem
2579 3949 2591 3985 :
2644 3930 2865 3986 Sine....
2900 3946 2991 3984 nos
3024 3931 3236 4004 implere
3265 3945 3466 3984 onmem
3508 3931 3774 4004 justitiam

2179 4021 2397 4097 (Μαειιι,
2427 4037 2514 4088 ιιι,
2553 4022 2667 4094 is).

2249 4135 2340 4191 29.
2384 4134 2568 4209 (Vers.
2611 4134 2762 4208 l56.)
2803 4136 3060 4208 Sequitur
3087 4152 3276 4193 versus
3316 4146 3579 4210 quartus:
3609 4137 3770 4194 Mise-

2177 4230 2402 4284 rationes
2443 4238 2545 4282 tua:
2569 4227 2746 4283 multa:
2788 4227 2975 4296 nimis,
3012 4227 3226 4284 Domine
3257 4249 3274 4284 :
3303 4229 3585 4284 secundum
3622 4231 3773 4305 judi-

2179 4323 2316 4374 cium
2345 4329 2489 4376 tuum
2511 4319 2714 4390 vivi/ica
2739 4337 2837 4375 me.
2876 4321 2987 4377 Etsi
3015 4321 3176 4392 longe
3208 4330 3291 4377 est
3331 4337 3359 4374 a
3391 4323 3771 4394 peccatoribus

2178 4412 2361 4476 salus;
2397 4420 2574 4466 tamen
2605 4427 2767 4467 nemo
2790 4413 3061 4483 deSperet,
3090 4413 3214 4486 quia
3245 4415 3428 4470 multa:
3458 4423 3585 4470 sunt
3617 4416 3769 4472 mise-

2176 4503 2427 4560 ricordiae
2453 4503 2690 4559 Domini.
2715 4506 2817 4574 Qui
2845 4505 2990 4561 enim
3013 4521 3112 4561 suo
3137 4516 3357 4576 peccato
3381 4517 3631 4578 pereunt,
3661 4507 3770 4562 mi-

2178 4595 2471 4652 sericordia
2502 4596 2718 4652 Domini
2762 4598 3081 4655 liberantur.
3118 4597 3422 4668 Miserebor,
3455 4601 3661 4672 inquit,
3685 4601 3769 4655 cui

2182 4690 2394 4764 1230
2421 4690 2655 4752 misertus
2685 4707 2770 4745 ero
2819 4689 3017 4760 (Exod.
3053 4708 3259 4760 χχχιιι,
3295 4691 3408 4764 19).
3458 4691 3639 4747 Palam
3672 4709 3768 4763 ap-

2173 4791 2353 4860 paruit
2378 4803 2485 4843 non
2515 4787 2914 4858 quaerentibus,
2945 4788 3157 4844 vocavit
3186 4785 3541 4858 refugientes,
3571 4787 3600 4826 ἀ
3629 4804 3765 4844 eou-

2177 4881 2416 4952 gregavit
2448 4880 2681 4956 ignaros,
2735 4897 2832 4953 pro
2877 4881 3131 4936 omnibus
3169 4895 3228 4936 se
3257 4879 3455 4936 obtulit
3500 4882 3767 4952 passioni.

2175 4972 2315 5028 Num
2362 4989 2491 5046 ergo
2537 4973 2765 5031 multum
2817 4974 3168 5030 misericors?
3199 4973 3566 5029 Misericordia
3619 4977 3764 5034 enim

2175 5065 2410 5122 hominis
2443 5068 2494 5122 in
2528 5069 2833 5139 proximum
2880 5082 3036 5123 suum
3073 5085 3087 5122 :
3138 5063 3514 5132 misericordia
3547 5067 3764 5127 Domini

2178 5160 2232 5214 in
2295 5173 2513 5216 omnem
2587 5175 2838 5223 carnem;
2906 5169 2966 5239 ut
3019 5160 3196 5216 omnis
3273 5175 3402 5216 caro
3454 5160 3521 5216 ad
3580 5161 3762 5218 Domi-

2237 5344 2264 5383 δ
2304 5345 2464 5420 ﬁam.
2488 5344 2634 5420 edit.
2655 5385 2670 5410 ,
2720 5344 2822 5420 Qui
2848 5354 3159 5420 autemnon
3194 5346 3395 5412 credit,
3427 5364 3531 5402 non
3550 5349 3764 5420 judica-

2167 5427 2268 5469 tur.
2303 5416 2453 5470 Haud
2487 5416 2852 5484 incommode,
2873 5418 2978 5473 nisi
3000 5418 3068 5473 ab
3093 5418 3321 5473 aliarum
3374 5429 3430 5475 et
3468 5416 3599 5474 mss.
3629 5435 3763 5476 con-

2169 5503 2329 5542 sensu
2362 5488 2709 5542 descisceret.

2239 5561 2261 5590 '
2303 5558 2506 5632 Omnes
2558 5556 2725 5632 edit.,
2786 5557 2938 5632 Unde
2987 5570 3036 5614 et
3077 5559 3360 5616 Dominum
3403 5563 3662 5632 occipiens
3705 5565 3760 5619 in

2163 5629 2383 5700 tempto,
2431 5630 2539 5684 ait:
2592 5626 2752 5684 Nunc
2793 5630 3028 5698 dimitte,
3077 5641 3184 5687 etc.
3235 5632 3365 5689 Mss.
3411 5626 3542 5690 vero
3597 5645 3654 5689 ut
3705 5636 3758 5691 in

2163 5712 2336 5758 textu.
2785 5732 2790 5736 -

2230 5769 2258 5807 ά
2299 5771 2457 5827 Rom.
2491 5773 2662 5844 edit.,
2692 5776 3018 5848 congregavit
3048 5777 3269 5848 ignotos.
