3982 6488
156 367 193 422 1
209 369 368 427 495

1303 369 1370 426 IN
1411 368 1740 430 ΡεΑιιωι
1775 369 1988 432 CXVIII
2024 372 2410 432 EXPOSITIO.

3390 383 3532 440 M94

125 495 130 498 ·
163 496 355 541 num
414 485 758 553 ascenderet,
811 483 901 540 illa
952 483 1164 539 Domini
1209 483 1558 540 miseratione
1594 484 1814 543 donata.
1839 490 1898 548 ,Δ
1925 496 1984 542 ut
2009 503 2169 544 ovem
2212 489 2433 545 lassatis
2456 491 2636 546 crucis
2665 504 2778 547 sum
2828 492 3035 565 ικι
3063 491 3311 552 humeris
3338 509 3532 566 super-

263 579 388 635 50.
431 577 538 637 Sed
564 595 685 636 cam
726 579 924 636 dixerit
964 578 1166 635 multas
1202 592 1326 634 esse
1353 578 1564 635 Domini
1593 579 1818 636 misera-

167 671 426 743 tiones,
474 675 752 745 quomodo
797 673 1098 730 secundum
1138 671 1342 744 judicia
1389 673 1509 742 ejus
1555 672 1817 729 viviﬁcari

163 769 395 836 petit;
422 769 656 824 maxime
680 783 803 824 cum
833 768 961 824 alibi
989 767 1107 839 ipse
1135 767 1279 823 dicat
1311 785 1326 820 :
1361 759 1426 821 Et
1455 783 1556 822 non
1583 769 1745 822 intres
1764 767 1820 823 in

161 858 477 926 iudicium
515 877 631 914 cum
661 876 806 916 seruo
851 869 938 914 tuo
979 858 1152 930 (Psal.
1197 875 1370 927 cxut,
1403 857 1505 930 9)?
1533 859 1639 916 Sed
1672 860 1819 916 aliud

163 959 282 1006 est
325 953 472 1008 illud
493 954 756 1024 judicium
789 952 1174 1009 beneficiorum
1201 952 1430 1020 Christi,
1474 953 1563 1008 cui
1593 967 1820 1024 respon-

165 1042 350 1102 dere
394 1060 502 1102 non
536 1061 831 1116 possumus
859 1045 1004 1118 (quis
1044 1046 1187 1100 enim
1237 1054 1416 1115 potest
1460 1044 1702 1101 debitum
1732 1061 1820 1102 re-

164 1135 363 1194 ferre
393 1149 628 1205 naturae,
659 1139 902 1194 debitum
941 1137 1128 1192 salutis
1150 1145 1205 1193 et
1220 1137 1468 1209 gratia);
1499 1137 1644 1192 aliud
1668 1137 1817 1208 judi-

167 1232 388 1300 cium,
418 1247 527 1304 quo
550 1232 858 1304 fragilitatis
885 1239 1086 1288 nostra;
1113 1229 1476 1307 aestimatione
1502 1243 1811 1287 censemur.

167 1325 242 1381 In
285 1327 410 1382 hoc
435 1326 558 1397 ipso
587 1334 765 1382 tamen
795 1325 1054 1396 judicium
1095 1338 1218 1378 cum
1248 1323 1618 1379 misericordia
1647 1339 1816 1395 copu-

171 1420 387 1475 latum
405 1429 489 1475 est
508 1435 522 1486 ;
547 1430 605 1475 ut
632 1420 828 1475 veritas
845 1416 1036 1489 judicii
1063 1415 1416 1472 miseratione
1431 1417 1645 1472 Domini
1678 1425 1814 1474 tem-

175 1523 462 1585 petetur.

268 1609 384 1663 5i.
425 1609 532 1664 Aut
573 1606 822 1675 fortasse,
864 1606 986 1679 quia
1033 1606 1292 1662 dixerat:
1325 1607 1519 1662 Judica
1554 1609 1812 1681 judicium

176 1718 388 1757 meum
424 1702 586 1775 (Sup.
634 1719 683 1756 υ.
733 1701 892 1773 154);
940 1701 1065 1758 ideo
1109 1702 1386 1758 subtexuit
1431 1703 1812 1760 miserationes

176 1794 430 1850 Domini
465 1793 690 1850 nimium
720 1794 918 1851 multas
947 1809 1109 1850 esse:
1145 1809 1314 1866 grave
1342 1803 1426 1849 est
1455 1794 1602 1850 enim
1643 1795 1712 1850 de
1733 1795 1811 1850 al-

1925 593 2157 648 ponens,
2182 581 2256 649 pii
2284 581 2469 637 oneris
2492 581 2770 640 functione
2797 595 3095 641 recrearet.

1996 669 2087 726 54.
2129 669 2382 742 Suscepit
2410 674 2657 730 advocati
2693 690 3021 752 personam:
3052 676 3237 745 Ipsum
3261 683 3398 735 enim
3427 685 3527 737 atl-

1924 772 2159 816 vocatum
2185 763 2431 820 habemus
2473 767 2617 839 apud
2649 767 2864 824 Patrem
2893 768 2938 839 (i
2965 768 3127 826 han.
3161 787 3228 839 ll,
3277 773 3353 844 1).
3397 773 3530 830 Per—

1921 854 2175 913 noctabat
2204 855 2260 909 in
2288 857 2529 914 oratione
2557 876 2656 931 pro
2686 861 2845 917 nobis
2866 861 3022 934 (Luc.
3052 879 3134 931 Vl,
3166 865 3255 935 l3)
3294 883 3310 924 :
3341 877 3398 922 ut
3427 883 3530 921 nos

1923 961 2024 1002 suo
2060 947 2381 1006 informaret
2397 953 2644 1023 exemplo
2669 955 3124 1020 quemadmodum
3161 957 3370 1013 veniam
3399 973 3558 1014 nos-.

1923 1039 2021 1094 tris
2059 1039 2356 1096 debeamus
2381 1056 2609 1098 exorare
2634 1046 2891 1114 peccatis.
2916 1047 3036 1103 Non
3076 1035 3220 1104 enim
3251 1050 3377 1107 ideo
3405 1068 3529 1122 per-

1922 1146 2188 1202 noc1aret,
2236 1137 2388 1207 quasi
2423 1139 2511 1208 qui
2537 1140 2695 1196 aliter
2730 1141 2946 1199 Patrem
2976 1145 3134 1201 nobis
3175 1149 3529 1204 reconciliare

1921 1244 2028 1285 non
2065 1239 2254 1301 posset
2279 1247 2294 1284 :
2325 1231 2420 1286 sed
2454 1241 2510 1287 ut
2528 1234 2706 1304 qualis
2726 1235 3021 1292 advocatus
3038 1253 3159 1294 esse
3187 1240 3405 1309 debeat,
3431 1242 3528 1296 de-

1920 1333 2247 1380 monstraret
2271 1341 2282 1379 :
2303 1325 2475 1396 qualis
2492 1328 2780 1393 Sacerdos,
2799 1337 2974 1384 utnon
2993 1332 3168 1388 solum
3193 1334 3408 1401 diebus,
3429 1335 3524 1390 sed

1917 1421 2081 1475 etiam
2107 1419 2354 1476 noctibus
2385 1437 2482 1492 pro
2507 1437 2670 1495 grege
2703 1422 2905 1478 Christi
2934 1425 3132 1481 debeat
3168 1438 3416 1497 precator
3441 1443 3529 1484 as-

1917 1513 2128 1570 sistere.
2155 1513 2240 1569 An
2267 1515 2592 1584 impetrandi
2629 1517 2820 1586 egebat
2846 1517 3072 1584 auxilio,
3095 1519 3186 1590 qui
3208 1518 3390 1576 facere
3410 1521 3528 1592 ipse

1916 1613 2130 1676 poterat
2170 1606 2314 1678 quod
2345 1608 2592 1678 rogabat,
2633 1610 3089 1680 quemadmodum
3118 1611 3234 1680 ipse
3259 1611 3474 1668 dicebat
3509 1631 3524 1668 :

1919 1701 2031 1773 Ego
2058 1703 2127 1756 ad
2154 1702 2364 1758 Patrem
2391 1704 2524 1758 vado
2543 1721 2562 1758 :
2584 1713 2631 1759 et
2659 1705 3017 1776 quodcumque
3042 1706 3104 1760 ab
3127 1721 3184 1760 eo
3213 1707 3463 1773 petieritis
3475 1711 3526 1760 in

1916 1797 2124 1851 nomine
2153 1812 2286 1864 meo,
2321 1799 2419 1851 hoc
2447 1798 2640 1868 faciam
2665 1797 2848 1868 (Joan.
2888 1815 3002 1864 stv,
3037 1799 3107 1854 12
3126 1809 3174 1855 et
3199 1798 3330 1871 i5)?
3363 1799 3529 1854 Deni~

175 1898 320 1943 tero
350 1887 626 1959 judicare.
664 1887 819 1944 Unde
857 1889 1024 1944 etiam
1069 1889 1331 1958 scriptum
1362 1898 1448 1944 est
1479 1906 1493 1942 :
1524 1887 1705 1945 Nolite
1722 1891 1814 1960 ju-
1843 1893 1890 1957 Β
1917 1905 2025 1961 que
2065 1890 2195 1946 alibi
2235 1891 2327 1957 ait,
2361 1906 2484 1946 cum
2525 1890 2789 1947 Lazarum
2835 1893 3192 1949 resuscitaret
3223 1909 3239 1948 :
3290 1893 3530 1948 Sciebam

171 1982 420 2046 dicare,
463 1990 522 2036 ut
557 1998 659 2036 non
679 1981 995 2055 judicemini
1043 1980 1196 2052 (Luc.
1231 1997 1314 2048 vt,
1344 1981 1462 2052 57).
1507 1983 1640 2038 Cum
1669 1984 1815 2039 enim

173 2077 592 2147 unusquisque
626 2077 697 2132 sit
721 2091 944 2132 suorum
982 2078 1235 2132 conscius
1264 2087 1634 2148 peccatorum,
1680 2092 1816 2148 quo-

171 2171 370 2228 modo
414 2180 596 2242 potest
636 2171 705 2227 de
751 2171 976 2227 alterius
1020 2171 1266 2242 judicare
1307 2172 1574 2242 peccato?
1601 2171 1816 2228 Judicet

170 2266 262 2336 (5,
302 2275 502 2338 quiest.
552 2265 606 2334 7,
641 2282 760 2339 cap.
797 2263 1036 2337 Judicet)
1081 2261 1152 2321 de
1198 2265 1422 2321 alterius
1463 2279 1675 2332 errore,
1721 2265 1813 2337 qui

168 2376 298 2416 non
350 2360 523 2416 habet
557 2360 702 2433 quod
733 2361 788 2416 in
821 2375 879 2416 se
909 2359 1028 2431 ipse
1065 2359 1392 2416 condemnet
1419 2378 1431 2412 :
1460 2359 1668 2430 judicet
1695 2360 1809 2428 ille,

167 2453 277 2525 qui
308 2467 431 2509 non
459 2462 583 2525 agat
612 2452 804 2510 eadem
833 2468 955 2525 quat
980 2453 1034 2508 in
1061 2452 1170 2508 alio
1199 2451 1472 2523 putaverit
1497 2452 1767 2523 punienda
1791 2469 1808 2520 ;

167 2562 248 2602 ne
281 2562 425 2603 cum
457 2547 526 2602 de
557 2546 669 2601 alio
685 2546 913 2616 judicat,
951 2547 1006 2601 in
1036 2563 1096 2602 se
1125 2549 1265 2602 l’crat
1295 2547 1409 2616 ipse
1434 2547 1762 2602 sententiam
1792 2565 1806 2601 :

164 2640 408 2710 judicet
440 2639 533 2694 ille
561 2639 652 2710 qui
681 2639 749 2695 ad
790 2639 1254 2710 pronuntiandum
1298 2639 1450 2694 nullo
1488 2639 1637 2707 odio,
1666 2640 1810 2696 nulla

167 2732 531 2797 offensione,
559 2732 704 2787 nulla
735 2733 954 2787 levitate
974 2733 1222 2787 ducatur.
1254 2731 1468 2786 Audisti
1492 2731 1656 2787 hodie
1683 2732 1811 2802 quid

170 2823 363 2895 jndex
399 2838 563 2879 verus
603 2833 657 2878 et
684 2824 864 2894 justus
903 2822 1118 2878 locutus
1153 2823 1222 2877 sit
1254 2841 1268 2876 :
1303 2822 1426 2877 Non
1467 2839 1697 2894 possum,
1730 2824 1812 2878 in-

172 2918 334 2988 quit,
374 2933 470 2988 ego
501 2934 532 2971 tt
563 2932 642 2970 me
664 2917 838 2986 facere
863 2916 1146 2987 quidquam
1173 2914 1356 2986 (Joan.
1389 2931 1442 2981 v,
1469 2916 1586 2985 50).

262 3012 368 3067 52.
415 3012 672 3067 Nonnulli
705 3011 945 3066 htcretici
973 3009 1221 3066 solebant
1263 3010 1390 3068 hinc
1417 3009 1598 3066 facere
1631 3025 1811 3081 quaes-

183 3108 413 3170 tiones,
439 3105 594 3175 quasi
622 3103 872 3160 inﬁmus
895 3113 1039 3159 esset
1069 3102 1262 3172 Filius,
1295 3104 1387 3174 qui
1419 3118 1447 3157 a
1479 3117 1542 3158 se
1562 3103 1696 3158 nihil
1727 3103 1809 3158 fa-

181 3207 384 3264 ceret;
423 3197 574 3268 quasi
607 3195 908 3252 secundum
929 3196 1264 3251 divinitatem
1292 3210 1507 3266 quoque
1535 3195 1806 3262 subditus,

1919 1981 2056 2052 quod
2081 1997 2282 2052 semper
2307 1998 2389 2037 me
2411 1984 2563 2038 audis
2585 1983 2767 2052 (Joan.
2804 2000 2882 2051 χι,
2910 1985 3029 2056 42).
3056 1985 3154 2041 Hic
3187 1987 3346 2057 quasi
3374 1985 3526 2041 infir-

1920 2091 2039 2130 mus
2069 2075 2442 2146 pernoctabat,
2475 2077 2567 2148 qui
2605 2077 2812 2132 sciebat
2854 2077 2999 2148 quod
3040 2093 3258 2149 semper
3282 2078 3525 2146 auditur,

1917 2170 2241 2225 etclamavit
2274 2187 2288 2225 :
2318 2170 2516 2226 Lazare
2537 2214 2552 2238 ,
2585 2172 2702 2226 ueni
2741 2174 2884 2244 foras
2912 2171 3112 2244 (Ibid.,
3156 2172 3274 2244 M).
3316 2172 3525 2230 Locuta

1916 2273 2001 2321 est
2026 2264 2376 2331 resurrectio,
2411 2279 2558 2321 mors
2586 2267 2839 2321 recessit.

1986 2357 2074 2415 55.
2118 2359 2369 2430 Suscepit
2389 2359 2555 2415 etiam
2587 2359 2842 2415 affectum
2885 2359 2992 2425 rei,
3020 2369 3076 2414 et
3100 2361 3255 2416 stetit
3276 2367 3406 2416 ante
3431 2361 3522 2430 ju-

1914 2455 2090 2512 dicem
2120 2466 2397 2527 tamquam
2429 2465 2594 2511 reus:
2639 2469 2740 2511 nec
2783 2454 3108 2525 dedignatus
3151 2463 3235 2511 est
3260 2455 3526 2511 Dominus

1913 2551 2156 2605 omnium
2218 2548 2464 2620 praesidis
2537 2549 2822 2605 vilitatem.
2882 2549 3254 2620 Interrogatus
3309 2550 3529 2605 tacebat

1915 2645 2096 2719 (Joan.
2138 2660 2249 2711 xIx,
2281 2643 2364 2716 9),
2406 2644 2701 2700 ostendens
2730 2658 2838 2699 non
2873 2643 2925 2698 in
2954 2644 3195 2699 clamore
3220 2643 3389 2708 vocis,
3422 2657 3525 2698 nec

1914 2737 1967 2791 in
1992 2736 2224 2792 forensis
2252 2737 2558 2792 assertione
2595 2735 2886 2808 patrocinii
2916 2775 2930 2802 ,
2960 2736 3056 2791 sed
3088 2736 3142 2790 in
3169 2736 3522 2790 conscientiae

1917 2827 2224 2897 integritate
2268 2841 2392 2882 esse
2422 2825 2748 2882 innocentia:
2775 2825 3149 2882 defensionem
3181 2844 3196 2880 :
3228 2839 3327 2880 nec
3367 2825 3521 2881 salu-

1918 2927 2026 2972 tem
2056 2914 2304 2986 corporis
2334 2915 2698 2982 ambiendam,
2739 2917 2837 2971 sed
2867 2916 3031 2970 animi
3064 2917 3375 2986 puritatem.
3417 2916 3522 2972 De-

1915 3010 2078 3080 nique
2105 3009 2197 3080 qui
2238 3009 2542 3065 Su-sannam
2591 3009 2833 3062 absolvit
2880 3019 3172 3074 tacentem,
3217 3023 3279 3065 se
3324 3009 3526 3064 obtulit

1916 3103 2099 3158 morti.
2125 3103 2181 3158 In
2209 3101 2301 3156 illa
2334 3117 2496 3157 causa
2520 3102 2758 3158 ostendit
2789 3110 2847 3156 ut
2877 3117 3039 3156 nemo
3078 3101 3432 3172 desperaret:
3463 3103 3518 3157 in

1914 3197 2037 3264 hac,
2067 3206 2125 3253 ut
2165 3195 2496 3251 redimendae
2524 3195 2894 3262 univcrsitatis
2926 3195 3252 3251 sacrificium
3283 3212 3391 3252 non
3421 3212 3518 3253 ne-

176 3299 236 3346 et
271 3298 516 3361 paterno
555 3289 839 3360 subjectus
868 3291 1097 3358 imperio
1128 3306 1141 3342 :
1195 3303 1294 3344 nec
1337 3288 1629 3345 advertunt
1657 3289 1804 3360 quod
1833 3289 1878 3351 C
1910 3299 2083 3361 garet.
2117 3288 2303 3345 Caesus
2330 3298 2626 3359 postremo,
2661 3304 2767 3342 non
2796 3289 3130 3344 conviciatus
3163 3297 3267 3354 est,
3291 3303 3401 3344 non
3427 3305 3517 3344 rc-

181 3384 301 3439 lioc
334 3397 560 3454 quoque
596 3382 765 3453 magis
796 3382 1082 3453 potestatis
1121 3381 1320 3438 divinm
1350 3384 1528 3438 unitas
1557 3399 1808 3453 compro-

181 3479 385 3543 betur,
434 3475 526 3530 ubi
567 3485 760 3545 putant
790 3476 930 3532 inter
970 3477 1184 3532 Patrem
1212 3487 1268 3533 et
1299 3476 1498 3532 Filium
1530 3492 1652 3534 esse
1697 3480 1808 3534 dis-

183 3571 431 3626 tantiam
479 3572 785 3642 potestatis.
819 3572 958 3627 Nihil
1001 3586 1029 3626 a
1061 3587 1121 3627 se
1162 3573 1289 3628 facit
1313 3572 1514 3643 Filius,
1557 3575 1681 3646 quia
1711 3592 1806 3646 per

186 3668 468 3723 unitatem
500 3668 836 3738 operationis
865 3683 967 3724 nec
991 3667 1158 3722 Filius
1187 3668 1304 3724 sine
1336 3665 1495 3723 Patre
1523 3668 1673 3733 facit,
1705 3685 1806 3725 nec

189 3762 320 3817 sine
345 3760 491 3817 Filio
515 3762 691 3817 Pater.
728 3763 972 3833 Denique
995 3762 1157 3818 Pater
1184 3761 1316 3819 dicit
1335 3762 1400 3818 ad
1425 3762 1620 3817 Filium
1654 3781 1666 3816 :
1696 3760 1804 3817 Fa-

185 3856 399 3910 ciamus
436 3853 698 3910 hominm
725 3855 795 3909 ao'
838 3857 1116 3927 imaginem
1154 3864 1202 3909 et
1262 3855 1655 3912 similitudinem
1685 3873 1806 3912 nos-

188 3959 329 4003 tram
367 3945 583 4020 (Gen.t,
621 3949 738 4019 26),
767 3963 1108 4005 communem
1147 3965 1399 4006 asserens
1427 3953 1803 4022 operationem

187 4053 343 4106 esse,
378 4039 473 4094 ubi
496 4053 786 4097 commune
814 4042 1105 4097 consilium
1137 4050 1241 4098 est.
1272 4043 1409 4109 Quid
1431 4045 1550 4100 sine
1571 4044 1803 4116 Sapien-

188 4134 268 4187 tia
302 4131 459 4196 facit,
483 4132 571 4202 qui
595 4133 774 4186 omnia
807 4133 859 4188 in
891 4133 1171 4204 Sapientia
1202 4134 1346 4200 fecit,
1375 4144 1432 4190 ut
1452 4136 1652 4191 lectum
1685 4147 1800 4192 est:

194 4225 396 4278 Omnia
432 4225 486 4278 in
527 4223 795 4295 Sapientia
823 4227 989 4295 fecisti
1021 4225 1194 4298 (Psal.
1239 4241 1366 4292 cm,
1397 4227 1534 4300 24)?
1563 4230 1806 4302 Denique

191 4314 487 4386 Sapientia
511 4316 682 4382 dixit,
713 4315 844 4370 Cum
872 4321 1060 4389 facem
1081 4320 1252 4386 caelos,
1281 4335 1396 4373 cum
1421 4321 1515 4376 illo
1541 4337 1798 4378 eram.....

192 4427 290 4483 ego
339 4425 486 4464 eram
529 4410 614 4463 cui
658 4411 1015 4480 applaudebat
1038 4409 1217 4483 (Prov.
1255 4427 1380 4482 vm,
1411 4414 1482 4469 27
1513 4424 1560 4469 et
1589 4415 1702 4489 50).
1738 4416 1805 4472 Et

197 4501 554 4573 Evangelista
583 4503 695 4556 ait:
739 4501 926 4557 Omnia
954 4520 1044 4575 per
1064 4505 1231 4574 ipsum
1262 4510 1402 4577 facta
1440 4517 1580 4576 sunt,
1620 4518 1665 4563 et
1691 4511 1803 4566 sine

194 4601 315 4670 ipso
340 4601 541 4669 factum
567 4606 644 4652 est
667 4598 800 4651 nihil
834 4596 1018 4667 (Joan.
1051 4614 1098 4663 ι,
1131 4598 1221 4671 5);
1255 4611 1309 4655 ut
1331 4601 1551 4658 doceret
1577 4620 1681 4659 non
1710 4621 1800 4662 so-

1913 3383 2182 3452 percussit
2209 3402 2221 3438 :
2256 3384 2321 3438 Et
2351 3382 2611 3438 Dominus
2639 3381 2765 3438 cteli
2787 3390 2950 3450 atque
2975 3392 3246 3437 terrarum
3278 3382 3514 3437 studium

1909 3478 2159 3547 deposuit
2185 3477 2426 3544 ultionis,
2456 3491 2643 3533 vocem
2677 3476 3001 3531 humilitatis
3029 3477 3242 3543 emisit,
3286 3475 3513 3532 dicens:

1913 3571 1974 3626 Si
2003 3571 2136 3625 male
2165 3570 2364 3625 locutus
2393 3587 2528 3637 sum,
2560 3570 2906 3625 testimonium
2939 3569 3147 3641 perhibe
3179 3568 3245 3623 de
3271 3571 3412 3625 male
3431 3586 3450 3624 :
3470 3571 3517 3624 si

1909 3666 2054 3733 bene,
2085 3666 2211 3736 quid
2254 3681 2337 3720 me
2375 3665 2535 3720 tardis
2564 3665 2746 3739 (loon.
2781 3677 2945 3729 xvut,
2987 3663 3123 3734 25)?
3151 3663 3318 3731 Quasi
3364 3663 3515 3718 inﬁr-

1909 3775 2052 3827 mus,
2085 3761 2250 3816 οίυάίε
2277 3759 2524 3830 deplorat
2552 3760 2808 3830 injuriam
2838 3777 2850 3812 :
2882 3769 2937 3814 et
2963 3773 3085 3814 cum
3114 3773 3174 3814 se
3206 3765 3392 3828 posset
3429 3757 3514 3811 nl-

1905 3853 2056 3918 cisci,
2084 3855 2239 3924 queri
2269 3853 2458 3908 maluit
2481 3869 2640 3924 quam
2670 3848 2972 3908 vindicare.

1979 3948 2069 4004 56.
2113 3948 2254 4018 Ergo
2285 3956 2338 4003 et
2365 3947 2453 4003 hic
2480 3963 2772 4018 personam
2810 3943 3029 4016 judicis,
3067 3946 3513 4016 proposltumque

1907 4040 2167 4108 suscepit,
2197 4039 2424 4093 dicens:
2461 4038 2583 4092 Non
2621 4054 2829 4106 possum
2861 4055 2893 4091 a
2927 4053 3008 4091 me
3031 4041 3201 4109 facere
3235 4038 3512 4105 quidquam

1907 4133 2089 4204 (Joan.
2120 4148 2174 4199 v,
2206 4131 2319 4200 50).
2352 4132 2534 4184 Bonus
2559 4131 2702 4185 enim
2736 4132 2898 4200 judex
2949 4131 3024 4201 (5,
3068 4139 3249 4198 quasi.
3303 4129 3354 4191 7,
3388 4141 3506 4196 cap.

1905 4223 2137 4293 Judicet,
2173 4224 2201 4296 δ
2235 4222 2435 4292 Bonus)
2466 4223 2601 4277 nihil
2631 4237 2695 4277 ex
2741 4221 2966 4276 arbitrio
3005 4236 3106 4276 suo
3133 4221 3284 4288 facit,
3316 4230 3372 4276 et
3409 4221 3507 4275 do~

1908 4321 2148 4377 mesticae
2179 4321 2459 4390 prOposito
2486 4317 2779 4373 voluntatis
2803 4357 2818 4381 ,
2845 4316 2936 4371 sed
2965 4317 3120 4387 juxta
3138 4316 3285 4386 leges
3307 4324 3361 4369 et
3382 4315 3507 4383 jura

1903 4415 2250 4487 pronuntiat,
2301 4423 2326 4452 α
2373 4415 2525 4470 scitis
2564 4413 2701 4484 juris
2729 4413 3089 4483 obtemperat,
3124 4425 3229 4466 non
3261 4411 3507 4481 indulget

1905 4507 2136 4580 preprize
2159 4508 2420 4563 voluntati
2447 4525 2461 4562 :
2496 4507 2631 4562 nihil
2653 4513 2898 4577 paratum
2922 4515 2977 4560 et
2999 4505 3314 4569 meditatum
3341 4503 3506 4559 domo

1902 4601 2078 4657 defert
2106 4615 2118 4653 :
2153 4601 2245 4657 sed
2269 4602 2410 4656 sicut
2431 4601 2601 4667 audit,
2629 4601 2698 4654 ita
2722 4597 2968 4669 judicat;
3003 4608 3056 4654 et
3086 4599 3225 4653 sicut
3247 4614 3308 4654 se
3341 4598 3508 4654 habet

197 4691 310 4744 lum
341 4696 686 4759 operatorem
721 4691 960 4744 omnium
997 4690 1210 4762 Filium,
1245 4697 1339 4750 sed
1371 4697 1533 4751 etiam
1568 4707 1802 4768 paternae
1829 4693 1883 4754 D
1909 4695 2108 4765 negotii
2128 4701 2342 4756 natura,
2369 4693 2635 4748 decernit.
2659 4691 2987 4761 Obsequitur
3014 4680 3240 4762 legibus,
3275 4705 3380 4745 non
3405 4691 3504 4744 ad-

197 4782 539 4853 operatiouis
568 4791 878 4840 consortem
910 4797 1052 4840 esse.

271 4878 362 4934 55.
409 4879 522 4949 Ego
553 4887 731 4936 tamen
761 4881 1019 4948 arbitror,
1045 4882 1187 4954 quod
1219 4883 1305 4939 hic
1341 4885 1492 4940 locus
1520 4884 1586 4940 ad
1610 4883 1797 4955 judicli

199 4971 431 5027 formam
473 4973 721 5029 videatur
761 4990 880 5030 esse
911 4974 1266 5043 referendus;
1317 4975 1667 5048 Evangelium
1715 4987 1800 5031 et-

201 5067 345 5120 enim
380 5081 488 5121 non
522 5066 698 5121 solum
734 5067 855 5123 fidei
879 5066 1260 5137 doctrina,sed
1295 5071 1457 5125 etiam
1484 5086 1692 5125 morum
1718 5079 1802 5126 est

205 5158 599 5227 magisterium,
633 5168 688 5214 et
713 5159 990 5228 speculum
1031 5160 1192 5230 justa:
1231 5163 1680 5218 conversationis.
1712 5163 1799 5219 ln-

203 5250 363 5303 venio
395 5249 448 5303 in
479 5251 796 5322 Evangelio,
827 5254 968 5322 quod
1011 5252 1274 5308 Dominus
1319 5254 1476 5310 Jcsus
1504 5257 1799 5312 multorum

206 5337 451 5403 allectus,
487 5347 544 5395 et
572 5339 749 5395 officia
791 5344 1126 5412 susceperit;
1169 5355 1227 5401 ut
1258 5345 1482 5401 doceret
1525 5349 1798 5418 quomodo

209 5446 307 5487 nos
337 5434 386 5486 in
415 5434 494 5488 his
517 5435 832 5491 conversari
855 5445 1135 5504 oporteret
1161 5439 1374 5494 officiis.
1403 5439 1654 5512 Suscepit
1681 5459 1802 5512 per-

210 5538 394 5580 eonam
427 5528 678 5596 pastoris,
708 5539 764 5584 et
805 5528 916 5583 ait:
960 5528 1151 5584 Pastor
1191 5531 1351 5585 bonus
1395 5533 1624 5588 animum
1656 5549 1803 5589 suout

211 5619 350 5688 ponit
379 5635 470 5689 pro
494 5621 666 5675 ovibus
686 5622 792 5675 suis
819 5621 1000 5694 (Joan.
1031 5639 1085 5689 χ,
1114 5623 1224 5696 li).
1255 5625 1486 5696 Ideoque
1515 5641 1614 5697 pro
1639 5627 1804 5682 ratio-

213 5711 372 5764 nabili
404 5727 566 5784 grege
591 5729 652 5769 se
678 5714 853 5784 ipsum
879 5715 1116 5786 passioni
1144 5718 1390 5789 corporis
1417 5735 1525 5775 non
1555 5720 1800 5790 negavit;

288 5903 312 5930 "
354 5893 509 5954 Rom.
541 5893 672 5952 edit.
693 5938 708 5966 ,
740 5898 952 5953 statutis
975 5899 1117 5972 juris
1149 5899 1480 5972 obtemperat.

1910 4797 2194 4842 versatur:
2229 4785 2502 4840 examinat
2527 4797 2705 4840 causa:
2733 4785 2945 4852 merita,
2976 4796 3081 4840 neu
3106 4789 3298 4839 mutat.

1980 4881 2068 4934 57.
2113 4877 2334 4945 Discite,
2363 4878 2571 4949 judices
2601 4871 2807 4945 sa-culi,
2836 4889 2993 4948 quem
3026 4877 3081 4932 in
3104 4876 3398 4948 judicando
3425 4885 3504 4932 te-

1911 4989 2039 5032 nere
2061 4975 2307 5032 debeatis
2333 4974 2606 5042 affectum,
2628 4989 2787 5046 quam
2813 4973 3185 5039 sobrietatem,
3210 4985 3370 5044 quam
3400 4969 3505 5026 sln-

1909 5071 2214 5127 ceritatem.
2242 5070 2504 5125 Dominus
2532 5071 2772 5126 omnium
2797 5068 2960 5123 dicit:
2992 5067 3112 5122 Non
3132 5085 3338 5140 possum
3361 5084 3453 5140 ego
3472 5085 3505 5123 a

1907 5179 1986 5218 me
1997 5164 2472 5235 facerequidquam.
2497 5163 2633 5217 Alibi
2655 5164 2803 5232 lego:
2838 5159 3047 5232 Negare
3063 5161 3387 5231 semetipsum
3402 5171 3505 5215 non

1907 5268 2069 5326 potest
2089 5256 2158 5328 (ll
2189 5255 2320 5310 Tim.
2349 5272 2419 5322 ll,
2444 5254 2556 5327 i5).
2588 5255 2703 5309 Non
2734 5265 2908 5325 potest
2930 5253 3134 5325 utique,
3158 5269 3263 5308 non
3296 5270 3391 5324 per
3421 5256 3506 5309 itt-

1906 5349 2237 5415 firmitatem,
2253 5349 2346 5403 sed
2373 5363 2467 5418 per
2489 5345 2880 5417 integritatem:
2916 5363 3020 5401 non
3043 5359 3137 5416 per
3160 5337 3506 5416 impossibili-

1907 5452 2068 5497 tatem
2096 5441 2348 5506 faciendi,
2378 5440 2472 5495 sed
2505 5456 2599 5510 per
2621 5440 3016 5495 observantiam
3035 5438 3332 5509 judicandi.
3361 5437 3505 5505 Quid

1909 5551 2016 5590 non
2041 5543 2219 5605 potest
2244 5535 2333 5605 qui
2360 5535 2538 5589 omnia
2563 5543 2766 5605 potest,
2792 5532 2819 5571 δ
2844 5533 2945 5587 nisi
2967 5534 3110 5603 quod
3140 5547 3301 5602 posse
3325 5530 3505 5585 nolit?

1909 5627 2024 5684 Non
2048 5627 2162 5682 vult
2197 5639 2357 5696 posse
2382 5625 2524 5695 quod
2557 5625 2796 5686 damnet,
2842 5638 2949 5678 non
2980 5623 3095 5678 vult
3122 5637 3280 5691 posse
3310 5619 3506 5674 advers

1909 5737 2002 5779 sus
2031 5721 2213 5788 fidem,
2247 5733 2353 5776 non
2389 5719 2504 5774 vult
2535 5733 2692 5791 posse
2728 5716 2988 5772 adversus
3015 5712 3319 5770 veritatem.
3366 5705 3510 5768 Audi

1998 5904 2024 5942 ἲ)
2073 5904 2325 5974 Plerique
2355 5919 2513 5969 mss.,
2540 5904 2639 5957 nisi
2665 5903 2800 5974 quod
2826 5898 3018 5970 possit,
3045 5895 3194 5951 nolit.
3225 5893 3341 5952 Non
3367 5897 3534 5955 male.
