4104 6350
464 339 490 393 l
506 333 605 392 l95
1817 331 2066 389 SANCTl

464 457 741 520 postremo
777 446 954 519 ipsum
982 444 1254 504 dicentem
1283 459 1381 502 cur
1405 461 1512 501 non
1545 446 1720 516 possit
1739 461 1767 499 a
1795 462 1856 502 se
1884 443 2063 504 facere

462 543 791 615 quidquam:
835 542 986 598 Sicut
1013 540 1194 603 audio.
1229 541 1441 610 inquit,
1484 551 1533 596 et
1565 540 1754 615 judico
1785 537 1970 609 (Joan.
2007 557 2062 610 v,

464 638 712 708 30).Ἰιηο
745 647 849 706 est,
884 655 989 692 non
1015 653 1078 693 et
1112 652 1229 692 mea
1269 645 1536 704 potestate.
1566 635 1803 691 decerno
1831 635 1974 706 quod
2003 637 2063 692 li-

465 733 663 798 bitum,
697 733 789 788 sed
819 749 882 788 ex
917 733 1129 804 1232
1151 731 1426 802 juilicaudi
1459 731 1742 802 religione,
1777 731 1921 803 quod
1945 731 2063 802 jus-

465 835 579 882 tum
618 837 698 881 est
732 843 744 878 :
773 835 828 880 et
877 825 999 879 ideo
1041 826 1305 892 judicium
1341 839 1518 879 meum
1558 840 1746 879 verum
1789 832 1906 878 est:
1940 825 2065 894 quia

465 933 571 972 non
619 917 876 972 voluntati
920 930 1057 970 mea:
1100 915 1375 985 indulgeo,
1424 915 1518 970 sed
1570 915 2066 985 mqttitati.‘Audite

463 1014 591 1084 quid
621 1013 784 1078 judex
826 1011 973 1065 dicat
1005 1010 1243 1066 t'telestis
1274 1028 1285 1064 :
1318 1009 1438 1064 Non
1465 1026 1678 1082 possum
1718 1028 1750 1064 a
1788 1026 1869 1064 me
1897 1014 2066 1080 facere

462 1106 762 1176 quidquam,
795 1107 883 1158 sed
912 1106 1045 1159 sicut
1065 1105 1244 1170 audio,
1275 1117 1323 1159 et
1346 1106 1552 1172 judico.

534 1199 623 1254 58.
651 1198 715 1252 Et
737 1198 941 1252 Pilatus
967 1198 1185 1253 diccbat
1207 1199 1273 1252 ad
1304 1198 1594 1252 Dominum
1627 1198 1809 1254 Jesum
1835 1217 1847 1254 :
1885 1197 2066 1254 Potes-

463 1299 618 1344 tatent
643 1289 806 1344 [iubeo
839 1291 1134 1345 dimittendi
1160 1302 1225 1347 te.
1263 1303 1312 1346 et
1335 1300 1641 1362 potestatem
1673 1291 1830 1345 habeo
1859 1291 2065 1359 cruci/i-

455 1381 608 1452 geudi
635 1391 682 1434 te
709 1380 889 1452 (loan.
928 1398 1038 1446 xix,
1084 1383 1196 1448 10).
1239 1381 1498 1452 Usurpas,
1535 1400 1566 1434 o
1607 1382 1790 1443 homo,
1824 1393 2062 1449 poti-sta-

459 1481 568 1530 tem
603 1489 761 1543 quam
796 1490 900 1528 non
952 1476 1152 1540 habes;
1191 1491 1315 1530 cum
1365 1477 1502 1530 [lens
1539 1485 1699 1546 neget
1729 1491 1789 1531 se
1826 1475 2058 1544 habere,

461 1569 550 1638 qui
587 1569 746 1621 habet
772 1583 939 1635 super
976 1569 1158 1622 oumia
1199 1572 1554 1638 potestatem!
1587 1569 1724 1624 Audi
1754 1569 1879 1636 qttid
1903 1570 2062 1638 justi-

458 1661 533 1713 tia
561 1659 704 1715 dicat
733 1678 746 1714 :
784 1660 903 1714 Non
929 1678 1135 1729 possunt
1166 1679 1198 1714 a
1226 1679 1304 1715 me
1328 1665 1500 1732 facere
1528 1663 1810 1732 quidquam
1865 1661 2061 1717 Audite

455 1756 582 1824 quid
609 1756 774 1823 judex
806 1758 1078 1824 tequ’tatis
1109 1768 1351 1812 asserat:
1388 1758 1540 1812 Sicut
1573 1759 1754 1824 audio,
1785 1767 1831 1811 et
1847 1758 2053 1830 judico.

460 1849 659 1902 Audite
689 1849 815 1920 quid
846 1850 1011 1918 judcx
1057 1849 1359 1918 iniquitatis
1401 1850 1654 1919 loquatur
1697 1871 1712 1906 :
1749 1849 2061 1906 Potestatem

458 1940 620 1996 habeo
662 1942 956 1997 dimittendi
1003 1953 1068 2004 te,
1114 1954 1162 1997 et
1191 1953 1492 2010 potestatem
1520 1945 1681 1998 Itabeo
1721 1944 2061 2017 cruci/igendi

456 2041 524 2087 te.
559 2033 696 2098 Tua,
730 2034 925 2098 Pilato,
982 2049 1115 2089 voce
1168 2035 1582 2104 constringeris,
1643 2047 1732 2089 tua
1785 2036 2062 2092 damnaris

457 2127 745 2180 sententia.
776 2127 881 2180 Pro
911 2136 1177 2196 potestate
1198 2127 1379 2196 igitur.
1413 2144 1518 2182 non
1543 2142 1641 2196 pro
1663 2129 1916 2198 :rquitate
1939 2142 2056 2182 cru-

455 2218 780 2285 ciﬁgcndum
813 2219 1098 2273 Dominum
1145 2219 1452 2274 tradidisti:
1488 2237 1584 2290 per
1616 2232 1935 2291 pote~tatetu
1967 2223 2060 2277 ab-

453 2311 666 2366 solvisti
697 2313 984 2374 latronem,
1002 2322 1278 2366 auctorem
1299 2327 1429 2366 vero
1449 2313 1570 2367 vita:
1591 2315 1929 2368 interfecisti.
1949 2313 2058 2370 Sed

452 2419 550 2458 neu
584 2403 741 2457 istaut
764 2418 794 2457 a
822 2411 874 2457 te
904 2403 1160 2464 habuisti.
1188 2420 1348 2474 quam
1397 2405 1602 2462 habere
1631 2417 1682 2462 te
1707 2408 1928 2472 a~seris,
1967 2426 2060 2478 po-

451 2501 726 2548 testatem.
759 2494 1000 2564 Denique
1023 2495 1151 2550 dicit
1179 2497 1271 2548 tibi
1299 2495 1560 2551 D:miiuus
1577 2497 1738 2553 .lesus
1767 2516 1780 2528 ·
1815 2497 1938 2553 Non
1963 2499 2058 2554 ha-

450 2586 594 2642 beres
616 2597 916 2657 potestatem
943 2589 1194 2644 adversus
1225 2606 1302 2643 me
1325 2591 1506 2653 ullum,
1533 2592 1635 2646 nisi
1656 2592 1778 2646 data
1807 2594 1899 2647 tilti
1928 2603 2057 2648 esset

452 2681 674 2751 desuper
703 2680 868 2750 (Ibid.
891 2725 906 2748 ,
935 2682 1047 2754 li).
1081 2684 1217 2739 Mala
1249 2696 1488 2755 pote-ias
1518 2696 1543 2724 ι
1575 2687 1737 2743 licere
1765 2689 1911 2760 quod
1948 2707 2053 2747 non

448 2770 626 2826 liceat.
659 2772 904 2829 Potestas
929 2775 1027 2830 ista
1052 2775 1398 2832 tenebrarum
1427 2787 1530 2843 est,
1560 2793 1751 2835 verum
1775 2797 1880 2836 non
1904 2783 2054 2838 vide-

450 2878 528 2932 re,
556 2865 649 2920 sed
681 2881 961 2936 spernere.

520 2959 608 3016 59.
655 2963 852 3016 Audite
879 2961 1006 3030 quid
1030 2978 1190 3019 verus
1212 2963 1377 3033 judex
1403 2966 1691 3036 loquatur:
1723 2967 1845 3023 Non
1876 2985 2051 3041 quwro

447 3052 766 3106 uoluntatem
809 3071 997 3118 meam,
1036 3057 1126 3108 sed
1162 3057 1476 3111 voluntatem
1513 3063 1626 3131 ejus
1653 3062 1741 3130 qui
1786 3063 1925 3116 misit
1970 3079 2052 3117 me

440 3141 626 3212 (Joan.
654 3159 705 3209 v,
732 3145 846 3215 30).
881 3148 1044 3212 Quasi
1071 3147 1234 3201 homo
1265 3151 1536 3218 loquitur:
1565 3152 1717 3220 quasi
1754 3152 1918 3222 judex
1950 3154 2048 3209 do-

441 3243 564 3290 cet:
595 3239 848 3305 qunniam
881 3239 970 3307 qui
992 3239 1217 3308 judicat,
1255 3255 1360 3295 n0u
1393 3242 1654 3299 voluntati
1688 3261 1801 3300 sua:
1827 3247 2034 3302 Oblt'm-

445 3343 640 3396 perare
675 3329 857 3398 debet,
886 3332 978 3385 sed
1021 3342 1204 3387 tenere
1234 3336 1377 3405 quod
1418 3337 1594 3408 lcgnm
1641 3350 1717 3393 cst
1750 3340 1826 3409 (τι,
1861 3354 2042 3412 quam.

443 3422 495 3485 7,
518 3439 638 3492 cap.
663 3421 890 3480 Judicet.
928 3425 955 3497 ᾗ
991 3425 1136 3498 Qui).
1163 3425 1446 3483 Constitui:
1475 3431 1708 3497 judicem
1731 3433 1798 3487 de
1818 3433 1920 3490 hoc
1942 3452 2045 3490 sm-

440 3517 568 3570 culo
593 3533 604 3568 :
634 3517 890 3588 numquid
936 3527 1115 3586 potest
1151 3521 1437 3577 adversum
1481 3524 1780 3595 imperialis
1810 3527 2038 3583 formam

442 3602 470 3642 δ
499 3608 683 3663 venire
707 3610 992 3679 rescripti?
1015 3610 1278 3682 Numquid
1309 3628 1485 3684 potest
1514 3635 1758 3674 normam
1800 3631 2041 3692 augusta:

441 3696 780 3753 deﬁnitionis
810 3703 1114 3758 excedere?
1141 3703 1355 3772 Quanto
1399 3710 1568 3780 magis
1609 3711 1774 3766 divini
1814 3714 2040 3772 formam

437 3787 702 3845 debemus
733 3807 952 3848 servare
977 3795 1166 3865 judicii
1191 3798 1203 3851 !
1231 3797 1480 3854 Christus
1520 3801 1652 3858 dicit
1681 3821 1692 3856 :
1742 3802 1860 3860 Non
1901 3824 2041 3877 qna:-

439 3897 499 3935 ro
527 3883 838 3938 voluntatem
867 3903 1050 3954 nteant,
1097 3889 1200 3944 hoc
1233 3900 1338 3956 est,
1371 3892 1628 3959 hominis,
1657 3911 1778 3966 qua:
1807 3899 1888 3952 vel
1912 3899 2040 3953 odio

436 3977 710 4048 dirigitur,
741 3981 840 4035 vel.
855 3983 1035 4036 studio
1063 3983 1378 4051 intenditur,
1400 3990 1482 4042 vel
1510 3990 1681 4056 gratia
1717 3991 2035 4060 inﬂectitur,

436 4070 520 4125 vel
550 4073 777 4126 aliorum
805 4073 1089 4130 mendacio
1115 4076 1474 4148 depravalttr;
1503 4081 1682 4138 Omnis
1708 4085 1850 4140 enim
1885 4088 2037 4143 homo

435 4163 661 4218 mendax
695 4165 868 4231 (l’sal.
914 4181 1038 4230 cxv,
1067 4167 1145 4238 2).
1185 4167 1292 4225 Sed
1329 4171 1660 4237 voluntatem,
1696 4176 1891 4246 inquit,
1923 4183 2038 4249 ejus

436 4257 622 4326 quime
645 4259 820 4326 misit;
843 4259 946 4313 hoc
976 4269 1081 4328 est,
1106 4262 1310 4318 divina}
1327 4269 1891 4336 cognitionisformam
1915 4275 2035 4328 veni

431 4345 663 4414 docere;
692 4352 821 4405 utin
849 4350 1146 4421 judicando
1181 4355 1347 4426 magis
1371 4359 1518 4412 cordi
1549 4363 1616 4414 sit
1644 4365 1890 4419 veritatis
1917 4380 2037 4421 cus-

427 4441 598 4502 todia,
631 4458 790 4512 quam
813 4444 1120 4499 obedientia
1154 4447 1446 4504 voluntatis
1489 4450 1565 4523 (5,
1598 4465 1779 4523 qua'st.
1823 4457 1878 4520 7,
1911 4474 2028 4527 cap.

429 4528 660 4598 Judicet,
695 4535 722 4604 §
763 4536 827 4590 In
859 4540 1194 4611 iudicando).
1222 4541 1337 4598 Non
1372 4559 1502 4615 ergo
1530 4545 1617 4603 hic
1638 4565 1852 4620 quoque
1881 4552 2031 4608 inﬁr-

427 4624 588 4679 mitas
619 4627 896 4693 potentiae,
930 4631 1023 4686 sed
1057 4633 1229 4689 forma
1253 4647 1336 4690 est
1360 4653 1614 4705 exliresm
1641 4643 1885 4712 justitim.

495 4715 586 4770 40.
629 4716 839 4773 .lustum
877 4722 1038 4791 igitur
1066 4736 1149 4780 est
1186 4727 1446 4795 judicium
1482 4731 1598 4787 Filii
1633 4736 1757 4800 Dei;
1787 4738 1908 4807 quia
1940 4751 2024 4794 est

420 4811 720 4866 secundum
754 4815 1086 4872 voluntatem
1135 4819 1248 4884 Dei,
1287 4837 1392 4877 non
1444 4828 1740 4884 secundum
1788 4831 2022 4887 hominis

419 4905 704 4974 allectum;
739 4909 879 4964 Deus
907 4910 1052 4965 enim
1087 4915 1578 4974 misericordiarum
1609 4923 1796 4990 plenus
1819 4935 1900 4979 est
1930 4943 1942 4978 :
1967 4937 2023 4980 et

419 4999 793 5055 misericm-dia
821 5003 937 5068 ejus
962 5020 1082 5059 cum
1116 5007 1344 5075 judicio,
1377 5021 1432 5066 et
1455 5012 1715 5082 judicium
1757 5032 1876 5070 cum
1921 5021 2021 5073 mi-

414 5089 745 5158 sericordia;
784 5109 958 5164 neque
983 5096 1102 5152 sine
1127 5098 1332 5168 judicio
1357 5105 1668 5173 miseretur,
1705 5123 1880 5178 neque
1903 5111 2018 5166 sine

415 5248 988 5337 Aliitamennaliquot,
1034 5268 1310 5337 ctomnes
1356 5263 1487 5318 edit.
1546 5267 1646 5320 nisi
1697 5268 1835 5327 quod
1867 5286 2013 5337 posse

412 5323 540 5373 nolit
568 5325 760 5397 quod
788 5323 1008 5397 quidem
1035 5333 1248 5386 videtur
1275 5339 1584 5392 cauliruiari
1617 5355 1682 5393 ex
1709 5323 1888 5394 vetbis
1917 5323 2006 5397 se;

411 5396 733 5460 qut-uulnus,
770 5396 891 5452 Non
920 5403 1023 5454 vult
1050 5420 1220 5472 posse,
1254 5419 1360 5460 etc.

484 5494 510 5522 η
716 5504 822 5542 non
857 5495 1041 5575 paut'i,
1094 5511 1157 5549 ac
1184 5506 1291 5575 vc_t.
1341 5498 1471 5554 edit.
1492 5541 1515 5575 ._
1542 5500 1713 5568 licere,
1745 5510 1885 5575 quod
1913 5522 2006 5560 no-

407 5566 505 5646 cet:
634 5561 667 5611 ii
712 5572 888 5646 tamen
925 5566 1105 5646 plures
1135 5567 1270 5646 nell
1297 5587 1382 5622 im.
1430 5570 1586 5634 eilit.,
1638 5558 1713 5628 ut,
1742 5558 1791 5630 iii
1827 5558 1999 5646 textu,

407 5640 638 5698 excepto
664 5635 804 5696 quod
846 5648 964 5702 pro,
997 5637 1168 5704 licere,
1201 5643 1316 5694 lucc
1345 5649 1602 5709 reposuit.
1631 5663 1798 5716 posse.

480 5716 510 5804 lt
549 5722 705 5804 l‘auci
755 5740 884 5778 mss.
905 5767 935 5804 ,.
966 5730 1163 5804 venire,
1201 5731 1412 5788 decreti.
1464 5735 1670 5804 Reliqui
1717 5753 1779 5792 ac
1813 5753 2002 5797 omnes

403 5785 536 5844 Odit.
578 5795 750 5846 venire
779 5785 1036 5864 rescripti.
1067 5801 1288 5867 Melius;

2104 331 2435 391 AMBROSII
3131 389 3143 395 _
3629 335 3768 395 N96

2090 449 2140 510 Α
2169 447 2540 504 misericordia
2577 449 2804 520 jndicat.
2840 450 3084 521 Denique
3112 451 3375 522 scriptum
3407 458 3526 507 est:
3558 447 3770 506 Miseri-

2169 541 2348 595 cordia
2374 541 2486 610 eius
2511 541 2567 596 in
2597 543 2800 598 stateris
2831 541 3004 615 (Esai.
3039 558 3205 599 xxvut
3226 584 3242 608 ,
3272 542 3386 615 l7).
3423 539 3555 598 Filii
3584 553 3765 600 autem

2169 633 2432 688 hominum
2459 641 2726 690 mendaces
2751 637 2804 690 in
2833 637 3058 700 stateris,
3084 648 3137 690 ut
3155 635 3414 706 decipiant
3445 634 3620 706 (Psal.
3653 650 3763 702 ut,

2170 727 2283 788 10).
2319 727 2604 783 Examinat
2633 745 2764 801 ergo
2787 738 2845 785 et
2877 731 3101 786 trutinat
3129 730 3273 786 Deus
3302 731 3494 786 merita
3524 732 3767 802 singulo-

2169 835 2309 882 rum,
2351 827 2409 874 et
2456 821 2914 891 quemadmodum
2946 837 3045 892 pro
3084 839 3338 879 mensura
3381 823 3474 878 dat
3501 826 3764 894 gratiam;

2169 927 2238 969 ne
2265 927 2427 979 supra
2462 931 2770 970 mensuram
2799 918 2870 971 sit
2903 935 2915 970 :
2959 915 3030 971 ita
3063 933 3164 986 pro
3195 933 3445 974 mensura
3475 917 3564 972 dat
3601 918 3766 973 inise-

2168 1007 2478 1062 ricordiam.
2515 1007 2669 1064 Unde
2697 1012 2774 1064 ait
2806 1029 2819 1064 :
2869 1010 3171 1066 Meusuram
3213 1014 3419 1069 bonum.
3454 1015 3764 1080 confertam,

2167 1117 2502 1166 commotam,
2529 1106 2984 1176 superrfﬂuentem
3014 1104 3209 1159 dabunt
3239 1107 3292 1160 in
3325 1106 3496 1160 sinum
3517 1116 3764 1162 vestrum.

2170 1196 2369 1252 Eadem
2413 1215 2652 1252 mcusura
2695 1214 2797 1266 qua
2842 1198 3007 1252 mensi
3067 1197 3291 1267 fueritis.
3341 1198 3582 1253 reddetur
3626 1200 3767 1255 vobis

2165 1287 2324 1359 (Luc.
2357 1305 2441 1354 vt,
2470 1290 2580 1360 ‘58).
2612 1289 2878 1343 Similiter
2920 1289 2972 1343 in
3003 1300 3206 1344 statera
3251 1290 3587 1362 singulorum
3629 1291 3767 1348 facta

2167 1393 2494 1451 pensantur;
2521 1391 2579 1435 ιιι
2598 1383 2641 1436 si
2674 1382 2812 1436 bona
2843 1396 3007 1450 opera
3036 1383 3195 1436 malis
3217 1383 3658 1452 praiponderent,
3682 1400 3767 1440 re-

2168 1475 2474 1530 muneratio
2499 1476 2704 1546 prtemii
2730 1474 3046 1530 deferatur:
3077 1475 3122 1530 si
3157 1489 3376 1545 peccata
3415 1477 3624 1550 1233
3655 1478 3765 1533 vir-

2166 1570 2391 1635 lutibus,
2428 1570 2634 1625 tristior
2677 1585 2828 1624 reum
2875 1584 3031 1639 poma
3059 1569 3434 1641 constringat:
3479 1573 3621 1640 quod
3670 1587 3766 1628 ex-

2164 1679 2406 1736 pressum
2433 1664 2602 1720 habes
2632 1664 2696 1718 ad
2721 1664 3085 1729 Timotheum,
3108 1665 3322 1720 dicente
3349 1667 3597 1735 apostolo
3623 1665 3765 1720 Pan“

2163 1758 2217 1813 lo
2274 1777 2288 1813 :
2330 1756 2682 1824 Quorumdam
2729 1755 2995 1811 hominum
3045 1767 3255 1829 peccata
3309 1759 3579 1826 manifesta
3642 1767 3762 1812 sunt

2095 1851 2140 1912 B
2169 1852 2513 1921 pra’cedentia
2558 1850 2626 1903 ad
2657 1851 2945 1922 judicium,
2996 1849 3246 1916 quasdam
3294 1861 3464 1904 autem
3502 1860 3550 1904 et
3581 1853 3760 1904 subse—

2165 1953 2396 2014 quuntur
2417 1943 2463 2014 (l
2490 1941 2628 1996 Tim.
2664 1958 2715 2009 v,
2741 1942 2859 2012 ιιι).
2887 1941 3148 1998 Similiter
3169 1952 3223 1997 et
3255 1942 3391 1996 facta
3427 1941 3564 1996 b0na
3595 1942 3765 1998 maui-

2165 2037 2300 2092 l'esta
2333 2046 2478 2101 sunt,
2511 2045 2567 2092 et
2593 2050 2715 2107 qua:
2755 2035 2916 2091 aliter
2960 2050 3022 2090 se
3069 2035 3293 2100 habent,
3344 2035 3603 2091 abscondi
3654 2051 3760 2092 non

2164 2140 2415 2203 possum.

2235 2225 2326 2283 4|.
2369 2227 2559 2281 Omnia
2598 2240 2732 2295 ergo
2776 2242 2803 2279 a
2838 2224 3070 2281 Domino
3124 2224 3236 2280 Deo
3287 2232 3475 2280 n0stro
3506 2239 3758 2280 mensura

2162 2321 2418 2392 quadam.
2453 2333 2504 2380 et
2537 2322 2781 2389 pondere
2814 2319 2969 2375 liunt.
3009 2319 3139 2388 Quis
3171 2321 3365 2389 posuit.
3401 2360 3414 2374 .
3440 2361 3454 2374 .
3491 2362 3503 2374 .
3549 2320 3756 2391 inquit,

2162 2431 2318 2485 rupes
2339 2415 2393 2468 in
2423 2420 2663 2483 βίαιοι-ιι(
2715 2413 2857 2468 Esai.
2919 2430 3009 2478 ιι..
3045 2415 3108 2469 15
3133 2414 3203 2485 )l
3250 2414 3316 2470 Et
3365 2429 3570 2483 supra:
3630 2413 3760 2482 Quis

2162 2523 2367 2562 mensus
2397 2517 2468 2560 est
2491 2523 2646 2560 manu
2667 2523 2850 2573 aquas,
2882 2518 2930 2561 et
2949 2508 3134 2562 cazlum
3165 2515 3336 2576 palmo
3363 2505 3384 2579 (
3410 2507 3577 2569 lbid..
3607 2507 3758 2578 12)?

2159 2601 2261 2669 Qui
2301 2613 2486 2658 ucstra
2516 2603 2835 2666 examinat,
2879 2616 2975 2657 sua
3007 2605 3192 2672 utique
3239 2602 3547 2656 examinata
3590 2601 3756 2672 largi-

2159 2703 2272 2761 tur,
2321 2704 2378 2750 et
2422 2693 2578 2750 salvo
2627 2695 2808 2748 omnia
2859 2694 3107 2750 decernit
3161 2693 3433 2749 examine.
3481 2693 3754 2749 Ponderat

2158 2788 2612 2850 misericordiam.
2646 2787 2910 2855 ponderat
2947 2787 3210 2842 ultionem
3243 2802 3258 2850 ;
3292 2787 3344 2840 iu
3373 2797 3606 2858 utroque
3631 2800 3754 2842 cer-

2159 2892 2271 2939 tum
2305 2881 2537 2952 pondus,
2572 2879 2879 2951 habilisque
2909 2895 3161 2935 mensura
3184 2888 3290 2934 est.
3325 2877 3480 2936 Unde
3507 2890 3562 2935 et
3585 2879 3751 2935 David

2156 2979 2231 3032 ait
2259 2996 2270 3030 :
2304 2976 2368 3030 Et
2410 2987 2585 3045 potum
2606 2975 2752 3030 dabis
2773 2975 2880 3029 illis
2908 2975 2960 3030 in
2987 2977 3249 3046 lacrymis,
3282 2975 3337 3028 in
3366 2989 3604 3029 mensura
3626 2973 3746 3047 (Ps.

2157 3087 2318 3127 LXXIX
2345 3113 2358 3135 ,
2389 3071 2422 3126 6
2458 3072 2514 3136 );
2557 3085 2624 3125 ne
2669 3070 2788 3125 sine
2842 3068 3217 3124 moderatione
3260 3082 3530 3123 mensurae
3571 3081 3748 3136 paena:

2156 3164 2375 3218 cuumlo
2403 3170 2783 3234 gravarentur,
2835 3171 2890 3216 ct
2925 3165 3198 3217 sustinere
3246 3177 3350 3215 non
3386 3172 3630 3231 possent.
3677 3159 3749 3216 Et

2069 3245 2114 3309 C
2147 3255 2275 3310 alibi
2314 3255 2455 3309 idem
2502 3254 2578 3310 ait
2627 3254 2886 3324 propheta
2932 3271 2944 3307 :
2979 3251 3204 3309 Calixiu
3231 3269 3388 3308 manu
3414 3251 3623 3308 Domini
3645 3253 3747 3308 riui

2152 3349 2278 3402 meri
2307 3348 2491 3416 plenus
2531 3357 2606 3402 est
2649 3348 2831 3402 mixto.
2875 3344 2942 3401 Et
2973 3347 3244 3401 inclinavit
3273 3363 3336 3400 ea:
3362 3348 3460 3400 Itoc
3499 3348 3552 3401 in
3603 3345 3745 3412 hoc;

2149 3453 2495 3496 verumtamen
2520 3444 2622 3510 {rex
2650 3443 2766 3514 ejus
2797 3458 2898 3495 non
2924 3452 2996 3496 est
3019 3441 3280 3496 exinanita
3309 3439 3427 3503 (Ps.
3461 3457 3644 3507 Lutv,
3662 3442 3740 3512 9).

2153 3535 2221 3590 Et
2245 3535 2544 3590 Hieremias
2570 3536 2644 3588 ait
2671 3553 2684 3589 :
2713 3533 2866 3589 Calia:
2893 3551 3077 3588 aureus
3107 3533 3339 3605 Babylon
3369 3535 3421 3588 in
3457 3551 3613 3588 manu
3639 3533 3745 3589 Do-

2149 3630 2275 3684 mini
2294 3647 2326 3682 a
2353 3645 2453 3700 quo
2483 3629 2744 3684 inebriato:
2771 3639 2892 3683 sunt
2921 3639 3092 3699 gentes
3123 3628 3335 3698 (Jerent.
3365 3643 3438 3694 ιι,
3472 3628 3502 3682 7
3538 3627 3558 3700 )
3591 3647 3604 3682 :
3641 3631 3741 3684 hoc

2147 3735 2250 3789 est,
2277 3738 2431 3792 paena
2455 3738 2482 3777 a
2504 3723 2813 3779 nationibus
2837 3723 3109 3793 persoluta
3135 3732 3242 3788 est;
3266 3732 3287 3762 ε
3324 3739 3392 3776 ne
3419 3721 3625 3777 diutius
3655 3722 3739 3777 in-

2147 3818 2437 3884 sultarent,
2489 3817 2634 3888 quod
2689 3817 2783 3872 Dei
2819 3817 3078 3887 populum
3131 3816 3482 3872 acerbissima
3515 3816 3741 3887 popula-

2147 3912 2296 3967 ti0ne
2324 3919 2606 3967 vexarent.
2652 3910 2858 3966 Sensus
2903 3911 3066 3979 igitur
3115 3925 3304 3966 versus
3351 3909 3589 3964 Davidici
3650 3909 3738 3965 hic

2143 4014 2224 4058 est
2257 4021 2270 4057 :
2319 4003 2506 4059 Parata
2537 4012 2590 4058 et
2623 4003 2782 4073 plena
2809 4014 2890 4058 est
2923 4018 3080 4073 ptena
3109 4018 3232 4072 quas
3251 4002 3483 4058 debetur
3514 4003 3694 4072 impiis
3720 4045 3735 4069 ,

2141 4111 2303 4167 quam
2335 4096 2592 4152 Dominus
2615 4095 2850 4151 declinat
2875 4096 2927 4150 in
2953 4095 3228 4166 perﬁdos;
3283 4095 3379 4151 sed
3409 4105 3589 4151 tamen
3629 4097 3734 4152 mi.

2142 4188 2416 4242 scrotione
2437 4202 2531 4242 sua
2578 4203 2686 4242 non
2713 4202 2882 4256 usque
2911 4187 2975 4241 ad
3019 4187 3203 4244 hecem
3255 4188 3507 4256 dignatur
3563 4187 3734 4244 ell'un-

2140 4280 2272 4335 dere
2300 4296 2314 4343 ;
2346 4296 2415 4335 ne
2443 4281 2837 4351 plenitudinem
2863 4281 3115 4353 supplicii
3161 4281 3304 4337 lerre
3349 4297 3456 4335 non
3501 4282 3726 4352 possint.

2136 4369 2366 4427 inclinat
2388 4388 2518 4444 ergo
2542 4373 2797 4435 Calicem,
2832 4389 2938 4428 non
2975 4383 3221 4429 evacuat.
3273 4373 3428 4442 Quod
3485 4375 3723 4439 inclinat,

2136 4478 2383 4518 censurae
2413 4475 2492 4519 est
2519 4481 2532 4529 ;
2563 4465 2705 4535 quod
2730 4481 2835 4520 non
2865 4475 3109 4528 cvacuat.
3138 4468 3546 4523 misericordia}.

2205 4555 2294 4611 42.
2340 4558 2480 4629 Ergo
2505 4559 2768 4628 judicium
2799 4576 3015 4632 quoque
3046 4562 3415 4618 misericordia
3462 4573 3728 4635 temperat

2050 4652 2099 4711 D
2126 4648 2386 4708 Dominus
2411 4651 2552 4708 Deus
2573 4665 2782 4708 noster.
2813 4653 2944 4722 Quis
2983 4654 3129 4708 enim
3166 4664 3410 4710 nostrum
3467 4657 3586 4714 sine
3638 4659 3724 4714 di-

2127 4741 2247 4796 vina
2274 4751 2451 4810 potest
2481 4746 2832 4801 miseratione
2861 4746 3205 4802 subsistere?
3265 4747 3402 4814 Quid
3437 4765 3724 4818 possumus

2126 4834 2345 4906 dignum
2393 4836 2631 4905 pra'tuiis
2681 4837 2860 4892 facere
2887 4838 3200 4894 coelestibus
3230 4840 3255 4892 τ
3307 4840 3440 4909 Quis
3476 4855 3720 4898 nostrum

2125 4927 2196 4982 ita
2237 4930 2475 4998 assurgit
2505 4930 2556 4984 in
2588 4929 2689 4984 hoc
2731 4945 2999 5000 corpore;
3051 4943 3106 4985 ut
3151 4933 3392 4988 animum
3421 4949 3580 4988 suum
3607 4937 3720 4992 ele-

2125 5029 2235 5085 vet,
2295 5037 2403 5090 quo
2437 5021 2640 5090 jugiler
2689 5021 2968 5076 adhaereat
3007 5019 3277 5078 Christo?
3321 5025 3440 5091 Quo
3499 5026 3716 5083 tandem

2121 5112 2405 5169 hominum
2434 5110 2462 5151 ά
2503 5117 2756 5170 meritum
2802 5113 3076 5182 defertur;
3108 5127 3167 5172 ut
3196 5118 3309 5172 lucc
3344 5121 3718 5191 corruptibilis

2123 5271 2289 5347 rialis
2312 5275 2627 5329 constitutio
2653 5286 2790 5337 erat,
2823 5291 2943 5347 qua:
2971 5279 3139 5334 variis
3170 5281 3477 5335 nominibus
3506 5283 3716 5341 solebat

2118 5346 2396 5411 θῃιουξιειτί.
2438 5347 2560 5399 ΙΙςιιο
2592 5361 2644 5400 ιιι
2679 5357 2782 5401 vet.
2813 5346 3091 5403 Glossario
3120 5349 3320 5407 dicitur
3348 5355 3598 5411 Βασιλέως
3627 5358 3714 5412 ἆν-

2114 5417 2404 5490 ςτίσγραμμα.
2453 5419 2502 5470 in
2551 5416 2694 5490 jure,
2727 5421 2862 5473 sacri
2885 5418 3094 5488 affatus,
3126 5433 3178 5474 et
3206 5421 3290 5475 hic
3320 5428 3388 5476 ab
3424 5425 3712 5482 Ambrosio

2115 5485 2487 5566 ipstt‘mqutsta
2507 5489 2761 5557 tle/initio.
2793 5485 3084 5548 Vlde'COtl.
3105 5493 3314 5549 ἸἸιιξοιΙ.
3337 5497 3440 5566 leg.
3472 5512 3511 5563 l,
3546 5497 3628 5552 ιὶι.
3651 5499 3706 5566 2,

2111 5568 2166 5611 et
2197 5557 2418 5612 Godefr.
2454 5559 2622 5613 Briss.
2644 5600 2658 5624 ,
2688 5571 2792 5616 etc.

2185 5639 2205 5666 ο
2249 5629 2376 5683 Mss.
2424 5630 2626 5699 aliquot
2673 5631 2828 5688 bona:
2878 5649 3087 5703 manus,
3142 5653 3205 5691 ne
3246 5637 3444 5693 diutius
3480 5641 3706 5695 exsulta-

2104 5709 2216 5754 rent
2226 5739 2234 5746 -

2176 5767 2203 5808 ά
2233 5771 2372 5826 Edit.
2432 5772 2556 5828 Era.
2611 5782 2667 5829 et
2695 5789 2833 5842 seq.,
2866 5777 3048 5832 merito
3069 5779 3332 5850 defertur;
3362 5791 3419 5837 ut
3447 5783 3701 5839 nimirum

2103 5855 2426 5908 coiigrueret
2447 5861 2567 5900 cum
2595 5851 2874 5914 superiore
2917 5851 3132 5917 vocula.
3162 5853 3278 5918 Quo
3301 5869 3321 5905 :
3343 5856 3439 5910 sed
3467 5856 3700 5914 credibi-
