4104 6350
246 367 378 426 1197

1303 357 1370 414 ΙΝ
1410 355 1744 415 PSALMUM
1779 354 1994 414 CXVIII
2031 351 2418 412 EXPOSI'I'IO.

3395 354 3536 411 I498

240 504 365 546 caro
391 486 576 542 induat
609 485 1099 556 incorruptionem,
1128 490 1186 537 et
1226 479 1462 538 mortale
1516 479 1620 535 hoc
1648 477 1835 536 induat
1860 487 1908 545 Α
1937 476 2032 534 sed
2063 475 2226 532 etiam
2261 477 2407 532 intus
2435 472 2631 529 faciant
2659 472 3073 544 persecutiones
3115 471 3169 527 in
3191 469 3388 528 animis
3423 475 3540 528 sin-

241 581 747 638 immortalitatent?
778 581 984 650 Quibus
1007 579 1316 638 laboribus.
1368 577 1566 648 quibus
1612 573 1828 645 injuriis

243 691 531 746 possumus
560 688 743 731 nosna
772 675 957 731 eluere
987 681 1203 741 peccata
1227 672 1251 724 τ
1286 670 1531 742 Indigna:
1567 677 1687 723 sunt
1709 684 1834 740 pas-

245 773 407 829 siones
453 769 615 842 hujus
672 768 917 836 temporis
987 767 1056 821 ad
1116 773 1539 835 superventuram
1612 762 1835 834 qlorium

244 864 262 933 (
288 861 437 916 Rom.
466 877 581 925 viti,
610 861 731 934 IS).
757 861 869 915 Non
901 875 1030 930 ergo
1061 859 1356 914 secundum
1393 857 1582 911 merita
1621 864 1828 919 uestra,

242 953 333 1009 sed
361 952 660 1009 secundum
705 952 1132 1008 misericordiam
1167 951 1282 1016 Dei,
1313 949 1614 1006 caelestium
1647 948 1836 1003 decre-

243 1056 417 1102 torum
447 1046 500 1100 in
527 1045 778 1101 homines
807 1046 977 1100 forma
1012 1043 1280 1116 procedit.

306 1141 399 1196 45.
443 1142 461 1209 (
499 1139 656 1194 Vers.
691 1139 814 1194 157.
847 1138 866 1211 )
899 1137 1160 1208 Sequitur
1185 1150 1377 1192 versus
1399 1137 1622 1206 quintus
1655 1152 1667 1189 :
1695 1131 1837 1188 Mul-

242 1229 278 1282 ti
305 1241 668 1299 persequentes
711 1245 813 1294 me,
860 1241 908 1283 et
958 1228 1262 1281 tribulantes
1290 1241 1414 1281 nte:
1465 1243 1495 1279 a
1538 1223 1839 1278 testimoniis

242 1323 341 1376 tuis
368 1339 471 1376 non
503 1321 780 1377 declinavi.
827 1321 946 1376 Non
975 1330 1060 1376 est
1098 1335 1384 1390 magnum,
1423 1320 1466 1374 si
1511 1328 1639 1373 tunc
1665 1335 1691 1370 a
1742 1317 1838 1372 Dei

241 1413 566 1470 testimoniis
623 1430 728 1467 non
771 1413 1047 1478 declines;
1100 1427 1225 1468 cum
1273 1423 1325 1466 te
1368 1410 1554 1466 nullus
1608 1408 1838 1480 afﬂigit.

239 1508 418 1564 nullus
470 1508 834 1579 persequitur.
868 1508 1004 1576 Quis
1029 1507 1173 1562 enim
1224 1515 1248 1543 ⁸
1282 1506 1551 1562 inoffense
1580 1505 1684 1561 sibi
1719 1520 1840 1572 pro-

239 1615 525 1672 sperorum
558 1615 850 1656 eventuum
880 1598 1216 1656 secundante
1247 1612 1533 1662 successu,
1571 1600 1725 1652 tieret
1756 1596 1840 1651 in-

239 1702 422 1764 gratus
449 1694 472 1748 ἲ
503 1694 638 1763 Quis
662 1692 870 1748 divitiis
893 1691 1148 1758 atﬁuens,
1175 1690 1290 1762 jngi
1317 1692 1496 1746 salute
1541 1691 1798 1745 robustus
1826 1731 1840 1755 ,

238 1784 437 1839 nonad
471 1785 564 1840 Dei
596 1783 826 1854 gratiam
856 1785 1056 1839 referat
1085 1783 1227 1852 quod
1279 1782 1383 1838 sibi
1436 1782 1526 1838 illa
1584 1795 1841 1837 concessa

1934 570 2212 642 gulorinn.
2249 569 2322 626 De
2352 568 2437 623 his
2457 566 2660 622 dictum
2691 575 2775 622 est
2805 565 3274 637 persecutionilius
3299 582 3313 618 :
3349 564 3538 622 Omnes
3612 581 3620 586 ί

1933 667 2022 736 qui
2051 665 2228 720 volunt
2268 666 2351 736 pie
2376 665 2541 718 vivere
2583 665 2636 718 in
2663 661 2866 719 Christo
2917 661 3044 717 Jesu
3069 703 3084 729 ,
3131 662 3539 735 persecutionem

1934 762 2209 835 patiuntur
2250 758 2336 833 (II
2368 757 2538 813 Thim.
2573 773 2672 824 ιιι,
2706 757 2771 812 12
2827 760 2866 821 ).
2901 757 3101 811 Omnes
3129 755 3288 818 dixit,
3323 756 3534 810 nullum

1933 856 2172 923 excepit.
2224 855 2359 923 Quis
2389 856 2536 907 enim
2579 860 2844 920 exceptus
2874 860 3053 922 potest
3091 864 3215 905 esse
3243 864 3366 904 cum
3423 849 3540 917 ipse

1936 951 2200 1006 Dominus
2219 947 2656 1020 persecutionum
2679 954 3008 1000 tentameota
3038 941 3388 1000 toleraverit?
3413 943 3540 996 Per-

1937 1048 2186 1117 Sequitur
2210 1043 2436 1100 avaritia
2463 1084 2476 1103 .
2517 1039 2861 1113 persequitur
2913 1037 3160 1098 ambitio.
3194 1036 3538 1106 persequitur

1941 1140 2149 1195 luxuria
2178 1179 2194 1206 ,
2237 1137 2583 1207 persequitur
2638 1133 2923 1204 superbia,
2966 1128 3315 1202 persequitur
3370 1126 3540 1183 forni-

1939 1234 2102 1290 catio.
2161 1231 2317 1288 Unde
2345 1240 2401 1286 et
2431 1229 2726 1298 Apostolus
2753 1226 2865 1280 ait:
2911 1221 3100 1296 Fugite
3145 1222 3539 1294 fornicationem

1941 1328 1961 1402 (
1989 1327 2002 1382 l
2031 1327 2152 1381 Cor.
2182 1341 2258 1390 vr,
2292 1323 2360 1380 18
2393 1325 2434 1393 ).
2493 1321 2624 1377 Nam
2659 1335 2762 1390 qua
2794 1331 2956 1374 causa
3010 1319 3246 1386 fugeres,
3305 1314 3407 1368 nisi
3447 1312 3539 1367 illa

1943 1432 1994 1479 te
2023 1416 2489 1493 persequeretur?
2524 1417 2615 1470 list
2655 1413 2798 1469 enim
2844 1411 3017 1466 malus
3048 1408 3275 1478 spiritus
3307 1405 3541 1461 fornica-

1944 1517 2111 1571 tionis
2136 1557 2150 1582 ,
2197 1525 2282 1570 est
2314 1513 2490 1567 matus
2520 1509 2746 1581 spiritus
2767 1503 3031 1568 avaritiae,
3089 1499 3262 1556 malus
3317 1498 3541 1568 spiritus

1946 1609 2236 1680 Superbia.

2017 1701 2111 1757 46.
2155 1700 2246 1756 Isti
2288 1707 2416 1754 sunt
2459 1703 2843 1768 persecutores
2885 1703 3080 1762 graves
3108 1729 3122 1753 ,
3153 1685 3244 1758 qui
3278 1685 3395 1740 sine
3430 1684 3544 1755 gla-

1947 1797 2021 1853 dii
2054 1807 2262 1852 terrore
2294 1804 2530 1848 mentem
2563 1789 2799 1844 hominis
2832 1787 3150 1856 frequenter
3179 1782 3413 1845 elidunt,
3446 1779 3540 1850 qtti

239 1877 386 1933 53'“?
433 1878 682 1948 Βθιιίίιυθ
741 1893 866 1932 cum
915 1884 1159 1932 εδιιοιυηι
1199 1875 1302 1930 ιιυί)
1353 1875 1673 1946 Ρνίνάῖοθνει
1733 1877 1835 1927 “0’
1867 1885 1910 1943 Β
1941 1889 2218 1948 illecebris
2247 1888 2417 1958 magis
2441 1901 2602 1957 quam
2635 1882 2939 1938 terroribus
2975 1878 3186 1932 animos
3225 1878 3545 1944 expugnant

240 1971 442 2035 mitms,
470 1972 548 2025 ait
590 1970 937 2025 adversarius
968 1986 986 2023 :
1040 1969 1309 2038 Numquid
1355 1970 1516 2040 gratis
1573 1967 1694 2021 colit
1737 1964 1838 2020 Job

239 2065 576 2120 Dominum?
633 2062 824 2119 Nonne
868 2075 922 2118 tu
976 2064 1181 2118 vullasti
1230 2062 1392 2117 eum?
1427 2060 1640 2135 1234.
1672 2101 1686 2116 .
1721 2099 1736 2111 .
1770 2101 1783 2114 .
1821 2100 1836 2114 .

239 2159 384 2215 Mitte
424 2175 642 2214 manum
697 2172 840 2214 tuam
891 2161 946 2214 in
997 2159 1171 2213 omnia
1205 2175 1320 2228 quw
1363 2158 1508 2212 habet
1537 2200 1552 2224 ,
1579 2161 1623 2210 si
1653 2173 1754 2211 non
1783 2156 1838 2210 in

237 2257 420 2326 faciem
448 2265 496 2309 te
527 2255 776 2311 benedicit
827 2254 988 2328 (Job.
1038 2273 1056 2309 ι
1090 2297 1104 2319 ,
1157 2254 1191 2310 9
1220 2285 1243 2296 -
1277 2254 1336 2308 11
1371 2255 1411 2326 ).
1465 2254 1620 2308 Tunc
1677 2255 1840 2324 igitur

238 2348 352 2418 plus
381 2349 647 2417 probatus
676 2359 777 2417 est,
839 2350 1052 2422 quando
1081 2350 1300 2403 amissis
1320 2348 1515 2419 opibus
1549 2358 1598 2403 et
1626 2347 1774 2415 ﬁliis,
1809 2363 1836 2401 a

240 2438 453 2495 Domini
495 2442 647 2496 cultu
686 2453 738 2498 et
775 2441 944 2510 gratia
985 2456 1090 2496 non
1122 2443 1368 2497 recessit.
1422 2440 1527 2496 Sed
1561 2457 1666 2494 non
1699 2455 1838 2496 onus

237 2542 554 2604 persecutor
582 2545 705 2599 est;
741 2533 939 2588 multos
967 2533 1244 2590 mirrisuros
1279 2533 1480 2597 habet;
1512 2532 1604 2588 sed
1651 2548 1754 2588 non
1787 2543 1838 2589 te

239 2635 519 2682 terreant:
556 2627 660 2682 Per
688 2630 878 2682 multas
905 2627 1049 2684 enim
1087 2627 1446 2683 tribulotiones
1501 2639 1701 2697 Oportet
1747 2645 1840 2684 nos

237 2719 448 2774 introire
497 2720 553 2772 in
596 2736 812 2791 regnum
867 2718 960 2774 Dei
1003 2718 1166 2788 (Act.
1210 2736 1330 2787 xw,
1362 2722 1422 2775 21
1461 2719 1504 2791 ).
1538 2719 1594 2776 Si
1651 2721 1836 2776 multae

237 2812 667 2882 persecutiones.
685 2814 867 2867 multa:
892 2812 1268 2882 probationes;
1291 2814 1378 2867 ubi
1397 2816 1580 2868 multa:
1594 2828 1834 2881 coronat,

236 2905 398 2958 multa
431 2906 771 2971 certamina;
813 2905 910 2960 tibi
938 2920 1068 2975 ergo
1093 2904 1325 2974 proﬁcit.
1349 2904 1494 2976 quod
1530 2904 1682 2959 inulti
1717 2921 1837 2975 per-

241 3003 528 3047 secutores
556 2999 720 3057 sunt;
752 3003 808 3046 ut
835 2995 977 3047 inter
1004 2993 1203 3047 multus
1246 2993 1655 3064 persecutiones
1700 2991 1834 3048 faci-

236 3081 335 3138 lius
366 3083 618 3137 invenias
639 3083 1098 3154 qnemadmodum
1127 3086 1428 3138 coroneris.

300 3174 391 3232 44.
436 3173 467 3213 δ
505 3175 732 3232 Utamur
755 3179 1004 3248 exemplo
1033 3178 1337 3234 Sebastiani
1363 3180 1640 3250 martyris,
1676 3180 1833 3251 cujus

1945 1983 2209 2038 ﬁdelium.
2242 1979 2307 2035 lli
2337 1979 2432 2033 tibi
2462 1977 2648 2032 hostes
2677 1971 2940 2035 cavendi,
2973 1970 3025 2024 bi
3055 1966 3334 2040 graviores
3359 1975 3547 2036 tyran-

1944 2077 2020 2144 ni,
2077 2092 2173 2146 per
2230 2090 2367 2142 quos
2415 2073 2586 2127 Adam
2640 2078 2829 2140 captus
2879 2073 2982 2122 est.
3043 2062 3192 2118 Multi
3245 2063 3298 2116 in
3355 2073 3543 2131 perse-

1941 2171 2160 2227 cutione
2190 2169 2400 2238 publica
2424 2163 2704 2230 coronati,
2757 2159 2968 2216 occulta
3017 2156 3118 2211 hac
3162 2155 3543 2226 persecutione

1941 2265 2275 2322 ceciderunt.
2325 2259 2502 2324 Foris,
2554 2258 2749 2329 inquit,
2792 2269 2997 2327 pugnw,
3051 2252 3190 2306 intus
3221 2249 3430 2302 timores
3475 2244 3543 2317 (Il

1942 2357 2064 2414 Cor.
2105 2373 2176 2412 vtt
2203 2399 2218 2423 ,
2250 2357 2282 2409 5
2322 2355 2360 2425 ).
2403 2352 2655 2409 Advertis
2686 2365 2844 2421 quam
2893 2362 3062 2418 grave
3109 2355 3387 2401 certamen
3437 2340 3540 2406 sit,

1940 2451 2082 2522 quod
2112 2459 2196 2505 est
2234 2450 2371 2503 intra
2411 2446 2684 2501 hominem
2711 2461 2726 2509 ;
2761 2453 2819 2497 ut
2850 2455 3034 2496 secum
3091 2438 3210 2508 ipse
3239 2435 3498 2506 conﬂigat
3525 2475 3540 2501 ,

1939 2559 2060 2600 cum
2122 2544 2236 2599 suis
2291 2540 2678 2610 cupiditatibus
2723 2537 3020 2608 praslietur.
3085 2533 3204 2599 Ipse
3247 2529 3544 2602 Apostolus

1939 2637 2193 2702 ﬂuctuat,
2246 2635 2438 2697 lueret,
2489 2629 2840 2699 astringitor,
2873 2626 3136 2696 captivari
3166 2641 3226 2680 se
3257 2623 3454 2678 asserit
3487 2622 3539 2676 in

1941 2728 2279 2799 legepeceati
2304 2736 2359 2780 et
2380 2724 2572 2779 mortis
2586 2735 2818 2790 corpore
2844 2719 3126 2780 debellari,
3155 2731 3254 2772 nec
3283 2713 3529 2785 potuisse

1943 2822 2215 2888 evadere,
2266 2819 2370 2875 nisi
2422 2826 2567 2874 esset
2614 2815 2826 2872 Domini
2879 2813 3007 2870 Jesu
3055 2811 3229 2883 gratia
3277 2810 3538 2867 liberatus

1940 2914 2121 2988 (Rom.
2167 2929 2261 2970 vtt.
2291 2909 2517 2977 25—25).

2011 3010 2099 3064 47.
2126 3008 2326 3065 Verum
2351 3017 2408 3062 nt
2436 3007 2619 3063 multm
2643 3003 3072 3075 persecutiones,
3107 3002 3178 3056 ita
3203 3000 3368 3055 multa
3395 3011 3539 3052 mar-

1938 3104 2098 3176 tyria.
2129 3101 2386 3170 Quotidie
2416 3100 2573 3154 testis
2599 3113 2659 3154 es
2688 3096 2914 3151 Christi.
2944 3096 3207 3151 Tentates
3240 3085 3452 3167 1235
3477 3105 3538 3147 es

1939 3198 2134 3267 spiritu
2167 3193 2589 3260 fornicationis;
2639 3191 2734 3247 sed
2788 3190 2996 3246 veritus
3042 3188 3265 3244 Christi-
3294 3188 3536 3241 futurum

233 3269 392 3327 hoiie
417 3272 615 3326 natalis
640 3283 744 3328 est.
787 3273 886 3327 llic
937 3271 1362 3328 Mediolanensis
1408 3273 1672 3328 oriundus
1722 3284 1826 3329 est.
1857 3271 1902 3334 C
1931 3291 2216 3360 iudcium,
2255 3287 2626 3344 ιειιιειιειιυιηηι
2669 3287 2865 3340 mentis
2897 3295 2953 3340 ei,
2993 3283 3241 3352 corporis
3271 3282 3535 3335 casﬁmo-

235 3363 494 3421 Fortasse
521 3375 618 3420 aut
659 3365 769 3436 jam
801 3365 1127 3422 discesserat
1153 3376 1490 3437 persecutor,
1518 3377 1608 3421 aut
1655 3367 1834 3424 adhuc

235 3470 337 3510 non
379 3466 605 3511 venerati
643 3457 692 3510 in
725 3456 840 3510 hanc
867 3457 1135 3528 partium,
1189 3467 1283 3511 aut
1318 3459 1500 3512 mitior
1525 3467 1660 3512 erat.
1716 3458 1830 3513 Ad-

231 3550 392 3605 vertit
443 3549 531 3604 hic
562 3560 657 3605 aut
687 3553 894 3606 nullum
924 3567 1046 3608 esse
1074 3594 1088 3619 ,
1153 3562 1244 3607 aut
1289 3563 1473 3623 tepere
1525 3564 1830 3608 certamen.

235 3638 465 3698 Romam
495 3643 768 3713 prolectus
793 3657 896 3709 est,
935 3646 1024 3700 ubi
1051 3658 1274 3716 propter
1298 3647 1422 3702 ﬁdei
1451 3648 1687 3702 studimu
1713 3663 1836 3718 per-

233 3735 532 3791 secutionis
564 3739 759 3792 acerba
785 3738 1102 3804 fervebant;
1133 3740 1204 3793 ibi
1239 3754 1430 3808 [taSsIIS
1456 3751 1562 3806 est,
1595 3743 1696 3797 hoc
1725 3751 1832 3809 est,

235 3827 304 3884 ibi
335 3840 657 3886 coronatus.
692 3831 879 3902 Itaque
919 3831 1056 3900 illic,
1089 3848 1197 3903 quo
1225 3833 1426 3902 hospes
1449 3834 1662 3888 advenit
1689 3876 1704 3901 ,
1735 3834 1835 3888 do-

237 3923 496 3980 micilium
527 3926 954 3982 immortalitatis
981 3935 1258 3998 perpetua:
1283 3931 1589 3983 collocavit.
1613 3929 1671 3984 Si
1697 3945 1835 3986 unus

236 4029 556 4087 persecutor
611 4020 841 4086 luisset,
884 4030 1178 4077 coronatus
1241 4021 1331 4078 hic
1391 4031 1596 4096 martyr
1653 4029 1834 4095 utique

234 4129 339 4169 non
381 4115 595 4173 fuisset.

309 4212 403 4268 45.
445 4212 554 4269 Sed
583 4212 725 4283 quod
760 4213 938 4283 pejus,
982 4229 1091 4268 non
1136 4212 1188 4267 hi
1231 4213 1405 4269 solum
1458 4221 1834 4282 persecutores

238 4309 475 4379 suntqui
505 4307 777 4371 videntur,
821 4307 917 4362 sed
948 4307 1111 4362 etiam
1159 4307 1250 4375 qui
1280 4321 1386 4360 non
1433 4306 1721 4372 videntur;
1781 4315 1835 4361 et

237 4406 405 4460 multo
437 4403 623 4473 plures
655 4390 1072 4472 persecutores!
1120 4402 1280 4458 Sicut
1307 4402 1451 4457 enim
1517 4417 1658 4458 unus
1710 4417 1833 4472 per-

238 4510 456 4556 secutor
480 4513 574 4552 rex
617 4496 801 4551 multis
830 4495 1226 4566 persecutionis
1255 4505 1526 4566 praecepta
1562 4497 1831 4564 mittebat,

237 4603 290 4648 et
312 4609 408 4664 per
431 4592 678 4662 singulas
705 4590 793 4645 vel
845 4591 1092 4645 civitates
1123 4630 1139 4656 ,
1194 4589 1278 4644 vel
1331 4589 1633 4658 provincias
1676 4598 1830 4644 erant

1937 3381 2080 3437 niam
2105 3397 2212 3436 non
2248 3381 2485 3448 putasti:
2523 3389 2732 3449 martyr
2759 3392 2819 3432 es
2871 3374 3098 3430 Christi.
3163 3373 3429 3428 Tentates
3475 3384 3537 3425 es

1935 3475 2128 3545 Spiritu
2187 3473 2471 3536 avaritiae,
2526 3481 2585 3526 ut
2642 3469 3048 3541 possessionem
3103 3466 3330 3522 minoris
3383 3466 3534 3520 inva-

1936 3565 2115 3625 deres.
2159 3564 2454 3620 indefensae
2496 3563 2667 3618 viduae
2691 3563 2812 3633 jura
2858 3571 3199 3624 temerares;
3242 3567 3296 3613 et
3353 3567 3532 3612 tamen

1935 3659 2396 3728 centemplatione
2415 3658 2722 3714 caelestium
2758 3665 3154 3728 przeceptorum
3181 3667 3339 3722 Opem
3367 3650 3534 3722 magis

1937 3750 2261 3817 ferendam,
2322 3767 2483 3822 quam
2541 3749 2878 3805 inferendam
2935 3747 3186 3818 injuriam
3227 3743 3530 3816 judicasti:

1937 3847 2091 3901 teStis
2121 3861 2178 3901 es
2202 3843 2428 3899 Christi.
2463 3844 2706 3914 Denique
2737 3843 2872 3896 tales
2916 3841 3032 3896 vult
3089 3848 3256 3892 testes
3285 3835 3536 3892 Christus

1936 3943 2216 4007 assistere,
2244 3939 2544 3994 secundum
2573 3936 2716 4008 quod
2742 3937 3002 4004 scriptum
3027 3942 3111 3987 est
3134 3948 3148 3986 :
3172 3930 3415 3985 Judicate
3434 3944 3535 4001 pu-

1939 4033 2101 4102 pillo,
2156 4043 2201 4084 et
2215 4032 2505 4104 justi/irate
2559 4031 2810 4084 viduum:
2863 4037 2910 4081 et
2935 4026 3136 4088 venite,
3190 4025 3531 4092 disputemus,

1936 4127 2062 4181 dicit
2086 4125 2342 4179 Dominus
2372 4123 2556 4193 (Esai.
2587 4141 2640 4190 ι,
2674 4123 2738 4176 17
2767 4131 2814 4176 et
2843 4120 2909 4176 18
2938 4121 2978 4189 ).
3018 4118 3280 4173 'I‘entatus
3327 4128 3386 4170 es
3427 4113 3536 4183 spi-

1937 4221 2041 4275 ritn
2072 4218 2373 4288 superbiae;
2425 4217 2519 4272 sed
2550 4215 2740 4271 videns
2789 4214 3008 4284 inopem
3063 4223 3225 4280 atque
3256 4222 3484 4278 egenum
3515 4248 3531 4272 ,

1937 4318 2024 4384 pia
2066 4324 2250 4368 mente
2287 4326 2606 4372 eomiiassus
2646 4324 2728 4376 es,
2766 4306 3122 4362 humilitatem
3176 4301 3344 4373 magis
3372 4313 3533 4369 quam

1938 4408 2302 4478 arrogantiam
2328 4405 2569 4462 dilexisti
2604 4421 2616 4458 :
2645 4404 2798 4460 testis
2825 4419 2884 4458 es
2916 4400 3119 4456 Christi
3149 4417 3163 4466 ;
3197 4395 3419 4467 etquod
3453 4403 3537 4449 est

1937 4503 2191 4572 amplius.
2215 4517 2322 4554 non
2343 4499 2610 4555 sermonis
2633 4495 3034 4560 tantummodo,
3057 4491 3151 4548 sed
3175 4491 3336 4548 etiam
3355 4488 3536 4560 operis

1943 4607 1964 4636 ο
2010 4596 2380 4651 testimonium
2428 4592 2773 4662 perhibuisti.
2828 4589 2963 4655 Quis
3020 4587 3164 4640 enim
3219 4581 3541 4652 locupletior

237 4686 436 4742 diversi
469 4697 850 4756 persecutores
879 4701 894 4750 ;
944 4683 1020 4738 ita
1045 4685 1209 4739 etiam
1235 4682 1484 4737 diabolus
1514 4682 1711 4737 multos
1735 4686 1835 4738 mi-

1939 4690 2096 4746 testis
2137 4699 2242 4755 est,
2271 4705 2432 4759 quam
2473 4689 2564 4756 qui
2598 4687 2890 4740 conﬁtetur
2923 4681 3210 4737 Dominum
3252 4678 3441 4734 Iesum
3485 4676 3538 4730 in

238 4783 437 4836 nistros
493 4793 628 4835 suos
684 4777 893 4849 dirigit,
935 4777 1025 4848 qui
1071 4793 1178 4832 non
1229 4775 1364 4832 foris
1422 4778 1828 4848 tantummodo,

240 4968 342 5024 lius
388 4976 474 5022 est
517 4965 661 5020 hanc
712 4964 867 5020 obire
917 4963 1158 5019 adverbii
1219 4963 1370 5018 vices
1401 4977 1837 5033 pr0.ttsqtteqtto,

239 5041 375 5103 sive,
402 5055 564 5106 usque
587 5038 656 5089 nd
680 5054 827 5108 quem
850 5038 1071 5106 gradum
1096 5052 1116 5100 ;
1145 5035 1582 5106 quandoquidem
1614 5033 1835 5089 Amerb.

239 5121 290 5164 et
319 5126 455 5166 mss.
479 5123 670 5163 omnes
694 5107 976 5161 'Itobiscntu
1012 5107 1234 5161 faciunt.

308 5189 335 5217 ιι
366 5182 524 5234 liom.
588 5181 746 5243 edit.,
777 5177 1043 5233 inolIettse
1067 5219 1082 5244 ,
1115 5195 1234 5232 cum
1274 5192 1640 5246 prosperarum
1689 5193 1838 5231 even-

240 5261 385 5306 tuum
410 5253 696 5305 srcundaut
721 5265 1009 5306 successus.

305 5321 334 5360 δ
366 5322 530 5377 Vides
558 5339 676 5376 eam
718 5321 860 5376 diem
911 5337 1014 5390 qua
1064 5320 1278 5375 habitus
1319 5319 1385 5374 ab
1413 5318 1701 5373 Ambrosio
1742 5317 1839 5373 fuit

241 5392 328 5448 hic
353 5410 560 5458 sermo,
590 5394 642 5446 in
676 5393 914 5448 Ecclesia
941 5392 1321 5446 .‘iledinlanensi
1348 5391 1672 5446 Sebastiano
1695 5407 1835 5444 mar-

241 5465 343 5536 tyri
374 5481 584 5518 sacram
611 5464 908 5519 exstitisse.
942 5463 1017 5516 De
1039 5466 1198 5536 cujus
1213 5463 1430 5536 quidem
1457 5470 1649 5533 tuartyi
1669 5463 1712 5514 is
1745 5476 1836 5529 pa-

240 5534 335 5589 tria
366 5537 470 5590 etsi
505 5547 610 5588 tam
652 5536 905 5589 distincte
948 5534 1300 5602 pronuuziare
1337 5535 1580 5587 videatur
1619 5543 1838 5587 sanctus

241 5605 469 5669 Pri-«ul.
502 5623 620 5672 ejus
653 5615 835 5662 tamen
889 5607 1052 5660 verba
1083 5605 1136 5659 in
1164 5608 1411 5659 diversos
1441 5621 1634 5658 sensus
1664 5616 1840 5658 trase-
1905 5651 1918 5665 ,

239 5688 366 5732 runt
396 5677 658 5731 bi~torici.
681 5677 923 5744 Namque
948 5693 976 5730 a
1006 5677 1178 5731 Baron
1217 5675 1284 5730 ad
1309 5693 1397 5730 an.
1422 5674 1553 5738 284,
1583 5676 1835 5744 tinniJﬁ,

240 5749 445 5802 dicitur
475 5765 488 5802 :
522 5747 771 5803 Narbone
795 5750 1068 5811 oriundus,
1096 5747 1384 5802 Mediolani
1416 5763 1531 5801 vero
1549 5751 1792 5800 educatus
1820 5764 1839 5800 :

242 5821 318 5874 set
345 5831 410 5876 ω
448 5832 658 5874 sanctus
710 5819 1010 5893 Anzbrosim
1042 5819 1191 5893 (hoc.
1217 5820 1432 5893 Scilicet
1471 5818 1614 5893 Inoo)
1660 5827 1713 5893 et,
1747 5819 1840 5871 alii

248 5893 482 5954 tradunt,
506 5903 649 5960 putre
699 5890 1027 5946 Narbonensi
1053 5888 1077 5954 ’ξ
1103 5899 1266 5946 matre
1297 5888 1670 5946 .llediolanensi
1687 5888 1839 5944 natus

1938 4797 2105 4838 carne
2139 4782 2378 4848 venisse,
2435 4796 2558 4836 cum
2614 4777 2892 4849 Evangelii
2934 4786 3204 4848 praecepta
3251 4768 3541 4828 custodit?

1948 4962 2256 5019 Mediolani.
2291 4963 2578 5017 Sattssaius
2628 4966 2807 5015 autem
2851 4967 3002 5025 patre
3026 4954 3203 5032 Gallo:
3228 4959 3412 5032 matre
3433 4947 3543 5032 Me:

1945 5035 2250 5090 diolanensi
2315 5035 2567 5090 Narbone
2625 5045 2807 5086 natum
2857 5024 3024 5082 fuisse
3079 5024 3287 5080 scribit.
3344 5024 3539 5076 C.etcri

1948 5108 2139 5170 partim
2175 5106 2316 5170 huic,
2352 5108 2559 5176 partim
2591 5104 2668 5158 illi
2700 5101 2940 5176 opinioni
2967 5095 3536 5176 facifeassentiuntur.

1947 5165 2195 5249 Denique
2233 5165 2368 5232 Aeta-
2411 5175 2654 5244 ejusdem
2705 5165 2960 5249 Il-tnrtyt'is
2997 5185 3027 5223 a
3052 5165 3317 5249 Bollattd."
3359 5165 3544 5218 novis-

1945 5252 2080 5303 sime
2103 5237 2204 5303 ἐπὶ)
2236 5237 2506 5306 Ambrosii
2538 5249 2704 5300 nostri
2758 5237 2974 5298 nomine
3005 5237 3376 5316 ex_vtetet'tli_tts
3408 5250 3538 5316 mss.

1944 5324 2085 5375 edita
2119 5305 2552 5374 Ilil‘CrSCt'lIIttitllll
2606 5318 2786 5384 plures
2825 5328 2954 5367 mss.
3004 5311 3203 5363 habent
3232 5325 3243 5359 :
3277 5305 3543 5384 Sebastia-

1944 5408 2042 5445 nus
2075 5389 2541 5445 Mediolaueusium
2573 5375 2801 5460 partibus
2851 5387 3132 5460 educatus;
3161 5391 3211 5433 at
3244 5375 3542 5460 secundum

1941 5465 2206 5534 quosdam
2237 5464 2398 5526 alios,
2434 5450 2897 5534 .lledi'olanensiutn
2940 5453 3166 5523 partium
3196 5450 3356 5534 ⁸ςὶυἰςς,
3401 5450 3543 5518 quod

1942 5521 2160 5606 quidem
2210 5549 2331 5588 eum
2368 5521 2512 5606 testu
2545 5541 2730 5606 nostro
2758 5521 2960 5606 optime
2984 5521 3255 5606 eiirvgritit.
3309 5603 3318 5606 _
3382 5590 3417 5606 ﬂ

2018 5604 2280 5659 chnctze
2323 5605 2452 5659 edit.
2512 5602 2855 5656 testimonium
2906 5595 3251 5662 perhibuisti;
3303 5595 3443 5644 testis
3492 5604 3545 5642 es

1941 5676 2130 5734 Christi
2163 5695 2181 5731 :
2230 5678 2324 5731 sed
2379 5676 2495 5729 Itsrc
2549 5677 2733 5726 ultima
2778 5669 2941 5725 verba
2992 5682 3121 5721 mss.
3159 5664 3416 5717 (miitluot
3449 5667 3547 5734 ;_et

1941 5729 2344 5819 supervacanea
2389 5763 2514 5819 esse
2543 5745 2829 5814 intelliget,
2881 5740 3128 5810 quisquis
3174 5738 3348 5790 locum
3383 5729 3543 5800 paulo

1942 5817 2202 5877 attentius
2226 5817 2566 5889 expenderit.
