4104 6350
511 370 531 424 1
545 368 649 425 4‘39

1852 349 2099 410 SANC'I‘I
2136 347 2460 410 AMBROSII

3676 352 3813 406 i503

509 479 643 534 Nam
684 476 774 547 qui
829 475 980 530 audit
1019 484 1200 528 etnon
1247 471 1396 533 facit,
1428 476 1590 540 negat
1643 467 1961 531 Christum;
2001 465 2106 521 etsi
2136 475 2188 535 Α
2212 464 2356 532 Quot
2391 471 2634 533 peccata,
2668 472 2800 533 quot
2844 462 2971 516 vitia
3005 504 3018 525 ,
3080 471 3160 517 tot
3201 479 3376 536 reges.
3434 465 3500 521 Et
3535 478 3664 523 aute
3712 468 3814 521 hos

511 572 678 628 verbo
709 570 966 637 fateatur,
991 569 1247 639 operibus
1275 572 1455 635 negat.
1488 564 1660 632 Quam
1699 561 1887 617 multis
1914 560 2103 616 dicen-

513 665 702 721 tibus:
744 664 987 729 Domine,
1017 661 1257 726 Domine,
1302 674 1473 713 nonne
1516 657 1571 710 in
1621 666 1708 710 tuo
1744 655 1951 709 nomine
1984 670 2104 724 pro-

513 757 850 828 phetavimus,
895 766 942 812 et
969 755 1223 811 (flamonia
1249 753 1516 826 ejecimus,
1569 760 1613 804 et
1639 750 1853 805 virtutes
1915 749 2106 802 multas

513 853 731 924 fecimus
771 852 789 921 (
818 849 1009 904 Matth.
1038 863 1111 903 vn
1139 888 1154 915 ,
1183 847 1255 900 Si
1281 846 1342 918 )?
1375 847 1426 900 in
1457 845 1551 899 ilio
1579 844 1669 899 die
1715 841 2063 914 respondebit
2089 858 2104 895 :

517 943 781 1000 Discedite
799 960 831 996 a
853 959 952 1010 me,
968 958 1144 998 omnes
1165 942 1251 1012 qui
1269 938 1561 1009 operamini
1579 937 1898 1008 iniquitatem
1914 934 1964 1008 (l
1974 934 2106 1001 bid.,

509 1037 643 1108 25)!
691 1037 784 1092 Ille
811 1052 943 1108 ergo
993 1024 1150 1090 testis
1195 1044 1302 1100 est,
1349 1033 1441 1104 qui
1471 1031 1894 1103 astipulautibus
1929 1029 2107 1094 factis,

516 1128 724 1184 Domini
765 1128 893 1186 Jesu
922 1135 1193 1200 prmeepta
1223 1136 1474 1182 testatur.

583 1224 672 1278 48.
691 1222 890 1291 Quanti
915 1238 1047 1294 ergo
1069 1221 1311 1294 quotidie
1336 1221 1388 1274 itt
1413 1219 1628 1276 occulto
1649 1226 1915 1290 martyres
1928 1216 2114 1272 Chriso

514 1317 554 1373 ti
594 1329 743 1382 sunt,
775 1327 830 1372 et
853 1317 1038 1373 Jesum
1072 1316 1363 1370 Dominum
1415 1313 1746 1368 confitentur
1773 1313 1788 1367 ι
1821 1311 1981 1366 Novit
2012 1311 2115 1364 hoc

516 1411 836 1482 martyrium
871 1407 1168 1479 Apostolus
1199 1417 1254 1463 et
1282 1406 1653 1464 testimonium
1692 1403 1899 1459 Christi
1928 1402 2112 1470 fidele,

517 1504 607 1573 qui
637 1503 777 1558 dixit
807 1520 820 1556 :
858 1501 986 1557 Hart:
1015 1511 1090 1557 est
1116 1503 1250 1557 enim
1275 1501 1514 1572 gloriatio
1542 1507 1742 1564 nostra,
1772 1496 2116 1552 testimonium

517 1595 841 1650 conscientia:
865 1604 1053 1650 nostra:
1082 1593 1162 1667 (ll
1191 1593 1310 1648 Cor.
1346 1609 1394 1659 ι,
1430 1593 1491 1646 12
1511 1590 1554 1664 ).
1608 1591 1804 1659 Quanti
1831 1589 1963 1646 foris
1986 1604 2118 1644 con-

517 1689 647 1744 fessi
688 1699 854 1755 sunt,
908 1699 963 1745 et
1019 1690 1162 1744 intus
1202 1689 1580 1759 negaverunt!
1635 1687 1880 1757 Namque
1931 1686 2120 1741 uxoris

516 1781 780 1838 ducenda:
807 1783 999 1853 gratia,
1035 1791 1059 1820 α
1096 1797 1218 1852 qua!
1247 1781 1435 1853 gentili
1461 1781 1578 1836 viro
1603 1796 1633 1834 a
1663 1780 1979 1836 christianis
2026 1795 2117 1848 pa-

2203 556 2540 621 adducimur,
2572 564 2627 611 et
2655 562 2786 611 ante
2815 555 2915 610 hos
2951 564 3184 612 stamus.
3218 558 3434 614 Habent
3484 561 3648 616 etiam
3716 561 3812 615 isti

2211 665 2370 720 reges
2422 650 2658 705 tribunal
2714 650 2768 704 in
2825 650 3101 705 mentibus
3154 652 3555 722 plurimorum;
3615 654 3713 710 sed
3764 655 3813 710 si

2205 745 2327 816 quis
2354 745 2630 800 Christum
2688 746 2936 807 fateatur,
2995 749 3180 800 statim
3226 763 3410 818 regem
3466 749 3619 804 illum
3677 748 3813 804 facit

2209 855 2332 896 esse
2357 841 2652 910 captivum,
2679 839 2869 911 dejicit
2888 839 2958 895 de
2981 841 3119 896 solio
3135 855 3247 896 suae
3275 843 3497 898 mentis.
3527 843 3818 910 Quomodo

2209 936 2354 989 enim
2379 936 2578 1004 poterit
2602 934 2803 990 diaboli
2823 934 3063 990 tribunal
3092 950 3318 992 manere
3340 937 3393 992 in
3410 951 3480 993 eo
3498 938 3586 992 cui
3607 934 3817 992 Christi

2213 1028 2456 1082 tribunal
2503 1027 2742 1096 assurgit
2768 1027 2792 1081 ‘i

2285 1122 2374 1177 51.
2433 1122 2587 1176 Multi
2618 1139 2740 1193 ergo
2762 1132 3120 1192 persequentes
3139 1165 3156 1192 ,
3188 1132 3235 1178 et
3263 1123 3569 1179 tribulontes
3607 1140 3708 1179 me.
3742 1124 3817 1180 Et

2216 1215 2448 1272 fortasse
2475 1216 2725 1273 Christus
2760 1220 2862 1273 hoc
2890 1217 3055 1286 dicit,
3097 1226 3154 1274 et
3183 1207 3315 1276 dicit
3339 1221 3392 1275 in
3440 1221 3666 1276 vocibus
3695 1222 3819 1276 sin-

2215 1311 2502 1382 gulorum;
2537 1311 2712 1381 ipsttm
2745 1313 2948 1368 etenim
2982 1311 3332 1368 adversarius
3370 1313 3720 1384 persequitur
3759 1313 3819 1368 in

2219 1405 2398 1460 nobis.
2430 1403 2486 1459 Si
2538 1404 2781 1459 declinas
2811 1413 3256 1476 persequentem,
3287 1403 3566 1460 Christum
3599 1405 3817 1476 abjicis,

2218 1498 2309 1568 qui
2341 1511 2401 1552 se
2432 1495 2628 1552 tentari
2660 1498 2882 1568 patitur,
2930 1507 2988 1551 ut
3023 1498 3224 1553 vincat.
3282 1497 3385 1554 Ubi
3423 1497 3577 1552 illum
3620 1497 3823 1554 viderit

2220 1590 2500 1658 diabolus,
2550 1590 2623 1646 ibi
2671 1601 2824 1660 parat
2853 1591 3120 1658 insidias,
3169 1592 3244 1647 ibi
3294 1591 3654 1647 tentationum
3705 1607 3825 1648 ma—

2221 1683 2412 1738 chinas
2442 1683 2716 1748 admovet,
2752 1684 2822 1739 ibi
2865 1683 3019 1740 dolos
3066 1686 3272 1750 nectit;
3310 1693 3371 1740 ut
3394 1685 3543 1740 illum
3571 1726 3585 1748 ,
3615 1685 3660 1738 si
3691 1698 3823 1755 pos-

2227 1775 2318 1841 sit,
2355 1775 2630 1829 excludat.
2679 1773 2780 1831 Ubi
2843 1785 3022 1830 autem
3080 1775 3326 1832 diabolus
3381 1776 3684 1846 prmliatur,
3744 1775 3821 1831 ibi

514 1875 764 1931 rentibus
792 1877 1110 1945 negabatur,
1141 1875 1395 1930 simulata
1428 1875 1493 1930 ad
1543 1883 1756 1944 tempus
1814 1872 1940 1939 ﬁde,
1993 1873 2108 1944 ple-
2137 1857 2185 1917 B
2212 1865 2461 1922 Christus
2501 1867 2723 1922 assistit.
2757 1866 2855 1924 Ubi
2881 1867 3130 1924 diabolus
3175 1868 3410 1935 obsidet,
3439 1870 3511 1923 ibi
3556 1866 3810 1925 Christus

519 1970 676 2040 rique
703 1968 1006 2039 produntur
1036 1969 1182 2040 quod
1213 1967 1349 2024 foris
1377 1968 1615 2024 confessi
1645 1977 1792 2036 sunt,
1827 1968 1990 2034 intus
2020 1982 2116 2023 ne-

523 2078 701 2134 gasse.
737 2066 820 2119 An
851 2063 1228 2120 fornicotionis
1253 2079 1414 2118 causa
1457 2062 1831 2118 tantummodo
1863 2071 2116 2134 putamus

523 2156 810 2212 Dominum
836 2158 1005 2214 Deum
1036 2167 1282 2212 nostrum
1306 2158 1358 2212 in
1389 2155 1976 2228 pupulumludzeorum
2006 2165 2115 2210 tam

520 2266 710 2307 severe
735 2265 859 2307 esse
886 2261 1243 2317 commotum,
1295 2258 1354 2306 ut
1382 2249 1409 2288 ι)
1457 2249 1649 2321 viginti
1691 2250 1794 2304 tria
1846 2247 2016 2304 millia
2047 2247 2116 2305 de

522 2346 723 2416 populo
751 2355 1079 2402 necarentur
1118 2345 1312 2416 (Num.
1341 2360 1452 2400 xxv
1476 2385 1491 2411 ,
1515 2344 1604 2416 9),
1652 2352 1940 2415 propterea
1963 2343 2109 2413 quod

524 2436 832 2493 Madiauitw
883 2439 1062 2509 gentis
1106 2437 1323 2493 feminis
1373 2437 1661 2492 concubitu
1711 2435 2112 2490 miscerentur:

520 2546 583 2586 ac
615 2547 720 2587 non
749 2548 813 2586 eo
841 2535 982 2605 quod
1013 2549 1107 2604 per
1150 2534 1276 2589 illos
1322 2533 1644 2588 concubitus
1687 2531 2117 2602 alienigenarum

522 2623 829 2681 desciscere
856 2641 885 2680 a
915 2626 1040 2694 fide,
1071 2641 1267 2697 negare
1282 2625 1571 2680 Dominum
1601 2632 1927 2694 cogerentur
1954 2623 1978 2678 't

595 2717 686 2772 49.
730 2718 941 2783 Nolite,
981 2717 1196 2789 inquit,
1238 2719 1378 2773 ουιηί
1423 2719 1632 2790 spiritui
1679 2716 1884 2772 credere
1912 2715 1931 2787 (
1956 2714 2114 2770 Joan.

518 2827 568 2866 tv
595 2854 609 2878 ,
659 2815 718 2868 11
748 2812 766 2883 )
799 2831 812 2879 ;
846 2815 941 2869 sed
966 2827 996 2868 a
1025 2812 1291 2869 fructibus
1319 2827 1508 2868 eorum
1550 2811 1890 2882 cognoscite,
1917 2810 2116 2881 quibus

516 2906 741 2962 credere
769 2906 1035 2963 debeatis.
1067 2907 1228 2962 Venit
1253 2907 1374 2976 quis
1402 2907 1454 2960 in
1489 2905 1814 2970 Ecclesium,
1840 2903 1968 2958 dum
2017 2903 2117 2958 ito-

517 3007 706 3048 uorem
744 2993 963 3049 affectat
989 2995 1091 3049 sub
1121 2993 1543 3063 imperatoribus
1569 2989 1920 3055 Christianis,
1950 2990 2118 3045 simu-

515 3086 626 3141 lato
657 3097 803 3142 metu
848 3087 1152 3142 orationem
1181 3101 1240 3142 se
1269 3086 1425 3156 fingit
1451 3085 1663 3140 deferre
1692 3101 1705 3140 :
1766 3095 1788 3124 ο
1820 3083 2118 3138 inclinatur

512 3189 569 3236 et
594 3181 715 3236 solo
749 3184 1036 3248 sternitur,
1068 3181 1160 3252 qui
1189 3195 1332 3252 genu
1361 3180 1558 3235 mentis
1589 3194 1698 3233 non
1737 3177 1997 3242 flexerit;
2036 3175 2116 3231 vi-

2221 1959 2534 2028 includitur,
2565 1960 2634 2014 ibi
2676 1976 2956 2015 murorum
2990 1961 3313 2031 spiritalium
3360 1971 3511 2031 septa
3535 1961 3804 2017 defendit.

2222 2049 2364 2120 Ergo
2395 2051 2486 2118 qui
2527 2063 2930 2121 persecutorem
2964 2052 3190 2122 refugit,
3221 2053 3400 2122 rejicit
3429 2054 3594 2108 etiam
3615 2052 3804 2108 defen-

2219 2158 2420 2199 sorem.
2473 2145 2577 2200 Sed
2609 2159 2733 2200 cum
2761 2145 2918 2199 audis
2950 2162 2966 2200 :
3000 2143 3158 2200 Multi
3183 2154 3557 2216 persequentes,
3609 2156 3660 2200 et
3715 2146 3780 2199 tri
3793 2176 3810 2185 -

2221 2236 2456 2291 bulnntes
2488 2254 2588 2306 me,
2625 2238 2735 2292 noli
2769 2238 2989 2305 timere,
3017 2239 3106 2309 qui
3133 2248 3287 2308 potes
3317 2238 3540 2294 dicere:
3591 2240 3653 2294 Si
3683 2237 3823 2292 Deus

2221 2346 2317 2400 pro
2343 2331 2508 2397 nobis,
2541 2332 2654 2400 quis
2696 2341 2876 2385 contra
2905 2347 2998 2385 nos
3046 2330 3224 2402 (Rom.
3260 2346 3357 2386 vm
3384 2373 3398 2396 ,
3449 2331 3587 2402 31)?
3623 2330 3820 2386 Verum

2223 2424 2325 2479 hoc
2354 2423 2484 2479 dicit
2513 2424 2626 2492 ille,
2660 2425 2750 2495 qui
2782 2440 2809 2477 a
2841 2425 3166 2481 testimoniis
3197 2425 3411 2481 Domini
3461 2426 3614 2481 nullo
3662 2426 3823 2480 vitio-

2223 2535 2340 2573 rum
2383 2519 2622 2574 declinat
2665 2518 2939 2575 anfractu.

2293 2609 2380 2664 52.
2442 2610 2640 2684 (Vers.
2673 2612 2796 2666 158.
2844 2612 3152 2683 )Sequitur
3179 2628 3368 2668 versus
3415 2623 3601 2669 sextus
3641 2629 3654 2667 :
3706 2612 3825 2669 Vidi

2223 2719 2324 2758 non
2351 2713 2608 2758 servantes
2637 2713 2865 2775 pactum,
2895 2715 2942 2759 ct
2961 2704 3280 2759 tabescebam
3308 2723 3329 2772 ;
3372 2707 3618 2777 quoniam
3667 2707 3817 2761 verba

2224 2807 2312 2850 tua
2343 2813 2444 2851 non
2471 2797 2846 2852 custodierunt.
2897 2797 3098 2854 Beatus
3155 2799 3238 2854 vir
3291 2799 3384 2870 qui
3445 2800 3496 2854 in
3556 2800 3822 2856 charitate

2224 2892 2317 2947 Dei
2343 2892 2603 2957 tabescit;
2632 2893 2757 2964 quia
2778 2891 3054 2948 videtnon
3088 2901 3366 2948 servantes
3399 2903 3635 2964 pactum.
3658 2892 3814 2948 Alius

2221 2994 2442 3055 propter
2477 2985 2702 3039 vitiosos
2740 3000 2958 3041 amores
2985 2986 3248 3050 tabescit,
3279 2987 3371 3056 qui
3403 2986 3634 3042 distillat
3678 2987 3806 3042 dum

2223 3089 2306 3135 est
2336 3081 2533 3134 dilatus
2569 3095 2757 3135 amore
2803 3079 3020 3136 dilectae
3050 3095 3065 3135 :
3095 3090 3150 3136 et
3203 3080 3330 3136 dum
3374 3081 3680 3152 proiciatur
3725 3081 3822 3137 fia-

2221 3174 2430 3243 grantis
2486 3174 2800 3244 cupiditatis
2837 3174 3095 3241 effectus,
3147 3175 3361 3230 animus
3415 3175 3617 3242 deficit,
3672 3175 3822 3231 vires

516 3273 610 3328 det
640 3274 791 3328 illum
847 3275 1032 3338 homo,
1095 3273 1467 3328 Christianum
1503 3279 1683 3342 putat;
1745 3270 1896 3326 videt
1952 3271 2114 3324 homo
2141 3259 2186 3322 C
2219 3268 2467 3336 corporis
2512 3266 2745 3336 quadam
2773 3266 3129 3324 deformitate
3157 3268 3402 3339 palloris,
3439 3267 3819 3339 fessorumque

515 3377 764 3423 orantem
795 3367 1142 3437 suppliciter,
1174 3375 1231 3420 et
1257 3365 1472 3430 credit;
1501 3365 1595 3420 sed
1634 3363 1774 3420 Deus
1827 3362 1977 3418 audit
2020 3377 2112 3418 ne-

517 3468 756 3528 gantem.
794 3458 1032 3514 Discedit
1079 3458 1336 3528 probatus
1363 3458 1432 3512 ab
1461 3457 1700 3524 homine,
1731 3455 1825 3511 sed
1857 3455 2115 3511 condem-

521 3563 680 3607 natus
727 3568 755 3605 a
805 3552 1010 3623 judice.
1051 3553 1264 3619 Quanto
1307 3551 1640 3606 tolerabilius
1690 3549 1867 3605 fuerat
1910 3546 2116 3603 homini

517 3659 742 3714 negasse
764 3687 778 3711 ,
813 3657 869 3700 et
893 3645 1004 3701 Deo
1033 3661 1157 3701 esse
1181 3644 1488 3700 confessum
1522 3645 1534 3698 ε
1579 3641 1734 3698 Licet
1775 3643 1877 3698 hoc
1900 3658 2115 3712 quoque

517 3738 980 3806 reprehensibile;
1036 3739 1274 3808 perfecta
1322 3741 1466 3793 enim
1516 3736 1791 3792 confessio
1852 3747 1906 3791 et
1945 3736 2114 3790 animi

517 3831 712 3899 quaerit
756 3831 1122 3898 devotionem,
1175 3843 1230 3888 et
1267 3832 1414 3888 vocis
1467 3831 1906 3902 professionem:
1948 3829 2115 3886 Corde

521 3924 658 3978 enim
685 3926 911 3979 creditur
941 3927 1010 3981 ad
1028 3929 1332 3994 justitiam:
1366 3943 1455 3981 ore
1482 3937 1653 3982 autent
1681 3927 1940 3997 confessio
1967 3927 2023 3996 ﬁt
2046 3928 2114 3981 ad

515 4017 733 4071 salutem
763 4018 940 4090 (Rom.
972 4036 1029 4087 ι,
1062 4019 1174 4093 10).

588 4109 679 4166 50.
724 4111 866 4182 Ergo
889 4113 940 4167 in
967 4113 1435 4183 persecutionibus
1480 4112 1838 4169 interioribus
1878 4119 1998 4168 esto
2053 4110 2116 4166 fi-

515 4203 654 4259 delis
675 4212 731 4260 et
758 4202 915 4260 fortis
944 4222 958 4271 ;
986 4215 1048 4261 ut
1077 4216 1132 4261 et
1153 4207 1272 4263 istis
1303 4206 1610 4263 forensibus
1641 4205 2114 4277 persecutionibus

521 4299 866 4368 approbaris.
913 4299 981 4355 Et
1015 4301 1067 4355 in
1128 4302 1334 4359 intimis
1387 4302 1860 4373 persecutionibus
1905 4301 2117 4373 1236

519 4400 644 4448 sunt
693 4408 849 4464 reges
873 4435 887 4456 .
921 4405 970 4450 et
1006 4396 1269 4466 praesides
1303 4437 1317 4462 ,
1365 4392 1392 4433 ἀ
1432 4396 1707 4451 terribiles
1753 4395 1964 4465 judices
2021 4411 2115 4464 po-

517 4489 733 4539 testate.
773 4487 933 4542 Dabis
959 4489 1268 4560 exemplum
1299 4489 1353 4544 in
1385 4487 1596 4543 Domini
1623 4488 1922 4542 tentatione
1951 4502 2114 4556 quam

518 4579 786 4648 pertulit;
818 4580 1192 4638 demonstrata
1223 4593 1350 4639 sunt
1381 4583 1429 4637 ei
1463 4583 1644 4637 omnia
1672 4596 1862 4652 regna,
1907 4590 1963 4638 et
1999 4581 2114 4636 dic-

2213 3373 2428 3416 artuum
2457 3362 2577 3416 tahe
2597 3362 2936 3418 minuuntur.
2969 3363 3122 3418 Alius
3161 3364 3250 3433 qui
3281 3363 3562 3433 pecuniam
3602 3378 3809 3419 concu-

2217 3455 2594 3527 piscit,douec
2641 3456 2879 3526 potiatur
2931 3471 3013 3523 ea,
3051 3472 3217 3512 avaro
3266 3459 3434 3512 miser
3487 3457 3714 3514 tabescit
3744 3459 3822 3512 af-

2219 3552 2382 3606 fectu.
2413 3551 2565 3605 Alius
2594 3550 2887 3606 immodice
2908 3549 3228 3622 capessendi
3257 3550 3477 3607 honoris
3512 3551 3822 3621 impatiens,

2216 3644 2261 3698 si
2285 3643 2556 3699 desideria
2584 3644 2745 3715 longa
2770 3643 3025 3714 suspiret,
3053 3660 3161 3700 non
3186 3643 3444 3698 mediocri
3469 3644 3671 3700 mentis
3699 3645 3825 3700 tabe

2217 3736 2520 3792 conficitur.
2552 3735 2668 3791 Non
2702 3737 2826 3791 talis
2856 3737 2948 3807 qui
2997 3736 3127 3791 dicit
3156 3751 3172 3792 :
3200 3736 3369 3805 Quam
3421 3736 3664 3791 distabuit
3693 3753 3816 3791 caro

2218 3846 2328 3885 mea
2353 3831 2406 3884 in
2439 3839 2577 3885 terra
2615 3831 2838 3897 deserta,
2867 3832 2919 3885 in
2947 3833 3104 3899 invia,
3136 3841 3182 3886 et
3239 3832 3348 3886 sine
3384 3848 3518 3904 aqua
3543 3829 3658 3903 (Ps.
3687 3847 3823 3898 1.x",

2215 3925 2250 3979 2
2277 3935 2322 3979 et
2351 3925 2406 3998 5)
2435 3927 2447 3980 !
2477 3926 2563 3979 hic
2592 3926 2734 3981 enim
2761 3925 3058 3994 castigabat
3109 3939 3324 3980 carnem
3352 3938 3529 3989 suam,
3554 3934 3608 3980 et
3639 3925 3825 3979 tabes-

2216 4035 2340 4077 cere
2367 4020 2616 4088 faciebat,
2643 4020 2770 4076 dum
2813 4018 3087 4074 indefesso
3114 4019 3388 4074 desiderio
3427 4017 3625 4072 divina:
3671 4019 3821 4088 cogi-

2218 4113 2438 4167 talionis
2463 4114 2724 4177 intentus,
2751 4121 2807 4167 et
2831 4112 3006 4166 lucem
3031 4111 3138 4166 diei
3164 4110 3397 4166 sollicita
3419 4111 3826 4178 exspectatione

2219 4208 2562 4278 praeveniens
2594 4249 2609 4274 ,
2665 4206 3042 4261 antelucanum
3094 4205 3310 4260 solvere
3340 4205 3568 4259 Domino
3595 4205 3824 4262 canticis

2217 4312 2272 4356 et
2300 4301 2513 4374 hymnis
2542 4301 2805 4372 gestiebat
2829 4299 3174 4370 obsequium.

2292 4394 2380 4451 55.
2410 4393 2662 4449 Tabescit
2688 4408 2819 4463 ergo
2841 4393 2925 4447 vir
2954 4391 3233 4462 pacificus,
3261 4391 3479 4463 quando
3507 4390 3641 4446 alios
3673 4390 3824 4446 videt

2220 4497 2373 4560 pacta
2406 4487 2740 4553 rescindere,
2792 4501 3158 4542 consensuum
3201 4486 3419 4541 abolere
3443 4485 3818 4553 concordiam,

2213 4583 2386 4654 jurgia
2413 4581 2480 4637 de
2511 4596 2640 4644 pace
2666 4595 2942 4649 reparare,
2960 4581 3013 4636 in
3031 4581 3300 4637 tumultus
3320 4581 3499 4637 redire
3528 4579 3597 4636 de
3625 4580 3819 4652 gratia.

520 4679 633 4724 tum
662 4681 744 4726 est
775 4673 823 4728 ei
852 4693 865 4726 :
892 4673 1012 4729 Tibi
1038 4674 1171 4729 dabo
1199 4675 1310 4731 luet:
1343 4677 1538 4740 omnia,
1565 4675 1610 4729 si
1663 4674 1936 4746 procidens
1984 4675 2114 4729 ado-
2140 4652 2192 4713 Ῑ)
2216 4652 2372 4744 Quod
2407 4674 2590 4744 utique
2620 4689 2725 4728 non
2756 4671 2904 4738 facit,
2939 4675 3029 4744 qui
3063 4673 3278 4728 Domini
3323 4683 3595 4745 praecepta
3639 4684 3826 4727 custo-

516 4763 710 4818 raveris
757 4782 836 4820 me
882 4765 1066 4836 (Matt.
1112 4784 1188 4832 tv,
1231 4768 1309 4839 9).
1381 4768 1606 4823 Lectum
1662 4779 1717 4823 et
1765 4767 1930 4826 alibi:
1989 4766 2111 4822 Non

518 4869 695 4931 regnet
723 4871 986 4930 peccatum
1034 4862 1087 4915 in
1111 4872 1277 4916 vestro
1309 4863 1516 4917 mortali
1540 4879 1758 4932 corpore
1781 4859 1961 4933 (Rom.
2016 4877 2068 4915 γι
2095 4905 2110 4930 ,

520 4950 654 5024 12).
714 4953 874 5009 Vides
921 4964 1048 5010 ante
1086 4970 1220 5026 quos
1271 4969 1430 5026 reges
1472 4955 1733 5010 statueris
1759 4996 1773 5019 ,
1813 4970 1846 5008 o
1898 4955 2062 5010 homo
2093 4995 2111 5019 ,

518 5053 646 5100 ante
675 5059 814 5116 quos
846 5046 1109 5116 prmsidcs
1151 5056 1518 5118 peccatorum,
1578 5046 1621 5100 si
1676 5046 1832 5118 culpa
1881 5047 2114 5118 regnat?

595 5189 621 5218 ⁸
650 5181 970 5256 Ambrosius
997 5197 1116 5237 cum
1149 5182 1384 5256 antiquis
1401 5182 1509 5256 PP.
1529 5181 1950 5256 conjugiaiinter
1979 5181 2115 5236 fide-

525 5254 630 5308 lem
663 5268 726 5306 ac
756 5253 1026 5308 infidelem
1056 5253 1347 5324 numquam
1373 5253 1479 5309 non
1501 5253 1822 5323 improbavit
1851 5269 1866 5308 :
1899 5269 1964 5307 an
1990 5269 2118 5308 vero

523 5333 798 5378 contracta
824 5340 884 5378 ea
912 5324 1136 5380 dissolvi
1182 5326 1467 5393 voluerint,
1500 5326 1565 5379 lis
1611 5335 1690 5379 est
1732 5332 1943 5379 veteres
1975 5325 2118 5380 inter

525 5409 586 5467 ac
635 5398 970 5467 recentiores
996 5397 1322 5467 Theologos.
1373 5397 1426 5452 Id
1477 5395 1621 5452 enim
1673 5395 1748 5450 illi
1778 5397 2116 5462 Gratianum,

528 5465 947 5536 Magistrumque
970 5465 1357 5524 sententiarum
1393 5471 1588 5533 secuti,
1608 5468 1810 5524 obnixe
1827 5469 2117 5536 affirmant,

527 5535 668 5604 quod
693 5547 897 5607 postea
923 5539 1013 5593 alii
1048 5541 1263 5607 penitus
1291 5555 1574 5596 necavere.
1605 5539 1713 5595 Sed
1743 5539 1811 5595 de
1840 5539 1922 5594 his
1947 5535 2118 5594 fusius

527 5605 784 5681 adepist.
805 5609 868 5662 ad
897 5605 1172 5681 Vtgiliutu.

600 5676 627 5716 ὶι
649 5676 876 5746 Quidam
938 5676 1097 5750 mss.,
1129 5684 1232 5737 duo
1287 5695 1332 5737 et
1366 5682 1544 5750 viginti
1590 5683 1800 5749 millia;
1849 5682 2029 5738 caeteri
2058 5696 2120 5737 ac

531 5759 639 5806 vet.
671 5751 832 5824 edit.,
879 5755 1061 5823 viginti
1103 5766 1148 5810 et
1195 5756 1293 5810 tria
1320 5755 1483 5808 millia
1505 5770 1525 5820 ;
1547 5753 1707 5811 Rom.
1734 5755 1871 5820 sola,
1899 5763 2122 5824 quatuor

530 5831 578 5877 et
605 5823 786 5893 viginti
827 5825 1015 5881 millia.

605 5905 625 5933 ε
655 5895 894 5954 Observa
924 5913 994 5953 ex
1031 5898 1135 5960 hoc
1180 5899 1302 5958 loco
1342 5898 1510 5956 moris
1538 5899 1702 5955 fuisse
1742 5897 1882 5974 apud
1911 5905 2128 5960 veteres

2221 4772 2298 4826 dit
2333 4789 2344 4823 :
2374 4785 2478 4826 non
2512 4770 2636 4825 facit
2663 4770 2752 4839 qui
2803 4767 2954 4822 audit
2998 4768 3267 4824 dicentem
3303 4784 3316 4822 :
3345 4767 3534 4823 Pacem
3567 4783 3730 4822 meam
3757 4769 3826 4822 tto

2221 4865 2381 4929 vobis,
2440 4881 2619 4936 pacem
2665 4879 2831 4916 meam
2879 4861 3109 4930 relinquo
3153 4861 3294 4915 vobis
3327 4859 3510 4932 (Joan.
3555 4875 3664 4925 xw,
3702 4857 3823 4929 27).

2225 4957 2370 5029 Ergo
2394 4957 2488 5031 qui
2515 4964 2727 5028 pactum
2754 4962 2952 5019 servat,
2996 4955 3040 5009 is
3081 4952 3280 5010 Christi
3329 4951 3512 5007 obedit
3538 4950 3820 5021 imperiis;

2224 5050 2312 5119 qui
2346 5059 2526 5103 autem
2559 5063 2664 5103 non
2699 5055 2906 5112 servat,
2936 5044 3026 5099 ille
3055 5043 3259 5100 Christi
3286 5049 3556 5116 prmeepta
3578 5051 3828 5098 conteru-

2220 5183 2559 5239 Christianos
2616 5182 2669 5236 in
2707 5179 2943 5237 Ecclesia
2998 5181 3140 5235 inter
3186 5179 3452 5235 orandum
3487 5195 3591 5233 non
3645 5179 3825 5234 solum

2221 5267 2380 5325 caput
2414 5255 2700 5320 inclinare,
2731 5269 2795 5310 ac
2818 5267 2990 5324 genua
3023 5254 3281 5325 flectere;
3311 5266 3500 5305 verum
3543 5251 3707 5305 etiam
3739 5257 3824 5325 to-

2223 5320 2333 5382 tum
2360 5343 2418 5382 se
2451 5329 2502 5381 in
2537 5335 2736 5381 terram
2791 5320 3158 5396 prosternere.
3216 5320 3324 5396 llic»
3354 5337 3732 5396 namqueunon
3757 5321 3828 5396 de

2223 5398 2628 5453 catecimmeuis
2682 5407 2734 5452 et
2767 5392 3183 5467 p’mnitcntihus,
3235 5394 3329 5449 sed
3363 5394 3431 5450 de
3463 5393 3708 5449 fidelibus
3739 5392 3825 5463 agi

2225 5471 2569 5525 manifestum
2595 5478 2700 5522 ost.

2297 5539 2321 5578 δ
2353 5543 2554 5597 Omnes
2597 5540 2753 5604 edit.,
2784 5539 3041 5594 terribiles
3063 5536 3255 5611 judicii
3303 5543 3576 5611 potestate;
3624 5548 3815 5590 omnes

2227 5629 2383 5680 mss.,
2426 5612 2677 5666 terribiles
2711 5607 3222 5685 jttdices;rtoitttul|i
3249 5650 3264 5673 ,
3311 5608 3509 5685 judicia
3553 5615 3824 5685 potestate.

2224 5677 2630 5755 Consequentcr
2659 5677 2835 5740 alitem
2862 5681 2950 5755 ubi
2976 5679 3193 5736 Amerb.
3216 5677 3441 5744 etuiss.,
3461 5677 3624 5755 [iubis
3649 5693 3826 5732 exem-

2229 5758 2392 5828 plum,
2423 5747 2560 5810 "Era.
2596 5765 2649 5810 et
2696 5770 2812 5828 seq.
2865 5752 2993 5810 edit.
3040 5759 3401 5826 reposuerunt
3452 5747 3622 5805 Habes
3649 5765 3825 5806 exem-

2230 5829 2394 5901 plum.
