4104 6350
251 377 278 429 ~I
291 373 377 430 501

1312 368 1376 424 IN
1416 367 1745 427 PSALMUM
1783 367 1992 426 CXVIII
2034 369 2423 428 EXPOSITIO.

3389 376 3410 429 1
3422 375 3524 431 50:2

255 498 356 561 nit;
397 505 450 554 et
489 494 630 567 quod
686 493 839 564 pejus
887 502 1010 560 est,
1060 502 1336 562 comperta
1397 491 1620 559 fastidit,
1653 499 1710 547 et
1738 505 1831 549 ne-
1856 493 2053 557 Aest,
2098 498 2156 546 ut
2187 492 2440 546 virtutem
2489 505 2675 548 eorum
2715 492 2962 563 pleniore
3008 492 3314 563 cognitione
3353 493 3529 547 disra-

253 589 412 660 gligit.

322 679 524 752 1237
563 680 650 736 δι.
703 680 882 754 (Vers.
928 677 1083 750 159.)
1126 677 1380 748 Sequitur
1431 691 1622 734 versus
1664 675 1830 747 septi.

253 786 360 828 mus
387 789 399 824 :
443 770 570 826 Vide
594 773 716 842 quia
736 779 994 844 pracepla
1021 780 1108 824 tua
1137 769 1330 837 dilexi,
1360 767 1582 824 Domine
1612 771 1705 826 :in
1734 769 1830 823 mi-

252 867 519 922 sericordia
557 876 644 922 tua
690 866 890 934 viuiﬁca
920 881 1019 921 me.
1063 863 1163 921 llic
1189 879 1406 934 quoque
1438 864 1627 918 invitat
1649 863 1832 918 Domi-

247 977 402 1028 num,
458 971 515 1016 ut
546 961 765 1031 plenum
817 960 1101 1018 charitatis
1149 973 1262 1014 suae
1311 968 1521 1029 spectet
1550 957 1827 1013 allectum.

247 1055 404 1112 Nemo
453 1055 605 1121 dicit,
647 1053 803 1122 Vide,
849 1055 953 1111 nisi
981 1054 1070 1124 qui
1115 1052 1320 1123 judicat
1349 1067 1440 1117 se,
1483 1054 1528 1108 si
1556 1052 1826 1119 videatur,

247 1163 357 1205 esse
377 1150 721 1216 placitorum.
757 1147 826 1202 Et
855 1147 1081 1218 pulchre
1097 1145 1249 1212 dicit,
1284 1144 1431 1213 Vide,
1458 1155 1511 1202 et
1531 1146 1828 1202 secundum

245 1241 428 1314 Legem
453 1239 617 1308 dicit;
643 1241 768 1312 quia
790 1240 901 1297 Lex
936 1239 1234 1310 praecepit,
1267 1246 1327 1293 ut
1355 1238 1721 1308 unusquisque
1749 1247 1832 1292 ter

245 1337 293 1392 in
316 1350 453 1392 anno
473 1349 534 1389 se
565 1333 751 1392 oll‘eral
784 1333 837 1388 in
862 1340 1157 1402 conspectu
1185 1330 1395 1386 Domini
1423 1329 1628 1402 (Exod.
1661 1346 1826 1398 χχιιι,

247 1427 349 1498 l7).
382 1425 634 1496 Quotidie
659 1441 719 1482 se
756 1432 974 1483 sanctus
1000 1423 1179 1490 alien,
1224 1421 1467 1494 quotidie
1499 1432 1740 1493 apparet,
1775 1430 1832 1478 et

245 1536 341 1576 non
393 1534 596 1576 vacuus
638 1528 905 1590 apparet:
938 1533 1043 1572 non
1091 1525 1174 1572 est
1203 1518 1345 1572 enim
1375 1530 1601 1581 vacuus,
1638 1515 1732 1586 qui
1762 1514 1830 1572 de

243 1613 564 1685 plenitudine
594 1612 715 1683 ejus
758 1612 991 1682 accepit.
1033 1610 1151 1666 Non
1197 1619 1316 1666 erat
1369 1623 1570 1664 vacuus
1621 1608 1824 1676 David,

244 1707 326 1776 qui
346 1706 418 1760 ait
441 1724 453 1760 :
486 1703 766 1776 Repletum
800 1713 873 1759 est
893 1704 1085 1775 gaudio
1107 1718 1164 1757 os
1186 1704 1459 1768 nostrum(
1486 1701 1633 1756 Psal.
1664 1715 1826 1768 cxxv,

244 1796 327 1869 2);
364 1797 490 1868 quia
536 1795 791 1866 gaudium
847 1795 1054 1851 fructus
1102 1804 1184 1850 est
1224 1793 1460 1864 Spiritus
1514 1794 1708 1848 sancti.
1765 1793 1832 1848 Et

243 1889 364 1946 sicut
396 1889 464 1945 de
518 1889 852 1959 plenitudine
903 1888 1066 1944 Verbi
1119 1903 1219 1943 nos
1254 1901 1444 1942 omnes
1488 1887 1824 1957 accepimus,

242 1981 683 2052 quemadmodum
740 1981 877 2038 dixit
930 1980 1168 2038 Joannes
1224 1980 1418 2052 (Joan.
1454 1995 1506 2045 ι,
1551 1975 1653 2049 I6)
1692 1996 1704 2034 :
1753 1980 1826 2034 ita

243 2075 387 2134 etiam
439 2075 679 2145 Spiritus
709 2085 929 2135 sanctus
965 2076 1035 2132 de
1081 2073 1416 2146 plenitudine
1464 2087 1560 2130 sua
1593 2073 1824 2144 replevit

243 2167 414 2225 orbem
462 2179 753 2226 terrarum.
811 2167 926 2224 Non
975 2179 1095 2226 erat
1138 2182 1344 2224 vacuus
1371 2166 1687 2232 Zacharias,
1735 2165 1827 2237 qui

240 2265 461 2335 repletus
485 2273 573 2320 est
598 2263 800 2334 Spiritu
829 2271 1042 2330 sancto,
1072 2270 1127 2318 et
1157 2261 1514 2332 pmphetabat
1536 2260 1825 2318 adventum

244 2359 439 2416 Domini
463 2358 600 2416 .lesu
643 2357 815 2428 (Lua.
849 2374 888 2424 ι,
922 2357 1048 2429 67).
1080 2356 1195 2414 Non
1233 2363 1352 2412 erat
1373 2355 1569 2412 Paulus
1600 2369 1824 2421 vacuus,

240 2453 319 2524 qui
347 2452 754 2524 erattgeliaabat
781 2451 834 2506 in
884 2450 1256 2507 abundantia:
1316 2459 1371 2506 et
1419 2448 1659 2518 repletus
1684 2456 1826 2514 erat,

241 2550 496 2618 accipiens
537 2549 765 2607 odorem
797 2549 953 2606 boote
998 2546 1285 2603 suavitatis
1312 2545 1380 2601 ab
1413 2544 1682 2614 Ephesiis.
1713 2544 1829 2613 pla—

241 2654 434 2700 centem
459 2644 580 2701 Deo
604 2643 836 2700 hostiam
863 2643 1086 2714 (Ephes.
1116 2658 1170 2708 v,
1195 2640 1278 2712 2).
1312 2639 1429 2698 Νοη
1459 2648 1614 2694 erant
1637 2639 1828 2694 Coriu-

245 2736 328 2792 thii
356 2737 544 2800 vacui,
597 2738 650 2792 in
701 2736 898 2806 quibus
937 2735 1246 2792 abundabat
1278 2733 1373 2789 Dei
1416 2733 1625 2805 gratia,
1673 2733 1828 2802 juxta

241 2830 465 2900 ejusdem
492 2831 751 2902 Apostoli
771 2830 1140 2888 testimonium
1175 2828 1195 2899 (
1224 2827 1244 2882 I
1273 2825 1394 2883 Cor.
1425 2843 1466 2892 l,
1496 2827 1574 2897 7).

302 2925 386 2981 55.
426 2924 703 2983 Oﬂerebat
739 2939 800 2982 se
827 2937 957 2996 ergo
994 2923 1161 2980 David
1189 2921 1434 2992 quotidie
1463 2921 1609 2988 Deo,
1639 2929 1695 2976 et
1721 2935 1826 2976 non

241 3033 425 3076 vacuus
463 3018 766 3083 oll'erebat,
811 3018 902 3090 qui
928 3026 1138 3088 poterat
1166 3016 1379 3074 dicere:
1415 3014 1486 3070 Os
1509 3029 1676 3070 meum
1706 3030 1830 3083 ανον

238 3114 343 3179 rui,
378 3122 422 3167 et
443 3113 582 3168 duxi
608 3112 850 3184 spiritum
882 3109 1068 3182 (Sup.,
1100 3126 1148 3164 tt.
1189 3107 1336 3179 151).
1367 3107 1494 3165 Ideo
1523 3121 1652 3176 ergo
1679 3106 1828 3164 dico-

240 3205 350 3262 bat:
400 3206 532 3262 Vide
559 3206 681 3277 quia
708 3215 965 3276 prtecepta
991 3214 1080 3260 tua
1131 3203 1312 3259 dilexi.
1356 3202 1496 3259 Audi
1545 3203 1599 3258 in
1641 3218 1748 3272 quo
1776 3211 1828 3258 te

1932 598 2073 640 mus.
2125 582 2276 640 Sicut
2328 585 2473 640 enim
2520 584 2738 640 Initium
2793 586 3058 658 sapientiae
3115 586 3267 640 timor
3310 585 3526 642 Domini

1935 675 2226 750 (Psalfcx,
2258 677 2355 750 9):
2400 679 2679 748 plenitudo
2728 691 2909 734 autem
2953 679 3233 750 sapientiae
3263 678 3524 745 dilectio;

1934 771 2018 826 les
2072 771 2217 826 enim
2251 772 2547 840 sapientia,
2581 772 2860 841 plenitudo
2893 780 3074 826 autem
3104 771 3238 840 legis
3273 771 3525 826 dilectio:

1934 867 2007 922 ita
2057 865 2336 935 plenitudo
2382 866 2675 921 verborum
2723 865 2815 920 Dci
2857 865 3154 934 sapientia,
3185 865 3531 936 cognitioque

1927 957 2176 1028 justitias.
2218 956 2349 1013 Nam
2383 956 2525 1012 sicut
2552 973 2578 1010 a
2614 957 2812 1012 timore
2837 956 3052 1012 Domini
3099 970 3382 1026 processus
3410 957 3532 1026 qui-

1933 1054 2056 1110 dam
2085 1062 2169 1109 est
2201 1053 2269 1108 ad
2297 1053 2522 1123 gratiam
2551 1053 2766 1125 1238
2784 1051 3066 1107 charitatis
3092 1071 3106 1106 :
3136 1051 3208 1106 ita
3245 1066 3272 1103 a
3301 1050 3528 1107 veritate

1932 1147 1999 1202 ad
2041 1147 2305 1218 judicium
2353 1146 2576 1217 justitia:
2626 1147 2821 1201 divina:
2874 1145 3092 1215 quidam
3143 1145 3362 1201 videtur
3408 1145 3527 1201 fieri

1933 1256 2246 1312 processus.

2005 1335 2092 1391 57.
2137 1334 2343 1390 Venisti
2391 1332 2458 1388 ad
2515 1332 2860 1389 Ecclesiam:
2914 1331 3110 1386 audisti
3139 1345 3304 1386 unum
3357 1333 3526 1387 Deum

1932 1428 2063 1493 dici,
2089 1428 2234 1484 unde
2262 1427 2371 1482 Lex
2402 1426 2624 1495 incipit,
2655 1425 2798 1480 sicut
2822 1424 2991 1478 habes
3021 1423 3280 1494 scriptum
3309 1441 3322 1475 :
3367 1423 3526 1489 Audi,

1933 1521 2124 1586 Israel,
2157 1519 2404 1574 Dominus
2433 1518 2570 1572 Deus
2597 1525 2738 1582 tuus,
2770 1515 2910 1571 Deus
2937 1532 3072 1569 unus
3109 1524 3184 1568 est
3227 1513 3416 1585 (Deut.
3443 1527 3528 1592 vt,

1929 1616 2026 1687 4):
2055 1616 2219 1670 crede
2249 1628 2414 1668 unum
2446 1612 2613 1667 Deum
2640 1625 2790 1675 esse,
2825 1624 2931 1664 non
2983 1609 3166 1679 plures
3205 1607 3359 1663 deos.
3391 1606 3526 1665 Cum

1932 1718 2112 1766 autem
2135 1707 2368 1777 coeperis
2398 1707 2579 1774 legere
2609 1704 2895 1759 Dominum
2915 1702 3100 1758 Jesum
3131 1702 3222 1756 Dei
3251 1701 3443 1756 Filium
3475 1701 3528 1756 in

1932 1817 2095 1858 carne
2149 1801 2362 1856 venisse
2403 1806 2626 1870 propter
2653 1798 2818 1853 totius
2849 1796 3034 1851 mundi
3063 1793 3518 1865 redemptionem,

1858 1887 2206 1965 Bdistinguc
2255 1893 2531 1963 sapienter
2563 1906 2728 1946 unum
2778 1890 2944 1945 Deum
2993 1888 3208 1944 Patrem
3259 1902 3402 1953 esse,
3461 1901 3528 1941 ex

1931 2002 2038 2058 quo
2074 1986 2286 2052 omnia,
2343 1993 2398 2040 et
2447 1997 2548 2040 nos
2592 1982 2645 2038 in
2677 1982 2871 2038 illum:
2918 1989 2975 2036 et
3026 1996 3190 2035 unum
3242 1979 3529 2034 Dominum

1925 2079 2146 2147 Jcsum,
2177 2094 2274 2149 per
2305 2092 2462 2148 quem
2495 2077 2696 2141 omnia,
2728 2083 2786 2131 et
2837 2088 2937 2130 nos
2966 2088 3064 2145 per
3086 2075 3284 2144 ipsum.
3316 2069 3527 2141 Cogno-

1927 2189 2018 2231 sce
2043 2175 2166 2247 quia
2197 2173 2321 2230 ideo
2353 2172 2530 2238 venit,
2563 2181 2621 2228 ut
2646 2170 2864 2226 virtutis
2903 2169 3114 2225 semitis
3146 2178 3332 2223 noster
3361 2165 3530 2222 infor-

1928 2281 2106 2330 metur
2152 2269 2397 2336 allectus,
2432 2277 2489 2323 ut
2539 2281 2754 2323 mormn
2803 2263 3274 2320 mansuetudinem
3297 2275 3528 2317 convcro

1927 2365 2159 2422 sationis
2204 2366 2324 2434 ejus
2377 2361 2713 2436 disceremus
2764 2358 3046 2427 exemplo,
3098 2365 3160 2412 ut
3214 2355 3528 2412 aboleretur

1928 2463 2083 2532 culpa
2116 2477 2212 2531 per
2235 2459 2459 2529 gratiam
2486 2476 2498 2511 :
2529 2466 2583 2514 et
2612 2466 2741 2512 tunc
2760 2471 2790 2509 a
2821 2453 3066 2510 veritatis
3093 2451 3440 2508 confessione
3461 2451 3527 2505 ad

1927 2555 2293 2626 cognitionem
2337 2551 2566 2622 justitias
2613 2548 2948 2620 processisti.
2997 2545 3160 2601 Fides
3205 2545 3528 2616 principium

1927 2647 2212 2704 christiani
2262 2655 2389 2702 est:
2434 2643 2719 2716 plenitudo
2773 2650 2954 2697 autem
3003 2639 3286 2694 christiani
3321 2635 3528 2706 justitia

1929 2749 2032 2796 est.
2062 2739 2226 2796 Fides
2250 2739 2303 2794 in
2330 2735 2669 2794 confessione
2695 2733 3020 2804 populorum
3039 2772 3053 2798 ,
3075 2730 3286 2801 justitia
3304 2728 3361 2784 in
3386 2743 3528 2783 mar-

1932 2844 2108 2906 tyrum
2134 2833 2408 2902 passione.

2001 2928 2092 2985 58.
2124 2928 2369 2983 Scientes
2424 2924 2586 2995 igitur
2632 2923 2685 2978 in
2729 2930 2996 2977 aeternum
3043 2931 3297 2974 mansura
3322 2913 3528 2985 judicia

1928 3022 2110 3077 omnia
2136 3020 2358 3090 justitim
2393 3019 2508 3086 Dei,
2537 3030 2826 3073 caveamus
2855 3029 2921 3070 ne
2942 3028 3105 3083 Opera
3135 3018 3318 3067 nostra
3341 3008 3531 3079 displi-

1929 3124 2116 3183 ceant,
2149 3124 2201 3171 et
2227 3121 2491 3170 mternum
2520 3110 2845 3181 incipiamus
2873 3107 3058 3163 subire
3082 3104 3346 3176 judicium
3372 3121 3386 3157 :
3427 3116 3528 3156 nec

1933 3211 1976 3264 si
2000 3206 2200 3279 aliquid
2251 3206 2377 3261 boni
2423 3204 2671 3268 fecimus,
2719 3201 2975 3271 resupino
3001 3198 3279 3254 solvamur
3304 3194 3523 3250 aﬁ'ectu.

238 3299 419 3356 aliene
445 3300 652 3357 debeas
680 3299 916 3356 Christo.
946 3298 1062 3354 Non
1095 3299 1146 3354 iu
1179 3298 1264 3354 his
1284 3313 1404 3369 quae
1432 3297 1704 3366 videntur,
1729 3297 1822 3354 sed
1852 3272 1896 3335 C
1933 3272 2124 3358 Omtte}
2161 3310 2357 3370 oportet
2398 3315 2489 3354 uos
2515 3307 2635 3352 ante
2662 3295 2891 3351 tribunal
2935 3293 3128 3349 Christi
3177 3293 3442 3357 assistere;
3471 3297 3525 3342 ut

240 3392 285 3448 in
310 3393 561 3459 occultis,
596 3402 650 3450 et
676 3393 727 3448 in
752 3391 1104 3457 abscondito;
1134 3400 1193 3448 ut
1222 3399 1376 3462 pater
1406 3400 1528 3445 tuus
1563 3391 1655 3461 qui
1679 3390 1826 3448 videt

241 3486 285 3539 in
331 3486 682 3552 abscondito,
726 3485 914 3542 reddat
959 3485 1095 3552 tibi,
1144 3495 1197 3540 et
1250 3483 1466 3540 ﬁdelem
1515 3491 1828 3540 remaneret

241 3580 496 3636 allectum.
557 3579 856 3652 Prtecepta,
907 3580 1114 3650 inquit,
1165 3589 1252 3633 tua
1282 3578 1466 3633 dilexi.
1500 3577 1616 3633 Non
1662 3577 1822 3643 dixit,

239 3677 482 3731 servavi:
537 3689 642 3732 non
695 3673 860 3740 dixit,
914 3673 1218 3739 custodiri;
1269 3687 1392 3728 nam
1451 3671 1826 3743 Imprudentes

242 3781 335 3823 non
381 3765 761 3823 custodierunt
801 3777 1073 3836 praecepta
1127 3766 1358 3822 Domini.
1390 3765 1566 3835 Aliqui
1623 3765 1766 3820 enim
1799 3775 1825 3804 ι

241 3863 439 3920 codices
490 3862 700 3918 habent
745 3864 1156 3928 ἀσυνιτοῦντας,
1190 3860 1293 3917 hoc
1323 3870 1406 3916 est
1427 3901 1442 3924 ,
1477 3860 1824 3930 insipientes,

246 3971 338 4010 non
392 3954 785 4026 intelligentes.
841 3953 987 4023 Ergo
1015 3955 1105 4024 qui
1160 3968 1268 4010 non
1322 3953 1661 4024 intelligunt,
1718 3968 1824 4010 non

241 4048 476 4118 sapiunt;
516 4047 569 4104 hi
600 4063 708 4106 non
740 4047 1068 4102 custodiunt.
1102 4046 1202 4116 Qui
1229 4057 1411 4102 autem
1440 4046 1716 4118 perfectus
1743 4056 1826 4102 est

243 4143 544 4209 intellectu,
606 4141 878 4213 perfectus
932 4141 1237 4210 sapientia,
1287 4140 1503 4210 diligit:
1545 4140 1690 4211 quod
1743 4149 1827 4196 est

242 4237 457 4306 amplius
485 4251 652 4307 quam
705 4233 1016 4298 custodire;
1047 4232 1323 4290 custodire
1357 4233 1502 4289 enim
1531 4234 1828 4288 necessita-

244 4331 302 4384 tis
339 4330 659 4400 plernmque
701 4338 808 4393 est,
835 4336 890 4383 et
934 4326 1183 4382 timoris:
1238 4325 1468 4396 diligere
1519 4325 1823 4386 charitatis.

243 4423 477 4481 Custodit
522 4425 614 4494 qui
658 4425 1034 4496 evangelizat:
1069 4423 1163 4479 sed
1191 4423 1284 4494 qui
1315 4423 1506 4479 volens
1555 4424 1828 4493 evangeli-

243 4529 346 4583 zat,
394 4519 703 4576 mercedem
745 4520 976 4590 accipit;
1005 4528 1207 4589 quanto
1261 4519 1435 4589 magis
1491 4519 1581 4590 qui
1629 4519 1824 4590 diligit,

244 4615 481 4670 mercede
524 4614 792 4669 donatan
837 4613 1130 4668 Possumus
1156 4612 1301 4667 enim
1331 4628 1438 4666 non
1466 4627 1651 4667 amare
1681 4612 1825 4681 quod

243 4703 479 4761 volumus
513 4723 527 4759 :
562 4721 668 4760 non
716 4719 1004 4775 possumus
1055 4705 1201 4764 nolle
1231 4705 1376 4774 quod
1409 4718 1676 4760 amamus.
1714 4701 1823 4764 Sed

241 4800 473 4865 quamvis
527 4798 834 4856 mercedorn
889 4799 1143 4868 perfecta:
1191 4796 1474 4856 charitatis
1524 4806 1823 4867 exspectet,

242 4897 291 4945 et
333 4891 702 4948 miserationis
755 4891 952 4950 divinat
989 4891 1305 4961 suli'ragium
1356 4890 1552 4960 poscit,
1586 4899 1645 4945 ut
1677 4891 1730 4945 in
1761 4903 1826 4945 ea

244 4983 535 5040 vivilicetur
576 4999 605 5038 a
662 4984 909 5040 Domino.
962 4983 1078 5039 Non
1137 4999 1266 5052 ergo
1315 4998 1578 5052 arrogans
1629 4983 1826 5039 debita:

245 5078 503 5133 mercedis
564 5088 824 5143 exactor,
883 5076 979 5133 sed
1039 5076 1380 5133 verecundus
1435 5075 1826 5138 misericordia:

243 5166 428 5223 divina:
456 5177 540 5225 est
562 5170 901 5240 deprecator.

309 5261 398 5316 56.
443 5261 626 5335 (Vers.
662 5262 812 5332 160.)
852 5262 1108 5332 Sequitur
1129 5277 1318 5318 versus
1361 5271 1584 5318 octavus
1617 5280 1629 5318 :
1665 5261 1826 5318 Prin-

244 5353 426 5421 cipium
455 5355 722 5408 verborum
749 5363 954 5408 tuorum
969 5356 1187 5410 veritas:
1207 5357 1259 5408 in
1285 5366 1532 5410 attentum
1558 5356 1730 5408 omnia
1743 5359 1832 5429 ju-

242 5446 366 5499 dicia
379 5449 604 5519 justitia:
626 5449 888 5503 tumCum
913 5449 1237 5518 principium
1257 5447 1544 5504 verborum
1576 5449 1669 5504 Dei
1688 5451 1829 5505 veri-

245 5546 318 5594 tas
335 5540 428 5604 sit,
457 5540 658 5598 veritas
680 5542 869 5613 utique
884 5541 1006 5598 fidei
1026 5541 1438 5598 fundamentum
1461 5552 1566 5597 est.
1587 5542 1826 5598 Primum

243 5633 438 5686 etenim
480 5643 695 5704 oportet
724 5643 783 5688 ut
825 5634 1112 5691 credamus
1141 5649 1269 5690 vera
1310 5649 1430 5690 esse
1459 5635 1555 5690 Del
1608 5635 1826 5702 summi,

242 5738 353 5794 qua:
376 5727 431 5782 in
453 5727 651 5785 divinis
672 5728 956 5802 scripturis
977 5729 1226 5806 legimus,
1249 5729 1487 5786 oracula.
1517 5727 1828 5794 Secundum

1928 3395 2147 3465 recipiat
2186 3393 2538 3462 unusquisque
2583 3389 2721 3460 quod
2772 3388 2958 3459 gessit,
3009 3387 3114 3441 sive
3159 3385 3378 3448 bonum,
3421 3385 3526 3436 sive

1927 3487 2123 3543 malum
2155 3486 2225 3559 (ll
2245 3486 2367 3541 Cor.
2395 3501 2450 3550 v,
2485 3483 2597 3553 10).
2634 3481 2796 3538 Vides
2830 3481 2955 3550 quia
2982 3489 3036 3534 et
3056 3478 3257 3533 Paulus
3282 3477 3522 3540 assistet,

1929 3592 1988 3638 ut
2013 3583 2128 3650 ipse
2160 3586 2576 3635 commemorat.
2617 3577 2762 3631 Cave
2794 3575 2959 3644 ligna,
2989 3587 3120 3628 cave
3147 3570 3421 3640 stipulam;
3455 3583 3524 3622 ne

1929 3676 1995 3732 ad
2030 3673 2292 3744 judicium
2333 3672 2425 3726 Dei
2476 3681 2652 3726 tecum
2685 3667 2920 3734 deferas,
2951 3681 3070 3737 qua:
3121 3663 3260 3735 ignis
3309 3671 3523 3719 exurat.

1928 3767 2072 3823 Cave
2095 3781 2162 3822 ne
2189 3781 2310 3821 cum
2346 3765 2400 3819 in
2428 3779 2534 3819 uno
2563 3771 2657 3817 aut
2684 3761 2898 3816 duobus
2953 3759 3155 3814 habeas
3202 3756 3345 3828 quod
3400 3769 3525 3826 pro-

1932 3862 2108 3928 betur,
2160 3863 2212 3916 in
2255 3859 2498 3930 pluribus
2544 3856 2805 3928 operibus
2847 3853 3059 3910 deferas
3087 3851 3232 3923 quod
3263 3850 3520 3907 olioudat.

1933 3957 1995 4013 Si
2045 3959 2199 4029 cujus
2245 3971 2376 4025 apus
2413 3953 2634 4020 arserit,
2683 3951 3042 4004 detrimentum
3067 3948 3315 4017 patietur;
3368 3954 3530 4015 potest

1931 4061 2100 4106 tamen
2125 4060 2173 4105 et
2205 4051 2314 4121 ipse
2342 4064 2433 4119 per
2459 4049 2626 4117 ignem
2657 4044 2846 4098 salvari
2874 4042 2936 4113 (I
2967 4040 3087 4095 Cor.
3123 4040 3336 4108 "1,15).
3377 4037 3528 4094 Untlc

1931 4143 2204 4212 colligitur
2224 4140 2349 4210 quia
2371 4138 2511 4193 idem
2537 4137 2699 4190 homo
2716 4143 2772 4190 et
2791 4134 3114 4188 salvatore:
3137 4142 3312 4202 parte,
3328 4138 3382 4184 ct
3403 4143 3532 4184 con-

1930 4239 2217 4293 demnatur
2246 4249 2311 4292 ex
2340 4241 2515 4304 parte.
2543 4229 2952 4301 Cognoscentes
2981 4230 3164 4298 itaque
3211 4225 3378 4280 multa
3407 4237 3530 4278 csse

1927 4329 2162 4401 judicia,
2219 4341 2385 4398 opera
2443 4333 2627 4380 nostra
2663 4324 3037 4379 exatninemus
3089 4319 3293 4374 omnia.
3321 4319 3381 4372 In
3411 4317 3528 4371 viro

1927 4428 2076 4496 justo
2101 4437 2262 4496 grave
2288 4430 2372 4477 est
2407 4420 2796 4476 detrimentum
2826 4461 2839 4483 ,
2868 4431 3031 4488 grave
3075 4415 3258 4486 operis
3297 4411 3527 4482 alicujus

1930 4519 2280 4575 incendium:
2314 4518 2367 4572 in
2398 4514 2561 4585 impio
2597 4527 2755 4585 poma
2791 4511 3139 4567 miserabilis.
3187 4508 3311 4565 Sint
3359 4509 3531 4578 magis

1934 4612 2114 4667 omnia
2141 4611 2340 4680 judicia
2375 4608 2534 4678 plena
2581 4609 2790 4678 gratiae,
2821 4606 2978 4675 plena
3028 4604 3335 4660 ﬂorentium
3368 4615 3529 4658 coro-

1853 4683 1901 4745 1)
1927 4718 2158 4767 narum;
2193 4717 2260 4757 nc
2292 4700 2432 4756 forte
2483 4699 2610 4755 dum
2647 4699 2979 4754 trutinantur
3003 4697 3144 4752 facta
3173 4703 3379 4764 nostra,
3411 4695 3524 4750 cul-

1930 4813 1996 4870 pa
2027 4793 2424 4869 praeponderet.

2240 4938 2475 4996 SERMO
2514 4935 2888 4994 VIGESIMUS
2921 4931 3196 4991 PRIMUS.

2565 5055 2638 5107 tv.
2672 5048 2854 5108 Scitin.

2010 5181 2063 5235 1.
2105 5178 2301 5248 Incipit
2325 5178 2504 5234 littera
2535 5172 2795 5244 vigesima
2827 5170 3002 5242 prima
3034 5168 3184 5232 Scin,
3212 5181 3332 5236 qua:
3371 5165 3539 5221 latine

1934 5272 2152 5338 dicitur,
2195 5271 2367 5337 Super
2406 5269 2610 5322 vulnus.
2641 5265 2820 5336 Super
2856 5264 3051 5317 vulnus
3099 5259 3226 5332 quid
3258 5269 3371 5326 est,
3427 5259 3530 5312 nisi

1937 5365 2413 5429 medicamentum,
2454 5377 2560 5433 quo
2610 5357 2850 5414 vulneris
2900 5355 3168 5411 acerbitas
3221 5351 3534 5424 mitigatur?

1935 5458 2115 5525 Super
2162 5456 2361 5511 vulnus
2393 5455 2571 5510 oleum
2618 5450 2931 5516 infunditur;
2959 5458 3017 5504 ut
3065 5449 3242 5502 omnis
3295 5445 3537 5502 vulneris

1935 5549 2245 5606 emolliatur
2283 5548 2570 5618 asperitas.
2597 5545 2774 5617 Super
2799 5544 2998 5599 vulnus
3048 5542 3336 5611 malagma,
3371 5553 3535 5609 super

1937 5643 2135 5698 vulnus
2185 5642 2489 5712 alligatnra,
2518 5641 2713 5709 quibus
2743 5653 2903 5693 omne
2935 5637 3126 5694 vulnus
3170 5634 3401 5689 fovetur.
3431 5629 3534 5686 Uhi

1938 5751 2070 5808 ergo
2095 5749 2224 5806 Spes
2252 5730 2603 5796 refundettdu:
2648 5741 2730 5786 ρει
2775 5727 3054 5794 sanitatis,
3085 5726 3158 5784 ibi
3210 5721 3537 5778 adhibentur

318 5851 346 5924 ’ξ
381 5843 583 5924 0_mnes
627 5845 758 5924 edit.
809 5846 963 5924 LXX
993 5848 1199 5924 interp.
1255 5844 1387 5924 ᾆδον
1435 5851 1827 5924 ἀσυνετοῦντᾳςς

1927 5850 1962 5905 si.
2024 5846 2360 5924 ἐξετηκόμην,
2395 5843 2592 5917 quibus
2633 5838 2839 5896 accedit
2892 5835 3071 5893 versio
3126 5833 3377 5890 Arabica.
3427 5829 3536 5886 Sed

253 5911 402 5987 Vulg.
427 5915 519 5972 lat.
539 5933 604 5973 ex
627 5918 878 5991 Hebraeo,
915 5920 1021 5977 uidi
1049 5911 1440 5994 prevaricantes
1466 5931 1516 5980 et
1546 5911 1876 5981 tabescebum.
