4156 6346
543 350 570 405 1
581 350 687 409 505

1893 353 2137 412 SANCTI
2177 353 2501 415 AMBROSII

3699 367 3847 426 1504

541 471 939 530 medicamenta
967 474 1301 533 vulneribus.
1337 474 1435 532 Ubi
1459 484 1638 531 autem
1681 489 1846 534 omne
1877 488 2040 550 caput
2087 477 2141 532 in
2168 482 2222 543 Α
2247 478 2472 534 vulnera
2495 478 2628 535 Atlas
2673 480 2842 544 illius,
2876 481 2969 550 qui
2998 480 3339 539 descendens
3383 483 3452 540 ab
3480 483 3844 556 Hierusalem,

539 564 753 636 dolore,
809 576 867 624 et
915 583 1078 625 omne
1121 584 1216 626 cor
1242 568 1294 624 in
1327 568 1606 636 mmstitia,
1653 585 1758 624 non
1789 580 1872 625 cst
1925 571 2142 638 vulnus,

543 677 724 733 neque
745 662 990 730 cicatrix,
1025 679 1131 718 non
1160 663 1310 734 plaga
1353 678 1475 717 cum
1517 661 1730 718 fervore
1755 663 1926 735 (Esai.
1971 679 2010 728 t,
2038 663 2072 719 5
2097 673 2146 718 et

548 752 605 824 6)
632 771 646 808 :
683 758 784 810 hoc
806 765 910 819 est.
938 757 1026 810 ubi
1057 773 1162 811 non
1205 756 1402 825 portio,
1433 755 1526 811 sed
1556 757 1879 812 universitas
1926 757 2145 826 pericli-

547 857 712 912 tatur.
748 859 775 887 ει
805 862 859 906 et
894 850 1143 921 qumdam
1193 853 1475 923 corruptio
1529 851 1692 907 totius
1729 853 1973 922 corporis
2025 853 2146 909 tabe

547 943 885 997 consumitur
921 961 934 996 :
983 945 1050 998 ibi
1079 959 1184 999 non
1234 954 1317 1000 est
1347 945 1612 1015 malagma
1643 945 1945 1016 imponere,
1971 962 2146 1017 neque

547 1031 768 1100 oleum,
805 1050 979 1107 neque
1007 1035 1368 1107 al‘igatnram.
1404 1037 1570 1092 Multo
1595 1039 1754 1108 igitur
1782 1040 2144 1105 commodius,

546 1133 605 1179 ut
645 1126 716 1180 sit
746 1129 939 1183 vulnus
967 1131 1110 1199 quod
1164 1130 1350 1185 foveas
1406 1142 1567 1200 atque
1592 1133 2144 1204 constringas,quam

550 1219 670 1275 sine
692 1222 916 1277 vulnere
934 1238 1080 1278 mors
1106 1235 1289 1292 serpat
1318 1225 1564 1280 interior.

619 1314 674 1368 2.
717 1315 824 1371 Sed
845 1325 931 1371 est
961 1333 1066 1372 non
1096 1320 1270 1372 solum
1302 1321 1553 1389 corporis
1583 1319 1781 1375 vulnus
1804 1362 1820 1385 ,
1853 1319 1949 1377 sed
1983 1323 2146 1378 etiam

547 1410 781 1466 mentis.
837 1410 981 1480 quod
1029 1411 1154 1466 oleo
1203 1415 1435 1483 quodam
1490 1414 1758 1470 mollioris
1811 1417 2150 1487 alloquii,et

557 1500 770 1586 1239
817 1502 1021 1572 pacifici
1071 1507 1340 1560 sermonis
1385 1509 1661 1564 suavitate
1712 1509 1968 1565 mitescit.
2013 1509 2151 1566 Sunt

553 1594 792 1652 fotnettta
845 1599 1171 1664 verborum,
1223 1610 1349 1655 sunt
1400 1602 1793 1658 medicamenta
1845 1605 2150 1661 caelestium

549 1697 967 1760 prmceptorum,
992 1694 1187 1762 quibus
1214 1707 1376 1750 omne
1407 1696 1664 1765 nequitia:
1690 1696 1839 1751 virus
1877 1698 2144 1754 aboletur.

551 1779 692 1837 Sunt
720 1783 853 1854 legis
875 1783 1086 1841 vincula
1112 1801 1233 1856 quae
1263 1803 1370 1842 non
1395 1789 1645 1854 adurant,
1680 1790 1775 1845 sed
1818 1794 1987 1862 magis
2014 1792 2150 1849 libe-

2247 588 2278 628 a
2303 573 2604 628 latronibus
2620 574 2932 629 vulneratus
2952 583 3056 629 est.
3086 573 3290 631 Caveat
3318 592 3447 646 ergo
3472 581 3847 650 unusquisque

2248 683 2317 723 ne
2364 667 2658 723 descendat
2705 668 2772 722 ab
2815 667 3193 734 Hierusalem;
3251 671 3486 740 peccatis
3534 674 3676 727 enim
3731 672 3848 730 suis

2235 761 2621 832 unusquisque
2669 761 2992 828 descendit,
3046 771 3100 818 et
3153 765 3358 819 meritis
3421 765 3686 820 ascendit.
3737 773 3852 822 Aut

2247 855 2372 924 quia
2407 853 2624 924 fragiles
2653 870 2876 920 sumus;
2908 856 2997 925 qui
3030 855 3334 921 descendit,
3364 866 3550 911 currat
3597 857 3662 912 ad
3693 859 3848 913 illum

2248 947 2688 1011 Samaritannm,
2742 949 3023 1004 cusxodem
3070 946 3098 986 ἀ
3144 951 3327 1019 operis
3383 951 3502 1010 sui.
3564 952 3850 1008 Custodem

2249 1039 2407 1112 Legis
2433 1054 2485 1097 et
2510 1043 2720 1112 gratim;
2750 1050 2808 1097 ut
2831 1042 3042 1097 vulneri
3072 1058 3174 1096 suo
3197 1042 3365 1110 |lO:Sil
3397 1042 3646 1098 invenire
3677 1045 3852 1100 medi-

2247 1134 2425 1190 cinam
2455 1153 2468 1191 :
2499 1136 2589 1206 qui
2633 1136 2972 1206 alligaturant
3006 1135 3300 1190 verborum
3351 1136 3652 1191 caelestium
3682 1152 3853 1206 snper

2252 1229 2445 1284 vulnus
2474 1229 2738 1300 imponat,
2779 1229 2972 1285 direus
3008 1247 3022 1284 :
3057 1228 3417 1283 l’azuitentittm
3469 1230 3630 1301 agite;
3660 1246 3859 1299 appro-

2253 1322 2516 1392 pinqttavit
2540 1325 2673 1376 enim
2703 1337 2917 1393 regnum
2943 1323 3187 1376 ctclorum
3217 1320 3435 1376 (Matth.
3469 1337 3546 1388 Ill,
3583 1321 3662 1390 2).
3700 1322 3850 1377 Bona

2253 1419 2533 1488 alligatura
2562 1459 2576 1482 ,
2616 1431 2738 1487 qua:
2767 1421 2933 1470 fracta
2965 1415 3159 1469 anima:
3211 1424 3316 1469 tua:
3363 1429 3488 1469 ossa
3534 1425 3849 1485 connectat,

2251 1519 2307 1566 et
2354 1509 2628 1564 soliditate
2675 1517 2944 1580 reparata,
2991 1507 3044 1562 in
3090 1507 3348 1576 pristinas
3373 1509 3516 1562 vires
3567 1506 3852 1576 reformet,

2251 1616 2315 1657 ac
2342 1600 2598 1657 discissos
2627 1611 2776 1656 artus
2821 1601 2938 1654 sine
2968 1600 3072 1654 ulla
3116 1599 3220 1653 sibi
3247 1597 3518 1654 cicatricis
3549 1597 3853 1655 oiiensione

2252 1695 2528 1750 restituat.

2325 1787 2378 1844 6.
2417 1788 2598 1860 (Vers.
2628 1787 2776 1858 161.)
2809 1786 2881 1842 De
2902 1786 3095 1842 littera:
3123 1786 3570 1858 interpretatione
3593 1787 3724 1842 satis
3753 1802 3855 1855 pro

549 1889 672 1932 rent
719 1879 1005 1949 alligatos:
1048 1889 1129 1935 est
1162 1881 1426 1953 malagma
1475 1883 1753 1953 spiritale,
1800 1899 1909 1956 quo
1952 1885 2145 1942 collisa
2178 1887 2409 1954 Bcaptn
2462 1890 2649 1936 nostro
2695 1881 2901 1935 dictum
2962 1890 3262 1948 pntmnus:
3315 1878 3630 1934 adoriamur
3678 1879 3854 1934 sancti

550 1967 1010 2039 anitnaaqnaadam
1037 1971 1278 2028 membra
1319 1972 1641 2029 solidentur.

628 2064 684 2118 5.
733 2062 1156 2122 Consideretnus
1208 2068 1369 2138 igitur
1419 2070 1548 2140 quid
1617 2071 1687 2126 sit
1745 2074 1970 2137 vulnus,
2020 2075 2151 2147 qttid

551 2170 716 2227 supra
749 2159 965 2213 vulnus.
999 2158 1268 2219 Principes
1299 2165 1553 2233 persecuti
1573 2175 1692 2219 sunt
1715 2183 1796 2221 me
1832 2170 2012 2239 gratis,
2035 2170 2153 2225 vul-

550 2264 654 2305 nus
685 2261 788 2307 est.
829 2251 1050 2307 Exsulta
1081 2271 1175 2327 ego
1218 2255 1275 2309 in
1306 2256 1470 2311 verbis
1500 2259 1621 2322 tuis,
1665 2259 1800 2314 sicut
1837 2261 1926 2331 qui
1958 2263 2151 2317 invenit

551 2345 718 2414 spolia
743 2347 929 2412 multa,
952 2362 1116 2418 super
1147 2350 1341 2404 vulnus
1371 2362 1475 2418 est;
1505 2353 1628 2424 quia
1645 2355 1827 2410 verbis
1858 2355 2153 2413 Dominicis

553 2441 796 2494 vulneris
826 2440 960 2496 dura
987 2454 1269 2498 curantur.

556 2585 558 2587 ,
625 2531 681 2586 4.
724 2533 782 2588 1η
815 2534 1050 2590 Tbrenis
1095 2552 1313 2608 quoque
1366 2538 1651 2596 Hieremiae
1695 2541 1864 2598 babes
1911 2544 2013 2599 sub
2054 2543 2156 2602 hac

554 2625 738 2682 littera
767 2629 1023 2697 scriptum
1055 2648 1068 2683 :
1095 2630 1304 2686 Audisti
1344 2634 1678 2705 opprobrium
1701 2635 2152 2708 eorum,Domine,

551 2721 727 2775 omnia
771 2722 993 2777 consilia
1045 2739 1219 2779 eorum
1265 2727 1534 2782 adversum
1564 2745 1676 2794 me,
1717 2729 1852 2784 labia
1890 2732 2158 2803 insurgen-

555 2815 684 2868 tium
724 2817 871 2884 mi/ti,
905 2827 952 2871 et
983 2819 1343 2876 meditationes
1385 2838 1565 2877 eorum
1611 2825 1884 2880 adversum
1931 2843 2010 2879 me
2051 2836 2158 2881 tota

554 2908 658 2973 die,
685 2911 960 2964 sessionem
990 2928 1188 2977 eorum,
1217 2923 1264 2969 et
1291 2918 1712 2970 resurrectionem
1729 2934 1905 2973 eorum
1940 2917 2154 2990 (Tltren.

560 3016 642 3067 ut,
703 3001 920 3072 61-63),
984 3005 1185 3060 vulnus
1233 3018 1334 3064 est.
1395 3008 1502 3062 Sed
1552 3009 1824 3076 subjecit:
1879 3011 2066 3078 Aspice
2103 3015 2156 3067 in

558 3093 736 3147 oculos
775 3111 951 3150 eorum
1001 3113 1021 3151 :
1070 3097 1228 3152 redde
1291 3098 1396 3154 illis
1445 3103 1860 3171 retributionem,
1906 3102 2153 3170 Domine,

558 3190 838 3242 secundum
882 3206 1040 3259 opera
1071 3207 1318 3246 manuum
1343 3195 1576 3263 ipsorum
1600 3195 1790 3265 (Ibid.,
1822 3197 1937 3269 6i),
1994 3213 2161 3268 super

2255 1974 2542 2041 Protiltetze
2581 1989 2774 2030 versus
2825 1972 3210 2038 considerare,
3241 1987 3377 2038 quos
3417 1972 3622 2043 Spiritu
3667 1981 3856 2028 sancto

2255 2067 2532 2123 revelante
2548 2066 2780 2136 subjecit
2801 2083 2814 2118 :
2837 2063 3112 2132 Principes
3142 2065 3390 2133 persecuti
3413 2074 3529 2116 sunt
3561 2079 3639 2117 me
3666 2065 3851 2136 gratis,

2253 2170 2302 2216 ct
2323 2178 2354 2214 a
2382 2160 2543 2215 rerbis
2566 2160 2668 2212 tuis
2711 2158 2988 2230 trepidauit
3010 2173 3100 2210 cor
3121 2173 3308 2210 meum.
3339 2155 3393 2212 Si
3424 2166 3664 2210 veterem
3702 2171 3859 2226 repe-

2253 2261 2430 2308 tamus
2455 2252 2768 2318 historiam,
2799 2259 2854 2304 et
2903 2249 3064 2316 Saul,
3114 2257 3170 2304 et
3222 2247 3543 2315 Abessalon,
3597 2256 3651 2302 et
3699 2248 3857 2305 tuulti

2252 2345 2569 2415 alienigena:
2599 2345 2877 2414 principes
2899 2351 3145 2397 sanctum
3181 2341 3346 2397 David
3381 2341 3653 2412 persecuti
3683 2352 3811 2397 sunt
3837 2357 3852 2396 :

2255 2437 2350 2492 sed
2381 2451 2541 2492 nemo
2583 2435 2757 2508 potnit
2781 2436 2850 2490 de
2871 2435 3320 2505 eotriumphare.
3363 2434 3505 2490 Sttttt
3557 2445 3611 2490 et
3645 2433 3860 2508 125,0

2251 2533 2531 2604 principes
2569 2530 2778 2597 mundi,
2807 2540 3159 2601 rectoresque
3189 2529 3564 2596 tenebrarum,
3608 2531 3698 2600 qui
3726 2533 3856 2586 tein

2256 2633 2350 2680 tuo
2373 2634 2594 2696 pectore
2634 2634 2902 2679 conantur
2939 2621 3270 2694 opprimere,
3309 2632 3364 2678 et
3419 2625 3858 2695 persecutionum

2255 2731 2396 2773 szcva
2430 2718 2578 2772 intus
2598 2728 2916 2788 operantur,
2949 2715 3334 2787 promittentes
3361 2731 3523 2783 regna
3557 2729 3857 2786 terrarum,

2259 2809 2496 2866 honores
2531 2821 2694 2879 atque
2721 2809 2963 2876 divitias,
2991 2812 3034 2864 si
3077 2809 3255 2881 fragili
3286 2819 3469 2866 mente
3513 2812 3860 2879 succumbas,

2259 2914 2314 2960 et
2349 2903 2714 2960 obediendnm
2757 2918 2945 2957 eorum
2976 2902 3225 2974 imperiis
3255 2904 3558 2960 arbitreris.
3590 2904 3684 2960 Isti
3716 2907 3865 2975 prin-

2255 3001 2409 3070 cipes
2455 3000 2724 3054 interdum
2764 3000 2933 3070 gratis
2983 3008 3406 3069 persequuntur,
3451 3001 3720 3056 interdum
3755 3016 3863 3058 non

2257 3093 2451 3165 gratis.
2491 3092 2673 3148 Gratis
2710 3108 2832 3148 enm
2866 3107 3286 3163 perseqnuntur,
3330 3093 3471 3164 apud
3515 3109 3675 3163 quem
3729 3094 3866 3152 nihil

2259 3203 2417 3242 suum
2459 3187 2764 3251 inveniunt,
2797 3194 2853 3242 et
2882 3201 3005 3242 eum
3037 3186 3328 3257 subjugare
3357 3188 3686 3242 contendunt
3717 3204 3864 3244 :uon

562 3280 757 3334 vulnus
785 3293 901 3348 est;
934 3283 1059 3352 quia
1089 3283 1329 3340 vindicta
1383 3287 1700 3360 plerumque
1745 3290 1885 3345 solet
1915 3290 2157 3346 dolorem

2263 3281 2432 3352 gratis
2487 3289 2886 3350 persequuntur
2940 3295 3102 3346 eum,
3153 3279 3244 3350 qui
3303 3294 3361 3334 se
3409 3295 3595 3335 eorum
3655 3280 3871 3338 dederit

562 3372 800 3428 vulneris
856 3375 1123 3446 mitigare.
1179 3378 1243 3432 Et
1303 3380 1438 3434 inira
1499 3381 1638 3436 idem
1697 3383 1996 3439 Hieremias
2054 3384 2154 3439 ait:

563 3461 744 3520 Gaude
764 3477 810 3520 et
843 3468 1039 3535 (tutare,
1062 3471 1172 3539 ﬁlia
1197 3469 1463 3537 ldumtrte,
1489 3473 1515 3512 δ
1543 3490 1659 3544 qua:
1679 3475 1877 3529 habitas
1908 3478 1958 3530 in
1990 3475 2119 3530 (ἔριή
2144 3495 2159 3532 :

565 3567 614 3611 et
654 3559 859 3627 quidem
899 3560 968 3614 ad
1013 3572 1064 3615 te
1090 3565 1421 3633 pertransibtt
1448 3567 1590 3620 calix
1620 3582 1638 3620 :
1671 3565 1828 3632 bibes,
1859 3577 1909 3621 et
1939 3568 2162 3622 inebria-

562 3650 696 3706 beris
726 3654 902 3707 (td/mc
929 3653 1148 3719 (Thren.
1184 3672 1258 3720 tv,
1280 3657 1398 3729 21),
1430 3672 1595 3727 super
1641 3659 1840 3714 vulnus
1877 3669 1989 3725 est;
2022 3661 2161 3716 calix

564 3747 708 3800 enim
743 3747 954 3803 Domini
1002 3750 1251 3805 remissio
1281 3762 1624 3820 peccatorum
1653 3761 1759 3817 est,
1807 3767 1917 3821 quo
1945 3753 2166 3824 sanguis

566 3838 894 3906 eﬂ'unditur,
929 3843 1016 3911 qui
1059 3844 1223 3898 totius
1255 3843 1438 3898 tnundi
1491 3853 1707 3913 peccata
1759 3845 2009 3901 redemit.
2070 3848 2166 3903 llic

566 3931 710 3987 calix
750 3932 1036 3987 inebriavit
1064 3945 1271 4004 gentes;
1308 3951 1375 3990 ne
1416 3935 1620 4005 proprii
1667 3938 2041 3994 meminissent
2071 3938 2167 3994 do-

570 4019 724 4086 loris,
774 4023 870 4079 sed
923 4033 1164 4080 veterem
1210 4027 1664 4083 obliviscerentur
1701 4045 1966 4085 errorem.
2018 4031 2166 4087 Bona

565 4115 730 4184 igitur
758 4115 998 4173 ebrietas
1020 4119 1304 4185 Spiritalis,
1345 4135 1468 4192 qua:
1501 4122 1718 4176 turbare
1747 4125 1922 4178 nescit
1967 4139 2166 4194 corpo-

569 4208 645 4262 ris
668 4209 960 4274 incessum,
991 4222 1013 4251 ο
1048 4212 1230 4268 leVare
1275 4216 1474 4269 mentis
1506 4216 1652 4270 novit
1682 4216 1986 4288 vestigium.
2020 4218 2166 4272 Bona

567 4297 805 4355 ebrietas
827 4303 1004 4372 poculi
1034 4303 1308 4369 salutaris,
1339 4321 1462 4375 quae
1490 4305 1804 4361 mmstitiam
1853 4307 2169 4376 peccatricis

571 4391 750 4449 abolet
773 4397 1143 4466 conscientiae,
1166 4397 1560 4466 jncumlitatem
1598 4401 1720 4452 vita:
1745 4397 1982 4454 infundit
2009 4410 2170 4456 aeter-

577 4500 681 4540 nae.
713 4486 839 4542 Ideo
857 4489 1135 4560 Scriptura
1158 4491 1290 4545 dicit
1315 4509 1330 4543 :
1359 4490 1423 4545 Et
1466 4492 1711 4560 poculum
1743 4500 1886 4547 tuum
1910 4492 2168 4550 inebrians

571 4598 725 4652 quam
756 4585 1063 4650 prteclarum
1093 4596 1166 4639 est
1192 4584 1368 4659 (Psal.
1392 4602 1524 4651 χχιι,
1559 4587 1617 4654 5)
1647 4586 1659 4640 !

2261 3376 2542 3446 potestati;
2572 3385 2628 3430 et
2679 3376 2731 3428 itt
2763 3375 3168 3444 possessionem
3211 3375 3394 3430 saeculi
3437 3384 3584 3429 totus
3621 3376 3868 3432 intrave-

2264 3467 2354 3533 rit;
2412 3467 2467 3521 io
2513 3481 2642 3521 suos
2669 3466 2814 3522 enim
2862 3466 2967 3521 sibi
3005 3468 3124 3536 iure
3168 3465 3504 3521 dominatum
3552 3467 3866 3536 vindicant,

2263 3569 2426 3630 atque
2455 3561 2523 3615 ab
2554 3559 2620 3615 iis
2647 3559 2951 3615 mercedem
2982 3558 3286 3630 iniquitatis
3313 3559 3632 3630 efflagitant.

2338 3655 2392 3709 7.
2433 3653 2582 3708 Bene
2623 3653 2725 3707 hoc
2769 3661 2974 3723 martyr
3002 3652 3156 3717 dicit,
3189 3651 3336 3723 quod
3383 3654 3582 3720 injuste
3613 3667 3870 3721 persecu—

2265 3747 2474 3802 tionum
2524 3755 2794 3801 tormenta
2835 3746 3133 3809 sustineat,
3163 3745 3257 3816 qui
3281 3745 3413 3800 nihil
3446 3745 3710 3816 rapuerit,
3744 3749 3871 3803 nul-

2268 3840 2378 3895 lttm
2408 3839 2680 3894 violentus
2719 3839 3085 3910 oppresserit,
3118 3838 3319 3893 nullius
3365 3840 3684 3907 sanguinem
3715 3840 3870 3897 iudc-

2268 3932 2361 3998 rit,
2396 3943 2418 3970 θ
2452 3933 2655 3986 nullius
2688 3932 2902 3986 tbornm
2936 3933 3207 4000 putaverit
3242 3945 3366 3986 csse
3399 3931 3707 3986 violandum
3735 3949 3749 3987 :
3777 3934 3869 4004 qui

2271 4025 2405 4080 nihil
2435 4025 2642 4093 legibus
2681 4024 2898 4090 debeat,
2927 4034 2976 4078 et
3001 4026 3252 4092 graviora
3281 4024 3550 4079 latronum
3594 4025 3870 4080 sustinere

2270 4131 2498 4190 cogatur
2527 4119 2825 4189 supplicia:
2860 4119 2951 4188 qni
2979 4117 3228 4188 loquatur
3270 4117 3434 4186 justa,
3460 4129 3510 4172 et
3547 4132 3653 4172 non
3681 4117 3872 4172 audia-

2269 4224 2360 4269 tur
2407 4211 2537 4283 :qui
2570 4213 2818 4284 loquatur
2861 4212 3020 4282 plena
3073 4211 3287 4274 salutis,
3321 4221 3375 4266 et
3407 4211 3775 4282 impugnetur,
3809 4222 3868 4267 ttt

2271 4305 2442 4376 possit
2477 4306 2688 4360 dicere:
2737 4301 2868 4357 Cum
2923 4303 3172 4372 loquebar
3203 4303 3333 4369 illis,
3363 4304 3742 4376 impugnabant
3789 4321 3871 4359 me

2269 4399 2435 4468 gratis
2457 4396 2630 4470 (Psal.
2662 4411 2808 4458 cstx,
2835 4396 2910 4466 7).
2928 4395 3113 4451 Gratis
3139 4395 3300 4465 igitur
3319 4396 3752 4466 persecutionem
3779 4412 3871 4464 pa-

2271 4492 2434 4557 titttr,
2476 4490 2568 4561 qui
2602 4491 2950 4559 in‘tpugnatnr
2991 4490 3109 4543 sine
3138 4487 3370 4544 crimine
3404 4506 3419 4543 :
3447 4490 3792 4558 impugnatur
3810 4499 3872 4544 ut

2274 4589 2486 4649 noxius,
2514 4601 2636 4640 cunt
2665 4586 2741 4639 sit
2769 4588 2820 4638 itt
2849 4583 2941 4638 tali
2964 4581 3313 4638 confessione
3342 4583 3632 4638 laudabilis
3659 4602 3673 4637 :
3700 4585 3874 4653 impu-

647 4677 701 4731 5.
743 4677 1192 4734 Medicamentum
1246 4680 1408 4750 igitur
1450 4695 1616 4750 super
1643 4679 1837 4735 vulnus
1878 4689 1990 4746 est;
2043 4682 2166 4753 quia
2193 4673 2468 4754 Dgnatur
2507 4679 2662 4750 quasi
2718 4678 2990 4734 veneficus
3017 4713 3037 4742 ,
3088 4678 3213 4748 quia
3269 4677 3321 4732 in
3383 4678 3607 4732 nomine
3656 4677 3870 4733 Domini

577 4769 835 4826 Dominus
881 4771 1042 4827 Jesus
1083 4773 1199 4842 ipse
1237 4773 1516 4835 medicus,
1560 4773 1650 4844 qui
1701 4774 1921 4829 vulnera
1980 4784 2163 4832 nostra

573 4867 815 4933 curavit,
861 4865 1150 4922 infundens
1209 4867 1395 4922 vinum
1453 4876 1508 4923 et
1557 4868 1773 4936 oleum,
1828 4875 1885 4926 et
1937 4868 2164 4940 alligans

649 5033 676 5060 ⁸
735 5025 878 5102 Edit.
906 5027 1089 5102 Rom.,
1119 5038 1165 5082 et
1210 5028 1433 5102 quadam
1478 5029 1632 5084 totius
1669 5032 1961 5086 constitutio
1991 5046 2172 5102 corpo-

582 5097 655 5149 ris
687 5097 801 5150 tabe
824 5099 1159 5153 consuntitur.
1219 5097 1369 5154 Haud
1417 5102 1580 5165 male,
1637 5101 1746 5155 nisi
1789 5097 2174 5156 recederet'ab

575 5171 832 5240 omnibus
859 5170 978 5223 aliis
1004 5171 1135 5225 edit.
1159 5182 1212 5224 et
1236 5187 1365 5226 mss.
1398 5187 1624 5240 quorum
1649 5174 1830 5239 lectio,
1861 5175 1963 5228 etsi
1993 5174 2172 5226 mimis

579 5238 805 5314 usitata,
834 5251 1009 5310 potest
1057 5252 1233 5297 tamen
1276 5238 1438 5297 etiam
1490 5245 1737 5307 defendi;
1779 5238 1899 5298 cum
1937 5245 2170 5314 quadam

578 5313 843 5383 corruptio
865 5314 1018 5367 totius
1049 5317 1301 5382 corporis,
1327 5314 1468 5369 idem
1498 5316 1720 5370 omnino
1751 5317 1851 5379 sit,
1880 5313 2170 5384 ac'corpus

579 5384 982 5450 quodammodo
1013 5400 1346 5452 corruptum.
1387 5387 1591 5440 Rursus
1621 5388 1709 5440 ubi
1733 5388 1912 5440 cuncti
1944 5403 2071 5439 mss.
2102 5403 2167 5441 ac

578 5463 689 5506 vet.
718 5455 879 5520 edit.,
913 5468 1244 5530 mors‘serput
1286 5459 1522 5522 interior;
1543 5457 1732 5512 eadem
1754 5458 1932 5521 liout.,
1962 5457 2166 5512 morbus

577 5537 751 5596 serpat
780 5529 1013 5582 interior.
1045 5528 1235 5584 Setl'ea
1257 5531 1556 5583 mutatione.
1579 5530 1710 5583 nihil
1735 5545 1871 5597 opus
1893 5539 1995 5583 est.

656 5597 684 5636 b
727 5597 798 5652 Ita
823 5600 1000 5654 cuncti
1031 5615 1162 5654 mss.
1193 5610 1351 5669 atque
1373 5602 1477 5654 edit
1510 5612 1617 5655 vet.
1651 5600 1809 5656 Rom.
1853 5616 2014 5663 vero,
2057 5617 2170 5670 qua:

583 5670 783 5724 habitus
812 5671 864 5725 in
889 5683 1026 5725 terra
1052 5670 1188 5725 Has.
1217 5672 1285 5726 Et
1310 5681 1457 5727 certe
1477 5671 1564 5725 hic
1594 5672 1645 5726 ei
1677 5671 1816 5726 favet
1845 5682 2027 5725 textus
2070 5673 2171 5726 lle-

583 5741 788 5807 bracas,
819 5756 982 5812 atque
1008 5758 1200 5798 omnes
1228 5744 1523 5804 versiones,
1553 5753 1778 5812 excepta
1805 5741 1946 5797 LXX
1971 5746 2169 5812 interp.

601 5815 634 5876 ti
658 5815 803 5870 enim
833 5829 1019 5880 vocem
1039 5814 1182 5880 Has,
1213 5831 1320 5878 non
1355 5813 1696 5884 admittunt.
1747 5813 1861 5884 sed.
1884 5815 2058 5884 locum
2081 5833 2174 5872 ett-

602 5885 770 5942 tiltent
804 5887 855 5941 in
889 5885 1005 5942 lucc
1029 5884 1228 5951 verba,
1257 5885 1286 5940 vl
1318 5885 1619 5940 aestimasse
1659 5881 1738 5943 int
1788 5881 1878 5960 γῆξ
1922 5903 1934 5942 :
1962 5881 2048 5943 ubi
2077 5903 2172 5957 pro

2273 4773 2566 4844 gloriatur;
2597 4787 2719 4825 cum
2753 4770 2926 4840 pietas
2965 4769 3221 4824 virtutum
3259 4771 3502 4824 omnium
3549 4767 3873 4825 fundamen-

2274 4877 2385 4924 tum
2417 4867 2508 4921 sit.
2538 4864 2676 4921 Vere
2702 4864 2902 4920 frustra
2935 4864 3302 4934 impngnatur,
3349 4863 3442 4934 qni
3485 4862 3630 4934 apud
3675 4863 3872 4934 impios

2316 5040 2399 5083 ἧς.
2434 5030 2564 5083 quin
2594 5027 2783 5083 Ambr.
2818 5026 3007 5083 letterit
3037 5029 3154 5083 σγῆθ.
3184 5041 3289 5082 non
3321 5037 3402 5081 est
3427 5026 3675 5083 dubium.

2273 5040 2399 5106 γῆς,
2434 5030 2564 5096 quin
2594 5027 2783 5084 Ambr.
2818 5025 3007 5095 legerit
3037 5029 3154 5101 γῆθ,
3184 5041 3289 5082 non
3321 5037 3402 5081 est
3427 5026 3675 5083 dubium.

2351 5112 2372 5138 ο
2416 5100 2571 5154 Rom.
2619 5101 2750 5153 edit.
2799 5113 2920 5152 cum
2965 5111 3116 5166 parte
3147 5114 3303 5164 ms~'.,
3332 5099 3497 5152 levare
3541 5101 3726 5156 mentis
3767 5118 3870 5157 non

2274 5174 2413 5226 novit
2435 5173 2722 5242 vestigium.
2749 5169 2944 5224 Melius
2974 5169 3095 5224 alite
3116 5185 3236 5225 cum
3272 5170 3491 5241 reliquis
3540 5188 3673 5227 mss.
3708 5176 3873 5228 omit-

2277 5253 2395 5298 tunt
2418 5247 2784 5312 negationem.

2345 5313 2371 5353 ἀ
2411 5314 2613 5370 Omnes
2652 5315 2811 5375 edit.,
2849 5314 3097 5385 corporis
3125 5314 3228 5369 sui.
3271 5314 3475 5370 Omnes
3520 5329 3651 5369 mss.
3705 5317 3880 5385 operis

2272 5387 2373 5450 sui,
2395 5387 2605 5440 duobus
2627 5385 2892 5453 exceptis,
2928 5386 2979 5438 in
3013 5384 3206 5456 quibus
3237 5399 3526 5457 utrumque
3550 5384 3874 5458 praetermis-

2274 5473 2392 5513 sum
2415 5467 2520 5514 εει.

2349 5539 2371 5567 ο
2417 5531 2542 5584 MSs.
2571 5530 2707 5583 bene
2738 5527 2907 5594 multi,
2936 5528 3134 5582 nullum
3153 5529 3435 5598 justorum.
3471 5529 3578 5586 Sed
3612 5545 3673 5584 ea
3701 5532 3879 5586 varie-

2274 5611 2356 5658 tas
2385 5601 2512 5656 inde
2548 5598 2786 5666 profecta
2834 5608 2935 5655 est.
2964 5600 3106 5669 quod
3139 5605 3188 5652 itt
3221 5601 3541 5669 quihusdam
3577 5617 3711 5656 mss.
3744 5618 3876 5666 vox,

2276 5674 2493 5733 nullius,
2536 5673 2606 5726 ita
2647 5671 3011 5730 dividebatur.
3047 5682 3098 5724 ttl
3148 5673 3479 5738 posteriores
3527 5673 3720 5728 littera!
3755 5676 3877 5730 vovi

2276 5742 2920 5814 Sequentiatllttrrerettt;
2978 5743 3121 5795 unde
3177 5743 3226 5814 in
3258 5744 3538 5798 nonnullis
3577 5745 3878 5799 etiamnum

2276 5813 2528 5888 legimus.
2561 5815 2690 5888 nulli
2715 5817 3012 5888 justorttnt:
3049 5813 3193 5884 quod
3219 5822 3355 5870 cum
3391 5815 3875 5888 aperteqvitiosum

2276 5833 2528 5884 ICgIIIHIS'.
2561 5833 2689 5874 ηαιιι
2715 5833 3012 5888 gustarunt:
3049 5833 3193 5884 quoa
3219 5833 3355 5870 CUI“.
3391 5833 3870 5941 npurtevmmuni

2275 5879 2367 5950 sit.
2391 5888 2480 5942 ulti
2510 5886 2728 5958 praprio
2751 5895 2923 5942 marte
2950 5891 3328 5956 reposuerunt,
3353 5900 3420 5940 nu
3447 5887 3554 5941 tum
3581 5886 3870 5957 justorumt
