4156 6346
272 282 405 340 1505
1340 285 1406 343 IN
1448 282 1775 345 Ρειιιιυιι
1814 286 2026 344 CXVIII
2066 286 2443 345 EXPOSITIO.

271 410 321 455 et
337 399 829 471 inlidosimpietatis
851 400 1166 469 arcessitur,
1189 416 1310 458 cum
1336 402 1463 461 ﬁdei
1481 405 1551 459 sit
1571 405 1852 477 magister.
1890 413 1931 469 Λ

338 495 391 548 8.
432 493 632 549 Verum
685 496 728 548 is
764 496 854 565 qtti
881 497 1053 566 gratis
1085 496 1455 568 itupugualur.
1488 497 1647 553 fortis
1690 499 1859 555 debet

270 602 387 641 esse
430 598 484 641 et
529 599 804 643 constans.
847 589 1135 658 Quomodo
1175 606 1306 660 ergo
1336 591 1655 647 subtexuit:
1709 592 1773 647 Et
1827 610 1859 646 a

272 682 426 735 verbis
449 683 551 737 tuis
578 683 854 756 trepidavit
876 701 966 739 cor
989 686 1501 763 meumZ'l‘repidare
1532 687 1861 743 inﬁrmitatis

271 786 371 839 est,
406 776 616 831 timoris
638 788 803 849 atque
832 776 1159 843 formidinis,
1188 779 1283 834 sed
1306 788 1391 834 est
1437 779 1602 834 etiam
1633 780 1863 835 inﬁrmi-

270 880 349 925 tas
370 871 437 925 ad
464 873 694 928 salutem
721 896 734 929 :
789 882 874 929 est
926 874 1091 931 etiam
1124 876 1282 930 timor
1314 884 1645 931 sanctorum.
1667 874 1863 930 Timete

268 962 549 1020 Dominum
606 967 773 1021 sancti
819 969 933 1038 ejus
964 965 1152 1039 (Psal.
1188 983 1381 1034 xxxttt,
1416 968 1528 1039 10);
1556 978 1641 1023 et:
1672 965 1863 1022 Beatus

270 1060 341 1111 rir
384 1061 473 1129 qui
522 1062 664 1116 timet
694 1060 975 1116 Dominum
1029 1059 1216 1132 (Psal.
1251 1077 1360 1126 cxt,
1394 1063 1478 1133 1).
1504 1063 1619 1128 Qua
1651 1060 1863 1115 ratione

268 1152 501 1209 Beatus?
528 1154 662 1223 Quia
697 1157 751 1209 in
804 1156 1061 1210 mandatis
1120 1159 1232 1229 ejus
1285 1156 1454 1224 cupiet
1502 1156 1675 1211 nimis.
1714 1155 1864 1211 Pone

267 1263 390 1317 ergo
422 1258 718 1319 martyrem
742 1250 884 1304 inter
906 1248 1143 1321 pericula
1174 1253 1563 1315 constitutum;
1591 1264 1712 1304 cum
1740 1247 1865 1304 inde

265 1343 580 1399 immanitas
610 1344 906 1400 bestiarum
958 1344 1026 1400 ad
1056 1344 1425 1400 inctttiendutn
1485 1355 1745 1400 terrorem
1778 1343 1865 1398 irt-

264 1435 461 1491 fremat
491 1455 506 1490 :
547 1438 765 1493 aliunde
806 1436 1013 1493 stridor
1038 1436 1388 1491 candentium
1419 1436 1767 1497 laminarum,
1809 1444 1866 1491 et

265 1527 483 1583 ﬂamma
528 1528 766 1584 fornacis
814 1528 1059 1583 ardentis
1095 1538 1401 1583 exaestuet:
1457 1542 1524 1582 ex
1556 1538 1710 1597 parte
1760 1526 1863 1581 alia

3416 292 3556 352 1506

2038 406 2121 461 il.
2161 406 2403 460 Exsultat
2446 420 2577 476 ergo
2629 407 2721 476 qui
2777 406 2939 461 habet
2971 407 3191 463 verbum
3227 406 3318 464 Dei
3350 425 3364 475 ;
3396 408 3560 467 habet

1964 500 2107 556 enim
2158 502 2331 570 Spolia
2382 501 2573 565 multa,
2611 517 2731 571 qua}
2808 501 3011 557 .ludtcis
3069 503 3329 568 abstulit;
3398 503 3562 559 habet

1961 595 2217 665 prostrati
2265 595 2436 650 hostis
2458 596 2681 649 exuvias
2712 595 2756 662 (Ι
2786 595 2915 668 Reg.
2966 613 3094 660 xvtt.
3136 597 3249 667 5|).
3282 598 3431 655 Sicut
3453 599 3561 655 Da-

1962 686 2049 739 vid
2090 686 2312 741 abstulit
2354 687 2523 743 Goliae
2564 688 2801 758 gladium
2829 730 2843 754 ,
2875 699 2929 745 et
2979 690 3146 761 ipsius
3177 692 3357 763 gladio
3400 702 3566 763 caput

1963 779 2084 848 ejus
2105 780 2383 845 exsecuit;
2413 780 2491 835 sic
2510 796 2669 835 verus
2696 780 2862 835 David
2885 780 3103 837 humilis
3129 791 3291 853 atque
3304 800 3561 842 mansue-

1965 880 2051 927 tus
2083 872 2342 928 Dominus
2370 872 2549 938 .lesus,
2583 873 2946 942 intelligibilis
2976 874 3151 931 Golite
3184 888 3348 946 caput
3397 879 3567 934 armis

1963 965 2133 1035 ipsius
2154 965 2473 1037 amputavit.
2504 965 2667 1021 Arma
2697 967 2845 1023 enim
2900 967 3102 1023 diaboli
3155 979 3345 1040 gentes
3367 981 3523 1027 erant
3548 988 3562 1039 ;

1964 1058 2073 1115 ﬁde
2099 1069 2279 1114 autem
2308 1062 2551 1132 gentium
2585 1061 2898 1116 vulneratus
2928 1074 3087 1131 caput
3133 1064 3277 1132 qttod
3308 1063 3563 1131 habebat,

1964 1154 2165 1209 amisit.
2212 1153 2464 1209 Detracta
2493 1162 2621 1209 sunt
2662 1156 2833 1225 spolia
2869 1164 3163 1225 prostrato,
3188 1172 3313 1212 vasa
3345 1158 3463 1227 ejus
3485 1159 3569 1213 di-

1964 1259 2116 1318 repta
2144 1265 2158 1313 ;
2185 1249 2310 1319 quia
2342 1248 2594 1319 alligatus
2621 1260 2704 1305 est
2733 1249 2909 1306 fortis.
2940 1249 3046 1304 Vas
3066 1251 3266 1306 diaboli
3294 1267 3423 1308 caro
3452 1261 3571 1310 erat

1966 1341 2204 1397 hominis
2222 1342 2564 1413 peccatoris;
2590 1344 2685 1399 sed
2710 1356 3059 1415 posteaquam
3085 1346 3135 1400 in
3152 1345 3425 1402 Christum
3449 1364 3568 1405 ore-

1965 1436 2220 1501 didimus,
2256 1454 2385 1493 caro
2429 1450 2615 1494 nostra
2663 1440 2830 1509 cmpit
2885 1455 3007 1496 esse
3039 1456 3134 1494 vas
3162 1440 3481 1508 electionis;
3516 1452 3575 1499 ut

1966 1531 2137 1587 habes
2168 1532 2237 1588 de
2282 1533 2536 1603 apostolo
2565 1534 2752 1599 Paulo,
2796 1534 2885 1605 qui
2932 1534 2998 1588 ad
3029 1546 3217 1604 gentes
3242 1535 3444 1590 missus
3464 1544 3570 1603 est,

265 1634 557 1691 personeut
581 1630 785 1676 tractus
813 1622 1056 1692 graVittln
1084 1632 1432 1685 catenarum;
1475 1619 1602 1673 ltith
1626 1619 1862 1674 carnifex
1966 1621 2170 1679 dictum
2201 1639 2231 1678 ξι
2264 1625 2496 1680 Domino
2535 1626 2665 1681 thsu
2698 1626 2763 1679 ad
2796 1626 3097 1681 Aminiam:
3144 1626 3303 1688 Vade,
3328 1629 3572 1698 quoniam

266 1725 526 1768 cruentus
553 1712 773 1768 assistat
798 1731 811 1765 :
840 1728 1003 1783 pone.
1038 1713 1282 1782 iuquarn,
1316 1711 1863 1779 circumstrectantem
1966 1733 2054 1771 υαε
2085 1718 2345 1773 electionis
2374 1720 2502 1773 mihi
2529 1728 2604 1773 est
2629 1717 2764 1791 (Act.
2801 1735 2874 1781 rx,
2911 1718 3021 1791 15).
3064 1720 3257 1775 Merito
3296 1737 3427 1791 ergo
3474 1737 3571 1777 vo-

265 1812 445 1868 omnia
493 1813 653 1882 plena
680 1813 954 1882 supplicii.
984 1812 1183 1868 deinde
1234 1814 1561 1883 cogitantem
1614 1813 1864 1867 mandata
1895 1806 1943 1868 B
1970 1819 2150 1866 catum
2190 1827 2388 1867 nomen
2419 1820 2509 1866 est
2534 1809 2740 1866 Christi
2775 1829 2789 1867 :
2828 1810 3085 1866 Vrlaciter
3129 1814 3301 1883 spolia
3325 1813 3569 1882 detrahe,

263 1904 444 1960 divina
472 1948 487 1970 ,
537 1908 687 1961 illurn
745 1907 925 1978 ignem
981 1916 1303 1978 perpetuum
1328 1948 1343 1973 ,
1385 1905 1516 1961 illud
1575 1906 1695 1961 sine
1758 1906 1865 1963 ﬁne
1970 1904 1997 1945 ι)
2020 1906 2191 1960 divide
2210 1908 2309 1960 cito
2331 1924 2350 1972 ;
2370 1907 2491 1977 quia
2519 1907 2821 1975 priusquam
2852 1908 2981 1960 sciat
3010 1923 3138 1977 puer
3166 1922 3350 1962 t'ocnre
3372 1919 3572 1981 patrem

264 1998 577 2055 iucendiunr
635 1999 965 2071 perﬁdorttrn
992 2040 1007 2062 .
1039 2000 1183 2055 illam
1217 2015 1392 2071 patrue
1433 1999 1867 2054 recrudescentis
1968 2009 2060 2053 aut
2088 2009 2325 2065 matrem,
2370 2000 2585 2070 accipiet
2625 1999 2866 2053 virtutem
2897 1998 3167 2062 Damasci,
3199 2011 3244 2053 et
3275 2000 3441 2068 spolia
3467 1999 3571 2056 Sa-

263 2108 606 2159 tntuntnam;
659 2094 934 2163 trepidare
983 2095 1180 2160 corde,
1229 2110 1297 2149 ne
1325 2093 1455 2149 dum
1506 2094 1866 2163 praesentibus
1970 2092 2150 2146 maria:
2203 2100 2384 2146 contra
2422 2108 2590 2163 regem
2640 2090 2971 2163 Assyriorum
2999 2091 3169 2163 (Esai.
3214 2091 3570 2163 vrtt,3et4).

262 2186 429 2252 cedit,
464 2188 744 2256 perpetuis
775 2202 836 2242 se
883 2185 1048 2243 dedat
1080 2186 1295 2253 exitiis;
1324 2186 1631 2255 perturbari
1662 2187 1866 2251 animo,
1971 2185 2119 2256 Ergo
2146 2202 2238 2240 rex
2269 2186 2643 2258 Assyriorum,
2674 2201 2863 2242 eorum
2893 2187 3108 2242 scilicet
3128 2202 3265 2257 quos
3288 2202 3456 2241 vanos
3478 2202 3575 2242 sua

262 2279 385 2335 dum
434 2279 601 2336 futuri
647 2281 837 2349 judicii
889 2280 1261 2351 rhonrpba-arn
1316 2280 1460 2335 illam
1520 2279 1867 2335 terribilema
1972 2277 2197 2350 perﬁdia
2240 2278 2476 2343 fecerat,
2532 2278 2715 2334 amisit
2755 2279 2927 2349 spolia
2961 2294 3083 2346 quae
3132 2279 3366 2334 tenebat.
3421 2278 3483 2332 Et
3517 2286 3575 2333 ut

262 2374 499 2444 quadarn
542 2385 868 2443 conspectus
910 2374 992 2427 sui
1021 2373 1140 2428 acie
1173 2380 1487 2429 contuetur.
1518 2374 1708 2428 Nonne
1732 2362 1867 2427 hanc
1972 2370 2170 2427 iterum
2223 2386 2545 2443 cognoscas,
2596 2372 2723 2442 quia
2762 2371 2933 2441 spolia
2961 2370 3211 2426 Christus
3267 2386 3295 2424 a
3328 2370 3570 2438 diabolo,

265 2464 686 2534 trepidatiOuetn
739 2464 947 2521 ﬁduciae
987 2465 1088 2521 viri
1138 2466 1443 2521 constantis
1496 2464 1771 2533 aequabis?
1809 2465 1865 2519 In
1972 2482 2093 2538 quae
2120 2470 2172 2522 in
2202 2468 2374 2524 Adam
2415 2467 2505 2522 ille
2531 2467 2830 2532 invaserat,
2854 2465 3197 2530 vindicavit;
3235 2478 3256 2504 ο
3288 2475 3345 2522 et
3370 2465 3573 2524 Sabain

263 2559 518 2614 eumdem
578 2562 861 2616 concurrit
916 2560 1166 2616 eﬁ‘cctum
1222 2559 1558 2616 conﬁdentia
1601 2560 1870 2631 cupientis
1977 2562 2082 2616 viri
2136 2562 2336 2617 excelsi
2396 2561 2462 2617 ad
2509 2561 2798 2616 Dominum
2854 2560 3038 2617 Jesum
3092 2561 3293 2631 alligati
3347 2561 3580 2617 vinculis

264 2664 495 2721 ceteros,
521 2667 577 2710 et
607 2655 792 2709 divina
815 2655 1152 2724 trepidantis.
1181 2655 1266 2711 Sit
1316 2665 1496 2711 tamen
1543 2654 1733 2711 fortior
1779 2654 1870 2711 ille
1974 2653 2342 2718 transierunt,
2383 2664 2548 2724 atque
2589 2655 2764 2723 ipsum
2816 2653 3045 2709 adOtare
3094 2660 3397 2722 cmperunt,
3454 2652 3578 2721 quia

264 2751 350 2820 qui
383 2759 610 2817 sperat:
641 2752 713 2806 sit
742 2750 934 2806 fortior
959 2752 1050 2821 qui
1080 2753 1380 2822 praasumit.
1972 2748 2239 2816 captivam
2254 2746 2406 2801 duxit
2434 2746 2826 2813 Captivitatem.
2882 2746 3010 2801 Ideo
3052 2753 3213 2815 caput
3252 2744 3370 2814 ejus
3395 2743 3583 2799 abstu-

333 2847 387 2900 9.
438 2843 657 2899 Utinam
688 2861 821 2915 ergo
851 2844 975 2900 talis
1004 2860 1127 2901 esse
1158 2861 1401 2910 merear;
1425 2855 1487 2901 ut
1514 2845 1557 2900 si
1588 2844 1726 2900 forte
1748 2859 1871 2915 per—
1974 2838 2072 2905 lit;
2105 2849 2161 2893 ut
2192 2838 2309 2909 ipse
2335 2846 2499 2908 caput
2545 2847 2694 2894 esset
2718 2840 2967 2909 corporis
3015 2835 3351 2907 interempti.
3385 2835 3580 2891 Merito

267 2948 490 2993 secutor
544 2941 847 3010 ingruerit.
898 2956 1007 2995 non
1084 2940 1429 2997 considerem
1477 2940 1869 3011 suppliciorum

1984 2948 2119 2987 nunc
2143 2941 2330 3000 gentes
2360 2941 2474 2986 toto
2520 2930 2654 2985 orbe
2705 2939 2869 3001 caput
2914 2929 3099 3000 regale
3137 2925 3576 2991 circumferunt;

268 3046 519 3088 meorum
576 3032 935 3099 acerbitates;
990 3047 1100 3089 non
1161 3034 1356 3089 metiar
1411 3043 1715 3099 tormenta,
1763 3049 1872 3089 non
1976 3023 2373 3094 quiamembm
2402 3020 2783 3077 ευηιῧιινίδιίο

266 3142 496 3197 muns;
548 3142 655 3180 non
713 3126 946 3197 cogitem
1005 3127 1165 3182 ullius
1221 3128 1559 3183 atrocitatem
1622 3128 1864 3193 doloris;
2052 3114 2484 3185 1‘2.Cognovisti
2533 3114 2600 3170 de
2629 3113 2939 3170 nationibus
2969 3132 2982 3168 :
3013 3128 3285 3186 cognosce
3329 3112 3492 3169 etiam
3517 3111 3586 3169 de

273 3221 492 3294 1241
522 3221 616 3276 sed
667 3221 783 3276 Ι.ωο
812 3221 993 3276 omnia
1024 3222 1159 3277 levia
1192 3222 1383 3277 ducam
1417 3241 1432 3279 ε
1481 3224 1743 3294 trepidem
1775 3239 1874 3277 an-
1904 3210 1950 3273 C
1981 3207 2206 3274 iudicis,
2251 3207 2447 3278 quibus
2477 3207 2741 3262 Dominus
2763 3207 2924 3262 Jesus
2951 3206 3178 3262 abstulit
3226 3205 3395 3277 spolia
3429 3222 3445 3270 ;
3479 3204 3584 3261 hoc

270 3326 400 3380 tem;
435 3332 504 3369 ne
529 3314 778 3370 Christus
827 3332 917 3372 me
948 3327 1130 3387 neget,
1177 3331 1245 3371 ne
1292 3316 1544 3372 Christus
1597 3317 1874 3383 excludat,

269 3426 336 3466 ne
360 3427 454 3465 me
479 3410 649 3479 repell
669 3419 705 3463 at
737 3409 805 3465 de
843 3411 1076 3467 concilio
1107 3410 1478 3473 sacerdomrn,
1507 3411 1550 3463 si
1594 3410 1874 3481 indignum

272 3518 336 3559 eo
369 3505 611 3572 collegio
649 3503 1007 3572 judicaverit;
1040 3503 1221 3558 videat
1262 3504 1431 3575 magis
1485 3504 1612 3558 licet
1661 3518 1877 3575 permo-

272 3606 384 3653 tum
412 3597 782 3668 carpam-lium
828 3610 1035 3652 terrore
1064 3611 1364 3665 pmnarum,
1398 3595 1522 3666 plus
1556 3605 1731 3650 tamen
1768 3607 1879 3650 tre-

276 3691 556 3760 pidantem
597 3689 771 3744 futura
798 3690 1022 3757 judicia.
1059 3688 1188 3743 Etsi
1220 3687 1418 3743 dixerit
1451 3687 1581 3742 ruihi
1615 3707 1630 3742 :
1660 3686 1883 3742 Modica:

275 3783 424 3853 fidei,
449 3798 612 3851 quare
638 3782 885 3836 dubitasti
914 3781 1128 3851 (Matth.
1161 3796 1268 3843 xtv.
1300 3780 1417 3851 5t)?
1440 3781 1677 3851 poi-riget
1705 3790 1881 3835 tamen

276 3875 588 3940 dexteram,
631 3886 685 3931 et
715 3876 1045 3946 insurgenlis
1076 3876 1235 3943 hujus
1274 3874 1456 3930 sa'culi
1497 3874 1690 3930 ﬂuctus
1742 3874 1886 3930 mole

278 3970 559 4024 turbamur
586 3968 688 4023 ﬁda
730 3969 927 4024 ruentis
954 3968 1186 4024 statione
1216 3967 1474 4022 firmabit.

350 4064 443 4118 il).
476 4060 659 4133 (Vers.
693 4060 844 4131 162.)
874 4060 1130 4131 Sequitur
1179 4076 1369 4116 versus
1408 4059 1721 4116 st-cnndus:
1770 4058 1886 4115 Ea:-

279 4159 417 4215 srtlto
447 4174 545 4227 ego
568 4157 619 4209 in
645 4156 809 4209 verbis
836 4157 959 4223 tuis,
1004 4154 1134 4210 sicut
1178 4156 1264 4226 qui
1293 4156 1481 4211 invenit
1505 4155 1671 4225 spolia
1702 4155 1884 4207 multa.

279 4249 430 4306 Bona
462 4249 630 4321 igitur
655 4248 943 4320 trepidatio
970 4265 999 4302 a
1033 4248 1213 4303 verbis
1247 4248 1363 4314 Dei,
1395 4248 1440 4302 si
1470 4247 1885 4302 exsultationem

280 4356 511 4416 generat
534 4360 550 4409 ;
574 4344 665 4414 qui
704 4344 849 4399 enim
889 4341 1123 4413 trepidat
1156 4357 1186 4394 a
1214 4339 1399 4397 verbis
1426 4341 1543 4406 Dei,
1569 4350 1757 4412 postea
1785 4357 1888 4397 ex-

280 4438 455 4492 sultat
497 4438 549 4491 itt
601 4436 780 4491 verbis
832 4434 948 4490 Dei.
980 4434 1122 4505 Ergo
1167 4434 1258 4505 qui
1300 4433 1463 4489 habet
1506 4432 1559 4488 iu
1600 4432 1726 4488 aula
1767 4448 1888 4499 sua,

281 4531 451 4586 corde
504 4529 756 4584 videlicet
786 4544 906 4591 suo,
936 4528 1099 4583 verba
1159 4527 1277 4592 Dei,
1326 4526 1566 4582 excludit
1612 4542 1892 4583 sermones

1980 3309 2082 3364 est,
2118 3315 2341 3369 regnum
2367 3301 2629 3354 caelorum
2655 3300 2904 3363 abstulit,
2932 3308 2987 3354 el
3013 3299 3161 3354 dedit
3187 3299 3335 3368 genti
3368 3296 3588 3351 facienti

1978 3392 2212 3449 fructum
2251 3393 2387 3463 ejus.
2434 3393 2674 3448 Abstulit
2724 3393 2981 3447 virtutent
3039 3391 3215 3463 panis,
3245 3401 3299 3446 et
3329 3392 3584 3446 virtutem

1980 3502 2159 3557 aqua).
2190 3486 2535 3558 prophetam,
2569 3495 2624 3541 (ιι
2676 3486 3051 3542 admirabilem
3105 3485 3502 3552 consiliarium,
3532 3492 3590 3540 et

1982 3581 2298 3651 prudentem
2354 3581 2712 3635 architectum
2746 3621 2761 3645 ,
2813 3589 2868 3634 et
2927 3578 3227 3647 sapientem
3277 3578 3580 3633 auditorem

1988 3674 2162 3743 (Esai.
2197 3692 2213 3730 r
2254 3684 2303 3730 et
2353 3676 2510 3747 seq.).
2567 3674 2679 3730 Illis
2731 3675 2977 3741 abstulit,
3010 3674 3166 3730 nobis
3201 3672 3371 3729 dedit.
3398 3672 3586 3729 Merito

1984 3773 2257 3824 exsulto...
2287 3769 2421 3823 sicut
2477 3770 2561 3839 qui
2592 3769 2781 3824 invenit
2831 3770 3001 3837 spolia
3027 3770 3207 3824 multa.
3241 3769 3372 3824 Sine
3400 3768 3587 3825 labore

1986 3879 2111 3921 meo
2160 3864 2341 3919 inveni
2371 3864 2543 3936 spolia
2569 3880 2688 3931 qua:
2714 3881 2820 3919 non
2852 3863 3140 3918 habebam.
3182 3860 3413 3917 Invenid
3444 3861 3593 3931 Ilep-

1989 3957 2322 4022 tateuchum,
2356 3956 2540 4012 inveni
2574 3957 2880 4027 Regnorum
2932 3955 3120 4020 libros,
3152 3955 3333 4010 inveni
3360 3955 3597 4024 prophe-

1990 4061 2163 4106 tarum
2177 4050 2401 4117 scripta,
2417 4050 2592 4104 inveni
2610 4049 2861 4108 Esdraru.
2876 4049 3057 4105 inveni
3084 4047 3300 4120 1242
3322 4047 3591 4115 Psalrnos,

1989 4143 2171 4199 inveni
2219 4143 2536 4208 Proverbia,
2592 4142 2772 4197 inveni
2816 4141 3206 4207 EcclesiaSten,
3241 4140 3421 4195 tnveni
3450 4138 3596 4195 Can-

1993 4239 2097 4295 tica
2154 4239 2534 4304 canticorum,
2593 4237 2776 4292 inveni
2800 4236 3180 4292 admirabilem
3225 4233 3598 4290 consiliarium

1990 4330 2290 4397 Christum,
2337 4331 2515 4386 iuveni
2548 4329 2772 4385 Paulum
2822 4329 3143 4398 prudentem
3186 4326 3589 4382 architectum:

1994 4426 2174 4482 inveni
2220 4425 2521 4495 sapientem
2562 4424 2868 4481 auditorem
2913 4424 3167 4494 populum
3204 4420 3594 4486 Christianum,

1994 4520 2086 4591 qui
2118 4519 2268 4575 novit
2296 4535 2360 4575 ea
2389 4534 2511 4589 quae
2541 4519 2817 4589 leguntur,
2845 4516 3075 4581 audire;
3135 4516 3230 4571 ille
3265 4513 3410 4571 enim
3455 4512 3607 4569 audit

284 4624 597 4696 principum
627 4638 655 4677 a
680 4621 849 4678 corde
873 4636 1010 4686 suo;
1055 4620 1293 4676 excludit
1327 4619 1487 4673 timor
1531 4620 1801 4674 timorem.
1834 4618 1890 4674 Si
1919 4601 1971 4662 Ι)
1997 4615 2086 4685 qui
2115 4631 2178 4670 ea
2209 4631 2331 4685 quae
2356 4614 2529 4679 audit,
2562 4612 2839 4681 intelligit.
2889 4611 2998 4667 Lex
3046 4609 3307 4682 spiritalis
3352 4618 3459 4665 est.
3482 4607 3603 4664 Non

284 4718 432 4772 enim
463 4718 747 4787 ingressus
794 4715 915 4784 quis
941 4712 1185 4778 balneas,
1213 4710 1349 4766 Solis
1374 4710 1597 4781 deponit
1627 4718 1812 4775 a-stus,
1837 4722 1893 4766 et

285 4813 441 4869 Calor
476 4809 719 4866 excludit
744 4808 985 4863 Calorem
1020 4823 1036 4873 ;
1068 4815 1272 4876 quanto
1304 4804 1475 4875 magis
1498 4803 1668 4859 divini
1712 4802 1897 4874 judicii

290 4911 473 4961 terror
506 4905 649 4958 hunc
675 4912 944 4957 terrorem
978 4898 1222 4956 excludit
1263 4898 1598 4964 humanum;
1628 4897 1896 4954 fervorem

286 5001 485 5072 gratia:
513 4996 815 5060 smcularis,
844 4995 1033 5067 gratia:
1058 4994 1239 5049 fervor
1268 5002 1485 5048 interrae
1517 4993 1531 5045 Σ

373 5136 402 5162 ει
442 5124 535 5181 Sic
562 5137 697 5178 mss.
730 5120 1060 5189 complures,
1091 5118 1180 5173 alii
1211 5128 1389 5172 autem
1409 5158 1424 5175 .
1454 5124 1509 5189 et
1542 5130 1734 5170 omnes
1758 5114 1889 5170 edit.

289 5197 526 5270 quadam
555 5188 1052 5270 conspectnsspecie
1079 5199 1400 5270 contuentur.
1449 5188 1748 5270 Utrurnqpe
1786 5204 1894 5270 non

290 5261 460 5325 male.
492 5267 647 5333 Quod
678 5279 806 5318 vero
832 5261 1035 5317 caulem
1075 5263 1205 5317 t-dtt.
1238 5270 1637 5333 consequenter
1682 5261 1894 5333 legunt:

291 5342 495 5396 Nonne
520 5332 592 5392 ad
622 5338 755 5389 hanc
798 5336 1192 5401 trepidatimtem
1239 5332 1445 5397 ﬁducia:
1472 5332 1565 5385 rt'ri
1589 5332 1894 5393 constantis,

290 5414 512 5481 (aqualis
543 5416 599 5463 in
627 5403 1427 5481 eumdetncoacurriteffectum,
1459 5417 1567 5459 etc.
1604 5404 1737 5481 liinc
1767 5419 1898 5456 sane

292 5476 395 5537 aut
430 5483 625 5544 uultus,
659 5495 746 5534 aut
775 5480 999 5533 tnnltunr
1027 5477 1287 5531 confusus
1312 5491 1505 5530 senSos
1522 5476 1636 5530 erui
1668 5485 1896 5545 poterat;

292 5570 633 5627 quapropza-r
664 5554 840 5607 locum
870 5567 939 5605 ex
975 5566 1107 5605 mss.
1138 5548 1493 5627 restituimns.

372 5619 675 5681 bNonnulli
694 5642 822 5678 mss.
841 5639 961 5677 cum
977 5632 1123 5677 textu
1143 5620 1305 5675 llehr.
1322 5630 1375 5674 et
1394 5619 1672 5691 plerisque
1699 5619 1907 5672 versio—

294 5701 488 5763 nihns,
518 5701 618 5752 cito
646 5695 901 5768 praedura.
929 5693 1035 5751 Srd
1080 5694 1171 5768 alii
1203 5708 1396 5768 magno
1420 5698 1755 5768 nutne_r9_._et
1776 5705 1913 5768 cuu-_-

294 5781 411 5827 cta:
441 5759 575 5824 etill.
600 5759 771 5822 divide
801 5768 903 5822 cita
926 5782 945 5821 :
981 5759 1309 5830 qtulmscuut
1334 5764 1543 5821 faciunt
1569 5761 1738 5830 LXX,
1766 5759 1909 5832 apud

298 5858 448 5918 quos
465 5843 634 5915 legas,
658 5842 810 5909 ὀξέως
838 5836 1213 5915 πρρνόμιιυσον.

2000 4710 2147 4765 illam
2195 4708 2345 4764 audit
2369 4707 2610 4772 Juda-us,
2643 4709 2733 4778 qui
2780 4706 2928 4763 audit
2959 4706 3322 4777 corporaliter
3347 4704 3482 4771 ;sed
3511 4703 3605 4760 ille

2001 4805 2191 4871 audit,
2240 4805 2330 4873 qtti
2363 4802 2513 4859 audit
2545 4803 2599 4858 in
2646 4804 2860 4874 spiritu.
2910 4802 3123 4858 Habent
3166 4802 3244 4856 illi
3275 4800 3463 4865 libros,
3506 4798 3605 4855 sed

1998 4912 2217 4954 sensum
2248 4896 2509 4953 librorum
2537 4911 2644 4952 non
2669 4895 2887 4951 habent.
2922 4894 3134 4951 Habent
3159 4895 3471 4964 prophetas,
3505 4891 3603 4948 sed

2004 5006 2111 5047 non
2170 4990 2370 5047 habent
2415 5005 2575 5061 quem
2644 4989 2721 5044 illi
2777 4987 3261 5060 prophetaveruut.
3320 4986 3606 5054 Quomodo

2081 5125 2101 5155 ο
2132 5115 2336 5171 Omnes
2361 5113 2517 5177 edit.,
2550 5122 2598 5167 et
2627 5113 2765 5170 Saba
2795 5114 2933 5168 dona
2962 5113 3180 5167 adduxit
3221 5128 3240 5169 :
3271 5113 3369 5168 viri
3398 5112 3609 5179 excelsi,

2005 5199 2114 5244 etc.
2163 5190 2268 5244 Sed
2320 5186 2617 5242 verisimile
2661 5197 2744 5240 est
2771 5188 2932 5241 verba
2978 5200 3098 5252 qua-
3131 5186 3182 5239 in
3229 5200 3360 5238 mss.
3388 5185 3614 5250 desunt,

2005 5261 2184 5315 addita
2237 5259 2424 5324 fuisse,
2457 5269 2510 5310 ut
2532 5259 2728 5312 al'usio
2756 5257 2914 5311 ﬁeret
2938 5258 3002 5311 ad
3036 5257 3147 5322 psal
3196 5272 3343 5323 uxr,
3372 5257 3461 5322 10,
3484 5273 3608 5312 cum

2008 5332 2151 5387 forte
2177 5336 2242 5383 ad
2272 5331 2414 5384 Esai.
2443 5345 2570 5393 XLV,
2602 5327 2689 5390 14.
2718 5338 2924 5383 tantum
2955 5328 3248 5383 alludatur.

2080 5401 2105 5439 ιι
2134 5405 2236 5457 Ιόι·
2270 5400 2687 5468 Heptateuchum
2720 5401 2961 5470 into-llige
2994 5404 3202 5470 priores
3232 5417 3306 5457 vrr
3338 5410 3447 5456 vel.
3479 5400 3614 5456 Tes-

2011 5485 2140 5532 lam.
2169 5476 2336 5529 libros
2362 5490 2375 5536 ;
2404 5475 2473 5527 ita
2500 5485 2678 5526 tamen
2710 5483 2765 5526 ιιι
2791 5470 3006 5527 Iudices
3024 5488 3085 5527 ac
3109 5471 3247 5527 Ruth
3282 5478 3441 5527 unico
3472 5472 3609 5528 Itht'o

2010 5546 2391 5614 comprehend
2421 5555 2568 5599 rttnr.
2618 5544 2834 5600 Etenim
2894 5546 3035 5600 hunc
3067 5543 3147 5599 illi
3189 5558 3457 5616 tamquam
3491 5559 3612 5612 par-

2014 5629 2124 5676 tem
2154 5628 2239 5672 aut
2268 5617 2624 5687 appendicem
2654 5618 2723 5672 ah
2752 5617 2995 5672 lli-bracis
3020 5617 3236 5688 adjungi
3266 5618 3617 5688 solilunrdo-

2016 5700 2106 5747 cet
2131 5686 2355 5761 Joseph.
2380 5689 2474 5746 Lb.
2509 5706 2545 5745 ιι
2575 5700 2755 5744 contra
2779 5686 3363 5761 Appionemﬂrtgenes
3378 5686 3616 5759 Philea,

2018 5778 2140 5835 cap.
2170 5764 2227 5829 ὅ,
2257 5771 2311 5820 et
2326 5762 2416 5819 alii
2439 5772 2561 5834 post
2582 5762 2750 5833 ipsos.
