4156 6346
519 242 654 316 i501

1858 241 2106 312 SANC'I'I
2148 255 2468 314 AMBROSII

3681 248 3826 316 lEOS

514 377 664 432 enim
721 373 962 442 habent,
1007 387 1170 444 quem
1229 386 1334 428 non
1389 371 1757 440 receperunt?
1812 368 1940 425 ldeo
1988 383 2111 425 cum
2139 372 2195 433 Α
2219 369 2397 426 brzeus
2429 369 2569 425 liber
2592 369 2662 426 ab
2700 371 2847 426 omni
2902 369 3161 426 servitute
3209 369 3464 426 vitiorum
3494 378 3599 436 est,
3636 371 3689 426 in
3719 388 3826 443 qua

517 467 700 541 Moyse
726 477 782 524 et
811 469 925 524 Elia
975 467 1107 522 mihi
1144 465 1437 538 apparuit;
1471 463 1592 533 quia
1635 463 1702 518 ab
1728 462 1838 518 illis
1866 462 2132 526 recessit.,

519 560 680 616 Multa
708 561 870 616 habet
894 560 1091 632 spolia,
1115 559 1206 630 qui
1229 557 1392 613 habet
1425 555 1515 611 Dei
1544 553 1800 612 Verbum.
1824 555 1997 613 Habet
2033 569 2120 610 re-

518 654 938 722 surrectionem,
996 653 1159 710 habet
1202 650 1488 722 justitiam,
1537 649 1794 706 virtutem
1843 659 2006 721 atque
2035 663 2124 704 sa-

523 753 803 824 pientiam,
833 750 1192 808 habetomuia
1223 749 1388 818 ;quia
1418 750 1471 802 in
1497 748 1614 818 ipso
1633 753 1887 803 constant
1914 744 2120 800 omnia.

526 845 737 902 llcbraci
759 843 1133 914 spoliaverunt
1155 841 1466 912 Egyptios,
1492 851 1546 896 et
1575 855 1701 894 vasa
1730 854 1919 896 eorum
1941 839 2126 894 abstu-

523 939 705 996 lerunt
735 937 934 1010 (Exod.
959 953 1057 1005 xu,
1093 936 1221 1007 56):
1254 935 1567 992 Judtcorum
1616 933 1789 1004 spolia
1841 932 2004 988 habet
2034 946 2128 1001 po-

526 1032 686 1104 pulus
714 1031 1075 1096 Christianus,
1094 1039 1149 1086 et
1162 1038 1333 1085 totum
1357 1028 1624 1084 habemus
1643 1026 1788 1098 quod
1819 1025 1896 1081 illi
1926 1024 2130 1080 habere

525 1141 585 1184 se
617 1126 951 1184 nesciebant.
980 1125 1061 1181 illi
1085 1140 1277 1180 aurum
1304 1132 1359 1180 et
1389 1132 1672 1193 argentum
1695 1122 1980 1178 materiale
2007 1120 2132 1176 abs-

527 1221 790 1287 tulerunt,
838 1234 942 1277 nos
981 1235 1176 1276 aurum
1209 1218 1411 1274 mentis
1451 1217 1780 1288 accepimus,
1815 1230 1917 1271 nos
1944 1213 2136 1284 acqui-

528 1315 754 1370 sivimus
775 1313 1019 1370 cmicstis
1048 1312 1322 1369 sermonis
1342 1321 1649 1382 argentum.

603 1407 1048 1480 15.(Vers.i63.)
1077 1406 1334 1478 Sequitur
1350 1419 1538 1461 versus
1552 1404 1743 1460 tertius
1767 1419 1779 1456 :
1808 1400 2136 1472 lnjustitiam

531 1502 652 1558 odio
690 1500 870 1568 habui,
893 1509 939 1555 et
969 1500 1293 1556 abominatus
1309 1514 1426 1553 sum
1453 1515 1472 1553 :
1502 1497 1664 1570 legem
1685 1505 1860 1550 autem
1887 1506 2028 1550 tuam
2055 1493 2138 1547 di-

532 1597 658 1651 lexi.
683 1595 876 1653 Merito
899 1595 1015 1650 odit
1046 1593 1390 1664 iniustitiam,
1415 1592 1503 1662 qui
1527 1590 1692 1646 habet
1712 1603 1862 1644 arma
1888 1586 2134 1658 iustitiae.

532 1689 795 1746 Hebr-aius
820 1704 945 1746 cum
973 1687 1197 1743 haberet
1227 1686 1342 1740 haec
1386 1700 1562 1751 arma,
1587 1684 1692 1740 hoc
1722 1690 1829 1750 est,
1860 1681 2059 1752 Legem
2085 1687 2141 1735 et

2221 481 2472 537 maguum
2497 465 2782 522 sabbatum
2813 474 2866 521 et
2889 464 3152 522 inoﬂ'ensa
3187 466 3402 537 requies
3418 465 3827 532 defunctorum,

2222 561 2274 616 in
2315 576 2420 632 qua
2452 561 2653 616 mortui
2699 561 2883 634 populi
2917 573 3103 617 semen
3143 561 3504 616 resuscitator
3543 575 3649 616 non
3677 574 3832 616 com-

2222 654 2506 721 mixtione,
2538 654 2634 710 sed
2653 654 3028 725 redemptione
3051 654 3310 709 fraterna.
3344 653 3659 711 Secundum
3687 652 3833 710 hanc

2223 762 2355 818 ergo
2381 747 2552 819 legem
2580 748 2709 803 odio
2731 748 2894 805 habet
2924 757 3143 804 sanctus
3162 748 3505 820 iniustitiam,
3524 764 3630 804 non
3660 748 3837 818 inius-

2226 843 2456 914 tumqui
2481 853 2660 914 potest
2686 858 2834 914 saepe
2861 843 3107 900 converti
3136 859 3269 900 :nec
3308 851 3647 899 mortuorum
3703 843 3837 900 reli-

2229 937 2401 1006 quias,
2418 937 2512 992 sed
2539 947 2807 992 mortuam
2837 937 3170 1008 iniquitatem
3193 935 3833 1006 exsecratur,etrefugit.

2305 1028 2387 1084 l5.
2423 1028 2606 1101 (Vers.
2639 1029 2794 1099 itit.)
2824 1029 3080 1099 Sequitur
3105 1043 3298 1085 versus
3331 1037 3596 1100 quartus:
3631 1027 3838 1100 Septies

2232 1121 2284 1175 in
2313 1121 2396 1176 die
2423 1121 2630 1176 laudem
2655 1121 2768 1178 dixi
2789 1123 2902 1188 tibi,
2927 1138 3086 1192 super
3115 1122 3323 1195 judicia
3359 1122 3583 1193 justitia:
3611 1131 3735 1176 tum.
3771 1121 3843 1175 Et

2234 1229 2462 1270 numero
2487 1215 2706 1286 quidem
2735 1215 2974 1270 studium
3006 1223 3211 1269 sancta:
3239 1211 3547 1269 devotionis
3577 1211 3842 1283 exprimi-

2236 1316 2324 1362 tur
2349 1325 2363 1360 :
2393 1306 2488 1363 sed
2511 1317 2643 1378 puto
2687 1308 2858 1377 magis
2898 1304 3043 1377 quod
3082 1321 3272 1377 purus,
3307 1315 3361 1362 et
3386 1307 3625 1377 quietus,
3656 1320 3718 1360 ac
3745 1320 3845 1359 va-

2237 1416 2371 1457 cuus
2391 1401 2460 1454 ab
2490 1401 2638 1455 omni
2677 1415 2845 1456 onere
2873 1399 3196 1455 delictorum
3229 1397 3546 1454 declaretur
3573 1396 3796 1452 aﬂ'ectus
3826 1412 3842 1461 ;

2241 1501 2299 1546 nt
2328 1490 2448 1547 sine
2477 1492 2592 1546 ullo
2621 1491 2898 1547 iracunda:
2948 1491 3386 1562 imprecationis,
3419 1499 3512 1546 aut
3557 1489 3843 1561 ﬂagitiosa:

2241 1586 2552 1657 cupiditatis
2580 1586 2830 1642 incendio
2869 1584 3150 1642 deferatur
3176 1584 3393 1649 oratio;
3419 1584 3554 1640 nihil
3576 1583 3718 1655 quod
3750 1583 3845 1638 alii

2258 1691 2455 1738 noceat
2482 1683 2857 1753 postulemus;
2891 1682 3024 1736 nihil
3052 1681 3192 1752 quod
3227 1696 3326 1736 nos
3375 1678 3726 1736 smeularibus
3753 1694 3852 1748 pe-

535 1784 848 1855 propbetas.
881 1797 1086 1838 murem
1117 1779 1820 1836 abominabaturmortuum
1842 1792 1858 1842 ;
1881 1777 2006 1847 quia
2024 1775 2138 1830 Lex
2171 1769 2216 1830 Β
2244 1776 2526 1832 titionibus
2549 1777 2849 1833 decoloret.
2879 1775 3186 1832 Laudemus
3218 1778 3270 1830 in
3302 1776 3521 1847 hymnis
3576 1784 3630 1830 et
3677 1773 3854 1829 canti~

534 1875 666 1934 dicit
695 1894 709 1929 :
743 1875 923 1930 Omnis
963 1875 1051 1946 qui
1081 1875 1302 1945 tetigerit
1326 1883 1700 1928 mortuum..."
1725 1869 2024 1926 immundus
2044 1869 2137 1922 erit

535 1967 728 2040 (Nam.
774 1983 883 2034 xix,
919 1966 1008 2039 il)
1037 1982 1052 2032 ;
1082 1975 1140 2022 et
1187 1965 1540 2026 humanitatis
1597 1979 1852 2035 suprema
1908 1961 2142 2030 negaliat

535 2062 720 2119 officia
747 2061 1051 2126 defunctis;
1100 2060 1199 2122 sed
1230 2060 1335 2130 legi
1375 2074 1482 2115 non
1511 2065 1598 2114 est
1622 2065 1894 2123 mortuus,
1919 2055 2022 2110 nisi
2048 2053 2140 2124 qui

537 2156 774 2226 iniustus
802 2163 905 2212 est.
938 2155 1062 2210 llaec
1088 2163 1175 2212 est
1221 2153 1562 2210 immunditia
1588 2153 1740 2223 iusti,
1773 2167 1893 2222 qure
1943 2149 2144 2220 iniqui-2

541 2259 646 2305 tas.
667 2249 806 2319 Quid
835 2251 980 2307 enim
1007 2250 1362 2317 immundius,
1387 2264 1548 2320 quam
1573 2257 1832 2312 mentem,
1870 2261 1972 2316 qua
2005 2243 2142 2302 nihil

542 2343 747 2398 homini
779 2344 1068 2414 pretiosius
1097 2352 1186 2399 est
1212 2342 1420 2408 datum,
1466 2341 1714 2411 turpibus
1743 2337 2144 2394 commaculare

540 2437 887 2506 criminibus,
913 2447 972 2496 et
1015 2438 1298 2494 atrocibus
1345 2436 1576 2493 eﬂerare
1605 2433 1973 2490 commentis?
2003 2431 2144 2500 Quid

543 2532 654 2590 illis
681 2532 908 2603 prodest
956 2531 1102 2602 quod
1133 2540 1408 2588 mortuum
1462 2528 1740 2585 hominem
1771 2527 1953 2583 visere
1973 2525 2145 2580 refor-

545 2625 796 2680 midant?
825 2636 849 2662 ιι
879 2624 1100 2681 Utinam
1153 2625 1264 2680 vita
1285 2639 1478 2680 eorum
1521 2638 1628 2678 non
1655 2623 1923 2692 pollueret
1949 2635 2146 2691 appro-

543 2720 921 2791 pinquantem,
953 2736 1184 2791 quorum
1240 2733 1388 2776 mors
1438 2718 1818 2774 contaminare
1869 2714 2146 2772 neminem

541 2814 751 2884 potest!
785 2813 928 2869 Mors
953 2812 1160 2870 nemini
1187 2820 1371 2880 nocet,
1405 2811 1612 2867 utinam
1635 2811 1745 2865 vita
1776 2824 1885 2864 non
1915 2808 2141 2863 noceat!

541 2905 866 2978 Coatagium
909 2906 1056 2962 enim
1102 2905 1424 2962 eolluvionis
1468 2902 1806 2959 consortium
1847 2899 2147 2971 iniquitatis

542 3011 646 3056 est.
688 2999 972 3068 Quomodo
1030 3015 1160 3070 ergo
1188 3000 1564 3055 contaminare
1591 3005 1792 3066 potest,
1816 2994 1907 3064 qui
1932 2993 2147 3063 iniquus

540 3108 663 3151 csse
709 3094 819 3164 iatn
863 3107 972 3149 non
1017 3102 1231 3164 potest;
1275 3107 1398 3148 cum
1425 3092 1638 3147 etiamsi
1668 3090 1790 3156 fuit,
1816 3098 1996 3143 tamen
2024 3101 2146 3142 esse

2242 1871 2343 1937 cis,
2374 1885 2500 1926 vero
2527 1885 2745 1942 semper
2765 1879 2822 1927 et
2844 1870 2987 1942 iusta
3023 1884 3086 1925 ea
3113 1885 3234 1941 quae
3259 1868 3329 1925 de
3355 1869 3563 1925 divinis
3601 1869 3853 1925 canimus

2239 1965 2512 2032 laudibus,
2558 1965 2902 2022 conﬁtentes.
2929 1964 3046 2021 Non
3077 1966 3148 2020 sit
3201 1978 3404 2034 anceps
3450 1972 3506 2019 et
3532 1962 3695 2018 dubia
3732 1977 3856 2018 sen-

2245 2063 2413 2118 tentia
2443 2078 2461 2114 :
2487 2075 2596 2116 non
2623 2059 2863 2116 disco-lor
2907 2059 3110 2116 mentis
3134 2059 3390 2126 intentio,
3419 2073 3528 2113 non
3551 2055 3857 2112 materiali-

2243 2157 2344 2213 bus
2369 2155 2602 2226 negotiis
2657 2161 2924 2225 occupata
2974 2169 3002 2208 a
3025 2153 3290 2225 propositi
3330 2150 3596 2223 spiritalis
3624 2162 3859 2206 exsecu-

2246 2247 2396 2302 tione
2414 2246 2688 2302 deﬂeetat.
2718 2245 3054 2302 iustiﬁcetur
3075 2259 3294 2316 semper
3335 2244 3545 2316 iustitia
3568 2242 3666 2299 Dei
3697 2250 3854 2297 tran-

2246 2345 2419 2415 quillo
2441 2345 2644 2412 animo,
2675 2359 2784 2399 non
2807 2344 2923 2399 etio
2953 2343 3166 2400 feriato.

2318 2439 2407 2494 ili.
2435 2438 2770 2510 (Vers.l65.)
2784 2439 3044 2510 Sequitur
3069 2454 3262 2496 versus
3285 2440 3504 2511 quintus
3525 2458 3538 2496 :
3563 2437 3681 2495 Pax
3695 2440 3861 2495 nauita

2246 2532 2578 2604 diligentibus
2632 2547 2816 2588 nomen
2848 2541 2992 2587 tuum
3019 2549 3038 2588 :
3074 2543 3122 2588 et
3146 2549 3250 2588 non
3268 2542 3344 2589 est
3379 2533 3486 2589 iliis
3525 2535 3855 2589 scandalum.

2248 2627 2420 2698 Supra
2448 2627 2630 2699 (Vers.
2665 2627 2792 2696 162)
2823 2626 3056 2684 diximus
3086 2628 3209 2699 quia
3258 2627 3496 2683 charitas
3523 2628 3763 2684 excludit
3789 2629 3862 2684 ti-

2248 2735 2454 2776 morem
2480 2736 2495 2786 ;
2520 2736 2664 2776 nunc
2705 2721 2936 2776 dicimus
2977 2721 3103 2792 quia
3131 2721 3371 2778 excludit
3399 2737 3614 2780 omnem
3646 2731 3862 2795 pertur-

2250 2812 2542 2867 bationem.
2565 2813 2774 2869 Etenim
2803 2813 2892 2884 qui
2912 2815 3076 2869 Deum
3105 2814 3302 2884 diligit,
3322 2815 3586 2885 profunda
3609 2826 3690 2871 est
3719 2816 3772 2871 in
3792 2831 3859 2872 eo

2248 2907 2586 2964 confirmata
2635 2909 2833 2963 mentis
2862 2907 3240 2978 tranquillitas.
3269 2909 3437 2978 Aqua,
3469 2909 3661 2981 inquit,
3694 2909 3861 2964 multa

2248 3001 2517 3056 excludere
2547 3017 2650 3056 non
2677 3001 2864 3071 poterit
2888 3001 3210 3068 charitatem,
3243 3010 3294 3055 et
3315 3001 3532 3072 ﬂumina
3561 3018 3665 3056 non
3703 3003 3860 3056 inun-

2255 3093 2452 3147 dabunt
2481 3110 2597 3147 eam
2641 3093 2826 3165 (Cant.
2860 3110 2972 3159 vni,
3007 3093 3094 3165 7).
3142 3093 3304 3149 Multa
3335 3109 3473 3165 aqua
3503 3093 3849 3150 diversarum

539 3188 779 3244 desivit?
802 3187 948 3259 Fuge
971 3203 1103 3259 ergo
1131 3187 1492 3257 iniquitatem,
1521 3201 1588 3241 ne
1615 3194 1669 3240 te
1694 3181 2142 3253 comprehendat.
2177 3165 2223 3230 Ο
2256 3197 2340 3242 est
2374 3192 2706 3256 passionum,
2755 3197 2810 3243 ει
2837 3188 3058 3243 ﬂumina
3107 3189 3449 3244 εωεπῗῃτῖιηη
3496 3189 3854 3261 cupiditatum

541 3281 690 3352 Fuge
714 3280 1057 3352 iniustitiam,
1083 3295 1205 3350 qua:
1237 3279 1483 3335 viventes
1513 3277 1691 3334 adhuc
1721 3285 1965 3333 mortuos
1992 3273 2143 3329 facit.

614 3379 704 3433 14.
735 3375 846 3434 Sed
877 3390 1038 3431 nemo
1067 3374 1204 3445 fugit
1254 3374 1621 3444 iniquitatem,
1669 3371 1776 3425 nisi
1831 3369 1920 3440 qui
1971 3368 2150 3438 diligit

539 3472 850 3543 aequitatem
882 3481 972 3538 ;et
1001 3468 1126 3525 ideo
1155 3469 1230 3523 ait
1264 3487 1277 3521 :
1312 3467 1496 3538 Legem
1519 3477 1663 3521 tuam
1687 3476 1858 3520 mitem
1878 3463 2055 3519 dilexi.
2088 3463 2146 3518 In

542 3566 661 3636 lege
689 3564 918 3635 aequitas
938 3571 1044 3630 est,
1063 3562 1110 3619 si
1140 3560 1442 3632 spiritalem
1464 3559 1702 3630 accipias
1723 3559 1920 3629 legem,
1941 3557 1985 3611 si
2014 3570 2149 3610 con-

537 3673 729 3729 surges
759 3672 882 3711 cum
935 3655 1181 3723 Christo,
1215 3663 1271 3709 et
1299 3655 1372 3709 ibi
1421 3654 1594 3708 altare
1647 3659 2054 3708 sacrosanctum
2082 3649 2148 3704 il»

542 3754 634 3809 iud
657 3754 886 3810 caeleste
937 3749 1276 3818 consideres,
1312 3763 1421 3804 non
1472 3749 1644 3802 altare
1681 3754 1974 3810 terrenum,
2003 3742 2148 3814 quod

540 3849 725 3906 hostili
780 3846 1202 3918 depopulatione
1231 3843 1571 3899 destructum
1621 3850 1726 3896 est.
1757 3839 1816 3896 Si
1848 3839 1991 3894 illam
2022 3837 2147 3892 Hie-

539 3943 778 4000 rusalem
821 3949 1062 4012 spectes,
1089 3954 1210 4009 qua:
1237 3937 1290 3992 in
1316 3936 1457 3993 ctelo
1485 3944 1589 4002 est,
1621 3949 1727 3988 non
1755 3933 1914 3987 istam
1941 3947 2061 4003 qua:
2116 3944 2147 3984 a

538 4035 742 4109 populo
759 4034 1073 4092 Iudaeorum
1103 4029 1554 4102 frequentabatur
1582 4027 1638 4082 in
1662 4025 1844 4092 terris,
1871 4041 1991 4095 qua:
2017 4039 2147 4093 pro-

536 4143 658 4204 pter
699 4130 1005 4187 incolarum
1039 4126 1318 4198 perfidiam
1343 4140 1372 4179 a
1403 4124 1650 4180 Romano
1681 4123 1922 4178 exercitu
1953 4123 2146 4174 trium-

536 4228 724 4298 phata,
751 4224 953 4295 iniecto
997 4222 1247 4290 ﬂagravit
1278 4219 1550 4276 incendio.
1601 4218 1662 4274 Si
1699 4217 1962 4272 intuearis
1990 4215 2048 4269 in
2081 4215 2147 4270 il-

537 4321 647 4375 lum
700 4316 1004 4389 principem
1054 4314 1425 4376 sacerdotum,
1481 4311 1550 4366 de
1591 4324 1700 4379 quo
1737 4310 1997 4378 scriptum
2019 4315 2144 4362 est:

539 4413 804 4468 Habentes
820 4412 998 4482 itaque
1013 4424 1260 4480 magnum
1282 4404 1599 4460 sacerdotem
1620 4417 1882 4476 egressum
1898 4401 1961 4454 de
1981 4398 2143 4465 cwfis,

538 4509 719 4567 Iesum
767 4509 965 4564 Filium
1022 4505 1163 4571 Dei,
1216 4516 1478 4560 teneamus
1521 4498 1892 4569 confessionem
1938 4495 2146 4564 ﬁdelem

2251 3281 2632 3351 corporalibus
2660 3281 2897 3337 motibus
2925 3283 3168 3349 incitata,
3201 3283 3230 3322 δ
3259 3297 3382 3354 quae
3411 3292 3594 3340 tamen
3639 3295 3857 3340 murum

2251 3373 2532 3430 charitatis
2561 3375 2884 3431 subvertere
2910 3392 3018 3432 non
3049 3385 3292 3448 possunt.
3326 3377 3556 3450 Ideoque
3581 3378 3857 3437 cbaritate

2253 3467 2515 3523 fundatus
2546 3468 2685 3525 dicit
2716 3487 2730 3524 :
2761 3469 3067 3526 Torrentem
3095 3473 3422 3542 pertransivit
3464 3473 3636 3528 anima
3681 3483 3860 3530 nostra

2253 3562 2404 3617 Psal.
2436 3579 2628 3630 cxxm,
2653 3563 2734 3636 5).
2753 3565 3020 3637 Numquid
3045 3583 3179 3638 aqua
3204 3568 3369 3623 maris
3398 3568 3690 3624 excludere
3709 3571 3862 3640 Moy-

2251 3657 2329 3711 sis
2359 3657 2534 3727 potuit
2561 3659 2922 3714 charitatem?
2950 3660 3021 3714 Et
3062 3670 3121 3716 ut
3150 3663 3447 3718 secundum
3481 3662 3720 3717 litteram
3753 3664 3853 3720 tibi

2252 3753 2585 3823 psalmorum
2611 3755 2782 3810 series
2807 3754 3154 3826 suffragetur,
3179 3772 3376 3828 nempe
3397 3757 3634 3829 diligens
3654 3757 3850 3826 Deum,

2253 3855 2428 3900 totum
2463 3845 2566 3902 sibi
2611 3846 2842 3903 credidit
2883 3848 2988 3904 iter
3014 3864 3136 3905 esse
3167 3866 3266 3921 per
3296 3851 3487 3906 maria.
3521 3851 3625 3920 Qui
3671 3859 3855 3907 autem

2253 3955 2359 3994 non
2391 3939 2704 3996 dilexerunt
2732 3940 2924 4004 Deum,
2958 3940 3013 3996 hi
3058 3942 3296 3999 demersi
3335 3943 3590 4000 ﬂuctibus
3633 3944 3858 4015 dignum

2251 4035 2555 4106 sacrilegiis
2591 4036 2706 4090 suis
2738 4036 2944 4092 exitum
2976 4037 3339 4107 pertulerunt.
3372 4038 3521 4095 Elias
3551 4049 3712 4112 atque
3735 4039 3856 4095 Eli-

2259 4127 2712 4184 szcusJordanem
2737 4129 3154 4186 transmiserunt
3174 4130 3309 4202 pede
3337 4130 3439 4202 (IV
3472 4130 3625 4203 Reg.,
3660 4145 3719 4198 ιι,
3749 4131 3852 4202 8);

2257 4231 2309 4276 et
2336 4221 2454 4276 haec
2487 4219 2587 4276 fuit
2615 4222 2796 4278 nimias
2823 4237 3035 4279 merces
3061 4231 3114 4278 et
3135 4224 3305 4294 gratia
3336 4223 3640 4279 charitatis.
3671 4223 3735 4280 Hi
3759 4223 3860 4294 igi-

2256 4324 2345 4369 tur
2377 4323 2439 4370 ut
2483 4316 2784 4371 transirent
2827 4331 2991 4388 aquas
3020 4315 3168 4372 ﬂuvii
3201 4315 3453 4373 Jordanis
3475 4360 3488 4380 ,
3539 4321 3855 4387 passionum

2251 4407 2448 4462 ﬂuenta
2485 4419 2792 4464 nostrarum
2816 4409 3013 4464 mentis
3045 4411 3194 4479 prius
3223 4409 3452 4478 vestigio
3483 4409 3844 4464 transierunt.

2255 4503 2331 4557 De
2361 4502 2460 4557 hac
2504 4517 2642 4566 aqua
2670 4503 2804 4558 dicit
2846 4503 3104 4558 Dominus
3134 4521 3147 4555 :
3183 4503 3245 4559 Si
3270 4513 3500 4558 transeas
3527 4520 3616 4574 per
3644 4520 3854 4574 aquam,

539 4604 699 4675 (Heb.
731 4619 803 4668 tv,
837 4601 926 4674 ιι)
961 4617 976 4653 :
1007 4599 1100 4672 qui
1126 4595 1370 4670 quotidie
1402 4593 1698 4648 advocatus
1744 4604 1847 4660 pro
1875 4587 2034 4643 nobis
2057 4593 2144 4641 est
2167 4571 2222 4632 Ῑ)
2250 4607 2414 4651 tecum
2436 4613 2583 4667 sum;
2609 4608 2656 4652 et
2682 4600 2902 4668 ﬂumina
2928 4615 3028 4655 non
3053 4599 3377 4655 immdubum
3409 4609 3457 4656 te
3487 4571 3660 4672 (Esai.
3690 4571 3855 4666 xLut,

539 4695 682 4768 apud
732 4695 991 4757 Patrem;
1023 4701 1084 4747 ut
1127 4706 1226 4762 pro
1276 4689 1472 4760 quibus
1521 4686 1575 4740 in
1604 4684 1797 4740 diebus
1827 4681 2008 4738 carnis
2029 4695 2143 4735 suae

541 4787 880 4847 misericordi
908 4794 994 4842 est
1039 4799 1362 4854 compassus
1409 4778 1619 4853 121.3
1667 4776 1887 4844 aﬂ‘ectu,
1931 4790 2032 4847 pro
2059 4774 2145 4830 his

540 4891 798 4956 operetur
843 4878 1224 4936 remissionem
1291 4874 1538 4946 quotidie
1588 4879 1958 4941 peccatorum.
2012 4868 2145 4937 Quae

540 4978 688 5036 enim
728 4989 854 5046 spes
879 4972 986 5028 alia
1019 4968 1205 5042 generi
1253 4964 1654 5028 humano,~nisi
1684 4963 1928 5019 omnium
1952 4962 2146 5017 viven-

541 5074 677 5134 tium
707 5069 902 5128 delicta
958 5061 1278 5124 donentur?
1317 5059 1414 5116 ille
1438 5071 1570 5128 ergo
1600 5056 1853 5126 princeps
1884 5055 2031 5110 solus
2059 5061 2146 5109 est

539 5165 907 5228 sacerdotum,
932 5161 1022 5217 cui
1060 5157 1276 5214 adstant
1299 5153 1377 5224 pii
1404 5149 1739 5216 sacerdotes,
1760 5149 1814 5204 in
1839 5147 2142 5204 ctelestium

2245 4690 2323 4761 2).
2351 4689 2518 4744 Adest
2557 4691 2672 4745 suis
2695 4691 3108 4763 iustissemper
3139 4707 3261 4749 cum
3293 4692 3562 4763 aliquibus
3594 4703 3616 4732 ε
3668 4703 3857 4749 terun-

2246 4792 2336 4838 tur
2373 4783 2620 4840 adversis
2651 4801 2667 4851 ;
2716 4787 2762 4840 si
2795 4795 2980 4842 tamen
3013 4796 3294 4844 transeant
3339 4799 3522 4844 mente
3561 4787 3856 4858 constanti,

2249 4893 2356 4932 non
2380 4876 2674 4945 dubitanti;
2707 4894 2813 4934 non
2839 4879 2964 4937 fidei
2990 4882 3281 4938 turbentur
3311 4881 3538 4939 incerto.
3633 4942 3638 4944 _

2321 4969 2607 5060 i7./Transi
2640 4987 2770 5044 ergo
2789 4983 2843 5028 et
2872 4982 2929 5028 tu
2963 4974 3141 5031 fidelis
3167 4975 3332 5030 animi
3356 4974 3682 5044 direCIione,
3704 4976 3749 5031 si
3772 4975 3860 5032 did

2246 5064 2425 5118 vi-nam
2451 5063 2535 5120 vis
2565 5065 2664 5121 tibi
2683 5065 2877 5123 adesse
2901 5069 3245 5138 praesentiam
3272 5088 3286 5123 :
3314 5070 3367 5125 si
3391 5085 3500 5124 non
3527 5069 3702 5125 solum
3726 5085 3856 5136 pax,

2248 5156 2343 5212 sed
2369 5158 2534 5213 etiam
2582 5157 2749 5213 multa
2783 5173 2885 5230 pax
2911 5161 2981 5215 sit
3014 5161 3067 5216 in
3098 5163 3280 5218 animo
3309 5170 3426 5228 tuo,
3459 5163 3605 5217 nulla
3643 5159 3860 5236 ηιξ.

543 5263 838 5320 sacrarium
889 5253 1020 5312 illud
1070 5252 1398 5309 altissimum
1454 5247 1653 5303 merito
1702 5245 1907 5318 proprii
1939 5244 2150 5301 cruoris
2249 5258 2301 5305 te
2329 5251 2518 5322 praelia
2557 5250 2788 5309 diversae
2841 5253 3157 5324 cupiditatis
3190 5256 3529 5329 impugnent,
3588 5272 3697 5312 non
3747 5257 3859 5312 ira~

540 5357 789 5432 ingressi.
832 5353 927 5411 Illa
951 5365 1083 5422 ergo
1136 5348 1225 5406 lex
1281 5341 1578 5416 diligenda,
1630 5339 1684 5398 iu
1713 5354 1819 5413 qua
1848 5354 2010 5398 verus
2039 5338 2146 5395 He-
2245 5343 2440 5401 cundia
2468 5346 2732 5415 stimulet,
2757 5363 2864 5404 non
2892 5348 3064 5405 libido
3097 5367 3110 5404 :
3142 5357 3197 5406 et
3221 5349 3269 5406 si
3299 5358 3392 5407 est
3439 5365 3638 5423 pugna,
3675 5359 3857 5405 tamen

612 5547 638 5577 ιι
663 5536 738 5591 ita
760 5547 894 5590 mss.
934 5542 1150 5592 emes,
1182 5534 1237 5581 et
1277 5523 1435 5592 Rom.
1458 5591 1461 5592 ν
1481 5518 1616 5574 edit.
1641 5517 1783 5589 (μιαά
1806 5517 1971 5592 etiam
2005 5531 2135 5592 cum
2321 5533 2342 5560 ε
2365 5519 2436 5576 lta
2455 5523 2710 5580 vet.edit.
2729 5534 2784 5580 et
2805 5526 2986 5582 cuncti
2999 5524 3304 5582 mss.liotn.
3322 5527 3542 5587 ed.sola
3568 5545 3580 5579 :
3602 5533 3860 5580 terrentur

541 5587 892 5679 sequentibus
920 5601 1066 5659 belle
1088 5587 1358 5679 congruit.
1388 5591 1537 5648 Edit-
1565 5587 1750 5646 tanien
1773 5598 1908 5653 νει,
1926 5587 2142 5644 Utinm
2246 5594 2493 5679 editurus.
2526 5597 2702 5679 ruinas
2721 5597 2880 5679 bene,
2904 5597 3206 5679 intravero
3229 5599 3360 5653 edit.
3389 5607 3582 5679 vehet
3603 5597 3854 5679 quaedam

542 5667 670 5740 sitia
696 5694 875 5735 eorum
893 5691 998 5732 non
1033 5672 1341 5744 polluerent.
1441 5736 1452 5748 .
1539 5735 1570 5748 ._
1619 5745 1627 5748 Α
1801 5734 1814 5748 ⁸
1918 5741 1929 5748 _
2249 5667 2447 5731 Paris,
2467 5667 2557 5722 sed
2581 5670 2737 5748 etiam
2762 5671 2926 5724 multa
2948 5671 3014 5748 sit
3037 5670 3093 5748 in
3119 5671 3291 5748 anan
3320 5680 3406 5725 tuo
3440 5671 3670 5725 dilectio.
3688 5669 3846 5726 Rom.

614 5734 776 5809 1issit
804 5764 962 5814 mss.,
986 5734 1186 5802 uiarum
1209 5734 1378 5796 tamen
1403 5735 1711 5793 charitatem
1732 5734 2019 5790 subvertere
2041 5749 2142 5790 non
2250 5754 2372 5795 cum
2404 5753 2535 5796 mss.
2567 5740 2841 5808 omnibus,
2879 5741 2968 5797 sed
2994 5743 3151 5798 etiam
3181 5743 3346 5798 multa
3373 5757 3495 5814 pax,
3527 5753 3633 5796 etc.

546 5835 782 5897 possunt.
