4156 6346
260 297 375 368 i303

1325 288 1389 344 IN
1430 286 1758 350 ΡδΑωίυκ
1794 285 2005 350 CXVIII
2045 285 2429 347 EXPOSITIO.

3387 281 3525 344 liiiO

249 421 376 485 loris,
399 432 504 475 non
530 415 676 472 intus
700 413 791 471 sit.
817 409 1077 469 Prmliere
1107 408 1375 468 adversus
1400 416 1810 479 persequentes,
1842 413 1895 474 Α
1921 407 2010 476 (ιυί
2027 409 2362 478 persuaserit
2380 406 2585 465 crimen
2602 406 2962 475 infantulo,et
2979 407 3246 464 incautam
3271 410 3520 479 praccipi-

247 516 353 571 licet
372 523 422 569 et
448 509 576 582 ipsis
628 506 846 562 silentio
893 520 1042 575 saepe
1091 502 1398 562 cedendum
1440 503 1532 568 sit,
1563 501 1686 571 quia
1718 500 1813 556 tibi

245 610 456 663 vincunt.
503 602 724 658 Illorum
774 597 1065 670 potentia,
1111 605 1201 656 tua
1249 595 1478 653 victoria
1526 603 1630 651 est.
1661 593 1816 652 Tunc

244 703 452 772 denique
497 695 920 768 triumphantur,
948 709 1074 752 cum
1107 707 1169 750 se
1214 692 1408 748 vicisse
1461 688 1812 746 crediderint.

241 799 340 853 Non
365 809 491 866 ergo
519 803 570 849 te
613 792 895 862 impugnet
915 788 1163 855 avaritia,
1191 803 1297 842 non
1326 785 1598 856 cupiditas
1625 783 1816 854 exagi—

245 901 326 956 tet.
365 905 465 946 non
494 885 712 943 tristitia
740 885 978 956 deﬁciat,
1007 898 1114 940 non
1160 881 1463 940 inﬂammet
1490 877 1682 944 libido,
1707 891 1815 933 non

241 987 489 1056 resupinet
505 981 784 1052 superbia,
813 995 921 1036 non
949 986 1139 1035 curvet
1169 975 1418 1040 ambitio,
1445 989 1551 1030 non
1580 971 1816 1028 formido

237 1085 542 1135 consternat.
571 1075 682 1132 Pax
737 1071 908 1132 multa
934 1071 1178 1126 abundet
1213 1069 1333 1132 tibi,
1376 1082 1498 1138 qua)
1518 1073 1815 1135 exsuperat

237 1187 423 1227 omnem
471 1181 711 1226 mentem
739 1204 756 1233 .
819 1165 1127 1225 secundum
1170 1162 1418 1234 Apostoli
1489 1161 1813 1221 sententiam

237 1263 534 1340 (Phil.tv,7)
559 1279 574 1317 :
603 1277 716 1333 quo
737 1258 875 1318 nihil
901 1255 1185 1329 pulchrius
1204 1254 1310 1312 dici
1340 1253 1530 1325 potuit.
1561 1252 1817 1308 Summus

233 1362 353 1417 enim
379 1356 658 1428 sapientiae
689 1354 814 1410 ﬁnis
841 1360 948 1418 est;
979 1357 1043 1408 ut
1069 1350 1248 1406 simus
1273 1355 1453 1416 mente
1477 1344 1767 1416 tranquilla
1797 1360 1813 1409 ;

234 1467 326 1507 non
349 1444 732 1506 commentitiis
753 1451 1039 1515 poetarum
1067 1438 1263 1497 fabulis
1305 1436 1544 1494 lubricus
1568 1434 1818 1491 turbetur

235 1545 449 1601 allectus.
471 1541 728 1599 Summus
747 1537 871 1594 ﬁnis
900 1533 1263 1606 estiustitite;
1297 1540 1355 1588 ut
1377 1530 1631 1600 iniquitas
1661 1544 1814 1588 men-

237 1635 454 1707 temjusti
469 1647 692 1692 movere
705 1647 810 1686 non
829 1625 1254 1700 possit.Virtutis
1269 1625 1432 1680 totius
1447 1623 1536 1679 hic
1557 1622 1701 1688 ﬁnis,
1719 1630 1745 1659 τι
1758 1630 1816 1678 et

233 1744 484 1801 corporea}
527 1725 700 1796 ipsius
730 1721 1086 1788 fortitudinis;
1135 1717 1458 1778 utconfecto
1498 1715 1673 1784 bello,
1718 1729 1814 1794 pa-

1920 501 2048 556 tarit
2073 511 2326 566 :ctatem;
2363 501 2431 555 ita
2463 503 2555 572 qui
2611 500 2927 565 invalidum,
2962 509 3018 556 et
3065 501 3437 571 insipientem,
3465 511 3522 557 ct

1917 595 2278 666 improvidum
2298 595 2782 666 circumscripserit
2801 595 3158 666 persuasione
3176 597 3404 661 erroris,
3428 605 3526 650 aut

1917 687 2282 758 cxagitatione
2302 688 2486 745 cordis
2507 687 2883 746 aﬁ‘ectum.Vis
2914 688 3055 744 scire
3081 702 3242 758 quam
3272 686 3526 744 inﬁrmus

1917 782 1988 839 sit
2015 781 2108 853 qui
2154 781 2556 840 scandalizatur
2583 782 2606 836 ?
2635 781 2757 836 Non
2809 782 3148 845 manducabo,
3181 782 3376 852 inquit,
3407 798 3525 836 car-

1919 890 2103 931 nem...
2130 891 2193 930 ne
2223 878 2435 946 fratrem
2456 891 2624 929 nteant
2665 874 3014 930 scandalizent
3039 875 3080 944 (Ι
3101 873 3223 934 Cor.
3249 890 3340 931 vm
3363 915 3377 941 ,
3408 874 3522 944 l5).

1918 965 2127 1035 Quanta
2155 965 2459 1034 inﬁrmitas,
2484 974 2540 1026 et
2562 967 2807 1037 quaedam
2834 966 3055 1024 infantia
3079 967 3244 1025 animi
3271 984 3285 1032 ;
3321 979 3378 1022 ut
3398 981 3523 1023 eum

1919 1061 2082 1117 etiam
2111 1075 2238 1119 esca
2269 1060 2454 1118 fratris
2482 1061 2719 1132 exagitet
2747 1060 2760 1117 l
2789 1060 2946 1117 Unde
2974 1076 3080 1118 non
3109 1068 3290 1130 potest
3320 1061 3526 1116 homini

1919 1169 2040 1209 esse
2079 1153 2462 1226 prrecipitium,
2490 1154 2706 1225 quando
2738 1154 2899 1210 etiam
2925 1152 3052 1210 hinc
3077 1163 3160 1209 est
3189 1153 3526 1223 periculum?

1987 1247 2076 1302 90.
2122 1245 2193 1306 Et
2220 1247 2366 1318 quod
2393 1247 2553 1317 pejus
2580 1256 2694 1313 est,
2729 1245 3017 1302 inﬁrmitas
3050 1245 3360 1315 huiusmodi
3403 1261 3522 1302 ser-

1920 1341 1998 1410 pit
2027 1341 2082 1396 in
2108 1342 2326 1397 multos.
2359 1340 2524 1400 Vides
2555 1340 2775 1412 inopem
2801 1341 3041 1411 justum,
3074 1339 3300 1396 tentaris
3327 1357 3340 1393 :
3374 1337 3525 1394 vides

1923 1435 2145 1494 divitem
2177 1434 2453 1505 iniquum,
2490 1433 2758 1491 teutaris:
2799 1432 2952 1490 vides
2990 1433 3107 1487 sine
3147 1431 3333 1490 liberis
3366 1445 3523 1488 sane-

1920 1539 2065 1592 tum,
2111 1527 2384 1586 tentaris:
2421 1527 2571 1582 vides
2621 1527 2810 1583 liberis
2836 1567 2850 1586 .
2897 1525 3235 1588 honoribus,
3277 1523 3528 1582 laudibus

1919 1622 2272 1680 saecularibus
2299 1621 2668 1678 abundantem
2694 1621 2985 1691 iniustum,
3017 1621 3269 1676 tentaris.
3295 1619 3524 1686 Quanta)

1919 1715 2128 1781 fovete,
2161 1713 2351 1786 quanti
2379 1714 2600 1784 laquei,
2629 1723 2682 1769 et
2721 1713 2867 1783 quod
2897 1725 2978 1768 cst
3006 1713 3250 1784 gravius,
3279 1713 3370 1782 qni
3403 1713 3524 1782 pln-

229 1837 328 1877 cein
341 1819 619 1876 reformet.
647 1817 774 1876 Paci
802 1829 932 1886 ergo
948 1813 1132 1883 etipsa
1155 1812 1476 1881 plerumque
1493 1805 1811 1864 militatlor-
1845 1812 1890 1874 Β
1919 1809 2084 1868 rimus
2107 1807 2484 1877 strangulent!
2519 1806 2580 1864 ln
2609 1805 2948 1866 sodomitana
2975 1806 3110 1862 urbe
3134 1805 3227 1864 vix
3261 1819 3398 1861 unus
3421 1805 3525 1862 Lot

231 1914 377 1972 titudo
389 1911 629 1969 bellandi
646 1927 660 1964 :
677 1926 838 1972 nemo
863 1922 998 1979 ergo
1025 1906 1311 1978 pacificum
1334 1903 1510 1962 turbet
1531 1900 1822 1962 allectum.

288 2009 366 2064 l8.
387 2006 556 2064 Multa
579 2013 911 2074 generantur
935 2000 1004 2058 ad
1035 1997 1501 2071 perturbationem
1528 1993 1765 2052 hominis
1792 2009 1807 2052 :

229 2110 273 2159 ct
295 2115 420 2156 uxor
439 2099 765 2169 plerumque
787 2095 1020 2166 decepta
1052 2093 1324 2162 serpentis
1344 2089 1554 2146 insidiis
1569 2090 1808 2144 animum

227 2195 311 2250 viri
335 2192 610 2264 exagitare
629 2196 860 2246 conatur
892 2205 910 2255 ;
937 2198 990 2244 et
1017 2195 1168 2257 pater
1190 2186 1351 2243 ﬁdem
1377 2182 1474 2238 ﬁlii
1501 2183 1813 2252 frequenter

229 2285 427 2351 irridet;
453 2294 515 2341 et
535 2284 614 2339 vir
625 2281 874 2352 coniugis
898 2295 1011 2338 sua)
1037 2287 1276 2338 mentem
1293 2285 1464 2334 tentet
1479 2273 1806 2345 opprobriis.
1843 2313 1883 2342 ,

235 2380 323 2438 Sed
344 2380 395 2436 in
414 2379 503 2436 his
536 2377 792 2435 omnibus
822 2383 1042 2447 superat
1062 2375 1262 2445 justus,
1307 2381 1362 2431 et
1383 2370 1515 2426 dicit
1539 2370 1694 2438 :Quis
1719 2386 1812 2426 nos

228 2471 457 2544 separabit
479 2489 516 2528 α
547 2471 799 2527 cltaritete
823 2468 1064 2526 Christi?
1087 2465 1397 2529 Tribulutio,
1418 2462 1784 2535 anongustia..
1799 2502 1812 2516 .

229 2586 282 2622 an
310 2567 588 2637 persecutio
615 2564 802 2638 (llam.
832 2579 946 2627 vin,
967 2563 1060 2633 55)
1082 2561 1105 2618 't
1129 2560 1355 2629 Quoties
1376 2559 1497 2628 ipsa
1523 2555 1808 2614 benefacta

227 2661 410 2716 crimini
428 2657 657 2717 dantur?
678 2657 898 2726 Quoties
914 2655 1084 2712 virtus
1102 2651 1399 2723 opprobrio
1413 2648 1656 2708 ducitur?
1669 2648 1812 2716 Quo-

231 2754 315 2811 ties
341 2756 452 2826 ipsa
496 2756 714 2824 ingrata
738 2761 824 2809 est
845 2750 1022 2822 gratia
1046 2750 1069 2804 ?
1095 2745 1349 2806 Vendidit
1375 2749 1552 2816 justus
1581 2745 1806 2800 faculta-

231 2856 301 2904 tes
328 2863 468 2915 snas,
510 2844 852 2918 dispensavit
882 2841 1233 2916 pauperibus,
1261 2838 1394 2895 nihil
1423 2839 1528 2895 sibi
1555 2837 1810 2905 reliquit;

229 2943 580 3000 contemnitur
603 2943 926 3012 plerumque
958 2939 1010 2994 iu
1042 2937 1156 3008 ipsa
1191 2934 1437 2991 Ecclesia
1463 2949 1478 3000 ;
1503 2932 1626 3003 quia
1659 2931 1814 2988 dives

228 3051 329 3094 esse
353 3037 572 3101 desivit,
598 3036 740 3092 sicut
760 3033 1021 3103 scriptum
1051 3040 1138 3092 est
1169 3047 1184 3084 :
1219 3029 1280 3086 Si
1303 3027 1503 3084 dederit
1531 3026 1608 3080 vir
1639 3041 1814 3080 omnes

230 3132 474 3200 focaneus
501 3145 633 3186 suae
662 3128 718 3182 in
739 3127 1010 3193 alacritate,
1035 3131 1332 3192 contemptu
1371 3127 1690 3191 contemptus
1718 3117 1816 3171 erit

1915 1902 2004 1971 qui
2041 1915 2146 1955 non
2203 1907 2503 1955 tentaretur
2552 1900 2803 1954 inventus
2833 1909 2952 1964 est,
2981 1899 3136 1968 cujus
3165 1906 3347 1954 tamen
3389 1913 3527 1954 uxor

1914 2008 2021 2048 non
2057 1992 2232 2063 potuit
2259 1991 2580 2048 tentationis
2606 1991 2830 2059 laqueos
2856 1989 3113 2050 evadere.
3165 1989 3519 2047 l-lebraeorum

1915 2087 2149 2157 populus
2179 2084 2353 2142 maria
2387 2084 2676 2140 transivit:
2711 2082 2806 2142 sed
2842 2099 2948 2138 non
2981 2082 3153 2153 potuit
3186 2091 3522 2141 tentamenta

1915 2179 2170 2238 transire.
2196 2177 2417 2236 Tentati
2437 2187 2566 2234 sunt
2584 2192 2778 2236 omnes
2799 2185 2997 2248 praeter
3015 2175 3202 2234 Jeeum
3220 2217 3235 2242 ,
3259 2184 3315 2234 et
3334 2175 3523 2245 Caleb,

1915 2272 2007 2343 qui
2033 2271 2155 2328 ideo
2185 2270 2251 2328 de
2281 2270 2586 2328 senioribus
2615 2280 2813 2327 terram
2837 2268 3278 2340 repromissionis
3300 2270 3526 2326 introire

1915 2374 2234 2424 meruerunt
2267 2381 2282 2434 ;
2326 2365 2450 2435 quia
2482 2363 2704 2420 fuerunt
2735 2363 3054 2422 tentationis
3097 2372 3367 2435 expertes.
3415 2361 3526 2419 Nee

1916 2463 2097 2518 Aaron
2123 2457 2404 2526 introivit,
2431 2472 2532 2512 nec
2560 2457 2725 2516 Maria
2753 2472 2768 2524 ;
2797 2457 2917 2528 quia
2945 2465 2999 2514 et
3027 2457 3127 2527 ipsi
3157 2455 3347 2514 tentati
3375 2466 3521 2512 sunt.

1917 2550 2026 2606 Nec
2057 2549 2274 2622 Moyses
2303 2548 2545 2606 introivit
2573 2563 2589 2614 ;
2620 2549 2744 2619 quia
2776 2547 2884 2608 dux
2914 2557 3033 2606 erat
3056 2547 3243 2618 populi
3271 2547 3364 2618 qui
3405 2556 3524 2605 ten-
3601 2603 3604 2605 λ

1917 2644 2129 2702 labatur
2161 2661 2175 2697 ;
2213 2653 2369 2714 typus
2395 2641 2554 2711 Legis
2583 2657 2702 2712 quae
2730 2641 3024 2700 excludere
3050 2651 3384 2699 teutamenta
3415 2657 3524 2698 non

1918 2741 2161 2807 poterat,
2195 2748 2301 2788 non
2335 2740 2550 2804 poterat
2598 2731 2652 2788 in
2681 2740 2881 2792 terram
2914 2732 3332 2792 resurrectionis
3365 2731 3524 2790 indu-

1919 2843 2079 2896 cere;
2105 2827 2230 2897 quia
2263 2826 2364 2886 ista
2394 2824 2686 2896 Evangelio
2715 2825 2884 2896 gratia
2927 2823 3246 2886 debebatur.
3289 2824 3398 2884 Lex
3432 2840 3523 2894 pa.

1919 2937 2039 2982 cem
2067 2935 2173 2978 non
2201 2919 2374 2991 potuit
2396 2917 2530 2978 dare
2554 2933 2570 2984 ;
2601 2916 2726 2976 ideo
2748 2915 2962 2990 Moyses
2985 2916 3159 2988 quoad
3190 2917 3358 2984 vixit,
3381 2930 3526 2976 senio

1917 3030 2016 3087 per
2042 3013 2319 3085 prazliatus
2347 3020 2434 3072 est
2467 3029 2480 3066 :
2516 3025 2733 3082 seraper
2763 3009 2922 3082 Legis
2954 3010 3187 3084 populus
3218 3009 3271 3068 in
3303 3010 3527 3082 ancipiti

1919 3109 2185 3167 bellorum
2216 3114 2301 3164 est
2331 3124 2343 3161 :
2371 3105 2530 3164 Jcsus
2552 3116 2732 3162 autem
2765 3103 2912 3164 Nare
2938 3104 3108 3176 plebis
3147 3105 3358 3162 animos
3402 3121 3529 3178 pro-

231 3199 727 3294 (Caut.vtti,7).Non
747 3233 879 3291 ergo
895 3225 1329 3282 moveatur;non
1343 3213 1485 3270 enim
1503 3210 1813 3270 mercedem
1842 3202 1890 3266 C
1921 3202 2083 3258 fundo
2129 3216 2259 3272 pace
2301 3199 2609 3270 Composuit
2639 3215 2652 3264 ;
2683 3199 2940 3276 quoniam
2971 3200 3064 3271 qui
3091 3201 3192 3257 sub
3221 3200 3366 3273 Lege
3407 3212 3489 3257 est
3515 3244 3531 3271 ,

232 3315 594 3387 hujusszecnli,
613 3329 712 3370 nec
743 3309 1110 3384 gratiam,sed
1140 3310 1261 3364 vitm
1291 3304 1541 3376 qua-sivit
1570 3313 1812 3363 attenuas.

231 3409 327 3466 Non
363 3410 697 3483 indignetur,
735 3407 859 3478 quia
901 3404 1150 3464 homines
1181 3400 1425 3473 pecuniis
1450 3399 1625 3469 magis
1655 3411 1816 3468 quam

231 3505 464 3575 cperibus
507 3503 672 3561 bonis
715 3499 990 3561 deferunt.
1022 3496 1154 3556 Nam
1206 3495 1251 3551 si
1285 3495 1333 3552 ei
1363 3501 1584 3564 propter
1614 3492 1821 3552 bonum

233 3612 349 3668 opus
367 3596 422 3654 in
445 3597 551 3654 hoc
578 3594 782 3653 saeculo
810 3592 1108 3662 deferatur,
1141 3587 1376 3660 ethujns
1401 3587 1564 3646 studii
1588 3585 1823 3644 fructum

235 3689 310 3746 hic
321 3688 872 3762 adipiscatur.dicitur
884 3686 954 3744 de
967 3699 1052 3743 eo:
1073 3683 1324 3752 Percepit
1348 3679 1655 3738 mercedem
1669 3692 1823 3738 suam

232 3783 508 3856 (Matthxi,
540 3781 621 3854 2).
660 3781 833 3840 Habet
859 3777 1074 3851 quidem
1097 3792 1233 3848 opus
1267 3775 1494 3840 bonum,
1518 3783 1571 3830 et
1592 3771 1680 3828 hic
1699 3786 1825 3843 gra-

237 3881 346 3938 tiam
371 3896 387 3948 ;
415 3880 512 3938 sed
528 3879 709 3936 brevis
724 3875 901 3948 portio
913 3871 1219 3934 emerenda:
1236 3869 1427 3930 salutis
1449 3867 1728 3924 est.Serva
1743 3865 1826 3922 fu.

237 3972 354 4028 turis
370 3969 677 4032 mercedem
699 3979 872 4033 tuam;
891 3975 948 4024 et
970 3966 1125 4022 istius
1139 3963 1325 4022 saeculi
1349 3959 1645 4033 opprobria
1659 3959 1830 4016 incre-

239 4076 398 4121 menta
428 4062 702 4122 mercedis
727 4059 1056 4130 tnatjudica.
1080 4056 1271 4131 Cogita
1295 4069 1514 4126 semper
1559 4051 1831 4122 Apostoli-

240 4159 511 4226 cumillud,
529 4156 679 4230 quod
707 4154 954 4227 Indigna:
985 4155 1086 4210 sint
1116 4152 1382 4222 passiones
1395 4150 1553 4222 hujus
1585 4147 1828 4220 temporis

241 4253 299 4306 ad
329 4261 760 4324 superventuram
784 4250 1003 4320 gloriam
1027 4245 1329 4319 (Rom.vttt,
1356 4242 1466 4315 18).
1502 4241 1672 4300 Nullis
1697 4255 1826 4312 ergo

239 4346 404 4416 justus
453 4347 738 4419 frangatur
765 4343 1000 4417 injuriis,
1030 4342 1194 4402 nullis
1239 4347 1522 4402 moveatur
1550 4336 1829 4410 periculis,

245 4441 392 4496 nullis
409 4449 651 4498 tentetur
666 4437 1084 4508 procellis;sive
1119 4448 1270 4493 mors
1290 4433 1530 4504 ingruat,
1559 4431 1673 4490 sive
1701 4429 1832 4498 vita,

1921 3296 2158 3368 agitatur
2185 3295 2407 3352 incertis
2433 3311 2446 3347 :
2472 3293 2561 3365 qui
2584 3293 2684 3348 sub
2707 3293 3024 3364 Evangelia,
3050 3291 3199 3350 audit
3218 3294 3524 3352 dicentem:

1923 3391 2118 3447 Pacem
2138 3391 2374 3461 relinquo
2397 3389 2536 3444 vobis
2555 3404 2573 3442 :
2592 3403 2767 3458 pacem
2786 3403 2950 3442 meam
2966 3387 3032 3445 do
3050 3387 3190 3444 vobis
3213 3387 3396 3461 (Joan.
3414 3404 3527 3460 xlv,

1921 3484 2038 3556 27).
2074 3483 2309 3553 Ideoque
2333 3481 2686 3553 diligentibus
2722 3497 2831 3540 non
2859 3490 2946 3540 est
2973 3481 3309 3538 scandalum.

1993 3579 2083 3634 9.1.
2130 3577 2330 3652 Accipe
2353 3576 2512 3634 aliter
2537 3596 2549 3631 :
2575 3590 2709 3634 crux
2736 3575 2946 3634 Domini
2968 3575 3170 3634 Jndreis
3189 3576 3530 3645 scandalum,

1926 3672 2133 3729 Graecis
2160 3669 2388 3726 stultitia
2418 3679 2520 3726 est.
2548 3669 2870 3726 Seandalnm
2897 3680 2979 3726 est
3010 3670 3222 3741 perﬁdo
3251 3687 3266 3737 ;
3299 3671 3420 3742 quia
3447 3672 3534 3729 di.

1927 3767 2003 3824 cit
2025 3765 2247 3822 tulimus
2278 3782 2292 3817 :
2323 3762 2470 3834 Ergo
2496 3762 2584 3818 hic
2614 3763 2756 3822 Deus
2781 3771 2904 3834 est,
2930 3765 3024 3833 qui
3051 3763 3220 3824 homo
3248 3765 3396 3824 visus
3427 3774 3532 3833 est,

1929 3861 2020 3916 hic
2047 3859 2191 3920 Deus
2209 3866 2293 3918 cst
2313 3858 2403 3930 qui
2436 3856 2723 3928 jejunavit,
2747 3856 2835 3916 hic
2861 3857 2998 3918 Dens
3016 3869 3098 3916 est
3119 3859 3210 3930 qui
3234 3859 3534 3928 vapulavit,

1931 3953 2018 4009 lnc
2051 3951 2195 4008 Deus
2235 3959 2318 4008 est
2349 3950 2439 4020 qui
2470 3950 2764 4008 cruciﬁxus
2793 3961 2912 4017 est,
2946 3950 3035 4010 hic
3065 3952 3205 4008 Deus
3238 3965 3322 4008 ρει
3353 3954 3442 4023 qui
3469 3954 3538 4010 de

1930 4058 2094 4103 cruce
2117 4041 2451 4099 descendere
2483 4051 2535 4097 et
2580 4057 2640 4100 se
2664 4041 2897 4102 liberare
2919 4057 3026 4097 non
3052 4044 3268 4112 potuit?
3291 4045 3536 4116 Denique

1936 4137 2041 4192 hoc
2069 4135 2324 4193 dicebant
2352 4141 2597 4204 tempore
2641 4133 2936 4190 Dominica:
2967 4135 3238 4205 passionis
3268 4155 3279 4191 :
3313 4137 3539 4194 Descen—

1934 4233 2020 4287 dat
2042 4231 2106 4285 de
2136 4246 2286 4285 cruce
2307 4270 2322 4297 ,
2354 4238 2402 4284 et
2444 4229 2702 4286 credimus
2734 4229 2800 4284 ei.
2833 4229 3063 4301 Conﬁdit
3093 4231 3146 4286 in
3177 4231 3324 4297 Deo',
3359 4233 3540 4288 liberet

1935 4344 2072 4383 nunc
2095 4343 2242 4394 eum,
2266 4326 2311 4384 si
2334 4325 2440 4380 vult
2464 4322 2680 4393 (Matth.
2707 4340 2853 4382 xxvrt
2873 4367 2887 4392 ,
2905 4324 2978 4382 42
2999 4336 3047 4382 et
3066 4327 3182 4399 45).
3207 4327 3330 4385 Non
3355 4337 3408 4386 te
3435 4328 3540 4386 ista

1937 4429 2180 4488 tentent,
2207 4434 2314 4475 non
2336 4426 2388 4474 te
2412 4418 2512 4474 ista
2539 4417 2892 4488 perturbent,
2917 4435 3023 4476 non
3052 4421 3105 4476 iu
3128 4422 3367 4480 animum
3389 4432 3540 4482 tuum

244 4534 344 4590 sire
366 4529 1048 4606 angelierelorum.Neqne
1068 4512 2245 4606 dejicieturadvcrsis,nequeﬁhuiusmodi
2293 4527 2354 4574 .Se
2408 4511 2659 4606 ingeram
2713 4511 3092 4583 cogitationes.
3152 4513 3254 4570 Ubi
3311 4531 3442 4586 pax,
3487 4526 3542 4573 et

244 4593 522 4682 extollaiur
549 4593 828 4686 secundis.
855 4593 1232 4692 Nusquam-sit
1256 4617 1375 4690 ejus
1402 4617 1652 4676 inﬁrmus
1676 4615 1836 4672 aliec—
1859 4593 1912 4656 D
1941 4605 2108 4661 ιηιιιιθ
2142 4619 2246 4674 Pax
2277 4613 2292 4657 ε
2322 4605 2394 4659 ibi
2423 4618 2553 4659 CN"
2581 4602 2787 4659 (Ἇπίείί
2819 4605 2926 4692 ηοη
2955 4603 3287 4676 οβρῐύὺνίο,
3321 4609 3416 4665 sed
3459 4625 3548 4665 So-

246 4727 341 4777 tus.
370 4720 438 4776 Et
464 4734 615 4794 mors
649 4725 844 4784 tentat,
870 4717 1049 4776 etvita
1082 4722 1292 4780 tentat;
1325 4727 1456 4767 cave
1490 4709 1832 4769 scandalum.

309 4815 392 4871 l9.
418 4813 524 4886 Qui
555 4829 746 4884 paceni
778 4809 972 4876 habet,
1002 4823 1122 4882 quae
1154 4821 1372 4866 omnem
1394 4813 1634 4864 mentem
1667 4817 1832 4876 supc-

247 4915 340 4975 rat,
366 4922 597 4980 magnus
624 4916 706 4966 est
732 4921 746 4971 ;
775 4919 884 4962 non
909 4913 994 4962 ρει
1017 4902 1088 4962 de
1118 4899 1332 4972 pusillis
1363 4897 1504 4956 istis.
1534 4895 1660 4954 ldeo
1679 4909 1837 4954 scan-

246 4999 413 5058 dalum
439 5000 556 5074 pati
582 5016 691 5058 non
719 4998 922 5064 debet;
956 4996 1079 5067 quia
1111 4993 1432 5065 pusillorum
1462 4999 1547 5051 est
1577 4987 1838 5062 exagitari

246 5093 512 5152 seandalo.
541 5091 699 5154 Unde
728 5099 785 5148 et
806 5088 1068 5147 Dominus
1096 5085 1203 5158 ait;
1229 5085 1552 5158 Quicumque
1577 5079 1840 5136 scandali-

247 5189 428 5246 ωιτη
451 5202 618 5244 unum
631 5181 916 5258 depusillis
945 5181 1057 5236 istis
1082 5179 1312 5239 minimis
1338 5175 1555 5258 (Matth.
1574 5189 1728 5240 xvm,
1761 5169 1840 5245 6).

246 5276 352 5336 Non
396 5279 575 5338 solum
609 5257 866 5352 pusillos,
907 5272 1002 5333 sed
1035 5272 1199 5332 etiam
1233 5270 1486 5325 minimos
1517 5257 1675 5332 dixit,
1707 5274 1845 5334 quos

249 5367 849 5441 perturbant‘scandala;
863 5375 916 5424 et
942 5353 1064 5422 ideo
1079 5362 1227 5438 gravi
1251 5361 1520 5422 obnoxius
1537 5372 1716 5432 poenae
1736 5365 1840 5422 est,

250 5473 302 5518 ut
323 5462 867 5534 legisti,‘quicumque
891 5445 1412 5530 turbaveritlm
1437 5447 1665 5510 inﬁrmae
1693 5464 1846 5504 men-

250 5558 310 5614 tis
330 5554 794 5615 infantiam.Sicut
814 5552 958 5612 enim
985 5548 1227 5628 graviori
1245 5547 1440 5621 dignus
1461 5543 1726 5616 supplicio
1738 5551 1840 5609 est,

315 5703 339 5730 ει
369 5692 522 5748 Edit.
553 5699 663 5750 vet.
697 5700 752 5750 et
782 5688 954 5752 Paris.
981 5687 1282 5762 qu_a:dant,_
1284 5692 1338 5740 ut
1395 5695 1642 5752 corporea
1669 5679 1834 5762 ipsius

251 5765 565 5834 fortitudinis
608 5764 801 5834 efﬁciat
853 5756 1198 5834 miles—bella.
1246 5756 1404 5834 Rpm.
1463 5766 1754 5834 ctnnumss.
1782 5756 1834 5805 in

253 5825 538 5894 lectionem
574 5825 808 5892 nostram
843 5833 1224 5894 consentiunt;
1259 5826 1358 5884 nisi
1402 5827 1541 5897 (μιοα
1589 5825 1686 5879 illa
1747 5836 1841 5878 vo-

1945 4700 2041 4755 luti
2079 4707 2182 4755 est.
2215 4697 2332 4753 Non
2365 4695 2463 4751 fuit
2491 4695 2788 4766 opprobrio
2815 4691 2976 4752 Petro
3004 4714 3134 4754 crux
3157 4699 3395 4770 Christi,
3429 4719 3551 4773 qua:

1945 4800 2151 4852 tantum
2176 4791 2223 4846 ci
2251 4789 2440 4862 gloria:
2469 4788 2616 4846 dedit
2651 4805 2667 4854 ;
2698 4798 2756 4846 ut
2780 4789 3016 4852 inversis
3057 4791 3334 4856 Christum
3369 4796 3545 4851 hono-

1944 4894 2096 4942 raret
2138 4882 2384 4956 vestigiis
2417 4900 2430 4936 :
2459 4889 2712 4944 metuens
2743 4899 2812 4940 ne
2841 4886 2885 4946 si
2925 4899 2990 4960 ea
3034 4887 3217 4956 specie
3259 4889 3553 4948 cruciﬁxus

1945 4988 2124 5044 esset,
2160 4991 2262 5048 qua
2295 4974 2590 5043 Dominus,
2619 4974 2905 5034 affectasse
2949 4977 3164 5036 Domini
3194 4979 3422 5053 gloriam
3471 4982 3554 5038 vi-

1947 5070 2190 5128 deretur.
2212 5068 2357 5124 Crux
2383 5083 2518 5140 ergo
2544 5067 2908 5140 opprobrium
2931 5070 3139 5138 perﬁdo
3165 5089 3177 5124 :
3205 5071 3351 5130 ﬁdeli
3371 5084 3551 5132 autem

1942 5163 2150 5236 gratia,
2183 5160 2328 5220 ﬁdeli
2359 5160 2699 5232 redemptio,
2726 5159 2872 5218 ﬁdeli
2903 5163 3235 5222 resurrecﬁo
3265 5174 3347 5220 cst
3380 5183 3396 5232 ;
3428 5168 3553 5237 quia

1944 5271 2044 5328 pro
2074 5254 2233 5312 nobis
2258 5270 2450 5325 passus
2480 5263 2563 5308 est
2585 5252 2850 5313 Dominus
2882 5270 2895 5320 ;
2928 5255 3052 5324 quia
3076 5255 3174 5314 illo
3197 5273 3297 5316 nos
3326 5260 3558 5318 redemit

1945 5351 2211 5422 sanguine
2231 5391 2245 5416 ,
2280 5348 2370 5406 illa
2393 5346 2461 5404 ad
2491 5345 2801 5413 paradisum
2826 5349 3233 5412 resurrectione
3260 5356 3554 5414 revocavit.

1942 5444 2045 5514 Qui
2097 5443 2217 5504 haec
2243 5441 2447 5509 credit,
2481 5441 2756 5512 quomodo
2789 5452 2969 5514 potest
3012 5445 3260 5516 turbari,
3291 5450 3380 5506 cui
3427 5466 3554 5524 spes

1951 5537 2106 5610 regni
2137 5534 2377 5598 caelestis
2408 5535 2695 5610 assurgit?

1953 5691 2094 5748 cem).
2141 5675 2288 5748 miles
2317 5716 2334 5742 ,
2384 5674 2662 5732 transtulit
2716 5675 2769 5730 in
2816 5677 3118 5748 membrum
3163 5695 3400 5748 sequens
3456 5681 3558 5738 hoc

1956 5746 2140 5814 modo,
2169 5747 2315 5806 miles
2333 5763 2510 5817 pacem
2540 5751 2783 5819 reformet
2814 5764 2830 5802 :
2857 5747 2949 5806 sed
2970 5767 3033 5807 ea
3066 5746 3294 5812 mutatio
3323 5769 3434 5816 non
3457 5754 3564 5818 ω.

1958 5820 2174 5877 modum
2205 5820 2385 5874 sensui
2419 5819 2724 5875 necessaria
2758 5830 2858 5875 est.
