4156 6346
554 285 689 346 1511

1901 278 2148 341 SANCTI
2186 278 2514 338 AMBROSII

3719 279 3863 338 1512

623 405 715 460 22.
761 403 939 474 (Vers.
973 402 1119 471 166.)
1155 401 1414 472 Sequitur
1439 415 1631 458 versus
1658 408 1845 456 sextus
1878 420 1890 457 :
1924 400 2150 476 Exspec-
2177 402 2227 463 Α
2257 404 2382 458 nilis
2411 400 2965 458 :etatem.'Ubiautem
2986 413 3141 455 error
3167 386 3449 469 est,culpa
3474 398 3737 471 signatur.
3764 398 3868 454 llic

555 497 724 553 tabum
750 498 977 551 salutare
1008 507 1179 558 tuum,
1216 495 1428 548 Domine
1458 510 1477 549 :
1503 508 1550 548 et
1592 504 1849 566 prtecepta
1892 505 1979 548 tua
2026 498 2143 567 feci.

554 588 655 658 Qui
678 598 974 660 exspectat,
998 598 1203 657 sperat.
1228 586 1554 642 Charitatem
1577 602 1707 654 ergo
1728 601 1853 655 spes
1872 588 2148 657 pra-cedit,

554 683 802 751 sequitur
830 682 999 748 salus,
1032 698 1156 749 Spes
1187 680 1351 750 igitur
1392 680 1673 752 prtecurrit
1700 680 1948 737 allectum
1979 698 1994 749 ;
2031 683 2152 737 ideo

556 776 647 847 qui
678 776 1009 842 exspectavit
1034 776 1262 830 salutem
1296 790 1323 828 a
1355 775 1583 829 Domino
1604 815 1619 837 ,
1648 789 1912 846 prmcepta
1938 774 2155 830 Domini

560 868 706 925 fecit.
748 868 958 942 1246
986 868 1140 925 Unde
1167 878 1223 923 et
1270 868 1534 923 Dominus
1578 868 1817 939 appellat
1865 868 2068 923 amicos
2100 868 2151 923 in

558 962 855 1034 Evangelto
882 961 1067 1030 (Joan.
1102 978 1206 1028 xv,
1242 964 1307 1017 M
1331 973 1377 1017 et
1404 962 1524 1033 15),
1558 978 1662 1018 non
1695 978 1913 1030 servos,
1947 963 2034 1032 qui
2058 978 2155 1018 sua

558 1066 829 1127 praecepta
848 1044 1124 1113 iecerunt.
1155 1056 1255 1125 Qui
1287 1056 1461 1128 diligit
1490 1058 1634 1112 enim
1655 1098 1669 1117 .
1699 1057 1825 1111 facit
1850 1074 1863 1110 :
1888 1066 1943 1112 et
1966 1057 2055 1127 qui
2080 1055 2159 1112 fe-

560 1152 697 1206 cerit
717 1190 732 1215 ,
766 1151 961 1205 merito
990 1150 1302 1205 dilectionis
1329 1151 1767 1207 remuneratione
1792 1150 2043 1205 donatur.

560 1266 571 1277 ν
628 1242 724 1298 25.
768 1243 950 1314 (Vers.
988 1242 1138 1314 167.)
1179 1242 1435 1313 Sequitur
1464 1260 1650 1300 versus
1683 1246 1990 1314 septimus:
2025 1243 2157 1299 Cus-

560 1335 741 1390 toditvit
786 1338 957 1390 anima
985 1352 1096 1390 mea
1122 1337 1410 1391 testimonia
1434 1347 1521 1391 tua
1563 1354 1581 1392 :
1612 1348 1658 1392 et
1686 1338 1866 1392 dilexit
1893 1354 1953 1391 ea
1982 1337 2154 1391 nimis.

562 1427 692 1485 Plus
721 1436 805 1483 est
830 1426 1056 1498 diligere
1076 1468 1091 1492 ,
1120 1444 1279 1497 quam
1308 1428 1587 1484 custodire
1612 1446 1625 1482 :
1654 1440 1710 1485 et
1736 1443 1897 1496 supra
1924 1428 2161 1482 diximus

564 1523 720 1592 (vers.
754 1521 891 1587 159,
926 1537 1067 1575 num.
1101 1518 1194 1591 53')
1235 1523 1359 1592 quia
1403 1523 1713 1585 custodire,
1746 1520 2019 1577 interdum
2067 1536 2164 1575 ne-

562 1615 836 1670 cessitatis
882 1624 994 1679 est,
1025 1616 1110 1669 vel
1144 1616 1353 1671 timoris
1386 1634 1400 1671 :
1432 1616 1658 1685 diligere
1685 1616 1987 1671 cltaritatis.
2036 1616 2164 1671 Ideo

563 1724 688 1764 cum
720 1707 807 1764 bie
849 1707 1081 1765 dixi~set
1113 1726 1125 1763 :
1158 1709 1442 1772 Custodivi,
1474 1710 1676 1779 adjecit
1705 1709 1876 1766 Diluti
1904 1728 1922 1777 ;
1955 1720 2011 1763 ut
2035 1724 2162 1765 cus-

2252 513 2384 567 ergo
2417 506 2497 550 est
2526 494 2805 567 profectus
2829 494 2971 551 linis.
3000 502 3059 548 ut
3084 494 3250 551 etiam
3278 494 3455 562 culpa:
3484 494 3575 547 sit.
3603 492 3709 550 Sed
3741 491 3869 548 inde

2251 590 2808 661 quidinterpretetur.
2843 588 3071 653 Erravit,
3103 590 3317 659 inquit;
3346 602 3451 641 non
3480 586 3760 654 erral,sed
3783 601 3868 639 er—

2254 686 2406 739 rauit.
2429 684 2671 749 Errasse,
2691 683 2945 750 pra'teriti
2974 692 3053 737 est
3088 682 3349 752 temporis
3373 697 3607 744 :errare,
3630 694 3871 752 praesen-

2255 778 2345 831 tis.
2363 776 2463 845 Qui
2482 777 2687 831 erravit
2707 816 2720 839 ,
2746 774 2947 830 desivit
2971 790 3177 843 errare,
3199 785 3254 831 et
3281 784 3518 830 veterem
3540 773 3873 828 eottdetuttat

2255 884 2522 924 errori-nt.
2555 869 2629 924 De
2652 885 2719 924 eo
2742 868 2885 923 enim
2909 869 3453 938 dicitur,erravit.qui
3476 869 3529 922 in
3556 864 3869 936 errorejam

2257 978 2364 1019 non
2406 964 2516 1029 sit;
2546 978 2668 1016 nam
2712 964 2757 1018 is
2778 963 2868 1032 qui
2896 962 3072 1018 adhuc
3104 962 3156 1017 iu
3188 976 3378 1017 errore
3406 968 3744 1026 permaneat,
3762 975 3871 1015 non

2256 1070 2473 1110 errasse
2498 1055 2823 1123 dicitur,sed
2853 1070 3040 1111 errare
3060 1098 3075 1121 ,
3108 1070 3295 1110 errare
3324 1055 3470 1111 enim
3503 1053 3875 1125 perutattentis

2258 1146 2311 1203 itt
2357 1148 2489 1203 vitio
2511 1159 2594 1204 est
2624 1167 2637 1203 :
2671 1164 2916 1215 errasse,
2954 1150 3277 1221 corrigentis
3316 1158 3399 1205 est
3425 1150 3654 1206 lapsum.

2328 1242 2384 1296 2.
2427 1241 2671 1312 Denique
2716 1242 3035 1298 emendator
3074 1258 3283 1297 tuorum
3310 1240 3385 1296 ait
3420 1260 3434 1296 :
3468 1240 3696 1296 Eramus
3736 1240 3876 1294 enim

2258 1336 2539 1405 aliquando
2580 1336 2878 1403 insipientes
2896 1379 2908 1399 ,
2937 1336 3225 1400 increduli,
3252 1346 3477 1390 errantes
3493 1336 3549 1390 in
3567 1334 3839 1389 desideriis
3860 1374 3876 1399 ,

2260 1437 2306 1483 et
2333 1427 2686 1500 voluptatibus
2714 1427 2842 1500 (Tit.
2870 1444 2956 1493 Ill,
2982 1429 3063 1494 3).
3090 1428 3205 1484 Non
3233 1428 3461 1484 dixisset
3485 1428 3670 1493 utique
3695 1445 3707 1485 :
3735 1425 3875 1480 Era-

2261 1538 2374 1576 mus
2426 1521 2713 1591 aliquando
2770 1522 3102 1593 insipientes,
3146 1522 3249 1577 nisi
3301 1520 3394 1592 qui
3447 1519 3676 1591 adeptus
3727 1526 3878 1574 esset

2272 1623 2457 1685 postea
2536 1614 2818 1684 sapientia:
2893 1615 3258 1684 disciplinam.
3335 1614 3521 1684 Neque
3584 1612 3873 1668 dixisset:

2279 1705 2487 1780 1247
2520 1705 2746 1762 Eramus
2773 1718 2999 1763 errantes
3021 1750 3036 1774 ,
3071 1708 3173 1763 nisi
3210 1708 3300 1778 qtti
3329 1707 3673 1778 superiorem
3702 1705 3879 1774 depo-

567 1801 709 1858 todia
742 1803 974 1858 amantis
1003 1802 1166 1858 fuerit
1188 1843 1203 1870 ,
1236 1819 1342 1859 non
1368 1804 1633 1861 timentis.
1662 1804 1764 1873 Qui
1796 1805 2021 1860 nimium
2043 1801 2165 1858 dili-
2197 1828 2244 1888 Β
2273 1806 2475 1856 suisset
2497 1816 2763 1857 errorem.
2787 1802 3029 1873 Denique
3047 1803 3382 1859 utabolitutu
3403 1802 3609 1873 lapsum
3629 1801 3875 1865 doceret,

565 1895 673 1967 git,
709 1895 938 1951 nimium
973 1898 1232 1952 custodit.

637 1989 730 2044 24.
776 1989 959 2062 (Vers.
991 1990 1142 2060 168.)
1166 1991 1425 2061 Sequitur
1449 2007 1641 2049 versus
1663 2004 1887 2049 octavus
1914 2011 1926 2049 :
1958 1994 2169 2052 Servavi

568 2094 827 2156 prompta
858 2096 946 2139 tua
990 2093 1038 2139 et
1086 2087 1377 2140 testimonia
1407 2097 1496 2141 tua
1527 2089 1813 2158 ;quoniant
1856 2104 2031 2144 omnes
2074 2092 2171 2145 via:

569 2194 697 2232 mea:
710 2186 830 2231 ante
858 2188 905 2231 te
926 2218 942 2241 ,
973 2176 1211 2233 nomine.
1244 2177 1440 2234 Beatus
1465 2180 1556 2249 qui
1590 2188 1767 2245 potest
1793 2179 1976 2235 dicere
2002 2198 2015 2233 :
2045 2179 2170 2233 Om-

2269 1908 2372 1948 nec
2405 1894 2573 1948 ullum
2599 1892 2918 1949 oll‘eusionis
2948 1895 3215 1951 resedisse
3242 1896 3561 1966 vestigium,
3590 1894 3667 1949 ait
3698 1912 3710 1947 :
3743 1892 3874 1949 Cum

2271 1997 2440 2042 autem
2495 1988 2812 2057 benignitas,
2857 2001 2903 2043 et
2957 1990 3252 2045 humanitas
3302 1994 3549 2061 apparuit
3604 1989 3879 2043 salvatoris

2270 2080 2432 2135 nostri
2454 2079 2555 2134 Dii
2576 2122 2589 2143 ,
2618 2097 2718 2133 non
2738 2097 2804 2135 ea:
2825 2082 3064 2148 operibus
3080 2082 3330 2152 jnstitice,
3356 2096 3473 2150 qua:
3503 2080 3718 2151 fecimus
3738 2095 3832 2133 nos
3860 2094 3880 2133 :

2269 2172 2359 2227 sed
2385 2173 2668 2226 secundant
2698 2188 2847 2226 suam
2877 2174 3286 2227 misericordiam
3312 2174 3479 2228 salvos
3509 2189 3600 2226 nos
3631 2172 3753 2241 fecit
3783 2186 3878 2241 per

568 2289 659 2329 nes
706 2274 801 2329 via:
850 2288 975 2328 mete
1003 2283 1121 2330 ante
1163 2283 1211 2327 te
1236 2291 1255 2328 :
1281 2274 1374 2345 qtti
1422 2274 1559 2329 nolit
1594 2275 1933 2330 abscondere
1979 2290 2169 2331 omnes
2217 2268 2532 2323 vlavacrum
2563 2270 2967 2340 regenerationis
2993 2279 3040 2323 et
3069 2267 3412 2323 renovationis
3458 2266 3690 2336 Spiritus
3713 2266 3881 2320 sancti

568 2368 926 2438 cogitationes
972 2384 1132 2437 suas,
1164 2385 1355 2426 omnes
1401 2379 1556 2425 actus
1598 2385 1724 2426 suos
1758 2388 1771 2425 :
1805 2368 2171 2425 abscondebat

570 2462 744 2519 Adam
794 2464 935 2519 viam
980 2480 1163 2530 suam,
1195 2464 1572 2520 abscondebat
1620 2464 1728 2518 Eva
1760 2476 1875 2531 post
1909 2464 2124 2533 culpam
2153 2505 2165 2528 ,

569 2555 947 2613 abscondebat
970 2555 1103 2613 Cain
1130 2573 1317 2613 necem
1348 2556 1551 2613 fratris.
1589 2556 1647 2612 lu
1678 2557 1876 2613 all'ectu
1904 2556 2169 2611 habemus

568 2652 909 2707 abscOndere
936 2694 951 2717 ,
980 2668 1086 2707 non
1114 2654 1164 2706 itt
1188 2651 1404 2708 ellectu.
1438 2651 1601 2706 Plena
1633 2648 2017 2706 abscondentis
2042 2666 2168 2720 per-

569 2742 694 2799 ﬁdia
721 2784 737 2811 ,
767 2745 869 2801 etsi
899 2745 1040 2816 apud
1067 2746 1234 2801 Deum
1260 2745 1404 2799 nulla
1430 2745 1497 2799 sit
1522 2744 1750 2799 latebra.
1776 2743 1902 2800 Ideo
1929 2743 2167 2799 Ecclesia

570 2840 623 2897 in
655 2841 891 2896 Canticis
914 2857 1007 2895 sua
1037 2840 1085 2896 ei
1116 2852 1325 2896 secreta
1356 2840 1687 2895 monSIrabat
1707 2880 1723 2907 ,
1749 2838 1940 2894 dicens
1967 2856 1980 2891 :
2009 2838 2171 2892 Assu-

568 2952 704 2990 mam
745 2945 822 3001 te,
851 2944 898 2990 et
940 2934 1183 2989 inducam
1217 2946 1263 2990 te
1292 2936 1345 2988 in
1376 2934 1584 2989 domum
1615 2933 1795 2988 matris
1840 2948 1963 2987 mea:
1984 2973 1999 2997 ,
2030 2941 2077 2985 et
2118 2932 2171 2985 in

568 3042 819 3085 secretum
849 3032 960 3101 ejus
988 3044 1102 3099 qua:
1131 3029 1360 3101 concepit
1392 3045 1473 3082 me
1504 3026 1677 3096 (Cant.
1731 3043 1826 3081 vttt
1846 3070 1859 3087 .
1900 3026 1984 3095 2).
2035 3026 2167 3081 Nam

569 3123 672 3179 etsi
697 3122 843 3177 Deus
863 3119 1047 3176 outuia
1073 3121 1252 3177 videat
1277 3120 1459 3176 cordis
1482 3122 1691 3177 occulta
1718 3137 1733 3187 ;
1764 3120 1962 3175 bonum
1988 3129 2168 3174 tamen

2269 2358 2511 2432 (Ibid.,4
2533 2361 2865 2433 eta).Veteri
2899 2363 3060 2433 igitur
3084 2376 3270 2416 errore
3300 2359 3641 2429 deposito,et
3669 2356 3879 2427 Spiritu

2269 2466 2493 2523 sancto,
2520 2465 2684 2527 atque
2714 2458 2861 2512 omni
2896 2472 3103 2511 morum
3155 2453 3537 2511 emendatione
3582 2460 3881 2508 renovatus

2271 2546 2443 2603 dicit:
2476 2546 2702 2602 Eramus
2738 2549 2872 2603 enim
2907 2548 3189 2619 aliquando
3235 2556 3484 2602 errantes.
3535 2544 3697 2601 Vides
3746 2557 3880 2615 ergo

2270 2642 2396 2711 quia
2427 2642 2600 2696 errori
2628 2643 2967 2696 renuntiasse
2989 2657 3097 2694 nou
3122 2640 3271 2706 vitii,
3296 2638 3395 2695 sed
3436 2638 3707 2709 profectus
3733 2646 3836 2692 est.

2341 2734 2396 2789 ’5.
2439 2734 2721 2790 Postremo
2750 2734 2869 2802 ipse
2903 2745 2954 2790 te
2975 2733 3169 2789 doceat
3201 2733 3463 2789 Dominus
3485 2732 3669 2797 Jesus,
3699 2736 3744 2785 si
3776 2731 3879 2785 bu-

2274 2826 2453 2882 manis
2479 2827 2724 2883 consiliis
2751 2828 2833 2883 vel
2864 2828 3151 2882 sententiis
3181 2842 3285 2880 nou
3316 2836 3470 2895 putas
3498 2839 3620 2881 esse
3645 2823 3882 2880 creden-

2270 2920 2423 2977 dum.
2469 2921 2712 2994 Namque
2740 2923 2792 2977 in
2826 2921 3118 2992 Evangelio
3157 2937 3258 2977 suo
3308 2923 3426 2993 ipse
3456 2924 3691 2978 asseruit
3728 2921 3876 2992 quod

2275 3029 2460 3089 pastor
2516 3018 2737 3085 reliquit
2780 3018 3074 3089 nonaginta
3103 3027 3157 3075 et
3183 3034 3375 3074 novem
3419 3033 3577 3083 oves,
3608 3028 3663 3073 et
3712 3032 3879 3075 unam

2273 3114 2501 3185 requirit
2529 3131 2648 3183 qua:
2670 3115 2871 3170 erravit
2894 3114 3072 3188 (Lacte
3093 3130 3161 3169 xv
3178 3156 3194 3181 ,
3219 3112 3295 3185 .t).
3322 3111 3629 3169 Centesima
3653 3112 3769 3166 ovis
3793 3120 3882 3168 est

571 3226 656 3272 est
686 3225 746 3271 ut
793 3217 1167 3287 unusquisque
1195 3215 1431 3269 animam
1462 3229 1614 3269 suam
1642 3214 1691 3268 ei
1724 3214 1929 3281 aperiat
1968 3224 2019 3267 et
2072 3228 2167 3267 cs-
2199 3221 2245 3283 ρ
2276 3226 2433 3279 quam
2478 3210 2609 3267 dicit
2652 3227 2869 3268 errasse
2899 3229 2911 3265 :
2945 3212 3209 3279 perfectio
3248 3222 3302 3267 et
3336 3212 3614 3282 plenitudo
3662 3211 3879 3267 numeri

572 3306 796 3379 pandat,
821 3319 873 3363 et
901 3318 1172 3376 tamquam
1207 3307 1393 3361 lumini
1432 3307 1513 3361 vel
1543 3305 1710 3360 calori
1750 3306 1867 3375 ejus
1896 3315 2166 3360 occurrat.

570 3398 684 3457 Nec
711 3400 985 3456 immerito
1013 3401 1283 3470 gloriatur
1314 3399 1556 3455 Ecclesia
1576 3444 1590 3467 ,
1626 3397 1814 3454 diteus
1844 3414 1859 3453 :
1893 3396 2005 3469 Ego
2032 3413 2171 3451 erant

570 3492 627 3547 in
655 3494 819 3547 oculis
850 3496 961 3566 ejus
992 3503 1251 3564 tamquam
1299 3493 1558 3547 inveniens
1606 3508 1784 3565 parcnt
1821 3492 1981 3563 (Ibid.
2004 3534 2018 3558 ,
2040 3492 2129 3561 tu)
2155 3509 2168 3557 ;

572 3587 827 3657 quoniam
876 3587 989 3640 vias
1030 3602 1153 3639 suas
1185 3587 1413 3657 prodere
1444 3602 1547 3640 non
1600 3586 1842 3641 timebat.
1874 3586 2009 3640 .lusn
2043 3602 2171 3656 ergo

573 3689 656 3735 est
688 3679 787 3734 ista
821 3696 922 3735 vox
954 3699 966 3733 :
1004 3679 1155 3734 Oculi
1190 3682 1332 3735 euittt
1364 3681 1571 3735 Domini
1597 3698 1755 3751 super
1772 3682 1945 3752 justas
1995 3680 2166 3749 (Psal.

576 3789 776 3843 xum,
811 3774 924 3841 16).
959 3774 1143 3845 Itaque
1166 3775 1397 3831 Domino
1422 3775 1549 3832 Jesn
1581 3774 1802 3831 Christo
1823 3818 1837 3841 ,
1867 3777 1955 3847 qui
1979 3787 2061 3831 est
2090 3775 2169 3830 \'i.l

575 3878 631 3921 et
676 3865 909 3932 veritas,
950 3866 1088 3923 bene
1120 3866 1222 3924 hoc
1254 3868 1453 3923 dicitttr
1489 3868 1557 3925 ab
1586 3869 1649 3924 iis
1680 3868 1769 3939 qtti
1796 3868 1941 3923 illam
1989 3884 2169 3923 veram

576 3959 718 4014 viam
758 3959 894 4024 fide,
928 3961 1204 4026 moribus,
1236 3972 1463 4029 actaque
1494 3961 1807 4017 desiderant
1847 3962 2170 4018 convenire:

580 4050 771 4108 Omnes
796 4055 891 4108 vite
919 4070 1043 4109 mea:
1071 4071 1247 4109 caram
1276 4064 1355 4121 te,
1380 4054 1620 4111 Domine.
1653 4055 1806 4112 Nulla
1829 4058 1972 4111 enitn
1998 4066 2175 4128 potest

575 4148 665 4205 via
696 4164 818 4205 esse
846 4149 1018 4217 bona,
1049 4150 1148 4204 nisi
1173 4166 1333 4221 quant
1370 4162 1424 4206 tu
1455 4151 1860 4207 illuminandatn
1895 4156 1967 4207 ιιιὶ
1998 4152 2175 4207 visita.

577 4242 726 4297 tione
751 4243 968 4297 luminis
984 4242 1315 4313 jndicaveris
1340 4264 1353 4299 :
1376 4244 1461 4299 cui
1480 4256 1562 4301 est
1586 4247 1789 4309 ltonor,
1808 4245 1977 4316 gloria
1995 4287 2010 4309 ,
2033 4245 2171 4312 laus,

575 4336 915 4408 perpetuitas
966 4351 997 4391 a
1051 4338 1294 4403 sa-culis,
1326 4346 1383 4394 et
1427 4354 1603 4407 nunc,
1636 4346 1692 4394 et
1737 4353 1984 4409 semper,
2018 4347 2073 4393 ct
2119 4339 2171 4392 itt

575 4432 756 4486 omnia
786 4431 984 4487 saecula
1006 4432 1353 4488 surculorum.
1384 4435 1579 4488 Amen.

844 4546 1081 4605 SEBMO
1124 4547 1495 4606 VlGESlblUS
1536 4546 1914 4607 SECUNDUS.

1263 4670 1328 4719 n.
1351 4662 1485 4719 Tua.

646 4796 699 4853 1.
739 4796 931 4867 Incipit
963 4798 1139 4854 littera
1171 4798 1312 4866 Tau,
1340 4816 1465 4871 quae
1504 4800 1670 4855 latina
1719 4799 2167 4870 interpretatione

570 4890 869 4963 significat.
895 4891 1105 4947 Erravit
1131 4909 1149 4947 :
1173 4894 1274 4947 alia
1296 4895 1671 4961 interpretatio
1696 4895 1887 4961 habet,
1916 4895 2168 4951 Consum-

570 4989 753 5043 mavit.
776 4988 915 5055 Quid
938 4996 1025 5043 est
1045 4988 1289 5044 erravit?
1312 4988 1583 5057 vigesima
1604 4989 1834 5043 secunda
1862 4990 2035 5045 Iitzera
2060 5000 2164 5055 est,

569 5096 693 5153 quae
723 5080 865 5149 apud
897 5080 1155 5136 llebrteos
1186 5090 1271 5135 est
1310 5080 1517 5134 ultima.
1551 5080 1767 5135 Psaltno
1793 5095 1973 5138 autem
2026 5084 2128 5138 isto
2150 5126 2163 5151 ,

569 5173 676 5229 hoc
704 5183 818 5240 est,
850 5175 1152 5230 centesimo
1179 5184 1371 5229 octavo
1399 5173 1612 5230 decimo
1663 5175 1963 5243 profectum
1997 5175 2169 5232 bomi-

567 5267 655 5324 nis
686 5267 919 5323 diximus
945 5267 1134 5341 (Snp.,
1164 5269 1217 5323 in
1250 5269 1452 5340 prolog.
1476 5269 1632 5329 huius
1661 5268 1820 5341 psal.)
1852 5270 2169 5340 significari,

566 5362 658 5433 qui
691 5361 955 5416 doctrina:
983 5362 1203 5418 moralis
1227 5363 1553 5432 magisteriis
1576 5363 1853 5429 eruditus,
1872 5364 2171 5433 deponeret

566 5467 786 5509 onmem
830 5452 1201 5509 inexercitata:
1253 5455 1449 5510 tuentis
1498 5455 1813 5521 infantiam,
1866 5467 2172 5514 assumeret

566 5558 751 5606 autem
788 5550 1036 5606 veterani
1088 5549 1306 5605 consilii
1336 5552 1620 5607 scientiam
1649 5561 1704 5608 et
1746 5552 2046 5623 prudentise
2084 5571 2170 5612 se-

637 5694 666 5725 ι
708 5685 849 5742 Edit.
904 5684 1334 5755 vet..pra:terita
1386 5684 1598 5739 donare.
1664 5685 1857 5751 Rom.,
1905 5692 2167 5754 praeterita

563 5757 831 5815 damnare.
874 5758 944 5815 Et
984 5772 1172 5813 rursus
1219 5757 1383 5821 intra,
1420 5768 1527 5811 vet.
1572 5756 1702 5813 edit.
1728 5760 1987 5819 ,conditio
2018 5762 2167 5829 lapsa

566 5832 808 5888 recreari.
836 5830 1021 5901 Rom”
1037 5830 1263 5887 conditio
1282 5830 1420 5885 lassa
1444 5831 1681 5887 recreari.
1708 5830 1837 5888 Mss.
1865 5848 1992 5891 vero
2015 5841 2165 5892 utro-

2282 3306 2397 3377 ipsa
2431 3315 2484 3361 te
2516 3308 2745 3362 instruat
2785 3318 2840 3361 et
2884 3308 3157 3362 informet.
3204 3306 3319 3361 Non
3365 3306 3635 3361 immerito
3664 3305 3880 3361 ea‘teris

2274 3403 2578 3458 antefertur
2600 3419 2614 3469 ;
2638 3403 2763 3475 quia
2789 3403 2907 3472 plus
2928 3410 3012 3457 est
3038 3418 3067 3456 a
3100 3401 3231 3457 vitio
3268 3416 3328 3457 se
3358 3415 3680 3460 revocasse.
3712 3416 3874 3469 quam

2275 3512 2440 3568 prope
2462 3499 2590 3553 vitia
2615 3499 2727 3567 ipsa
2755 3497 3019 3553 ne~ci3se.
3051 3495 3292 3552 [inbutos
3314 3495 3462 3552 enim
3497 3495 3643 3550 vitiis
3664 3495 3881 3551 animos

2272 3606 2473 3646 exuere
2502 3590 2675 3645 frenis
2704 3590 3063 3660 cupiditatum
3086 3600 3248 3657 atque
3272 3589 3595 3645 emendasse
3616 3632 3630 3653 ,
3662 3604 3769 3643 non
3792 3603 3886 3644 so«

2276 3684 2386 3739 lum
2422 3685 2678 3753 perfecta:
2701 3685 2916 3738 virtutis
2939 3726 2953 3744 .
2984 3684 3077 3740 sed
3104 3684 3266 3739 etiam
3292 3683 3535 3739 ctelrstis
3559 3692 3643 3737 est
3664 3683 3874 3753 gratire.

2276 3776 2582 3833 Emendare
2608 3780 2806 3831 ctenim
2842 3778 3019 3832 futura
3069 3777 3388 3832 attentionis
3443 3776 3695 3831 humana:
3749 3785 3879 3831 cst:

2277 3880 2302 3909 η
2321 3872 2593 3937 prmterita
2610 3870 3075 3927 damnaredivina'
3099 3879 3184 3926 est
3205 3870 3507 3940 potestatis.
3534 3868 3771 3927 "enitith
3795 3869 3880 3924 in-

2276 3974 2491 4020 vetitam
2515 3976 2701 4036 pastor
2722 3979 2877 4020 ovem
2904 3965 3142 4019 humeris
3168 3964 3424 4033 imposuit
3444 3964 3559 4018 suis
3579 3962 3744 4035 (Ibid.
3762 4005 3775 4026 ,
3796 3960 3876 4033 5).

2274 4059 2543 4131 Agnoscis
2574 4061 2761 4132 utique
2789 4061 3146 4133 mysterium,
3176 4060 3452 4129 quomodo
3482 4060 3600 4115 ovis
3631 4060 3767 4113 lassa
3792 4075 3885 4114 re-

2276 4151 2530 4217 ﬁcialur;
2564 4154 2686 4223 quia
2720 4167 2827 4207 non
2861 4161 3040 4221 potest
3088 4152 3246 4207 aliter
3294 4151 3527 4207 humana
3569 4150 3597 4189 ι)
3638 4150 3881 4208 conditio

2285 4247 2423 4303 lass:t
2450 4248 2725 4315 recreari,
2781 4247 2883 4303 nisi
2915 4256 3257 4303 sacramento
3287 4246 3584 4303 Dominica:
3613 4248 3882 4316 passionis

2278 4350 2334 4397 et
2354 4342 2630 4413 sanguinis
2654 4341 2778 4397 Jestt
2806 4340 3044 4407 Christi,
3069 4345 3222 4416 cujus
3245 4342 3569 4412 principatus
3595 4358 3750 4410 super
3772 4339 3877 4394 Itu-

2278 4451 2446 4489 meros
2475 4436 2587 4504 ejus
2620 4432 2790 4506 (Esai.
2816 4450 2902 4502 ιχ,
2935 4436 2989 4504 6)
3021 4451 3036 4499 ;
3069 4436 3122 4490 in
3161 4434 3252 4489 illa
3284 4433 3428 4490 enini
3454 4448 3620 4489 cruce
3648 4434 3879 4488 intirmi-

2279 4536 2419 4583 tates
2450 4538 2665 4582 nostras
2693 4531 2963 4599 portavit,
2991 4537 3048 4583 ut
3070 4529 3141 4583 ibi
3165 4528 3405 4584 omnium
3432 4540 3649 4598 peccata
3680 4544 3879 4583 vacua-

2194 4619 2249 4679 D
2276 4630 2377 4676 ret.
2408 4618 2599 4675 Metito
2630 4621 2868 4691 gaudent
2898 4622 3072 4693 aogeli
3108 4638 3123 4687 ;
3158 4622 3280 4688 quia
3316 4621 3361 4675 is
3390 4619 3481 4693 qui
3510 4622 3735 4689 erravit,
3763 4621 3876 4691 jam

2274 4730 2381 4769 non
2408 4723 2584 4779 errat,
2614 4714 2724 4784 jam
2756 4732 2910 4770 suum
2936 4726 3019 4771 est
3040 4716 3241 4771 oblitus
3279 4731 3545 4772 errorem.

2346 4808 2402 4865 4.
2445 4808 2559 4864 Non
2591 4826 2745 4865 error
2781 4809 2979 4881 igitur,
3005 4812 3100 4865 sed
3132 4811 3533 4867 consummatio
3582 4818 3668 4866 est
3706 4820 3763 4866 ut
3794 4811 3877 4867 al-

2274 4913 2387 4961 tera
2416 4904 2579 4961 docet
2600 4906 3019 4976 iiuterpretatio.
3062 4905 3472 4961 Consummatio
3502 4916 3683 4962 autem
3708 4949 3720 4966 .
3756 4921 3881 4976 prr-

2272 4999 2433 5055 fectio
2481 4999 2783 5069 disciplith
2835 5008 2937 5056 est.
2993 4998 3149 5056 Unde
3199 5008 3255 5056 el
3306 5000 3609 5055 Hieremias
3660 4998 3711 5054 itt
3764 4998 3879 5053 suis

2273 5091 2507 5147 Threuis
2552 5093 2653 5147 sub
2699 5091 2798 5147 hac
2847 5094 3026 5147 littera
3078 5094 3154 5146 ait
3186 5110 3198 5145 :
3230 5091 3431 5163 Defecit
3473 5091 3715 5161 iniquitas
3757 5102 3875 5159 tua,

2273 5186 2384 5255 ﬁlia
2415 5186 2543 5241 Sion
2574 5201 2593 5241 :
2623 5202 2726 5239 non
2766 5185 2976 5253 adjiciat
3017 5194 3064 5239 te
3100 5187 3353 5254 expellere
3394 5185 3583 5238 adhuc.
3644 5182 3882 5238 Visitauit

2276 5280 2575 5351 iniquitates
2607 5290 2723 5333 tuas
2745 5321 2758 5341 ,
2790 5280 2901 5349 ﬁlia
2934 5278 3100 5333 Edoni
3133 5295 3151 5335 :
3180 5279 3418 5334 ret'elavit
3465 5296 3619 5350 super
3670 5288 3881 5351 peccata

2273 5381 2362 5427 tua
2391 5371 2609 5430 (Tltrcn.
2636 5388 2687 5426 tv
2710 5414 2724 5435 ,
2747 5371 2868 5441 21).
2896 5372 3150 5428 Advenis
3182 5373 3439 5442 quoniam
3470 5372 3727 5443 iniquitas
3771 5387 3878 5427 non
3958 5356 3961 5361 i

2273 5466 2448 5537 putuit
2472 5468 2589 5521 sine
2624 5466 2716 5520 ltei
2746 5466 3060 5521 visitatioue
3102 5465 3369 5532 deiicere,
3408 5481 3507 5523 nec
3548 5469 3707 5536 plena
3753 5479 3881 5520 esse

2272 5562 2565 5625 correctio,
2596 5560 2699 5616 nisi
2732 5578 2827 5633 per
2854 5564 3081 5634 gratiam
3112 5562 3324 5618 Domini
3354 5559 3697 5619 Salvatotis?
3727 5558 3879 5628 Quo-

2281 5691 2462 5767 biqug
2476 5692 2668 5767 partim
2695 5694 2849 5758 huic,
2875 5694 3066 5767 partim
3095 5693 3203 5749 illis
3228 5692 3516 5767 accedunt.

2348 5765 2376 5804 δ
2418 5763 2537 5847 Yet.
2587 5766 2720 5822 edit.
2772 5763 2894 5823 cum
2938 5775 3090 5838 parte
3133 5766 3544 5831 tuss.,conditio
3590 5766 3741 5837 lapsa
3789 5781 3879 5821 re—

2279 5851 2469 5895 creari.
