4156 6346
233 335 353 394 1515

1308 331 1373 388 ΙΝ
1415 330 1747 392 PSALMUM
1784 327 2000 390 CXVIII
2042 323 2428 390 EXPOSITIO.

3361 323 3499 393 is”

227 452 369 512 modo
405 458 580 505 autem
620 447 839 504 deliciat
884 447 1174 515 iniquitas,
1209 449 1334 502 audi
1386 448 1656 504 dicentem
1697 450 1802 506 Ec-
1827 472 1876 532 Α
1905 448 2007 503 viri
2040 448 2170 504 satis
2198 448 2430 504 habeant
2457 447 2503 501 si
2532 459 2722 502 eorum
2753 447 3152 519 appropinquet
3177 449 3375 505 oratio.

232 547 428 604 clesiam
455 561 468 596 :
500 541 640 598 Επιιὶ
665 541 892 596 tunicam
910 557 1078 595 meam
1095 582 1110 604 ,
1132 540 1392 612 quomodo
1414 541 1628 595 induam
1652 542 1799 596 eam?

229 639 338 695 Lari
356 635 500 708 pedes
520 650 658 690 meos
673 674 687 699 ,
714 632 973 704 quomodo
999 632 1279 703 inquinabo
1307 649 1395 688 eos
1417 631 1597 705 (Cant.
1631 649 1694 700 v,
1718 635 1799 704 5).

229 731 416 788 Veteris
443 726 603 799 igitur
629 727 869 782 hominis
897 726 1282 782 vestimentum
1315 727 1464 782 vitiis
1490 728 1695 782 erroris
1723 729 1806 784 in-

232 834 446 889 textum,
477 822 532 878 in
578 821 783 877 lavacri
823 823 1240 892 regeneratioue
1282 821 1590 892 depositum
1633 821 1806 878 nescit

232 917 477 994 quomodo
513 919 690 988 possit
733 915 958 972 induere
989 930 1006 981 ;
1041 915 1221 971 studio
1259 916 1403 972 enim
1451 915 1808 972 correctionis

233 1013 503 1071 inoleverat
519 1009 725 1066 oblivio
739 1015 1107 1080 peccatorum.
1129 1007 1300 1064 Tanta
1322 1008 1401 1064 vis
1417 1017 1807 1064 consummatae

235 1104 611 1163 emendationis
640 1111 722 1158 est
752 1143 769 1170 ,
802 1108 865 1158 ut
902 1101 958 1158 in
1000 1101 1290 1173 quamdam
1324 1101 1575 1172 pueritia:
1621 1100 1810 1156 redeat

234 1197 472 1270 spiritalis
500 1205 718 1251 aetatem
741 1235 757 1261 ,
787 1209 912 1265 quae
949 1194 1068 1250 vias
1093 1193 1298 1249 erroris
1327 1195 1571 1264 ignorct,
1601 1193 1810 1248 crimen

236 1289 426 1347 etiamsi
451 1286 616 1352 velit,
645 1301 752 1342 non
784 1284 959 1356 possit
983 1285 1273 1340 admittere
1298 1303 1312 1348 ;
1342 1286 1466 1355 quia
1499 1283 1812 1340 desueverit

244 1399 378 1440 usum
406 1397 566 1439 nosse
606 1380 889 1452 peccandi.
927 1380 996 1435 Et
1017 1379 1128 1450 jam
1150 1379 1220 1436 de
1241 1378 1404 1450 hujus
1427 1379 1625 1434 littera:
1646 1379 1814 1434 inter-

239 1478 517 1549 pretatione
545 1475 678 1532 satis
704 1474 912 1530 dictum
935 1474 1173 1530 arbitror
1202 1491 1215 1528 :
1247 1486 1392 1528 nunc
1419 1485 1814 1543 cognoscamus

239 1587 296 1628 ex
322 1569 546 1626 subditis
566 1612 582 1636 ,
615 1577 642 1607 ἰ
669 1584 790 1639 qua:
817 1568 891 1623 sit
916 1568 1014 1622 viri
1047 1567 1408 1623 consummati
1447 1567 1739 1621 sententia.

300 1665 347 1720 5.
385 1663 567 1737 (Vers.
595 1662 749 1734 169.)
777 1661 965 1733 Itaque
988 1661 1068 1716 sic
1096 1662 1172 1715 ait
1196 1678 1209 1714 :
1233 1660 1624 1733 Appropinquet
1650 1659 1818 1714 oratio

243 1773 338 1813 mea
359 1756 409 1811 in
428 1763 706 1827 conspectu
726 1764 839 1820 tuo,
869 1753 1084 1808 Domine
1107 1770 1126 1808 :
1145 1756 1426 1808 secuiidum
1447 1755 1655 1809 eertum
1675 1765 1818 1808 tuum

1977 545 2030 598 7.
2074 543 2153 598 Ex
2192 559 2292 598 usu
2331 551 2510 598 autem
2558 542 2728 597 nostri
2774 543 3041 597 sermonis
3089 543 3499 601 consideremus

1906 636 2033 708 quid
2063 637 2133 691 sit
2159 635 2611 706 appmpinquare.
2642 634 2921 692 Constitue
2949 638 3265 707 magistrum
3290 681 3303 704 ,
3339 647 3501 710 atque

1907 729 2278 799 discipulum:
2313 729 2358 784 si
2413 729 2712 800 discipulus
2764 729 3061 785 studiosius
3117 732 3362 803 magistri
3420 733 3500 788 vel

1910 823 2091 878 hausit
2138 821 2446 894 ingenium,
2479 825 2564 880 vel
2608 836 2881 895 praecepto
2921 825 3186 891 intendit,
3227 827 3299 882 ita
3336 841 3393 882 ut
3436 829 3504 882 ad

1911 915 2318 972 similitudinem
2364 916 2546 987 operis
2592 917 2710 988 ejus
2761 928 2925 990 atque
2967 919 3229 975 doctrinm
3263 926 3508 992 proxime

1914 1010 2157 1066 videatur
2187 1010 2451 1067 accedere
2491 1029 2505 1078 ;
2549 1027 2733 1068 nonne
2763 1012 2946 1069 dicere
2978 1015 3216 1070 solemus
3243 1017 3384 1087 quod
3414 1033 3507 1087 ap-

1917 1108 2296 1178 propinquavit
2337 1098 2594 1178 magistro
2621 1109 2645 1162 ?
2675 1108 2814 1178 Ergo
2843 1118 2896 1163 et
2923 1117 2978 1163 tu
3011 1110 3052 1163 si
3088 1110 3416 1166 imitatorem
3457 1120 3510 1166 tc

1918 1200 2163 1269 prtebeas
2207 1199 2413 1254 Christi
2442 1199 2582 1255 sicut
2612 1201 2702 1255 ille
2733 1203 2820 1269 qui
2844 1201 2921 1255 ait
2949 1219 2962 1254 :
2998 1200 3289 1257 Imitatores
3310 1206 3408 1259 mei
3434 1221 3514 1258 es-

1919 1304 2052 1359 tote,
2101 1294 2231 1348 sicut
2270 1303 2321 1348 et
2351 1311 2441 1364 ego
2481 1293 2675 1349 Christi
2707 1295 2914 1364 ([Cor.
2948 1313 3028 1364 Iv,
3066 1299 3157 1365 16)
3190 1317 3204 1353 :
3237 1299 3280 1352 si
3329 1299 3510 1356 dolum

1920 1389 2161 1454 nescias,
2187 1387 2524 1444 mendacium
2554 1389 2735 1444 oderis
2753 1432 2768 1454 ,
2794 1391 3075 1446 veritatem
3100 1395 3374 1464 sequaris,
3396 1395 3517 1462 jus-

1921 1480 2092 1535 titiam
2125 1495 2231 1534 non
2267 1480 2533 1553 rel‘ugias,
2559 1482 2749 1553 diligas
2779 1483 3156 1539 castimoniam
3179 1528 3192 1548 .
3221 1487 3519 1555 appropin-

1921 1573 2100 1645 quasti
2129 1573 2378 1640 Christo,
2413 1585 2467 1631 et
2497 1591 2593 1646 per
2626 1576 2904 1632 Christum
2942 1579 3072 1634 Deo.
3119 1578 3238 1647 Ipse
3264 1580 3406 1634 enim
3438 1588 3523 1635 est

1921 1668 2043 1734 via,
2075 1683 2178 1738 qua
2225 1669 2540 1738 pervenitur
2587 1669 2654 1724 ad
2700 1668 2946 1735 Patrem,
2983 1671 3071 1742 qui
3117 1670 3257 1742 apud
3306 1671 3520 1728 Patrem

1924 1775 2142 1831 semper
2171 1769 2276 1816 cst.

245 1848 352 1904 milii
390 1847 555 1904 tribue
584 1848 922 1904 intellectum.
961 1846 1156 1904 Volarc
1186 1847 1315 1902 facit
1340 1848 1644 1903 orationem
1677 1847 1817 1902 bona
1851 1871 1900 1933 Β
1998 1852 2053 1908 8,
2095 1852 2392 1909 Didicimus
2421 1852 2548 1924 quid
2594 1854 2662 1909 sit
2691 1856 3128 1926 appropinquare
3179 1857 3481 1914 orationem
3510 1901 3524 1925 ,

244 1945 335 1999 vita
354 1986 367 2006 ,
393 1954 443 2000 et
474 1944 572 2000 dat
612 1943 728 1998 alas
756 1941 1012 2014 precibus
1038 1940 1310 2012 spiritales
1329 1983 1346 2011 ,
1376 1941 1575 2013 quibus
1604 1950 1825 1995 sancto-

247 2054 348 2094 rum
377 2039 439 2093 ad
479 2037 652 2093 Deum
681 2033 950 2092 evehatur
975 2035 1172 2089 oratio.
1219 2033 1328 2090 Sed
1359 2043 1414 2090 et
1454 2034 1678 2103 spiritus
1716 2047 1826 2104 quo

253 2130 444 2206 ιω
470 2143 699 2187 oramus
719 2170 733 2194 ,
766 2129 1016 2186 sublevat
1063 2143 1278 2200 precem
1309 2128 1439 2199 justi
1471 2143 1486 2193 ;
1515 2127 1752 2182 maxime
1780 2127 1826 2181 si

247 2225 390 2282 corde
415 2224 655 2280 contrito
683 2222 1019 2292 compatieus
1048 2238 1168 2279 eam
1199 2221 1546 2278 commendet
1573 2221 1822 2276 allectus.

251 2316 604 2375 Consummati
629 2325 810 2372 autem
833 2316 937 2371 viri
965 2316 1067 2371 ista
1097 2326 1182 2371 est
1204 2314 1552 2372 confidentia.
1585 2314 1831 2384 Denique

253 2414 354 2484 ipse
395 2413 566 2470 David
618 2413 671 2469 iu
716 2412 1091 2484 superioribus
1122 2412 1279 2468 istius
1327 2411 1517 2479 psalmi
1549 2412 1830 2467 lucernam

257 2510 350 2566 suis
368 2509 594 2582 pedibus
619 2509 930 2580 requirebat
960 2506 1122 2581 (Sup.
1151 2523 1202 2560 υ.
1230 2505 1359 2578 105)
1385 2522 1400 2572 ;
1432 2521 1498 2560 ne
1524 2506 1576 2560 in
1606 2505 1711 2561 hoc
1739 2505 1833 2560 iti-

258 2620 371 2661 nere
399 2615 625 2661 terreno
660 2603 946 2660 ambulans
987 2613 1172 2672 posset
1199 2615 1405 2656 errare.
1453 2597 1610 2654 Nunc
1653 2609 1834 2654 autem

260 2700 390 2770 quasi
411 2699 526 2768 jam
569 2699 624 2754 in
653 2698 760 2753 line
798 2707 853 2752 et
881 2709 1140 2766 processu
1187 2694 1431 2766 positus,
1463 2701 1839 2750 consummato

263 2792 418 2848 viandi
462 2805 728 2858 munere,
763 2800 911 2846 totus
957 2787 1211 2859 assurgit.
1247 2786 1316 2842 Et
1342 2786 1646 2841 orationem
1686 2799 1838 2840 suam

265 2883 426 2957 dirigit
448 2885 500 2940 in
534 2884 775 2942 celestia
805 2900 817 2936 :
845 2882 1010 2937 mittit
1034 2896 1153 2936 eam
1177 2881 1229 2936 in
1252 2889 1602 2950 conspectum
1631 2877 1844 2933 Domini

267 2979 568 3044 Salvatoris,
589 2978 727 3034 dans
749 2976 822 3032 illi
842 2975 1269 3045 ﬂabrajustitite,
1296 2973 1577 3044 sapientia:
1600 2971 1842 3036 ﬂamina,

268 3074 464 3144 remigia
496 3071 808 3128 devotionis
832 3079 888 3126 et
926 3069 1052 3125 ﬁdei
1073 3111 1088 3136 ,
1121 3068 1448 3124 innocentiae
1493 3066 1850 3138 puritatisque

270 3165 481 3223 subsidia
515 3183 534 3232 ;
565 3171 790 3237 peccato
825 3162 970 3220 enim
1015 3163 1288 3234 gravescit
1327 3159 1539 3228 oratio,
1583 3171 1638 3216 et
1687 3159 1852 3228 longe

1930 1944 2034 2000 hoc
2083 1953 2196 2012 est,
2249 1946 2496 2002 elcvetur
2543 1946 2753 2000 actibus
2793 1947 3014 2003 nostris.
3044 1947 3101 2004 Si
3151 1949 3335 2004 elevas
3375 1960 3529 2006 actus

1930 2049 2086 2106 tuos,
2131 2040 2354 2095 elevasti
2398 2041 2697 2094 orationem
2750 2051 2915 2096 tuam.
2969 2041 3072 2110 Qui
3116 2043 3267 2096 novit
3313 2042 3532 2098 elevare

1933 2149 2123 2189 manus
2168 2148 2324 2197 suas,
2358 2133 2544 2204 dirigit
2591 2136 2891 2190 orationem
2935 2150 3086 2188 suam
3137 2135 3188 2188 in
3235 2146 3534 2206 conspectu

1933 2228 2063 2295 Dei,
2094 2227 2234 2282 sicut
2285 2225 2422 2282 infra
2481 2225 2654 2298 legisti
2686 2244 2699 2280 :
2732 2226 3003 2300 Dirigatur
3031 2229 3197 2280 oratio
3243 2244 3358 2282 mea
3402 2229 3535 2281 sicut

1935 2323 2201 2378 incensum
2223 2324 2274 2376 in
2301 2332 2575 2391 conspectu
2608 2333 2714 2376 tuo.
2748 2320 2982 2374 Elevutio
3025 2337 3270 2374 manuum
3302 2337 3536 2374 iurarunt

1937 2418 2258 2488 sacriﬁcium
2288 2418 2632 2487 vespertinum
2665 2415 2838 2482 (Psal.
2874 2432 3010 2481 CXL,
3055 2415 3135 2487 2).
3181 2416 3306 2472 Hmc
3354 2418 3539 2487 utique

1939 2511 2117 2566 oratio
2145 2510 2213 2564 ad
2255 2511 2452 2574 vitam,
2486 2508 2589 2562 alia
2622 2509 2798 2561 oratio
2831 2509 2880 2560 in
2915 2519 3196 2576 peccatum
3229 2526 3242 2561 :
3277 2507 3342 2561 Et
3372 2511 3539 2562 oratio

1947 2601 2164 2676 1249
2194 2606 2303 2670 ejus
2334 2602 2424 2672 fiat
2469 2603 2520 2654 in
2567 2609 2827 2670 peccatum
2861 2598 3036 2672 (Psal.
3068 2615 3192 2654 cvnt
3215 2642 3228 2663 ,
3263 2600 3343 2670 7).
3381 2600 3447 2654 Et
3484 2610 3540 2655 tu

1942 2698 1986 2752 si
2017 2698 2296 2752 saecularia
2325 2703 2512 2766 petas,
2536 2694 2582 2749 si
2629 2694 2891 2766 ﬂagitiosa
2923 2693 3163 2762 postules
3185 2735 3201 2760 ,
3233 2697 3410 2748 Oratio
3453 2706 3541 2749 tua

1945 2804 2054 2844 non
2084 2787 2150 2842 ad
2202 2789 2368 2842 Dcum
2413 2786 2700 2858 dirigitur,
2729 2786 2824 2840 sed
2857 2787 2910 2838 in
2958 2795 3260 2856 peccitum.
3309 2785 3544 2857 Ideoque

1947 2881 2189 2951 intellige
2209 2896 2330 2950 qttze
2361 2891 2533 2946 petas.

2020 2975 2075 3032 9.
2110 2974 2429 3036 Secundum,
2463 2973 2660 3044 inquit,
2685 2973 2892 3027 uerbum
2941 2983 3082 3024 tuum
3114 2971 3243 3026 mihi
3269 2971 3435 3026 tribue
3461 2974 3547 3026 in-

1953 3070 2235 3125 tellectum.
2281 3068 2520 3124 Adverte
2574 3065 2700 3136 quid
2743 3066 3002 3134 postulet.
3047 3065 3164 3120 Non
3213 3066 3550 3121 intellectum

1953 3162 2288 3234 generaliter
2327 3161 2487 3227 dixit,
2512 3159 2607 3214 sed
2629 3159 2967 3214 intellectum
3001 3161 3299 3214 secundum
3325 3161 3550 3214 verbum

273 3257 318 3315 lit
345 3276 372 3316 a
403 3261 536 3316 Deo.
567 3259 743 3316 Tanto
770 3267 950 3314 autem
981 3256 1101 3328 plus
1125 3266 1416 3328 gravatur,
1445 3253 1472 3292 δ
1496 3263 1703 3326 quanto
1750 3253 1850 3308 im-
1876 3275 1923 3336 ρ
1961 3257 2052 3312 Dei
2079 3271 2094 3322 ;
2128 3266 2212 3312 est
2243 3256 2389 3311 enim
2419 3253 2728 3308 intellectus
2749 3253 2815 3306 ad
2851 3267 3105 3317 mortem,
3139 3253 3272 3307 sicut
3309 3267 3386 3308 esv
3431 3270 3556 3321 pru-

271 3352 585 3422 prohabilior
611 3361 695 3408 est
721 3352 832 3405 vita
863 3348 1231 3420 deprecantis.
1263 3347 1636 3404 Innocentium
1668 3353 1848 3400 autem

274 3447 496 3503 ascendit
525 3445 737 3511 oratio,
767 3453 820 3498 et
850 3442 1085 3513 gemitus
1107 3442 1495 3510 compatientis
1524 3437 1782 3505 allectus,
1806 3439 1850 3493 si

277 3537 572 3611 (Egyptium
600 3537 773 3594 lutum
807 3535 1054 3602 oderint,
1083 3543 1140 3590 et
1175 3536 1390 3605 operari
1423 3543 1640 3590 terrena
1685 3531 1856 3588 decli-

275 3643 411 3690 nent.
458 3633 704 3704 Denique
749 3631 830 3686 sic
877 3630 1053 3700 legisti
1099 3627 1293 3702 (Exod.
1325 3645 1390 3690 u.
1419 3628 1549 3697 25),
1579 3625 1722 3698 quod
1753 3625 1857 3681 He-

278 3723 526 3782 brzeorum
561 3725 656 3798 qui
702 3724 836 3779 dura
867 3721 1248 3795 Egyptiorum
1281 3721 1507 3790 imperia
1556 3720 1698 3775 ferre
1748 3735 1856 3776 non

281 3827 549 3892 poterant;
576 3827 632 3874 et
653 3825 711 3872 ut
729 3818 944 3888 gravia,
969 3815 1041 3870 ita
1064 3824 1119 3871 et
1149 3816 1407 3871 lutulenta
1440 3829 1605 3884 opera
1638 3813 1858 3884 indigna

281 3911 351 3966 sui
380 3911 667 3968 nobilitate
692 3909 908 3982 generis
934 3907 1277 3973 recusabant,
1309 3907 1543 3980 gemitus
1571 3920 1624 3962 et
1647 3923 1747 3962 vos
1772 3921 1860 3960 as-

281 4003 503 4060 cenderit
522 4003 594 4060 ad
624 4003 910 4058 Dominum
935 4002 1102 4058 Deum
1133 4007 1402 4057 nostrum.
1435 4001 1690 4056 Ascendit
1717 4002 1860 4055 enim

286 4095 638 4168 oratio;quia
683 4095 789 4151 etsi
833 4095 1236 4163 operabantur,
1270 4101 1448 4150 tamen
1495 4093 1865 4164 operabantur

287 4186 442 4244 inviti.
470 4188 854 4247 Descendebat
874 4191 1053 4260 itaque
1077 4187 1144 4243 ad
1169 4187 1292 4242 illos
1317 4186 1409 4243 Dei
1440 4186 1816 4243 misericordia
1846 4201 1862 4253 ;

287 4283 394 4353 quia
431 4283 651 4340 illorum
681 4282 749 4338 ad
781 4283 951 4340 Deum
990 4281 1324 4339 ascendebat
1370 4281 1608 4338 devotio.

349 4378 398 4433 6.
457 4378 800 4436 Ascendebat
855 4379 1036 4450 itaque
1089 4392 1194 4433 non
1243 4375 1647 4446 corporaliter;
1688 4390 1866 4447 neque

290 4470 417 4527 enim
450 4472 713 4545 propheta
737 4481 923 4528 tantus
948 4473 1312 4542 precationem
1339 4485 1492 4526 suam
1517 4470 1734 4540 petebat
1757 4469 1870 4526 Deo

288 4569 631 4636 corporaliter
655 4567 1094 4638 appropinquare
1126 4584 1139 4622 :
1171 4581 1296 4621 nam
1325 4565 1416 4637 qui
1445 4566 1519 4621 ita
1551 4575 1736 4636 putat,
1766 4565 1872 4620 uti-

1957 3349 2138 3405 dentia
2167 3348 2232 3402 ad
2265 3346 2544 3404 interitum
2579 3366 2591 3401 :
2631 3345 2758 3400 Filii
2801 3346 2958 3419 hujus
2981 3347 3161 3400 swculi
3199 3345 3557 3418 prudentiores

1958 3455 2076 3498 sunt
2104 3459 2258 3511 quam
2287 3441 2384 3510 ﬁlii
2412 3442 2543 3495 lucis
2567 3440 2622 3494 in
2651 3441 2747 3493 hac
2773 3440 3101 3512 generatione
3135 3436 3288 3509 (Luc.
3336 3456 3452 3503 ut,
3477 3441 3554 3510 8).

1960 3537 2068 3592 Sed
2113 3534 2396 3604 prudentia
2447 3535 2549 3589 ista
2595 3549 2715 3604 qua:
2756 3533 2940 3586 struuli
2970 3541 3080 3596 est,
3123 3534 3189 3586 atl
3241 3535 3402 3588 vitam
3452 3551 3558 3589 non

1961 3633 2290 3702 suifragutur
2335 3637 2619 3685 a-ternam.
2659 3629 2813 3683 Circa
2871 3628 3139 3692 honores,
3170 3627 3311 3682 cirCn
3368 3627 3560 3683 luci-lla

1963 3739 2085 3794 est,
2138 3726 2437 3797 qumstibus
2483 3725 2869 3779 CO!I(‘(’I’\':HNIIS
2913 3725 3152 3784 intenta,
3202 3739 3308 3777 non
3356 3722 3563 3780 merdis

1963 3821 2365 3893 comparandis.
2417 3819 2700 3874 Postremo
2739 3819 2883 3873 circa
2929 3819 3196 3872 elementa
3247 3819 3430 3873 mundi
3480 3829 3565 3874 cst

1964 3915 2240 3987 phalerato
2275 3912 2446 3984 magis
2477 3929 2636 3982 quam
2677 3927 2802 3966 vera
2836 3912 3134 3980 sapientia;
3165 3922 3221 3965 ut
3271 3923 3354 3967 est
3394 3915 3568 3981 philo-

1965 4008 2156 4080 sophia
2196 4006 2376 4061 omnis
2403 4021 2522 4075 quae
2562 4005 2737 4060 aliena
2784 4005 3001 4073 qumrit,
3024 4020 3145 4058 cum
3180 4019 3274 4058 sua
3317 4006 3563 4060 nesciat:

1969 4109 2246 4157 scrutatur
2285 4097 2409 4154 caeli
2458 4097 2674 4168 plagas,
2720 4095 2904 4151 mundi
2947 4095 3118 4164 spatia
3165 4097 3413 4164 rimatur,
3443 4112 3567 4168 qua:

1969 4196 2070 4252 sibi
2118 4192 2380 4264 prodesse
2428 4191 2563 4247 nihil
2615 4197 2878 4261 possunt:
2915 4189 3086 4246 Deum
3127 4191 3371 4262 ignorat,
3405 4208 3564 4262 quem

1969 4290 2144 4346 solum
2166 4288 2393 4345 deberet
2422 4285 2717 4358 inquirere.

2044 4384 2133 4440 10.
2168 4384 2294 4440 ideo
2332 4398 2496 4440 verus
2542 4387 2761 4455 sapiens
2788 4383 2960 4440 dicit:
2985 4383 3048 4440 Si
3095 4385 3210 4454 quis
3238 4383 3438 4439 videtur
3481 4402 3570 4438 su-

1973 4479 2122 4550 piens
2151 4495 2258 4534 esse
2300 4478 2434 4532 inter
2460 4494 2549 4532 vos
2596 4478 2650 4531 in
2685 4479 2780 4532 hoc
2807 4477 3018 4540 sarculo,
3055 4479 3246 4532 stultus
3274 4478 3388 4545 ﬁat,
3421 4487 3475 4530 ut
3505 4478 3573 4532 sit

1973 4575 2221 4644 sapiens;
2263 4573 2520 4642 sapientia
2564 4573 2700 4626 enim
2755 4573 2909 4644 hujus
2971 4570 3185 4634 mundi,
3233 4572 3453 4624 stultitia
3499 4579 3576 4624 est

293 4665 450 4735 queis
478 4665 649 4720 Deum
677 4673 830 4720 certo
860 4663 912 4718 in
943 4661 1126 4732 aliquo
1155 4660 1274 4716 loco
1303 4675 1366 4716 ac
1396 4659 1526 4715 sedc.
1552 4659 1866 4727 concludit,
1896 4674 1949 4734 D
1973 4666 2116 4739 apud
2149 4665 2307 4719 Deum
2350 4666 2368 4735 (
2385 4664 2401 4717 l
2431 4662 2576 4728 Cor.,
2609 4678 2687 4722 tu.
2727 4663 2788 4717 l8
2818 4674 2862 4716 et
2890 4660 3010 4732 l9).
3064 4663 3467 4718 Elaborandum
3496 4673 3580 4718 est

295 4766 346 4812 ut
389 4757 725 4814 dilIusiorem
773 4756 951 4811 locum
998 4754 1052 4810 iu
1099 4768 1209 4824 quo
1236 4752 1381 4808 Deus
1411 4753 1482 4808 sit
1528 4752 1871 4820 arbitretur;

295 4862 403 4904 cum
433 4851 620 4922 utique
647 4847 968 4915 invisibilis,
1002 4845 1323 4913 incﬁubilis,
1354 4846 1876 4918 incomprehensibi-

297 4940 358 4999 lis
383 4945 600 5014 impleat
631 4941 844 5006 omnia,
877 4951 928 4997 et
956 4937 1255 4996 divinitatis
1283 4941 1335 4995 in
1366 4954 1433 4995 eo
1471 4939 1679 4994 habitet
1708 4939 1878 5009 pleni-

299 5037 434 5092 tudo.
465 5036 592 5108 Legi
625 5035 844 5107 Moysen
871 5033 1334 5104 appropinquasse
1359 5032 1474 5088 Deo
1494 5031 1694 5091 (Exod.
1724 5047 1877 5099 xxiv,

308 5128 408 5200 l8),
433 5145 556 5185 cum
586 5129 783 5200 Legem
813 5128 1086 5195 acciperet
1116 5143 1129 5180 :
1162 5126 1256 5181 sed
1301 5125 1462 5181 solita
1516 5125 1680 5180 David
1726 5140 1882 5179 verc-

302 5223 474 5279 cundia
509 5240 617 5280 non
668 5219 1052 5291 semetipsum,
1084 5219 1180 5276 sed
1221 5221 1522 5277 orationem
1574 5233 1724 5274 suam
1771 5219 1883 5273 Deo

304 5318 722 5388 apprOpinquare
773 5315 1046 5387 postulat;
1079 5325 1136 5369 ut
1181 5314 1427 5370 videatur
1473 5314 1610 5369 ordo
1662 5313 1882 5384 quidam

305 5425 412 5466 esse
453 5412 774 5474 distinctus,
805 5407 948 5479 quod
978 5407 1012 5462 ii
1045 5407 1138 5478 qui
1191 5407 1545 5477 perfectiores
1589 5417 1742 5475 sunt,
1779 5409 1882 5479 ipsi

306 5507 727 5578 appropinqnent
783 5504 926 5569 Deo,
956 5502 1233 5574 sequentis
1273 5511 1455 5558 autem
1497 5503 1705 5560 ordinis
1751 5505 1885 5575 justi

376 5678 400 5704 ’³
439 5667 660 5740 Septem
706 5683 1010 5740 mss.,qure
1041 5669 1108 5722 sit
1142 5667 1238 5740 uiri
1261 5664 1624 5737 fconsummati
1671 5669 1883 5739 ﬁducia.

311 5736 404 5794 Pro
448 5736 548 5796 hac
579 5742 809 5798 lectione
846 5739 992 5804 facit,
1025 5739 1166 5810 quod
1195 5736 1357 5799 paulo
1389 5748 1510 5810 post
1553 5743 1604 5793 in
1655 5736 1898 5797 "intubus

313 5825 502 5951 mssﬁft
531 5814 662 5899 edit.
716 5812 984 5869 habetur:
1016 5811 1354 5867 consummati
1382 5819 1552 5865 autem
1583 5810 1680 5865 viri
1707 5812 1804 5866 ista
1827 5825 1900 5869 est

313 5898 396 5938 con
475 5897 635 5943 entia.

313 5897 635 5943 conﬁdentia.

593 5978 865 6041 Panos.
947 5981 1081 6041 XV.

1979 4762 2142 4832 igitur
2171 4772 2226 4813 ut
2257 4760 2308 4813 in
2339 4758 2440 4812 hoc
2459 4759 2663 4812 Sacculo
2693 4755 2842 4809 stulti
2875 4756 3068 4820 simus,
3097 4754 3228 4810 nihil
3269 4755 3425 4812 nobis
3452 4771 3575 4810 cum

1979 4852 2354 4927 philosophia;
2390 4868 2454 4906 ne
2485 4851 2607 4922 quis
2657 4850 2816 4906 [idem
2871 4863 3112 4904 ntisll'tllll
3164 4865 3258 4918 per
3307 4852 3578 4906 eleuu-nta

1982 4946 2168 5032 mqndi
2208 4945 2365 5017 hujus
2397 4945 2645 4999 traducat
2673 4959 2701 4997 a
2729 4959 2898 5006 vero;
2938 4960 3007 4997 ne
3051 4943 3171 5012 quis
3216 4949 3577 5000 assertionem

1984 5049 2224 5097 nostram
2278 5054 2373 5109 per
2425 5035 2823 5107 philosmibium
2880 5035 3245 5107 deprtedetur.
3297 5033 3388 5091 Sic
3435 5035 3580 5091 enim

1987 5134 2218 5192 Arianos
2247 5133 2298 5189 in
2331 5131 2612 5204 perlidiam
2642 5133 2817 5186 ruiSse
2845 5127 3216 5199 t-ogllm‘illlus.
3240 5128 3367 5182 (ίιιιιι
3393 5127 3585 5185 (211118⁸

1987 5231 2024 5284 ti
2056 5229 2460 5299 generationem
2503 5234 2692 5294 putant
2734 5236 2829 5277 usu
2879 5219 3039 5290 hujus
3085 5221 3273 5274 surculi
3319 5220 3586 5292 colligen-

1988 5321 2133 5378 dam.
2183 5319 2542 5382 Reliquertmt
2571 5315 2915 5386 Apostolum,
2963 5322 3265 5383 sequuntur
3313 5315 3585 5370 Aristote-

1988 5417 2117 5474 lem.
2155 5414 2513 5486 Reliquerunt
2559 5410 2883 5481 sapientiam
2923 5424 3043 5480 quae
3073 5407 3216 5478 apud
3253 5407 3421 5462 Deum
3454 5419 3539 5464 est
3574 5426 3586 5461 :

1991 5508 2274 5579 elegerunt
2302 5503 2688 5576 disputationis
2719 5502 3044 5567 tendiculas,
3067 5510 3122 5555 et
3143 5501 3370 5570 aucupia
3403 5501 3578 5556 verbo-

2070 5669 2098 5709 b
2139 5670 2342 5724 Omnes
2393 5665 2761 5734 edit.,quanto
2810 5661 3092 5735 improbior
3137 5678 3152 5725 ;
3196 5677 3386 5718 omnes
3426 5679 3592 5733 mss.,

2008 5753 2201 5811 quanto
2236 5737 2863 5811 improbabilior.ltertun
2909 5751 3040 5791 vero
3068 5736 3168 5811 tibi
3205 5735 3477 5811 vet._cdit.
3531 5754 3595 5791 ac

2010 5805 2180 5879 mssa,
2214 5813 2418 5880 aperuri
2466 5822 2667 5866 terrena
2713 5809 3014 5872 declinent;
3067 5805 3224 5860 Rom.
3255 5805 3369 5860 sola
3419 5811 3598 5876 posuit

2003 5901 2167 5957 opera
2191 5895 2392 5939 terrena
2423 5883 2695 5938 declinent.

3198 5973 3269 6034 11
