  <div class='ocr_page' id='page_1' title='image "/cluster/home/n/w/nwhite01/storage/ocr_20150623/15/hvd.32044015471311/171.png"; bbox 0 0 4156 6346; ppageno 0'>
   <div class='ocr_carea' id='block_1_1' title="bbox 551 271 693 331">
    <p class='ocr_par' dir='ltr' id='par_1_1' title="bbox 551 271 693 331">
     <span class='ocr_line' id='line_1_1' title="bbox 551 271 693 331; baseline -0.014 -3"><span class='ocrx_word' id='word_1_1' title='bbox 551 271 693 331; x_wconf 63' lang='lat' dir='ltr'><strong>lolii</strong></span> 
     </span>
    </p>
   </div>
   <div class='ocr_carea' id='block_1_2' title="bbox 1889 264 2504 328">
    <p class='ocr_par' dir='ltr' id='par_1_2' title="bbox 1889 264 2504 328">
     <span class='ocr_line' id='line_1_2' title="bbox 1889 264 2504 328; baseline 0.003 -3"><span class='ocrx_word' id='word_1_2' title='bbox 1889 264 2141 327; x_wconf 74' lang='lat' dir='ltr'><strong>SANCTI</strong></span> <span class='ocrx_word' id='word_1_3' title='bbox 2178 268 2504 328; x_wconf 71' lang='grc' dir='ltr'>Αιιιιιιυδιι</span> 
     </span>
    </p>
   </div>
   <div class='ocr_carea' id='block_1_3' title="bbox 3718 271 3864 330">
    <p class='ocr_par' dir='ltr' id='par_1_3' title="bbox 3718 271 3864 330">
     <span class='ocr_line' id='line_1_3' title="bbox 3718 271 3864 330; baseline -0.007 0"><span class='ocrx_word' id='word_1_4' title='bbox 3718 271 3864 330; x_wconf 67' lang='grc'><strong>1516</strong></span> 
     </span>
    </p>
   </div>
   <div class='ocr_carea' id='block_1_4' title="bbox 553 379 3864 456">
    <p class='ocr_par' dir='ltr' id='par_1_4' title="bbox 553 379 3864 456">
     <span class='ocr_line' id='line_1_4' title="bbox 553 379 3864 456; baseline 0.002 -14"><span class='ocrx_word' id='word_1_5' title='bbox 553 403 673 443; x_wconf 89' lang='lat' dir='ltr'><strong>rum</strong></span> <span class='ocrx_word' id='word_1_6' title='bbox 721 384 1017 441; x_wconf 89' lang='lat' dir='ltr'><strong>secundum</strong></span> <span class='ocrx_word' id='word_1_7' title='bbox 1062 382 1362 439; x_wconf 79' lang='lat' dir='ltr'><strong>dialecticze</strong></span> <span class='ocrx_word' id='word_1_8' title='bbox 1389 379 1764 450; x_wconf 85' lang='lat' dir='ltr'><strong>disciplinam,</strong></span> <span class='ocrx_word' id='word_1_9' title='bbox 1791 394 1913 437; x_wconf 91' lang='lat' dir='ltr'><strong>cum</strong></span> <span class='ocrx_word' id='word_1_10' title='bbox 1953 382 2153 441; x_wconf 81' lang='lat' dir='ltr'><strong>clamet</strong></span> <span class='ocrx_word' id='word_1_11' title='bbox 2176 386 2229 447; x_wconf 81' lang='grc' dir='ltr'><strong>Α</strong></span> <span class='ocrx_word' id='word_1_12' title='bbox 2259 394 2440 442; x_wconf 78' lang='lat' dir='ltr'><strong>lantur</strong></span> <span class='ocrx_word' id='word_1_13' title='bbox 2464 428 2478 452; x_wconf 89' lang='lat'><strong>,</strong></span> <span class='ocrx_word' id='word_1_14' title='bbox 2512 393 2570 441; x_wconf 90' lang='lat' dir='ltr'><strong>et</strong></span> <span class='ocrx_word' id='word_1_15' title='bbox 2606 400 2821 456; x_wconf 81' lang='lat' dir='ltr'><strong>precem</strong></span> <span class='ocrx_word' id='word_1_16' title='bbox 2869 385 3105 443; x_wconf 77' lang='lat' dir='ltr'><strong>fundunt</strong></span> <span class='ocrx_word' id='word_1_17' title='bbox 3135 402 3151 453; x_wconf 94' lang='lat'><strong>;</strong></span> <span class='ocrx_word' id='word_1_18' title='bbox 3201 393 3262 443; x_wconf 90' lang='lat' dir='ltr'><strong>ut</strong></span> <span class='ocrx_word' id='word_1_19' title='bbox 3292 401 3417 444; x_wconf 82' lang='lat' dir='ltr'><strong>cum</strong></span> <span class='ocrx_word' id='word_1_20' title='bbox 3472 388 3864 447; x_wconf 76' lang='lat' dir='ltr'><strong>benevolentia</strong></span> 
     </span>
    </p>
   </div>
   <div class='ocr_carea' id='block_1_5' title="bbox 550 475 2149 551">
    <p class='ocr_par' dir='ltr' id='par_1_5' title="bbox 550 475 2149 551">
     <span class='ocr_line' id='line_1_5' title="bbox 550 475 2149 551; baseline -0.004 -15"><span class='ocrx_word' id='word_1_21' title='bbox 550 475 845 551; x_wconf 72' lang='lat' dir='ltr'><strong>Apostolus</strong></span> <span class='ocrx_word' id='word_1_22' title='bbox 871 494 884 531; x_wconf 90' lang='lat'><strong>:</strong></span> <span class='ocrx_word' id='word_1_23' title='bbox 913 475 997 531; x_wconf 83' lang='lat' dir='ltr'><strong>Ne</strong></span> <span class='ocrx_word' id='word_1_24' title='bbox 1020 477 1135 549; x_wconf 84' lang='lat' dir='ltr'><strong>quis</strong></span> <span class='ocrx_word' id='word_1_25' title='bbox 1165 492 1252 530; x_wconf 83' lang='lat' dir='ltr'><strong>vos</strong></span> <span class='ocrx_word' id='word_1_26' title='bbox 1273 475 1600 545; x_wconf 78' lang='lat' dir='ltr'><strong>deprtrdetur</strong></span> <span class='ocrx_word' id='word_1_27' title='bbox 1618 491 1711 544; x_wconf 80' lang='lat' dir='ltr'><strong>per</strong></span> <span class='ocrx_word' id='word_1_28' title='bbox 1738 476 2117 545; x_wconf 71' lang='lat' dir='ltr'><strong>philosOphiam</strong></span> <span class='ocrx_word' id='word_1_29' title='bbox 2133 519 2149 545; x_wconf 92' lang='lat'><strong>,</strong></span> 
     </span>
    </p>
   </div>
   <div class='ocr_carea' id='block_1_6' title="bbox 552 569 2155 639">
    <p class='ocr_par' dir='ltr' id='par_1_6' title="bbox 552 569 2155 639">
     <span class='ocr_line' id='line_1_6' title="bbox 552 569 2155 639; baseline -0.002 -8"><span class='ocrx_word' id='word_1_30' title='bbox 552 585 604 631; x_wconf 89' lang='lat' dir='ltr'><strong>et</strong></span> <span class='ocrx_word' id='word_1_31' title='bbox 634 574 839 629; x_wconf 84' lang='lat' dir='ltr'><strong>inanem</strong></span> <span class='ocrx_word' id='word_1_32' title='bbox 875 572 1219 628; x_wconf 85' lang='lat' dir='ltr'><strong>seductionem</strong></span> <span class='ocrx_word' id='word_1_33' title='bbox 1240 613 1255 639; x_wconf 89' lang='lat'><strong>,</strong></span> <span class='ocrx_word' id='word_1_34' title='bbox 1298 570 1582 627; x_wconf 85' lang='lat' dir='ltr'><strong>secundum</strong></span> <span class='ocrx_word' id='word_1_35' title='bbox 1628 569 1954 626; x_wconf 77' lang='lat' dir='ltr'><strong>traditionem</strong></span> <span class='ocrx_word' id='word_1_36' title='bbox 1989 570 2155 627; x_wconf 83' lang='lat' dir='ltr'><strong>homi-</strong></span> 
     </span>
    </p>
   </div>
   <div class='ocr_carea' id='block_1_7' title="bbox 553 661 2155 739">
    <p class='ocr_par' dir='ltr' id='par_1_7' title="bbox 553 661 2155 739">
     <span class='ocr_line' id='line_1_7' title="bbox 553 661 2155 739; baseline -0.002 -15"><span class='ocrx_word' id='word_1_37' title='bbox 553 685 707 735; x_wconf 85' lang='lat' dir='ltr'><strong>num,</strong></span> <span class='ocrx_word' id='word_1_38' title='bbox 739 666 1020 722; x_wconf 80' lang='lat' dir='ltr'><strong>secundum</strong></span> <span class='ocrx_word' id='word_1_39' title='bbox 1059 665 1309 719; x_wconf 82' lang='lat' dir='ltr'><strong>elementa</strong></span> <span class='ocrx_word' id='word_1_40' title='bbox 1333 661 1490 736; x_wconf 85' lang='lat' dir='ltr'><strong>hujus</strong></span> <span class='ocrx_word' id='word_1_41' title='bbox 1518 662 1734 729; x_wconf 80' lang='lat' dir='ltr'><strong>mundi,</strong></span> <span class='ocrx_word' id='word_1_42' title='bbox 1760 673 1813 739; x_wconf 83' lang='lat' dir='ltr'><strong>et</strong></span> <span class='ocrx_word' id='word_1_43' title='bbox 1842 679 1944 719; x_wconf 85' lang='lat' dir='ltr'><strong>non</strong></span> <span class='ocrx_word' id='word_1_44' title='bbox 1971 679 2155 723; x_wconf 73' lang='lat' dir='ltr'><strong>secun-</strong></span> 
     </span>
    </p>
   </div>
   <div class='ocr_carea' id='block_1_8' title="bbox 552 755 1428 832">
    <p class='ocr_par' dir='ltr' id='par_1_8' title="bbox 552 755 1428 832">
     <span class='ocr_line' id='line_1_8' title="bbox 552 755 1428 832; baseline -0.003 -18"><span class='ocrx_word' id='word_1_45' title='bbox 552 761 677 816; x_wconf 77' lang='lat' dir='ltr'><strong>dum</strong></span> <span class='ocrx_word' id='word_1_46' title='bbox 697 758 957 815; x_wconf 75' lang='lat' dir='ltr'><strong>Christum</strong></span> <span class='ocrx_word' id='word_1_47' title='bbox 988 755 1237 832; x_wconf 89' lang='lat' dir='ltr'><strong>(Coloss.,</strong></span> <span class='ocrx_word' id='word_1_48' title='bbox 1264 773 1324 825; x_wconf 88' lang='lat' dir='ltr'><strong>It,</strong></span> <span class='ocrx_word' id='word_1_49' title='bbox 1350 756 1428 827; x_wconf 89' lang='grc'><strong>8).</strong></span> 
     </span>
    </p>
   </div>
   <div class='ocr_carea' id='block_1_9' title="bbox 626 846 2150 922">
    <p class='ocr_par' dir='ltr' id='par_1_9' title="bbox 626 846 2150 922">
     <span class='ocr_line' id='line_1_9' title="bbox 626 846 2150 922; baseline -0.003 -12"><span class='ocrx_word' id='word_1_50' title='bbox 626 854 715 910; x_wconf 87' lang='grc'><strong>11.</strong></span> <span class='ocrx_word' id='word_1_51' title='bbox 744 851 962 909; x_wconf 88' lang='lat' dir='ltr'><strong>Utinam</strong></span> <span class='ocrx_word' id='word_1_52' title='bbox 1008 851 1210 922; x_wconf 89' lang='lat' dir='ltr'><strong>possim</strong></span> <span class='ocrx_word' id='word_1_53' title='bbox 1263 849 1461 905; x_wconf 85' lang='lat' dir='ltr'><strong>imitari</strong></span> <span class='ocrx_word' id='word_1_54' title='bbox 1496 848 1640 906; x_wconf 83' lang='lat' dir='ltr'><strong>illam</strong></span> <span class='ocrx_word' id='word_1_55' title='bbox 1687 846 2005 917; x_wconf 90' lang='lat' dir='ltr'><strong>stultitiam,</strong></span> <span class='ocrx_word' id='word_1_56' title='bbox 2045 864 2150 919; x_wconf 86' lang='lat' dir='ltr'><strong>qua</strong></span> 
     </span>
    </p>
   </div>
   <div class='ocr_carea' id='block_1_10' title="bbox 551 942 2153 1021">
    <p class='ocr_par' dir='ltr' id='par_1_10' title="bbox 551 942 2153 1021">
     <span class='ocr_line' id='line_1_10' title="bbox 551 942 2153 1021; baseline -0.003 -18"><span class='ocrx_word' id='word_1_57' title='bbox 551 948 653 1004; x_wconf 91' lang='lat' dir='ltr'><strong>sim</strong></span> <span class='ocrx_word' id='word_1_58' title='bbox 678 946 897 1021; x_wconf 78' lang='lat' dir='ltr'><strong>sapiens</strong></span> <span class='ocrx_word' id='word_1_59' title='bbox 929 967 941 1000; x_wconf 89' lang='lat'><strong>:</strong></span> <span class='ocrx_word' id='word_1_60' title='bbox 974 944 1125 1001; x_wconf 89' lang='lat' dir='ltr'><strong>illum</strong></span> <span class='ocrx_word' id='word_1_61' title='bbox 1157 944 1336 1001; x_wconf 89' lang='lat' dir='ltr'><strong>virum</strong></span> <span class='ocrx_word' id='word_1_62' title='bbox 1367 942 1656 999; x_wconf 81' lang='lat' dir='ltr'><strong>habentem</strong></span> <span class='ocrx_word' id='word_1_63' title='bbox 1696 942 1905 1014; x_wconf 89' lang='lat' dir='ltr'><strong>amplas</strong></span> <span class='ocrx_word' id='word_1_64' title='bbox 1938 956 2153 1012; x_wconf 86' lang='lat' dir='ltr'><strong>posses-</strong></span> 
     </span>
    </p>
   </div>
   <div class='ocr_carea' id='block_1_11' title="bbox 551 1035 2152 1111">
    <p class='ocr_par' dir='ltr' id='par_1_11' title="bbox 551 1035 2152 1111">
     <span class='ocr_line' id='line_1_11' title="bbox 551 1035 2152 1111; baseline -0.002 -16"><span class='ocrx_word' id='word_1_65' title='bbox 551 1042 766 1105; x_wconf 83' lang='lat' dir='ltr'><strong>siones,</strong></span> <span class='ocrx_word' id='word_1_66' title='bbox 812 1039 909 1096; x_wconf 90' lang='lat' dir='ltr'><strong>sed</strong></span> <span class='ocrx_word' id='word_1_67' title='bbox 955 1037 1318 1111; x_wconf 72' lang='lat' dir='ltr'><strong>negligentem</strong></span> <span class='ocrx_word' id='word_1_68' title='bbox 1367 1038 1669 1103; x_wconf 82' lang='lat' dir='ltr'><strong>fructuum,</strong></span> <span class='ocrx_word' id='word_1_69' title='bbox 1717 1037 1984 1092; x_wconf 89' lang='lat' dir='ltr'><strong>intentum</strong></span> <span class='ocrx_word' id='word_1_70' title='bbox 2040 1035 2152 1091; x_wconf 91' lang='lat' dir='ltr'><strong>Deo</strong></span> 
     </span>
    </p>
   </div>
   <div class='ocr_carea' id='block_1_12' title="bbox 549 1128 2146 1206">
    <p class='ocr_par' dir='ltr' id='par_1_12' title="bbox 549 1128 2146 1206">
     <span class='ocr_line' id='line_1_12' title="bbox 549 1128 2146 1206; baseline -0.004 -17"><span class='ocrx_word' id='word_1_71' title='bbox 549 1135 700 1189; x_wconf 89' lang='lat' dir='ltr'><strong>illum</strong></span> <span class='ocrx_word' id='word_1_72' title='bbox 722 1134 934 1200; x_wconf 84' lang='lat' dir='ltr'><strong>virum,</strong></span> <span class='ocrx_word' id='word_1_73' title='bbox 956 1131 1048 1206; x_wconf 89' lang='lat' dir='ltr'><strong>qui</strong></span> <span class='ocrx_word' id='word_1_74' title='bbox 1078 1133 1314 1187; x_wconf 83' lang='lat' dir='ltr'><strong>honores</strong></span> <span class='ocrx_word' id='word_1_75' title='bbox 1344 1129 1508 1187; x_wconf 88' lang='lat' dir='ltr'><strong>etiam</strong></span> <span class='ocrx_word' id='word_1_76' title='bbox 1541 1128 1752 1189; x_wconf 86' lang='lat' dir='ltr'><strong>delatos</strong></span> <span class='ocrx_word' id='word_1_77' title='bbox 1778 1128 1883 1187; x_wconf 83' lang='lat' dir='ltr'><strong>sibi</strong></span> <span class='ocrx_word' id='word_1_78' title='bbox 1907 1137 2146 1199; x_wconf 88' lang='lat' dir='ltr'><strong>respuat,</strong></span> 
     </span>
    </p>
   </div>
   <div class='ocr_carea' id='block_1_13' title="bbox 549 1224 2151 1301">
    <p class='ocr_par' dir='ltr' id='par_1_13' title="bbox 549 1224 2151 1301">
     <span class='ocr_line' id='line_1_13' title="bbox 549 1224 2151 1301; baseline -0.003 -16"><span class='ocrx_word' id='word_1_79' title='bbox 549 1228 859 1285; x_wconf 83' lang='lat' dir='ltr'><strong>doctrinam</strong></span> <span class='ocrx_word' id='word_1_80' title='bbox 900 1226 1264 1301; x_wconf 71' lang='lat' dir='ltr'><strong>philosophia:</strong></span> <span class='ocrx_word' id='word_1_81' title='bbox 1310 1241 1418 1282; x_wconf 93' lang='lat' dir='ltr'><strong>non</strong></span> <span class='ocrx_word' id='word_1_82' title='bbox 1456 1225 1723 1297; x_wconf 87' lang='lat' dir='ltr'><strong>requirat;</strong></span> <span class='ocrx_word' id='word_1_83' title='bbox 1768 1224 1980 1283; x_wconf 89' lang='lat' dir='ltr'><strong>etiamsi</strong></span> <span class='ocrx_word' id='word_1_84' title='bbox 2026 1231 2151 1279; x_wconf 87' lang='lat' dir='ltr'><strong>ante</strong></span> 
     </span>
    </p>
   </div>
   <div class='ocr_carea' id='block_1_14' title="bbox 544 1316 2127 1397">
    <p class='ocr_par' dir='ltr' id='par_1_14' title="bbox 544 1316 2127 1397">
     <span class='ocr_line' id='line_1_14' title="bbox 544 1316 2127 1397; baseline -0.004 -17"><span class='ocrx_word' id='word_1_85' title='bbox 544 1326 818 1397; x_wconf 81' lang='lat' dir='ltr'><strong>cognovit,</strong></span> <span class='ocrx_word' id='word_1_86' title='bbox 845 1332 1025 1379; x_wconf 90' lang='lat' dir='ltr'><strong>tamen</strong></span> <span class='ocrx_word' id='word_1_87' title='bbox 1056 1324 1196 1379; x_wconf 89' lang='lat' dir='ltr'><strong>scire</strong></span> <span class='ocrx_word' id='word_1_88' title='bbox 1222 1319 1550 1387; x_wconf 82' lang='lat' dir='ltr'><strong>dissimulet,</strong></span> <span class='ocrx_word' id='word_1_89' title='bbox 1575 1335 1681 1375; x_wconf 92' lang='lat' dir='ltr'><strong>non</strong></span> <span class='ocrx_word' id='word_1_90' title='bbox 1708 1317 2034 1389; x_wconf 88' lang='lat' dir='ltr'><strong>requirendo</strong></span> <span class='ocrx_word' id='word_1_91' title='bbox 2058 1316 2127 1373; x_wconf 90' lang='lat' dir='ltr'><strong>de</strong></span> 
     </span>
    </p>
   </div>
   <div class='ocr_carea' id='block_1_15' title="bbox 540 1413 2148 1490">
    <p class='ocr_par' dir='ltr' id='par_1_15' title="bbox 540 1413 2148 1490">
     <span class='ocr_line' id='line_1_15' title="bbox 540 1413 2148 1490; baseline -0.004 -15"><span class='ocrx_word' id='word_1_92' title='bbox 540 1419 714 1475; x_wconf 86' lang='lat' dir='ltr'><strong>discat</strong></span> <span class='ocrx_word' id='word_1_93' title='bbox 740 1436 752 1472; x_wconf 92' lang='lat'><strong>:</strong></span> <span class='ocrx_word' id='word_1_94' title='bbox 778 1435 881 1473; x_wconf 87' lang='lat' dir='ltr'><strong>non</strong></span> <span class='ocrx_word' id='word_1_95' title='bbox 912 1427 1120 1490; x_wconf 58' lang='lat' dir='ltr'><strong>quierat</strong></span> <span class='ocrx_word' id='word_1_96' title='bbox 1148 1432 1269 1490; x_wconf 72' lang='lat' dir='ltr'><strong>qurc</strong></span> <span class='ocrx_word' id='word_1_97' title='bbox 1297 1432 1391 1472; x_wconf 91' lang='lat' dir='ltr'><strong>sua</strong></span> <span class='ocrx_word' id='word_1_98' title='bbox 1420 1424 1578 1482; x_wconf 85' lang='lat' dir='ltr'><strong>sunt,</strong></span> <span class='ocrx_word' id='word_1_99' title='bbox 1607 1413 1700 1471; x_wconf 90' lang='lat' dir='ltr'><strong>sed</strong></span> <span class='ocrx_word' id='word_1_100' title='bbox 1725 1413 1847 1469; x_wconf 90' lang='lat' dir='ltr'><strong>aliis</strong></span> <span class='ocrx_word' id='word_1_101' title='bbox 1889 1428 1984 1471; x_wconf 85' lang='lat' dir='ltr'><strong>sua</strong></span> <span class='ocrx_word' id='word_1_102' title='bbox 2012 1426 2148 1469; x_wconf 86' lang='lat' dir='ltr'><strong>con-</strong></span> 
     </span>
    </p>
   </div>
   <div class='ocr_carea' id='block_1_16' title="bbox 542 1503 2150 1581">
    <p class='ocr_par' dir='ltr' id='par_1_16' title="bbox 542 1503 2150 1581">
     <span class='ocr_line' id='line_1_16' title="bbox 542 1503 2150 1581; baseline -0.004 -15"><span class='ocrx_word' id='word_1_103' title='bbox 542 1511 718 1576; x_wconf 81' lang='lat' dir='ltr'><strong>ferat,</strong></span> <span class='ocrx_word' id='word_1_104' title='bbox 749 1511 848 1566; x_wconf 86' lang='lat' dir='ltr'><strong>sibi</strong></span> <span class='ocrx_word' id='word_1_105' title='bbox 895 1511 1141 1581; x_wconf 85' lang='lat' dir='ltr'><strong>acquirat</strong></span> <span class='ocrx_word' id='word_1_106' title='bbox 1181 1518 1407 1564; x_wconf 59' lang='lat' dir='ltr'><strong>aeterna.</strong></span> <span class='ocrx_word' id='word_1_107' title='bbox 1442 1506 1542 1561; x_wconf 89' lang='lat' dir='ltr'><strong>llic</strong></span> <span class='ocrx_word' id='word_1_108' title='bbox 1582 1515 1761 1576; x_wconf 84' lang='lat' dir='ltr'><strong>potest</strong></span> <span class='ocrx_word' id='word_1_109' title='bbox 1784 1503 1970 1561; x_wconf 85' lang='lat' dir='ltr'><strong>dicere</strong></span> <span class='ocrx_word' id='word_1_110' title='bbox 2004 1523 2019 1561; x_wconf 88' lang='lat'><strong>:</strong></span> <span class='ocrx_word' id='word_1_111' title='bbox 2053 1503 2150 1562; x_wconf 87' lang='lat' dir='ltr'><strong>Se-</strong></span> 
     </span>
    </p>
   </div>
   <div class='ocr_carea' id='block_1_17' title="bbox 543 1597 2147 1666">
    <p class='ocr_par' dir='ltr' id='par_1_17' title="bbox 543 1597 2147 1666">
     <span class='ocr_line' id='line_1_17' title="bbox 543 1597 2147 1666; baseline -0.003 -6"><span class='ocrx_word' id='word_1_112' title='bbox 543 1605 773 1661; x_wconf 85' lang='lat' dir='ltr'><strong>cundutn</strong></span> <span class='ocrx_word' id='word_1_113' title='bbox 796 1605 1001 1662; x_wconf 78' lang='lat' dir='ltr'><strong>verbum</strong></span> <span class='ocrx_word' id='word_1_114' title='bbox 1026 1615 1171 1658; x_wconf 86' lang='lat' dir='ltr'><strong>tuum</strong></span> <span class='ocrx_word' id='word_1_115' title='bbox 1191 1603 1321 1657; x_wconf 81' lang='lat' dir='ltr'><strong>mihi</strong></span> <span class='ocrx_word' id='word_1_116' title='bbox 1344 1603 1511 1658; x_wconf 96' lang='lat' dir='ltr'><strong>tribue</strong></span> <span class='ocrx_word' id='word_1_117' title='bbox 1546 1597 1889 1666; x_wconf 82' lang='lat' dir='ltr'><strong>intellectum,</strong></span> <span class='ocrx_word' id='word_1_118' title='bbox 1935 1598 1988 1657; x_wconf 86' lang='lat' dir='ltr'><strong>id</strong></span> <span class='ocrx_word' id='word_1_119' title='bbox 2015 1607 2101 1656; x_wconf 89' lang='lat' dir='ltr'><strong>est</strong></span> <span class='ocrx_word' id='word_1_120' title='bbox 2131 1640 2147 1666; x_wconf 93' lang='lat'><strong>,</strong></span> 
     </span>
    </p>
   </div>
   <div class='ocr_carea' id='block_1_18' title="bbox 546 1691 2151 1767">
    <p class='ocr_par' dir='ltr' id='par_1_18' title="bbox 546 1691 2151 1767">
     <span class='ocr_line' id='line_1_18' title="bbox 546 1691 2151 1767; baseline -0.003 -15"><span class='ocrx_word' id='word_1_121' title='bbox 546 1715 655 1754; x_wconf 90' lang='lat' dir='ltr'><strong>non</strong></span> <span class='ocrx_word' id='word_1_122' title='bbox 678 1697 976 1752; x_wconf 86' lang='lat' dir='ltr'><strong>secundum</strong></span> <span class='ocrx_word' id='word_1_123' title='bbox 1012 1694 1389 1767; x_wconf 86' lang='lat' dir='ltr'><strong>philosophos,</strong></span> <span class='ocrx_word' id='word_1_124' title='bbox 1425 1709 1532 1749; x_wconf 89' lang='lat' dir='ltr'><strong>non</strong></span> <span class='ocrx_word' id='word_1_125' title='bbox 1584 1692 1880 1749; x_wconf 89' lang='lat' dir='ltr'><strong>secundum</strong></span> <span class='ocrx_word' id='word_1_126' title='bbox 1911 1691 2151 1748; x_wconf 90' lang='lat' dir='ltr'><strong>causidi-</strong></span> 
     </span>
    </p>
   </div>
   <div class='ocr_carea' id='block_1_19' title="bbox 2254 464 3863 551">
    <p class='ocr_par' dir='ltr' id='par_1_19' title="bbox 2254 464 3863 551">
     <span class='ocr_line' id='line_1_19' title="bbox 2254 464 3863 551; baseline 0.004 -20"><span class='ocrx_word' id='word_1_127' title='bbox 2254 476 2647 548; x_wconf 85' lang='lat' dir='ltr'><strong>suscipiantur.</strong></span> <span class='ocrx_word' id='word_1_128' title='bbox 2672 478 2890 535; x_wconf 86' lang='lat' dir='ltr'><strong>Primus</strong></span> <span class='ocrx_word' id='word_1_129' title='bbox 2931 479 3015 535; x_wconf 88' lang='lat' dir='ltr'><strong>sui</strong></span> <span class='ocrx_word' id='word_1_130' title='bbox 3046 481 3321 538; x_wconf 81' lang='lat' dir='ltr'><strong>sermonis</strong></span> <span class='ocrx_word' id='word_1_131' title='bbox 3350 464 3626 551; x_wconf 81' lang='lat' dir='ltr'><strong>ingressus</strong></span> <span class='ocrx_word' id='word_1_132' title='bbox 3655 490 3761 547; x_wconf 90' lang='lat' dir='ltr'><strong>est,</strong></span> <span class='ocrx_word' id='word_1_133' title='bbox 3789 498 3863 538; x_wconf 87' lang='lat' dir='ltr'><strong>ne</strong></span> 
     </span>
    </p>
   </div>
   <div class='ocr_carea' id='block_1_20' title="bbox 2254 569 3860 645">
    <p class='ocr_par' dir='ltr' id='par_1_20' title="bbox 2254 569 3860 645">
     <span class='ocr_line' id='line_1_20' title="bbox 2254 569 3860 645; baseline 0.003 -20"><span class='ocrx_word' id='word_1_134' title='bbox 2254 570 2383 641; x_wconf 90' lang='lat' dir='ltr'><strong>quid</strong></span> <span class='ocrx_word' id='word_1_135' title='bbox 2415 570 2638 638; x_wconf 85' lang='lat' dir='ltr'><strong>titubet,</strong></span> <span class='ocrx_word' id='word_1_136' title='bbox 2673 586 2742 629; x_wconf 90' lang='lat' dir='ltr'><strong>ne</strong></span> <span class='ocrx_word' id='word_1_137' title='bbox 2763 570 2891 643; x_wconf 88' lang='lat' dir='ltr'><strong>quid</strong></span> <span class='ocrx_word' id='word_1_138' title='bbox 2922 569 3183 631; x_wconf 72' lang='lat' dir='ltr'><strong>ou‘endat.</strong></span> <span class='ocrx_word' id='word_1_139' title='bbox 3210 571 3427 640; x_wconf 80' lang='lat' dir='ltr'><strong>Quanto</strong></span> <span class='ocrx_word' id='word_1_140' title='bbox 3453 572 3628 644; x_wconf 80' lang='lat' dir='ltr'><strong>magis</strong></span> <span class='ocrx_word' id='word_1_141' title='bbox 3654 582 3860 645; x_wconf 84' lang='lat' dir='ltr'><strong>rogan-</strong></span> 
     </span>
    </p>
   </div>
   <div class='ocr_carea' id='block_1_21' title="bbox 2253 662 3859 734">
    <p class='ocr_par' dir='ltr' id='par_1_21' title="bbox 2253 662 3859 734">
     <span class='ocr_line' id='line_1_21' title="bbox 2253 662 3859 734; baseline 0.003 -15"><span class='ocrx_word' id='word_1_142' title='bbox 2253 662 2359 719; x_wconf 89' lang='lat' dir='ltr'><strong>dus</strong></span> <span class='ocrx_word' id='word_1_143' title='bbox 2388 674 2473 719; x_wconf 90' lang='lat' dir='ltr'><strong>est</strong></span> <span class='ocrx_word' id='word_1_144' title='bbox 2505 664 2669 734; x_wconf 91' lang='lat' dir='ltr'><strong>Deus,</strong></span> <span class='ocrx_word' id='word_1_145' title='bbox 2702 673 2761 722; x_wconf 93' lang='lat' dir='ltr'><strong>ut</strong></span> <span class='ocrx_word' id='word_1_146' title='bbox 2779 666 2982 723; x_wconf 86' lang='lat' dir='ltr'><strong>ostium</strong></span> <span class='ocrx_word' id='word_1_147' title='bbox 3000 665 3395 725; x_wconf 79' lang='lat' dir='ltr'><strong>misericordia:</strong></span> <span class='ocrx_word' id='word_1_148' title='bbox 3422 680 3535 722; x_wconf 75' lang='lat' dir='ltr'><strong>suae</strong></span> <span class='ocrx_word' id='word_1_149' title='bbox 3562 674 3749 723; x_wconf 88' lang='lat' dir='ltr'><strong>nostra</strong></span> <span class='ocrx_word' id='word_1_150' title='bbox 3768 666 3859 724; x_wconf 90' lang='lat' dir='ltr'><strong>in-</strong></span> 
     </span>
    </p>
   </div>
   <div class='ocr_carea' id='block_1_22' title="bbox 2252 756 3857 831">
    <p class='ocr_par' dir='ltr' id='par_1_22' title="bbox 2252 756 3857 831">
     <span class='ocr_line' id='line_1_22' title="bbox 2252 756 3857 831; baseline 0.001 -19"><span class='ocrx_word' id='word_1_151' title='bbox 2252 756 2531 828; x_wconf 87' lang='lat' dir='ltr'><strong>grediatur</strong></span> <span class='ocrx_word' id='word_1_152' title='bbox 2556 758 2734 819; x_wconf 79' lang='lat' dir='ltr'><strong>oratio</strong></span> <span class='ocrx_word' id='word_1_153' title='bbox 2770 759 2785 813; x_wconf 82' lang='grc' dir='ltr'><strong>ι</strong></span> <span class='ocrx_word' id='word_1_154' title='bbox 2839 758 3086 830; x_wconf 78' lang='lat' dir='ltr'><strong>Denique</strong></span> <span class='ocrx_word' id='word_1_155' title='bbox 3111 767 3168 819; x_wconf 86' lang='lat' dir='ltr'><strong>et</strong></span> <span class='ocrx_word' id='word_1_156' title='bbox 3196 759 3393 817; x_wconf 85' lang='lat' dir='ltr'><strong>Paulus</strong></span> <span class='ocrx_word' id='word_1_157' title='bbox 3434 768 3592 830; x_wconf 77' lang='lat' dir='ltr'><strong>rogat</strong></span> <span class='ocrx_word' id='word_1_158' title='bbox 3619 767 3680 817; x_wconf 91' lang='lat' dir='ltr'><strong>ut</strong></span> <span class='ocrx_word' id='word_1_159' title='bbox 3724 775 3857 831; x_wconf 78' lang='lat' dir='ltr'><strong>ape.</strong></span> 
     </span>
    </p>
   </div>
   <div class='ocr_carea' id='block_1_23' title="bbox 2254 851 3852 925">
    <p class='ocr_par' dir='ltr' id='par_1_23' title="bbox 2254 851 3852 925">
     <span class='ocr_line' id='line_1_23' title="bbox 2254 851 3852 925; baseline 0.003 -16"><span class='ocrx_word' id='word_1_160' title='bbox 2254 851 2428 909; x_wconf 87' lang='lat' dir='ltr'><strong>riatur</strong></span> <span class='ocrx_word' id='word_1_161' title='bbox 2450 851 2554 908; x_wconf 85' lang='lat' dir='ltr'><strong>sibi</strong></span> <span class='ocrx_word' id='word_1_162' title='bbox 2589 852 2791 909; x_wconf 88' lang='lat' dir='ltr'><strong>ostium</strong></span> <span class='ocrx_word' id='word_1_163' title='bbox 2838 852 2992 911; x_wconf 86' lang='lat' dir='ltr'><strong>verbi</strong></span> <span class='ocrx_word' id='word_1_164' title='bbox 3041 852 3109 908; x_wconf 86' lang='lat' dir='ltr'><strong>ad</strong></span> <span class='ocrx_word' id='word_1_165' title='bbox 3146 852 3480 924; x_wconf 79' lang='lat' dir='ltr'><strong>loquendum</strong></span> <span class='ocrx_word' id='word_1_166' title='bbox 3530 853 3852 925; x_wconf 73' lang='lat' dir='ltr'><strong>mysterium</strong></span> 
     </span>
    </p>
   </div>
   <div class='ocr_carea' id='block_1_24' title="bbox 2251 940 2906 1016">
    <p class='ocr_par' dir='ltr' id='par_1_24' title="bbox 2251 940 2906 1016">
     <span class='ocr_line' id='line_1_24' title="bbox 2251 940 2906 1016; baseline 0.005 -18"><span class='ocrx_word' id='word_1_167' title='bbox 2251 940 2451 999; x_wconf 85' lang='lat' dir='ltr'><strong>Christi</strong></span> <span class='ocrx_word' id='word_1_168' title='bbox 2483 941 2706 1014; x_wconf 87' lang='lat' dir='ltr'><strong>(Coloss.</strong></span> <span class='ocrx_word' id='word_1_169' title='bbox 2736 960 2811 1010; x_wconf 83' lang='lat' dir='ltr'><strong>tv,</strong></span> <span class='ocrx_word' id='word_1_170' title='bbox 2828 944 2906 1016; x_wconf 74' lang='grc' dir='ltr'><strong>ὅ).</strong></span> 
     </span>
    </p>
   </div>
   <div class='ocr_carea' id='block_1_25' title="bbox 2325 1035 3850 1111">
    <p class='ocr_par' dir='ltr' id='par_1_25' title="bbox 2325 1035 3850 1111">
     <span class='ocr_line' id='line_1_25' title="bbox 2325 1035 3850 1111; baseline 0.003 -21"><span class='ocrx_word' id='word_1_171' title='bbox 2325 1035 2417 1091; x_wconf 66' lang='lat' dir='ltr'><strong>il.</strong></span> <span class='ocrx_word' id='word_1_172' title='bbox 2446 1035 2552 1092; x_wconf 86' lang='lat' dir='ltr'><strong>Sed</strong></span> <span class='ocrx_word' id='word_1_173' title='bbox 2574 1037 2699 1105; x_wconf 86' lang='lat' dir='ltr'><strong>quia</strong></span> <span class='ocrx_word' id='word_1_174' title='bbox 2730 1035 2957 1093; x_wconf 64' lang='lat' dir='ltr'><strong>Graecus</strong></span> <span class='ocrx_word' id='word_1_175' title='bbox 2987 1035 3173 1105; x_wconf 82' lang='lat' dir='ltr'><strong>habet,</strong></span> <span class='ocrx_word' id='word_1_176' title='bbox 3198 1036 3477 1095; x_wconf 71' lang='grc' dir='ltr'><strong>Εἰσελθέτω</strong></span> <span class='ocrx_word' id='word_1_177' title='bbox 3500 1038 3700 1111; x_wconf 65' lang='grc' dir='ltr'><strong>ἀξίωμά</strong></span> <span class='ocrx_word' id='word_1_178' title='bbox 3722 1045 3850 1110; x_wconf 65' lang='lat' dir='ltr'><strong>nos,</strong></span> 
     </span>
    </p>
   </div>
   <div class='ocr_carea' id='block_1_26' title="bbox 2252 1127 3857 1205">
    <p class='ocr_par' dir='ltr' id='par_1_26' title="bbox 2252 1127 3857 1205">
     <span class='ocr_line' id='line_1_26' title="bbox 2252 1127 3857 1205; baseline -0.001 -20"><span class='ocrx_word' id='word_1_179' title='bbox 2252 1127 2356 1185; x_wconf 92' lang='lat' dir='ltr'><strong>hoc</strong></span> <span class='ocrx_word' id='word_1_180' title='bbox 2386 1139 2468 1183; x_wconf 86' lang='lat' dir='ltr'><strong>est</strong></span> <span class='ocrx_word' id='word_1_181' title='bbox 2499 1147 2512 1182; x_wconf 91' lang='lat'><strong>:</strong></span> <span class='ocrx_word' id='word_1_182' title='bbox 2544 1127 2710 1186; x_wconf 79' lang='lat' dir='ltr'><strong>Intret</strong></span> <span class='ocrx_word' id='word_1_183' title='bbox 2753 1130 2981 1200; x_wconf 77' lang='lat' dir='ltr'><strong>dignitas</strong></span> <span class='ocrx_word' id='word_1_184' title='bbox 3006 1145 3160 1196; x_wconf 79' lang='lat' dir='ltr'><strong>mea;</strong></span> <span class='ocrx_word' id='word_1_185' title='bbox 3190 1128 3317 1187; x_wconf 90' lang='lat' dir='ltr'><strong>licet</strong></span> <span class='ocrx_word' id='word_1_186' title='bbox 3336 1128 3571 1199; x_wconf 85' lang='lat' dir='ltr'><strong>potuerit</strong></span> <span class='ocrx_word' id='word_1_187' title='bbox 3598 1135 3656 1187; x_wconf 87' lang='lat' dir='ltr'><strong>et</strong></span> <span class='ocrx_word' id='word_1_188' title='bbox 3680 1130 3857 1205; x_wconf 83' lang='lat' dir='ltr'><strong>scrip-</strong></span> 
     </span>
    </p>
   </div>
   <div class='ocr_carea' id='block_1_27' title="bbox 2254 1221 3855 1294">
    <p class='ocr_par' dir='ltr' id='par_1_27' title="bbox 2254 1221 3855 1294">
     <span class='ocr_line' id='line_1_27' title="bbox 2254 1221 3855 1294; baseline -0.001 -15"><span class='ocrx_word' id='word_1_189' title='bbox 2254 1232 2338 1279; x_wconf 87' lang='lat' dir='ltr'><strong>tor</strong></span> <span class='ocrx_word' id='word_1_190' title='bbox 2364 1238 2571 1288; x_wconf 88' lang='lat' dir='ltr'><strong>errare,</strong></span> <span class='ocrx_word' id='word_1_191' title='bbox 2611 1232 2668 1280; x_wconf 87' lang='lat' dir='ltr'><strong>et</strong></span> <span class='ocrx_word' id='word_1_192' title='bbox 2693 1223 3147 1289; x_wconf 68' lang='lat' dir='ltr'><strong>feceritdzZimig,</strong></span> <span class='ocrx_word' id='word_1_193' title='bbox 3204 1221 3310 1278; x_wconf 90' lang='lat' dir='ltr'><strong>hoc</strong></span> <span class='ocrx_word' id='word_1_194' title='bbox 3352 1230 3460 1290; x_wconf 81' lang='lat' dir='ltr'><strong>est,</strong></span> <span class='ocrx_word' id='word_1_195' title='bbox 3509 1222 3805 1294; x_wconf 74' lang='lat' dir='ltr'><strong>deprecatio</strong></span> <span class='ocrx_word' id='word_1_196' title='bbox 3832 1236 3855 1278; x_wconf 88' lang='lat'><strong><em>:</em></strong></span> 
     </span>
    </p>
   </div>
   <div class='ocr_carea' id='block_1_28' title="bbox 2253 1315 3849 1389">
    <p class='ocr_par' dir='ltr' id='par_1_28' title="bbox 2253 1315 3849 1389">
     <span class='ocr_line' id='line_1_28' title="bbox 2253 1315 3849 1389; baseline -0.004 -14"><span class='ocrx_word' id='word_1_197' title='bbox 2253 1326 2432 1375; x_wconf 89' lang='lat' dir='ltr'><strong>tamen</strong></span> <span class='ocrx_word' id='word_1_198' title='bbox 2488 1316 2593 1373; x_wconf 88' lang='lat' dir='ltr'><strong>hoc</strong></span> <span class='ocrx_word' id='word_1_199' title='bbox 2649 1331 2869 1389; x_wconf 85' lang='lat' dir='ltr'><strong>quoque</strong></span> <span class='ocrx_word' id='word_1_200' title='bbox 2910 1315 3296 1387; x_wconf 78' lang='lat' dir='ltr'><strong>explanemus,</strong></span> <span class='ocrx_word' id='word_1_201' title='bbox 3348 1322 3408 1371; x_wconf 88' lang='lat' dir='ltr'><strong>ut</strong></span> <span class='ocrx_word' id='word_1_202' title='bbox 3463 1328 3771 1385; x_wconf 81' lang='lat' dir='ltr'><strong>possumus.</strong></span> <span class='ocrx_word' id='word_1_203' title='bbox 3824 1324 3849 1354; x_wconf 75' lang='grc' dir='ltr'>ε</span> 
     </span>
    </p>
   </div>
   <div class='ocr_carea' id='block_1_29' title="bbox 2249 1407 3850 1484">
    <p class='ocr_par' dir='ltr' id='par_1_29' title="bbox 2249 1407 3850 1484">
     <span class='ocr_line' id='line_1_29' title="bbox 2249 1407 3850 1484; baseline -0.002 -16"><span class='ocrx_word' id='word_1_204' title='bbox 2249 1410 2459 1484; x_wconf 81' lang='lat' dir='ltr'><strong>Nempe</strong></span> <span class='ocrx_word' id='word_1_205' title='bbox 2487 1428 2611 1468; x_wconf 90' lang='lat' dir='ltr'><strong>cum</strong></span> <span class='ocrx_word' id='word_1_206' title='bbox 2656 1412 2937 1468; x_wconf 84' lang='lat' dir='ltr'><strong>hominem</strong></span> <span class='ocrx_word' id='word_1_207' title='bbox 2978 1425 3166 1480; x_wconf 83' lang='lat' dir='ltr'><strong>regem</strong></span> <span class='ocrx_word' id='word_1_208' title='bbox 3200 1423 3396 1481; x_wconf 83' lang='lat' dir='ltr'><strong>rogas,</strong></span> <span class='ocrx_word' id='word_1_209' title='bbox 3448 1407 3587 1465; x_wconf 89' lang='lat' dir='ltr'><strong>dicis</strong></span> <span class='ocrx_word' id='word_1_210' title='bbox 3616 1420 3673 1465; x_wconf 89' lang='lat' dir='ltr'><strong>ut</strong></span> <span class='ocrx_word' id='word_1_211' title='bbox 3715 1422 3850 1464; x_wconf 66' lang='lat' dir='ltr'><strong>conv</strong></span> 
     </span>
    </p>
   </div>
   <div class='ocr_carea' id='block_1_30' title="bbox 2253 1500 3852 1576">
    <p class='ocr_par' dir='ltr' id='par_1_30' title="bbox 2253 1500 3852 1576">
     <span class='ocr_line' id='line_1_30' title="bbox 2253 1500 3852 1576; baseline -0.003 -16"><span class='ocrx_word' id='word_1_212' title='bbox 2253 1504 2664 1576; x_wconf 87' lang='lat' dir='ltr'><strong>templationem</strong></span> <span class='ocrx_word' id='word_1_213' title='bbox 2705 1503 2906 1559; x_wconf 85' lang='lat' dir='ltr'><strong>habeat</strong></span> <span class='ocrx_word' id='word_1_214' title='bbox 2938 1500 3167 1559; x_wconf 77' lang='lat' dir='ltr'><strong>honoris</strong></span> <span class='ocrx_word' id='word_1_215' title='bbox 3199 1500 3276 1559; x_wconf 90' lang='lat' dir='ltr'><strong>tui</strong></span> <span class='ocrx_word' id='word_1_216' title='bbox 3301 1541 3316 1567; x_wconf 95' lang='lat'><strong>,</strong></span> <span class='ocrx_word' id='word_1_217' title='bbox 3361 1508 3548 1571; x_wconf 80' lang='lat' dir='ltr'><strong>tangat</strong></span> <span class='ocrx_word' id='word_1_218' title='bbox 3586 1514 3711 1557; x_wconf 83' lang='lat' dir='ltr'><strong>eum</strong></span> <span class='ocrx_word' id='word_1_219' title='bbox 3742 1509 3852 1555; x_wconf 70' lang='lat' dir='ltr'><strong>tute</strong></span> 
     </span>
    </p>
   </div>
   <div class='ocr_carea' id='block_1_31' title="bbox 2249 1592 3849 1669">
    <p class='ocr_par' dir='ltr' id='par_1_31' title="bbox 2249 1592 3849 1669">
     <span class='ocr_line' id='line_1_31' title="bbox 2249 1592 3849 1669; baseline -0.005 -14"><span class='ocrx_word' id='word_1_220' title='bbox 2249 1596 2645 1669; x_wconf 82' lang='lat' dir='ltr'><strong>contemplatio</strong></span> <span class='ocrx_word' id='word_1_221' title='bbox 2676 1594 2993 1667; x_wconf 68' lang='lat' dir='ltr'><strong>dignitatis;</strong></span> <span class='ocrx_word' id='word_1_222' title='bbox 3024 1604 3198 1651; x_wconf 84' lang='lat' dir='ltr'><strong>utaut</strong></span> <span class='ocrx_word' id='word_1_223' title='bbox 3228 1593 3577 1660; x_wconf 79' lang='lat' dir='ltr'><strong>misereatur,</strong></span> <span class='ocrx_word' id='word_1_224' title='bbox 3609 1595 3657 1650; x_wconf 89' lang='lat' dir='ltr'><strong>si</strong></span> <span class='ocrx_word' id='word_1_225' title='bbox 3690 1592 3849 1649; x_wconf 84' lang='lat' dir='ltr'><strong>venia</strong></span> 
     </span>
    </p>
   </div>
   <div class='ocr_carea' id='block_1_32' title="bbox 2251 1687 3847 1762">
    <p class='ocr_par' dir='ltr' id='par_1_32' title="bbox 2251 1687 3847 1762">
     <span class='ocr_line' id='line_1_32' title="bbox 2251 1687 3847 1762; baseline -0.004 -13"><span class='ocrx_word' id='word_1_226' title='bbox 2251 1700 2339 1749; x_wconf 87' lang='lat' dir='ltr'><strong>est</strong></span> <span class='ocrx_word' id='word_1_227' title='bbox 2390 1689 2715 1762; x_wconf 88' lang='lat' dir='ltr'><strong>postulanda</strong></span> <span class='ocrx_word' id='word_1_228' title='bbox 2750 1699 2886 1747; x_wconf 86' lang='lat' dir='ltr'><strong>:aut</strong></span> <span class='ocrx_word' id='word_1_229' title='bbox 2924 1688 3136 1746; x_wconf 80' lang='lat' dir='ltr'><strong>deierat</strong></span> <span class='ocrx_word' id='word_1_230' title='bbox 3166 1703 3265 1759; x_wconf 90' lang='lat' dir='ltr'><strong>pro</strong></span> <span class='ocrx_word' id='word_1_231' title='bbox 3303 1687 3497 1751; x_wconf 87' lang='lat' dir='ltr'><strong>ordino</strong></span> <span class='ocrx_word' id='word_1_232' title='bbox 3540 1687 3847 1759; x_wconf 85' lang='lat' dir='ltr'><strong>dignitatis.</strong></span> 
     </span>
    </p>
   </div>
   <div class='ocr_carea' id='block_1_33' title="bbox 544 1780 3844 1858">
    <p class='ocr_par' dir='ltr' id='par_1_33' title="bbox 544 1780 3844 1858">
     <span class='ocr_line' id='line_1_33' title="bbox 544 1780 3844 1858; baseline -0.002 -11"><span class='ocrx_word' id='word_1_233' title='bbox 544 1807 661 1857; x_wconf 88' lang='lat' dir='ltr'><strong>cos,</strong></span> <span class='ocrx_word' id='word_1_234' title='bbox 703 1808 812 1847; x_wconf 90' lang='lat' dir='ltr'><strong>non</strong></span> <span class='ocrx_word' id='word_1_235' title='bbox 841 1790 1141 1847; x_wconf 90' lang='lat' dir='ltr'><strong>secundum</strong></span> <span class='ocrx_word' id='word_1_236' title='bbox 1197 1798 1528 1846; x_wconf 87' lang='lat' dir='ltr'><strong>mercatores</strong></span> <span class='ocrx_word' id='word_1_237' title='bbox 1579 1786 1741 1856; x_wconf 86' lang='lat' dir='ltr'><strong>hujus</strong></span> <span class='ocrx_word' id='word_1_238' title='bbox 1780 1786 1988 1853; x_wconf 80' lang='lat' dir='ltr'><strong>saeculi,</strong></span> <span class='ocrx_word' id='word_1_239' title='bbox 2037 1801 2145 1847; x_wconf 85' lang='lat' dir='ltr'><strong>non</strong></span> <span class='ocrx_word' id='word_1_240' title='bbox 2175 1783 2226 1847; x_wconf 93' lang='lat' dir='ltr'><strong>B</strong></span> <span class='ocrx_word' id='word_1_241' title='bbox 2252 1785 2363 1842; x_wconf 75' lang='grc' dir='ltr'>τιΕι</span> <span class='ocrx_word' id='word_1_242' title='bbox 2384 1784 2514 1858; x_wconf 90' lang='lat' dir='ltr'><strong>quid</strong></span> <span class='ocrx_word' id='word_1_243' title='bbox 2539 1785 2741 1851; x_wconf 87' lang='lat' dir='ltr'><strong>dicam,</strong></span> <span class='ocrx_word' id='word_1_244' title='bbox 2778 1783 2976 1854; x_wconf 82' lang='lat' dir='ltr'><strong>rogas?</strong></span> <span class='ocrx_word' id='word_1_245' title='bbox 3001 1783 3092 1841; x_wconf 87' lang='lat' dir='ltr'><strong>Sic</strong></span> <span class='ocrx_word' id='word_1_246' title='bbox 3123 1782 3496 1853; x_wconf 78' lang='lat' dir='ltr'><strong>unusquisque</strong></span> <span class='ocrx_word' id='word_1_247' title='bbox 3520 1780 3844 1853; x_wconf 78' lang='lat' dir='ltr'><strong>ingreditur.</strong></span> 
     </span>
    </p>
   </div>
   <div class='ocr_carea' id='block_1_34' title="bbox 541 1879 2143 1946">
    <p class='ocr_par' dir='ltr' id='par_1_34' title="bbox 541 1879 2143 1946">
     <span class='ocr_line' id='line_1_34' title="bbox 541 1879 2143 1946; baseline -0.004 -5"><span class='ocrx_word' id='word_1_248' title='bbox 541 1882 841 1941; x_wconf 90' lang='lat' dir='ltr'><strong>secundum</strong></span> <span class='ocrx_word' id='word_1_249' title='bbox 873 1882 1201 1940; x_wconf 85' lang='lat' dir='ltr'><strong>architectos</strong></span> <span class='ocrx_word' id='word_1_250' title='bbox 1226 1881 1511 1937; x_wconf 88' lang='lat' dir='ltr'><strong>domorum</strong></span> <span class='ocrx_word' id='word_1_251' title='bbox 1536 1923 1551 1946; x_wconf 94' lang='lat'><strong>,</strong></span> <span class='ocrx_word' id='word_1_252' title='bbox 1576 1879 1671 1935; x_wconf 89' lang='lat' dir='ltr'><strong>sed</strong></span> <span class='ocrx_word' id='word_1_253' title='bbox 1703 1879 2000 1937; x_wconf 91' lang='lat' dir='ltr'><strong>secundum</strong></span> <span class='ocrx_word' id='word_1_254' title='bbox 2023 1895 2143 1936; x_wconf 88' lang='lat' dir='ltr'><strong>ver-</strong></span> 
     </span>
    </p>
   </div>
   <div class='ocr_carea' id='block_1_35' title="bbox 540 1971 2144 2047">
    <p class='ocr_par' dir='ltr' id='par_1_35' title="bbox 540 1971 2144 2047">
     <span class='ocr_line' id='line_1_35' title="bbox 540 1971 2144 2047; baseline -0.002 -15"><span class='ocrx_word' id='word_1_255' title='bbox 540 1978 669 2033; x_wconf 87' lang='lat' dir='ltr'><strong>bum</strong></span> <span class='ocrx_word' id='word_1_256' title='bbox 710 1986 885 2042; x_wconf 89' lang='lat' dir='ltr'><strong>tuum,</strong></span> <span class='ocrx_word' id='word_1_257' title='bbox 919 1975 1064 2047; x_wconf 85' lang='lat' dir='ltr'><strong>quod</strong></span> <span class='ocrx_word' id='word_1_258' title='bbox 1117 1984 1202 2030; x_wconf 89' lang='lat' dir='ltr'><strong>est</strong></span> <span class='ocrx_word' id='word_1_259' title='bbox 1246 1988 1392 2030; x_wconf 74' lang='lat' dir='ltr'><strong>verre</strong></span> <span class='ocrx_word' id='word_1_260' title='bbox 1433 1971 1716 2042; x_wconf 73' lang='lat' dir='ltr'><strong>sapientia:</strong></span> <span class='ocrx_word' id='word_1_261' title='bbox 1764 1972 2144 2043; x_wconf 87' lang='lat' dir='ltr'><strong>bonorumque</strong></span> 
     </span>
    </p>
   </div>
   <div class='ocr_carea' id='block_1_36' title="bbox 539 2065 2143 2143">
    <p class='ocr_par' dir='ltr' id='par_1_36' title="bbox 539 2065 2143 2143">
     <span class='ocr_line' id='line_1_36' title="bbox 539 2065 2143 2143; baseline -0.002 -17"><span class='ocrx_word' id='word_1_262' title='bbox 539 2085 766 2143; x_wconf 90' lang='lat' dir='ltr'><strong>operum</strong></span> <span class='ocrx_word' id='word_1_263' title='bbox 791 2067 1237 2135; x_wconf 84' lang='lat' dir='ltr'><strong>fundamentum;</strong></span> <span class='ocrx_word' id='word_1_264' title='bbox 1265 2076 1320 2122; x_wconf 90' lang='lat' dir='ltr'><strong>ut</strong></span> <span class='ocrx_word' id='word_1_265' title='bbox 1345 2080 1511 2137; x_wconf 80' lang='lat' dir='ltr'><strong>super</strong></span> <span class='ocrx_word' id='word_1_266' title='bbox 1544 2065 1677 2127; x_wconf 90' lang='lat' dir='ltr'><strong>illud</strong></span> <span class='ocrx_word' id='word_1_267' title='bbox 1708 2067 2005 2122; x_wconf 86' lang='lat' dir='ltr'><strong>constituat</strong></span> <span class='ocrx_word' id='word_1_268' title='bbox 2025 2081 2143 2138; x_wconf 85' lang='lat' dir='ltr'><strong>pro-</strong></span> 
     </span>
    </p>
   </div>
   <div class='ocr_carea' id='block_1_37' title="bbox 536 2158 2145 2234">
    <p class='ocr_par' dir='ltr' id='par_1_37' title="bbox 536 2158 2145 2234">
     <span class='ocr_line' id='line_1_37' title="bbox 536 2158 2145 2234; baseline -0.002 -17"><span class='ocrx_word' id='word_1_269' title='bbox 536 2160 702 2234; x_wconf 85' lang='lat' dir='ltr'><strong>pheta</strong></span> <span class='ocrx_word' id='word_1_270' title='bbox 734 2177 923 2217; x_wconf 89' lang='lat' dir='ltr'><strong>aurum</strong></span> <span class='ocrx_word' id='word_1_271' title='bbox 955 2160 1137 2217; x_wconf 89' lang='lat' dir='ltr'><strong>cordis</strong></span> <span class='ocrx_word' id='word_1_272' title='bbox 1165 2160 1269 2226; x_wconf 88' lang='lat' dir='ltr'><strong>sui,</strong></span> <span class='ocrx_word' id='word_1_273' title='bbox 1301 2167 1587 2231; x_wconf 76' lang='lat' dir='ltr'><strong>argentum</strong></span> <span class='ocrx_word' id='word_1_274' title='bbox 1615 2159 1887 2217; x_wconf 86' lang='lat' dir='ltr'><strong>sermonis</strong></span> <span class='ocrx_word' id='word_1_275' title='bbox 1909 2158 2029 2225; x_wconf 89' lang='lat' dir='ltr'><strong>sui,</strong></span> <span class='ocrx_word' id='word_1_276' title='bbox 2064 2159 2145 2215; x_wconf 89' lang='lat' dir='ltr'><strong>la-</strong></span> 
     </span>
    </p>
   </div>
   <div class='ocr_carea' id='block_1_38' title="bbox 537 2254 2139 2327">
    <p class='ocr_par' dir='ltr' id='par_1_38' title="bbox 537 2254 2139 2327">
     <span class='ocr_line' id='line_1_38' title="bbox 537 2254 2139 2327; baseline -0.001 -17"><span class='ocrx_word' id='word_1_277' title='bbox 537 2255 692 2326; x_wconf 89' lang='lat' dir='ltr'><strong>pides</strong></span> <span class='ocrx_word' id='word_1_278' title='bbox 723 2257 997 2327; x_wconf 89' lang='lat' dir='ltr'><strong>pretiosos</strong></span> <span class='ocrx_word' id='word_1_279' title='bbox 1028 2254 1404 2325; x_wconf 85' lang='lat' dir='ltr'><strong>operationum</strong></span> <span class='ocrx_word' id='word_1_280' title='bbox 1436 2265 1656 2308; x_wconf 86' lang='lat' dir='ltr'><strong>suarum</strong></span> <span class='ocrx_word' id='word_1_281' title='bbox 1684 2266 1697 2316; x_wconf 92' lang='lat'><strong>;</strong></span> <span class='ocrx_word' id='word_1_282' title='bbox 1740 2261 1799 2305; x_wconf 89' lang='lat' dir='ltr'><strong>ut</strong></span> <span class='ocrx_word' id='word_1_283' title='bbox 1822 2266 1959 2322; x_wconf 86' lang='lat' dir='ltr'><strong>opus</strong></span> <span class='ocrx_word' id='word_1_284' title='bbox 1981 2266 2139 2309; x_wconf 89' lang='lat' dir='ltr'><strong>suum</strong></span> 
     </span>
    </p>
   </div>
   <div class='ocr_carea' id='block_1_39' title="bbox 537 2347 1306 2420">
    <p class='ocr_par' dir='ltr' id='par_1_39' title="bbox 537 2347 1306 2420">
     <span class='ocr_line' id='line_1_39' title="bbox 537 2347 1306 2420; baseline -0.003 -18"><span class='ocrx_word' id='word_1_285' title='bbox 537 2347 647 2403; x_wconf 89' lang='lat' dir='ltr'><strong>labi</strong></span> <span class='ocrx_word' id='word_1_286' title='bbox 677 2356 733 2404; x_wconf 90' lang='lat' dir='ltr'><strong>et</strong></span> <span class='ocrx_word' id='word_1_287' title='bbox 762 2348 945 2420; x_wconf 89' lang='lat' dir='ltr'><strong>perire</strong></span> <span class='ocrx_word' id='word_1_288' title='bbox 973 2363 1080 2403; x_wconf 91' lang='lat' dir='ltr'><strong>non</strong></span> <span class='ocrx_word' id='word_1_289' title='bbox 1114 2349 1306 2419; x_wconf 88' lang='lat' dir='ltr'><strong>possit.</strong></span> 
     </span>
    </p>
   </div>
   <div class='ocr_carea' id='block_1_40' title="bbox 610 2437 2142 2516">
    <p class='ocr_par' dir='ltr' id='par_1_40' title="bbox 610 2437 2142 2516">
     <span class='ocr_line' id='line_1_40' title="bbox 610 2437 2142 2516; baseline 0.001 -20"><span class='ocrx_word' id='word_1_290' title='bbox 610 2442 699 2497; x_wconf 75' lang='lat' dir='ltr'><strong>i2.</strong></span> <span class='ocrx_word' id='word_1_291' title='bbox 744 2442 905 2516; x_wconf 84' lang='lat' dir='ltr'><strong>(Vers</strong></span> <span class='ocrx_word' id='word_1_292' title='bbox 938 2440 1089 2512; x_wconf 82' lang='grc'><strong>170.)</strong></span> <span class='ocrx_word' id='word_1_293' title='bbox 1137 2440 1398 2514; x_wconf 86' lang='lat' dir='ltr'><strong>Sequitur</strong></span> <span class='ocrx_word' id='word_1_294' title='bbox 1452 2455 1643 2499; x_wconf 89' lang='lat' dir='ltr'><strong>versus</strong></span> <span class='ocrx_word' id='word_1_295' title='bbox 1684 2438 2000 2498; x_wconf 89' lang='lat' dir='ltr'><strong>secundus:</strong></span> <span class='ocrx_word' id='word_1_296' title='bbox 2047 2437 2142 2497; x_wconf 85' lang='lat' dir='ltr'><strong>In-</strong></span> 
     </span>
    </p>
   </div>
   <div class='ocr_carea' id='block_1_41' title="bbox 534 2532 2138 2605">
    <p class='ocr_par' dir='ltr' id='par_1_41' title="bbox 534 2532 2138 2605">
     <span class='ocr_line' id='line_1_41' title="bbox 534 2532 2138 2605; baseline 0 -16"><span class='ocrx_word' id='word_1_297' title='bbox 534 2545 631 2590; x_wconf 84' lang='lat' dir='ltr'><strong>tret</strong></span> <span class='ocrx_word' id='word_1_298' title='bbox 655 2535 932 2605; x_wconf 81' lang='lat' dir='ltr'><strong>postulatio</strong></span> <span class='ocrx_word' id='word_1_299' title='bbox 962 2551 1076 2590; x_wconf 90' lang='lat' dir='ltr'><strong>mea</strong></span> <span class='ocrx_word' id='word_1_300' title='bbox 1102 2552 1283 2591; x_wconf 87' lang='lat' dir='ltr'><strong>coram</strong></span> <span class='ocrx_word' id='word_1_301' title='bbox 1315 2546 1402 2591; x_wconf 87' lang='lat' dir='ltr'><strong>te:</strong></span> <span class='ocrx_word' id='word_1_302' title='bbox 1427 2536 1712 2592; x_wconf 85' lang='lat' dir='ltr'><strong>secundum</strong></span> <span class='ocrx_word' id='word_1_303' title='bbox 1748 2532 1959 2589; x_wconf 74' lang='lat' dir='ltr'><strong>verbum</strong></span> <span class='ocrx_word' id='word_1_304' title='bbox 1992 2544 2138 2591; x_wconf 78' lang='lat' dir='ltr'><strong>tuum</strong></span> 
     </span>
    </p>
   </div>
   <div class='ocr_carea' id='block_1_42' title="bbox 495 2627 2136 2702">
    <p class='ocr_par' dir='ltr' id='par_1_42' title="bbox 495 2627 2136 2702">
     <span class='ocr_line' id='line_1_42' title="bbox 495 2627 2136 2702; baseline 0.002 -20"><span class='ocrx_word' id='word_1_305' title='bbox 495 2670 501 2675; x_wconf 87' lang='lat'><strong>.</strong></span> <span class='ocrx_word' id='word_1_306' title='bbox 534 2627 695 2683; x_wconf 85' lang='lat' dir='ltr'><strong>libera</strong></span> <span class='ocrx_word' id='word_1_307' title='bbox 724 2646 822 2684; x_wconf 87' lang='lat' dir='ltr'><strong>me.</strong></span> <span class='ocrx_word' id='word_1_308' title='bbox 855 2627 993 2685; x_wconf 82' lang='lat' dir='ltr'><strong>Vide</strong></span> <span class='ocrx_word' id='word_1_309' title='bbox 1032 2627 1301 2685; x_wconf 86' lang='lat' dir='ltr'><strong>ordinem.</strong></span> <span class='ocrx_word' id='word_1_310' title='bbox 1333 2630 1574 2685; x_wconf 89' lang='lat' dir='ltr'><strong>Primum</strong></span> <span class='ocrx_word' id='word_1_311' title='bbox 1619 2629 1761 2685; x_wconf 79' lang='lat' dir='ltr'><strong>dixit</strong></span> <span class='ocrx_word' id='word_1_312' title='bbox 1790 2647 1804 2684; x_wconf 87' lang='lat'><strong>:</strong></span> <span class='ocrx_word' id='word_1_313' title='bbox 1832 2627 2136 2702; x_wconf 79' lang='lat' dir='ltr'><strong>Appropin-</strong></span> 
     </span>
    </p>
   </div>
   <div class='ocr_carea' id='block_1_43' title="bbox 529 2723 2136 2799">
    <p class='ocr_par' dir='ltr' id='par_1_43' title="bbox 529 2723 2136 2799">
     <span class='ocr_line' id='line_1_43' title="bbox 529 2723 2136 2799; baseline 0.002 -24"><span class='ocrx_word' id='word_1_314' title='bbox 529 2732 649 2793; x_wconf 86' lang='lat' dir='ltr'><strong>quet</strong></span> <span class='ocrx_word' id='word_1_315' title='bbox 674 2724 843 2777; x_wconf 84' lang='lat' dir='ltr'><strong>oratio</strong></span> <span class='ocrx_word' id='word_1_316' title='bbox 873 2739 985 2777; x_wconf 84' lang='lat' dir='ltr'><strong>mea</strong></span> <span class='ocrx_word' id='word_1_317' title='bbox 1023 2738 1043 2778; x_wconf 89' lang='lat'><strong><em>:</em></strong></span> <span class='ocrx_word' id='word_1_318' title='bbox 1075 2732 1261 2799; x_wconf 83' lang='lat' dir='ltr'><strong>postea</strong></span> <span class='ocrx_word' id='word_1_319' title='bbox 1292 2723 1636 2780; x_wconf 88' lang='lat' dir='ltr'><strong>intellectum</strong></span> <span class='ocrx_word' id='word_1_320' title='bbox 1652 2725 1922 2794; x_wconf 80' lang='lat' dir='ltr'><strong>poposcit,</strong></span> <span class='ocrx_word' id='word_1_321' title='bbox 1947 2739 2136 2779; x_wconf 85' lang='lat' dir='ltr'><strong>secun-</strong></span> 
     </span>
    </p>
   </div>
   <div class='ocr_carea' id='block_1_44' title="bbox 532 2816 2135 2889">
    <p class='ocr_par' dir='ltr' id='par_1_44' title="bbox 532 2816 2135 2889">
     <span class='ocr_line' id='line_1_44' title="bbox 532 2816 2135 2889; baseline 0.001 -17"><span class='ocrx_word' id='word_1_322' title='bbox 532 2818 658 2872; x_wconf 82' lang='lat' dir='ltr'><strong>dum</strong></span> <span class='ocrx_word' id='word_1_323' title='bbox 690 2819 896 2873; x_wconf 85' lang='lat' dir='ltr'><strong>verbum</strong></span> <span class='ocrx_word' id='word_1_324' title='bbox 927 2818 1126 2874; x_wconf 92' lang='lat' dir='ltr'><strong>:tertio</strong></span> <span class='ocrx_word' id='word_1_325' title='bbox 1152 2819 1249 2885; x_wconf 89' lang='lat' dir='ltr'><strong>ait,</strong></span> <span class='ocrx_word' id='word_1_326' title='bbox 1279 2816 1444 2874; x_wconf 88' lang='lat' dir='ltr'><strong>Intret</strong></span> <span class='ocrx_word' id='word_1_327' title='bbox 1485 2818 1768 2889; x_wconf 80' lang='lat' dir='ltr'><strong>postulatio</strong></span> <span class='ocrx_word' id='word_1_328' title='bbox 1816 2833 1928 2873; x_wconf 89' lang='lat' dir='ltr'><strong>mea</strong></span> <span class='ocrx_word' id='word_1_329' title='bbox 1957 2833 2135 2873; x_wconf 81' lang='lat' dir='ltr'><strong>ceram</strong></span> 
     </span>
    </p>
   </div>
   <div class='ocr_carea' id='block_1_45' title="bbox 533 2910 2137 2982">
    <p class='ocr_par' dir='ltr' id='par_1_45' title="bbox 533 2910 2137 2982">
     <span class='ocr_line' id='line_1_45' title="bbox 533 2910 2137 2982; baseline 0.001 -18"><span class='ocrx_word' id='word_1_330' title='bbox 533 2924 599 2965; x_wconf 88' lang='lat' dir='ltr'><strong>te.</strong></span> <span class='ocrx_word' id='word_1_331' title='bbox 641 2910 836 2967; x_wconf 83' lang='lat' dir='ltr'><strong>Nonne</strong></span> <span class='ocrx_word' id='word_1_332' title='bbox 865 2911 1102 2982; x_wconf 90' lang='lat' dir='ltr'><strong>quodam</strong></span> <span class='ocrx_word' id='word_1_333' title='bbox 1127 2912 1390 2969; x_wconf 84' lang='lat' dir='ltr'><strong>Dominus</strong></span> <span class='ocrx_word' id='word_1_334' title='bbox 1416 2927 1516 2969; x_wconf 90' lang='lat' dir='ltr'><strong>nos</strong></span> <span class='ocrx_word' id='word_1_335' title='bbox 1548 2912 1746 2969; x_wconf 86' lang='lat' dir='ltr'><strong>invitat</strong></span> <span class='ocrx_word' id='word_1_336' title='bbox 1770 2927 1894 2981; x_wconf 85' lang='lat' dir='ltr'><strong>usu,</strong></span> <span class='ocrx_word' id='word_1_337' title='bbox 1937 2916 1996 2967; x_wconf 90' lang='lat' dir='ltr'><strong>et</strong></span> <span class='ocrx_word' id='word_1_338' title='bbox 2017 2923 2137 2967; x_wconf 89' lang='lat' dir='ltr'><strong>sus-</strong></span> 
     </span>
    </p>
   </div>
   <div class='ocr_carea' id='block_1_46' title="bbox 529 3002 2132 3077">
    <p class='ocr_par' dir='ltr' id='par_1_46' title="bbox 529 3002 2132 3077">
     <span class='ocr_line' id='line_1_46' title="bbox 529 3002 2132 3077; baseline 0 -18"><span class='ocrx_word' id='word_1_339' title='bbox 529 3002 716 3076; x_wconf 58' lang='lat' dir='ltr'><strong>cipere</strong></span> <span class='ocrx_word' id='word_1_340' title='bbox 750 3004 963 3077; x_wconf 75' lang='lat'><strong>1250</strong></span> <span class='ocrx_word' id='word_1_341' title='bbox 990 3004 1243 3076; x_wconf 84' lang='lat' dir='ltr'><strong>dignatur</strong></span> <span class='ocrx_word' id='word_1_342' title='bbox 1270 3003 1503 3063; x_wconf 77' lang='lat' dir='ltr'><strong>affectu?</strong></span> <span class='ocrx_word' id='word_1_343' title='bbox 1530 3004 1723 3061; x_wconf 91' lang='lat' dir='ltr'><strong>Nonne</strong></span> <span class='ocrx_word' id='word_1_344' title='bbox 1746 3020 1871 3061; x_wconf 88' lang='lat' dir='ltr'><strong>cum</strong></span> <span class='ocrx_word' id='word_1_345' title='bbox 1893 3003 2132 3075; x_wconf 76' lang='lat' dir='ltr'><strong>aliquem</strong></span> 
     </span>
    </p>
   </div>
   <div class='ocr_carea' id='block_1_47' title="bbox 531 3094 2135 3168">
    <p class='ocr_par' dir='ltr' id='par_1_47' title="bbox 531 3094 2135 3168">
     <span class='ocr_line' id='line_1_47' title="bbox 531 3094 2135 3168; baseline 0.001 -19"><span class='ocrx_word' id='word_1_346' title='bbox 531 3095 599 3150; x_wconf 89' lang='lat' dir='ltr'><strong>de</strong></span> <span class='ocrx_word' id='word_1_347' title='bbox 656 3097 927 3168; x_wconf 87' lang='lat' dir='ltr'><strong>primariis</strong></span> <span class='ocrx_word' id='word_1_348' title='bbox 960 3097 1094 3151; x_wconf 89' lang='lat' dir='ltr'><strong>viris</strong></span> <span class='ocrx_word' id='word_1_349' title='bbox 1134 3095 1416 3152; x_wconf 86' lang='lat' dir='ltr'><strong>desideras</strong></span> <span class='ocrx_word' id='word_1_350' title='bbox 1444 3097 1764 3163; x_wconf 85' lang='lat' dir='ltr'><strong>convenire,</strong></span> <span class='ocrx_word' id='word_1_351' title='bbox 1798 3097 2032 3167; x_wconf 88' lang='lat' dir='ltr'><strong>primum</strong></span> <span class='ocrx_word' id='word_1_352' title='bbox 2067 3094 2135 3151; x_wconf 88' lang='lat' dir='ltr'><strong>ad</strong></span> 
     </span>
    </p>
   </div>
   <div class='ocr_carea' id='block_1_48' title="bbox 2250 1873 3846 1948">
    <p class='ocr_par' dir='ltr' id='par_1_48' title="bbox 2250 1873 3846 1948">
     <span class='ocr_line' id='line_1_48' title="bbox 2250 1873 3846 1948; baseline -0.003 -13"><span class='ocrx_word' id='word_1_353' title='bbox 2250 1888 2307 1935; x_wconf 92' lang='lat' dir='ltr'><strong>ut</strong></span> <span class='ocrx_word' id='word_1_354' title='bbox 2357 1876 2712 1948; x_wconf 83' lang='lat' dir='ltr'><strong>dignitatibus</strong></span> <span class='ocrx_word' id='word_1_355' title='bbox 2758 1875 3057 1933; x_wconf 84' lang='lat' dir='ltr'><strong>deteratur.</strong></span> <span class='ocrx_word' id='word_1_356' title='bbox 3100 1873 3269 1931; x_wconf 79' lang='lat' dir='ltr'><strong>Recte</strong></span> <span class='ocrx_word' id='word_1_357' title='bbox 3322 1889 3456 1944; x_wconf 80' lang='lat' dir='ltr'><strong>ergo</strong></span> <span class='ocrx_word' id='word_1_358' title='bbox 3508 1884 3568 1931; x_wconf 86' lang='lat' dir='ltr'><strong>et</strong></span> <span class='ocrx_word' id='word_1_359' title='bbox 3613 1873 3846 1933; x_wconf 85' lang='lat' dir='ltr'><strong>devotus</strong></span> 
     </span>
    </p>
   </div>
   <div class='ocr_carea' id='block_1_49' title="bbox 2248 1967 3847 2041">
    <p class='ocr_par' dir='ltr' id='par_1_49' title="bbox 2248 1967 3847 2041">
     <span class='ocr_line' id='line_1_49' title="bbox 2248 1967 3847 2041; baseline -0.001 -13"><span class='ocrx_word' id='word_1_360' title='bbox 2248 1972 2363 2029; x_wconf 92' lang='lat' dir='ltr'><strong>Deo</strong></span> <span class='ocrx_word' id='word_1_361' title='bbox 2401 1971 2537 2027; x_wconf 89' lang='lat' dir='ltr'><strong>dicit</strong></span> <span class='ocrx_word' id='word_1_362' title='bbox 2567 1988 2581 2026; x_wconf 91' lang='lat'><strong>:</strong></span> <span class='ocrx_word' id='word_1_363' title='bbox 2606 1969 2773 2026; x_wconf 80' lang='lat' dir='ltr'><strong>Intret</strong></span> <span class='ocrx_word' id='word_1_364' title='bbox 2815 1968 3043 2041; x_wconf 78' lang='lat' dir='ltr'><strong>dignitas</strong></span> <span class='ocrx_word' id='word_1_365' title='bbox 3085 1984 3201 2024; x_wconf 80' lang='lat' dir='ltr'><strong>mea</strong></span> <span class='ocrx_word' id='word_1_366' title='bbox 3232 1984 3407 2024; x_wconf 86' lang='lat' dir='ltr'><strong>coram</strong></span> <span class='ocrx_word' id='word_1_367' title='bbox 3455 1977 3523 2023; x_wconf 80' lang='lat' dir='ltr'><strong>te.</strong></span> <span class='ocrx_word' id='word_1_368' title='bbox 3569 1967 3748 2029; x_wconf 79' lang='lat' dir='ltr'><strong>liabet</strong></span> <span class='ocrx_word' id='word_1_369' title='bbox 3787 1977 3847 2026; x_wconf 87' lang='lat' dir='ltr'><strong>et</strong></span> 
     </span>
    </p>
   </div>
   <div class='ocr_carea' id='block_1_50' title="bbox 2244 2060 3844 2135">
    <p class='ocr_par' dir='ltr' id='par_1_50' title="bbox 2244 2060 3844 2135">
     <span class='ocr_line' id='line_1_50' title="bbox 2244 2060 3844 2135; baseline -0.003 -14"><span class='ocrx_word' id='word_1_370' title='bbox 2244 2064 2594 2122; x_wconf 86' lang='lat' dir='ltr'><strong>Christianus</strong></span> <span class='ocrx_word' id='word_1_371' title='bbox 2631 2061 2957 2135; x_wconf 86' lang='lat' dir='ltr'><strong>dignitatem</strong></span> <span class='ocrx_word' id='word_1_372' title='bbox 2984 2074 3138 2119; x_wconf 86' lang='lat' dir='ltr'><strong>suam</strong></span> <span class='ocrx_word' id='word_1_373' title='bbox 3157 2102 3173 2130; x_wconf 94' lang='lat'><strong>,</strong></span> <span class='ocrx_word' id='word_1_374' title='bbox 3200 2060 3296 2133; x_wconf 88' lang='lat' dir='ltr'><strong>qui</strong></span> <span class='ocrx_word' id='word_1_375' title='bbox 3326 2067 3479 2121; x_wconf 79' lang='lat' dir='ltr'><strong>tanto</strong></span> <span class='ocrx_word' id='word_1_376' title='bbox 3524 2060 3844 2132; x_wconf 63' lang='lat' dir='ltr'><strong>imperatori</strong></span> 
     </span>
    </p>
   </div>
   <div class='ocr_carea' id='block_1_51' title="bbox 2246 2157 2465 2217">
    <p class='ocr_par' dir='ltr' id='par_1_51' title="bbox 2246 2157 2465 2217">
     <span class='ocr_line' id='line_1_51' title="bbox 2246 2157 2465 2217; baseline -0.027 0"><span class='ocrx_word' id='word_1_377' title='bbox 2246 2157 2465 2217; x_wconf 82' lang='lat' dir='ltr'><strong>militat.</strong></span> 
     </span>
    </p>
   </div>
   <div class='ocr_carea' id='block_1_52' title="bbox 2318 2244 3848 2318">
    <p class='ocr_par' dir='ltr' id='par_1_52' title="bbox 2318 2244 3848 2318">
     <span class='ocr_line' id='line_1_52' title="bbox 2318 2244 3848 2318; baseline 0 -13"><span class='ocrx_word' id='word_1_378' title='bbox 2318 2250 2408 2306; x_wconf 80' lang='grc'><strong>15.</strong></span> <span class='ocrx_word' id='word_1_379' title='bbox 2440 2248 2581 2313; x_wconf 83' lang='lat' dir='ltr'><strong>Sunt</strong></span> <span class='ocrx_word' id='word_1_380' title='bbox 2609 2246 2862 2307; x_wconf 72' lang='lat' dir='ltr'><strong>maxime:</strong></span> <span class='ocrx_word' id='word_1_381' title='bbox 2899 2256 2957 2303; x_wconf 89' lang='lat' dir='ltr'><strong>et</strong></span> <span class='ocrx_word' id='word_1_382' title='bbox 2993 2261 3139 2309; x_wconf 73' lang='lat' dir='ltr'><strong>vera:</strong></span> <span class='ocrx_word' id='word_1_383' title='bbox 3179 2244 3309 2315; x_wconf 79' lang='lat' dir='ltr'><strong>lidei</strong></span> <span class='ocrx_word' id='word_1_384' title='bbox 3345 2244 3641 2318; x_wconf 73' lang='lat' dir='ltr'><strong>dignitates</strong></span> <span class='ocrx_word' id='word_1_385' title='bbox 3670 2284 3689 2314; x_wconf 84' lang='lat'><strong>,</strong></span> <span class='ocrx_word' id='word_1_386' title='bbox 3717 2253 3848 2305; x_wconf 83' lang='lat' dir='ltr'><strong>sunt</strong></span> 
     </span>
    </p>
   </div>
   <div class='ocr_carea' id='block_1_53' title="bbox 2244 2336 3846 2415">
    <p class='ocr_par' dir='ltr' id='par_1_53' title="bbox 2244 2336 3846 2415">
     <span class='ocr_line' id='line_1_53' title="bbox 2244 2336 3846 2415; baseline -0.004 -14"><span class='ocrx_word' id='word_1_387' title='bbox 2244 2345 2512 2402; x_wconf 85' lang='lat' dir='ltr'><strong>honorum</strong></span> <span class='ocrx_word' id='word_1_388' title='bbox 2537 2343 2740 2399; x_wconf 75' lang='lat' dir='ltr'><strong>diversi</strong></span> <span class='ocrx_word' id='word_1_389' title='bbox 2768 2351 2824 2399; x_wconf 91' lang='lat' dir='ltr'><strong>et</strong></span> <span class='ocrx_word' id='word_1_390' title='bbox 2869 2340 3017 2415; x_wconf 88' lang='lat' dir='ltr'><strong>apud</strong></span> <span class='ocrx_word' id='word_1_391' title='bbox 3034 2338 3313 2397; x_wconf 81' lang='lat' dir='ltr'><strong>Christum</strong></span> <span class='ocrx_word' id='word_1_392' title='bbox 3363 2339 3587 2397; x_wconf 83' lang='lat' dir='ltr'><strong>ordines</strong></span> <span class='ocrx_word' id='word_1_393' title='bbox 3613 2356 3627 2399; x_wconf 86' lang='lat'><strong>:</strong></span> <span class='ocrx_word' id='word_1_394' title='bbox 3658 2336 3846 2396; x_wconf 82' lang='lat' dir='ltr'><strong>Posuit</strong></span> 
     </span>
    </p>
   </div>
   <div class='ocr_carea' id='block_1_54' title="bbox 2241 2431 3838 2506">
    <p class='ocr_par' dir='ltr' id='par_1_54' title="bbox 2241 2431 3838 2506">
     <span class='ocr_line' id='line_1_54' title="bbox 2241 2431 3838 2506; baseline -0.002 -14"><span class='ocrx_word' id='word_1_395' title='bbox 2241 2436 2384 2493; x_wconf 86' lang='lat' dir='ltr'><strong>Deus</strong></span> <span class='ocrx_word' id='word_1_396' title='bbox 2403 2437 2460 2493; x_wconf 84' lang='lat' dir='ltr'><strong>in</strong></span> <span class='ocrx_word' id='word_1_397' title='bbox 2490 2435 2723 2495; x_wconf 79' lang='lat' dir='ltr'><strong>Ecclesia</strong></span> <span class='ocrx_word' id='word_1_398' title='bbox 2751 2434 2919 2506; x_wconf 77' lang='lat' dir='ltr'><strong>primu</strong></span> <span class='ocrx_word' id='word_1_399' title='bbox 2945 2432 3232 2505; x_wconf 80' lang='lat' dir='ltr'><strong>apostolos,</strong></span> <span class='ocrx_word' id='word_1_400' title='bbox 3270 2431 3496 2489; x_wconf 85' lang='lat' dir='ltr'><strong>secundo</strong></span> <span class='ocrx_word' id='word_1_401' title='bbox 3515 2434 3792 2505; x_wconf 75' lang='lat' dir='ltr'><strong>prophetas</strong></span> <span class='ocrx_word' id='word_1_402' title='bbox 3822 2473 3838 2500; x_wconf 88' lang='lat'><strong>,</strong></span> 
     </span>
    </p>
   </div>
   <div class='ocr_carea' id='block_1_55' title="bbox 2241 2526 3845 2601">
    <p class='ocr_par' dir='ltr' id='par_1_55' title="bbox 2241 2526 3845 2601">
     <span class='ocr_line' id='line_1_55' title="bbox 2241 2526 3845 2601; baseline -0.004 -12"><span class='ocrx_word' id='word_1_403' title='bbox 2241 2534 2390 2589; x_wconf 84' lang='lat' dir='ltr'><strong>tertio</strong></span> <span class='ocrx_word' id='word_1_404' title='bbox 2410 2531 2650 2591; x_wconf 82' lang='lat' dir='ltr'><strong>doctores</strong></span> <span class='ocrx_word' id='word_1_405' title='bbox 2677 2530 2725 2601; x_wconf 94' lang='lat' dir='ltr'><strong>(l</strong></span> <span class='ocrx_word' id='word_1_406' title='bbox 2754 2529 2877 2588; x_wconf 88' lang='lat' dir='ltr'><strong>Cor.</strong></span> <span class='ocrx_word' id='word_1_407' title='bbox 2912 2544 3014 2595; x_wconf 84' lang='lat' dir='ltr'><strong>xu,</strong></span> <span class='ocrx_word' id='word_1_408' title='bbox 3046 2526 3161 2601; x_wconf 72' lang='lat'><strong>28).</strong></span> <span class='ocrx_word' id='word_1_409' title='bbox 3194 2527 3300 2587; x_wconf 87' lang='lat' dir='ltr'><strong>Sed</strong></span> <span class='ocrx_word' id='word_1_410' title='bbox 3326 2528 3845 2589; x_wconf 55' lang='lat' dir='ltr'><strong>istmadministran.</strong></span> 
     </span>
    </p>
   </div>
   <div class='ocr_carea' id='block_1_56' title="bbox 2242 2621 3841 2699">
    <p class='ocr_par' dir='ltr' id='par_1_56' title="bbox 2242 2621 3841 2699">
     <span class='ocr_line' id='line_1_56' title="bbox 2242 2621 3841 2699; baseline -0.003 -16"><span class='ocrx_word' id='word_1_411' title='bbox 2242 2627 2379 2685; x_wconf 90' lang='lat' dir='ltr'><strong>tium</strong></span> <span class='ocrx_word' id='word_1_412' title='bbox 2403 2626 2717 2699; x_wconf 85' lang='lat' dir='ltr'><strong>dignitates.</strong></span> <span class='ocrx_word' id='word_1_413' title='bbox 2739 2626 2878 2687; x_wconf 87' lang='lat' dir='ltr'><strong>Sunt</strong></span> <span class='ocrx_word' id='word_1_414' title='bbox 2897 2624 3061 2691; x_wconf 87' lang='lat' dir='ltr'><strong>etiam</strong></span> <span class='ocrx_word' id='word_1_415' title='bbox 3084 2623 3443 2693; x_wconf 86' lang='lat' dir='ltr'><strong>privatorum,</strong></span> <span class='ocrx_word' id='word_1_416' title='bbox 3462 2630 3521 2677; x_wconf 90' lang='lat' dir='ltr'><strong>ut</strong></span> <span class='ocrx_word' id='word_1_417' title='bbox 3541 2631 3627 2678; x_wconf 87' lang='lat' dir='ltr'><strong>est</strong></span> <span class='ocrx_word' id='word_1_418' title='bbox 3646 2621 3841 2693; x_wconf 83' lang='lat' dir='ltr'><strong>pietas,</strong></span> 
     </span>
    </p>
   </div>
   <div class='ocr_carea' id='block_1_57' title="bbox 2234 2702 3841 2792">
    <p class='ocr_par' dir='ltr' id='par_1_57' title="bbox 2234 2702 3841 2792">
     <span class='ocr_line' id='line_1_57' title="bbox 2234 2702 3841 2792; baseline -0.005 -16"><span class='ocrx_word' id='word_1_419' title='bbox 2234 2719 2470 2792; x_wconf 86' lang='lat' dir='ltr'><strong>justitia,</strong></span> <span class='ocrx_word' id='word_1_420' title='bbox 2493 2718 2789 2784; x_wconf 87' lang='lat' dir='ltr'><strong>sobrietas,</strong></span> <span class='ocrx_word' id='word_1_421' title='bbox 2811 2716 3156 2780; x_wconf 83' lang='lat' dir='ltr'><strong>castimonia,</strong></span> <span class='ocrx_word' id='word_1_422' title='bbox 3187 2702 3494 2786; x_wconf 76' lang='lat' dir='ltr'><strong>disciplina.</strong></span> <span class='ocrx_word' id='word_1_423' title='bbox 3509 2714 3653 2775; x_wconf 88' lang='lat' dir='ltr'><strong>Sunt</strong></span> <span class='ocrx_word' id='word_1_424' title='bbox 3676 2714 3841 2771; x_wconf 85' lang='lat' dir='ltr'><strong>etiam</strong></span> 
     </span>
    </p>
   </div>
   <div class='ocr_carea' id='block_1_58' title="bbox 2242 2808 3843 2884">
    <p class='ocr_par' dir='ltr' id='par_1_58' title="bbox 2242 2808 3843 2884">
     <span class='ocr_line' id='line_1_58' title="bbox 2242 2808 3843 2884; baseline -0.003 -14"><span class='ocrx_word' id='word_1_425' title='bbox 2242 2814 2511 2871; x_wconf 86' lang='lat' dir='ltr'><strong>orationis</strong></span> <span class='ocrx_word' id='word_1_426' title='bbox 2539 2810 2867 2884; x_wconf 86' lang='lat' dir='ltr'><strong>dignitates:</strong></span> <span class='ocrx_word' id='word_1_427' title='bbox 2891 2810 2936 2871; x_wconf 89' lang='lat' dir='ltr'><strong>si</strong></span> <span class='ocrx_word' id='word_1_428' title='bbox 2967 2825 3067 2882; x_wconf 84' lang='lat' dir='ltr'><strong>pro</strong></span> <span class='ocrx_word' id='word_1_429' title='bbox 3083 2808 3245 2867; x_wconf 86' lang='lat' dir='ltr'><strong>vidua</strong></span> <span class='ocrx_word' id='word_1_430' title='bbox 3265 2822 3448 2879; x_wconf 87' lang='lat' dir='ltr'><strong>roges,</strong></span> <span class='ocrx_word' id='word_1_431' title='bbox 3480 2808 3526 2863; x_wconf 88' lang='lat' dir='ltr'><strong>si</strong></span> <span class='ocrx_word' id='word_1_432' title='bbox 3550 2822 3711 2878; x_wconf 82' lang='lat' dir='ltr'><strong>roges</strong></span> <span class='ocrx_word' id='word_1_433' title='bbox 3742 2821 3843 2878; x_wconf 85' lang='lat' dir='ltr'><strong>pro</strong></span> 
     </span>
    </p>
   </div>
   <div class='ocr_carea' id='block_1_59' title="bbox 2242 2902 3842 2983">
    <p class='ocr_par' dir='ltr' id='par_1_59' title="bbox 2242 2902 3842 2983">
     <span class='ocr_line' id='line_1_59' title="bbox 2242 2902 3842 2983; baseline -0.004 -18"><span class='ocrx_word' id='word_1_434' title='bbox 2242 2909 2469 2983; x_wconf 87' lang='lat' dir='ltr'><strong>pupillo,</strong></span> <span class='ocrx_word' id='word_1_435' title='bbox 2488 2908 2534 2965; x_wconf 89' lang='lat' dir='ltr'><strong>si</strong></span> <span class='ocrx_word' id='word_1_436' title='bbox 2556 2922 2717 2979; x_wconf 87' lang='lat' dir='ltr'><strong>roges</strong></span> <span class='ocrx_word' id='word_1_437' title='bbox 2734 2920 2834 2978; x_wconf 89' lang='lat' dir='ltr'><strong>pro</strong></span> <span class='ocrx_word' id='word_1_438' title='bbox 2855 2903 3286 2973; x_wconf 84' lang='lat' dir='ltr'><strong>misericordi,ei</strong></span> <span class='ocrx_word' id='word_1_439' title='bbox 3311 2917 3470 2975; x_wconf 85' lang='lat' dir='ltr'><strong>roges</strong></span> <span class='ocrx_word' id='word_1_440' title='bbox 3492 2918 3592 2975; x_wconf 91' lang='lat' dir='ltr'><strong>pro</strong></span> <span class='ocrx_word' id='word_1_441' title='bbox 3613 2902 3842 2961; x_wconf 86' lang='lat' dir='ltr'><strong>nimium</strong></span> 
     </span>
    </p>
   </div>
   <div class='ocr_carea' id='block_1_60' title="bbox 2240 2996 3843 3071">
    <p class='ocr_par' dir='ltr' id='par_1_60' title="bbox 2240 2996 3843 3071">
     <span class='ocr_line' id='line_1_60' title="bbox 2240 2996 3843 3071; baseline -0.007 -11"><span class='ocrx_word' id='word_1_442' title='bbox 2240 3004 2440 3060; x_wconf 89' lang='lat' dir='ltr'><strong>devoto</strong></span> <span class='ocrx_word' id='word_1_443' title='bbox 2469 3017 2536 3059; x_wconf 83' lang='lat' dir='ltr'><strong>ac</strong></span> <span class='ocrx_word' id='word_1_444' title='bbox 2559 2999 2712 3057; x_wconf 82' lang='lat' dir='ltr'><strong>ﬁdeli</strong></span> <span class='ocrx_word' id='word_1_445' title='bbox 2745 2999 2826 3056; x_wconf 89' lang='lat' dir='ltr'><strong>:si</strong></span> <span class='ocrx_word' id='word_1_446' title='bbox 2858 3013 3018 3071; x_wconf 78' lang='lat' dir='ltr'><strong>roges</strong></span> <span class='ocrx_word' id='word_1_447' title='bbox 3042 2997 3099 3061; x_wconf 85' lang='lat' dir='ltr'><strong>in</strong></span> <span class='ocrx_word' id='word_1_448' title='bbox 3130 2996 3502 3065; x_wconf 77' lang='lat' dir='ltr'><strong>tribulatione,</strong></span> <span class='ocrx_word' id='word_1_449' title='bbox 3528 3010 3687 3068; x_wconf 85' lang='lat' dir='ltr'><strong>roges</strong></span> <span class='ocrx_word' id='word_1_450' title='bbox 3714 3009 3843 3051; x_wconf 90' lang='lat' dir='ltr'><strong>cum</strong></span> 
     </span>
    </p>
   </div>
   <div class='ocr_carea' id='block_1_61' title="bbox 2238 3088 3844 3165">
    <p class='ocr_par' dir='ltr' id='par_1_61' title="bbox 2238 3088 3844 3165">
     <span class='ocr_line' id='line_1_61' title="bbox 2238 3088 3844 3165; baseline -0.006 -10"><span class='ocrx_word' id='word_1_451' title='bbox 2238 3097 2450 3164; x_wconf 83' lang='lat' dir='ltr'><strong>dolore,</strong></span> <span class='ocrx_word' id='word_1_452' title='bbox 2479 3099 2524 3153; x_wconf 88' lang='lat' dir='ltr'><strong>si</strong></span> <span class='ocrx_word' id='word_1_453' title='bbox 2555 3103 2755 3159; x_wconf 84' lang='lat' dir='ltr'><strong>moesto</strong></span> <span class='ocrx_word' id='word_1_454' title='bbox 2775 3103 2829 3153; x_wconf 86' lang='lat' dir='ltr'><strong>et</strong></span> <span class='ocrx_word' id='word_1_455' title='bbox 2857 3094 2976 3165; x_wconf 81' lang='lat' dir='ltr'><strong>ipse</strong></span> <span class='ocrx_word' id='word_1_456' title='bbox 3002 3093 3093 3165; x_wconf 82' lang='lat' dir='ltr'><strong>qui</strong></span> <span class='ocrx_word' id='word_1_457' title='bbox 3128 3107 3289 3164; x_wconf 77' lang='lat' dir='ltr'><strong>rogas</strong></span> <span class='ocrx_word' id='word_1_458' title='bbox 3314 3088 3844 3161; x_wconf 68' lang='lat' dir='ltr'><strong>oompatiarisaliec—</strong></span> 
     </span>
    </p>
   </div>
   <div class='ocr_carea' id='block_1_62' title="bbox 532 3180 3840 3261">
    <p class='ocr_par' dir='ltr' id='par_1_62' title="bbox 532 3180 3840 3261">
     <span class='ocr_line' id='line_1_62' title="bbox 532 3180 3840 3261; baseline -0.001 -17"><span class='ocrx_word' id='word_1_459' title='bbox 532 3188 652 3259; x_wconf 83' lang='lat' dir='ltr'><strong>ejus</strong></span> <span class='ocrx_word' id='word_1_460' title='bbox 679 3189 898 3244; x_wconf 91' lang='lat' dir='ltr'><strong>domum</strong></span> <span class='ocrx_word' id='word_1_461' title='bbox 929 3189 1339 3261; x_wconf 81' lang='lat' dir='ltr'><strong>appropinquas</strong></span> <span class='ocrx_word' id='word_1_462' title='bbox 1364 3206 1377 3244; x_wconf 93' lang='lat'>:</span> <span class='ocrx_word' id='word_1_463' title='bbox 1410 3198 1597 3261; x_wconf 89' lang='lat' dir='ltr'><strong>postea</strong></span> <span class='ocrx_word' id='word_1_464' title='bbox 1620 3190 1822 3261; x_wconf 78' lang='lat' dir='ltr'><strong>quaeris</strong></span> <span class='ocrx_word' id='word_1_465' title='bbox 1851 3187 2136 3244; x_wconf 80' lang='lat' dir='ltr'><strong>informari</strong></span> <span class='ocrx_word' id='word_1_466' title='bbox 2164 3180 2210 3245; x_wconf 89' lang='lat' dir='ltr'><strong><em>C</em></strong></span> <span class='ocrx_word' id='word_1_467' title='bbox 2242 3200 2320 3260; x_wconf 90' lang='lat' dir='ltr'><strong>tu,</strong></span> <span class='ocrx_word' id='word_1_468' title='bbox 2347 3192 2513 3246; x_wconf 89' lang='lat' dir='ltr'><strong>intrat</strong></span> <span class='ocrx_word' id='word_1_469' title='bbox 2538 3189 2717 3249; x_wconf 85' lang='lat' dir='ltr'><strong>oratio</strong></span> <span class='ocrx_word' id='word_1_470' title='bbox 2736 3197 2829 3247; x_wconf 84' lang='lat' dir='ltr'><strong>tua</strong></span> <span class='ocrx_word' id='word_1_471' title='bbox 2859 3187 2954 3247; x_wconf 85' lang='lat' dir='ltr'><strong>Dei</strong></span> <span class='ocrx_word' id='word_1_472' title='bbox 2976 3184 3209 3259; x_wconf 76' lang='lat' dir='ltr'><strong>gratiam</strong></span> <span class='ocrx_word' id='word_1_473' title='bbox 3234 3185 3437 3245; x_wconf 83' lang='lat' dir='ltr'><strong>:intrat</strong></span> <span class='ocrx_word' id='word_1_474' title='bbox 3457 3184 3677 3241; x_wconf 88' lang='lat' dir='ltr'><strong>domum</strong></span> <span class='ocrx_word' id='word_1_475' title='bbox 3694 3184 3840 3255; x_wconf 88' lang='lat' dir='ltr'><strong>ejus,</strong></span> 
     </span>
    </p>
   </div>
   <div class='ocr_carea' id='block_1_63' title="bbox 534 3280 2130 3354">
    <p class='ocr_par' dir='ltr' id='par_1_63' title="bbox 534 3280 2130 3354">
     <span class='ocr_line' id='line_1_63' title="bbox 534 3280 2130 3354; baseline -0.003 -18"><span class='ocrx_word' id='word_1_476' title='bbox 534 3291 694 3352; x_wconf 67' lang='lat' dir='ltr'><strong>atque</strong></span> <span class='ocrx_word' id='word_1_477' title='bbox 727 3282 921 3338; x_wconf 90' lang='lat' dir='ltr'><strong>instrui</strong></span> <span class='ocrx_word' id='word_1_478' title='bbox 956 3298 970 3348; x_wconf 92' lang='lat'><strong>;</strong></span> <span class='ocrx_word' id='word_1_479' title='bbox 1005 3292 1062 3335; x_wconf 91' lang='lat' dir='ltr'><strong>ut</strong></span> <span class='ocrx_word' id='word_1_480' title='bbox 1083 3297 1382 3354; x_wconf 81' lang='lat' dir='ltr'><strong>cognoscas</strong></span> <span class='ocrx_word' id='word_1_481' title='bbox 1407 3295 1645 3339; x_wconf 90' lang='lat' dir='ltr'><strong>mentem</strong></span> <span class='ocrx_word' id='word_1_482' title='bbox 1672 3280 2085 3352; x_wconf 75' lang='lat' dir='ltr'><strong>patrisfamilias</strong></span> <span class='ocrx_word' id='word_1_483' title='bbox 2116 3295 2130 3331; x_wconf 88' lang='lat'><strong>:</strong></span> 
     </span>
    </p>
   </div>
   <div class='ocr_carea' id='block_1_64' title="bbox 532 3376 2136 3449">
    <p class='ocr_par' dir='ltr' id='par_1_64' title="bbox 532 3376 2136 3449">
     <span class='ocr_line' id='line_1_64' title="bbox 532 3376 2136 3449; baseline -0.002 -16"><span class='ocrx_word' id='word_1_484' title='bbox 532 3377 728 3433; x_wconf 85' lang='lat' dir='ltr'><strong>deinde</strong></span> <span class='ocrx_word' id='word_1_485' title='bbox 744 3386 803 3431; x_wconf 92' lang='lat' dir='ltr'><strong>ut</strong></span> <span class='ocrx_word' id='word_1_486' title='bbox 830 3377 951 3449; x_wconf 85' lang='lat' dir='ltr'><strong>ejus</strong></span> <span class='ocrx_word' id='word_1_487' title='bbox 968 3376 1193 3433; x_wconf 91' lang='lat' dir='ltr'><strong>domum</strong></span> <span class='ocrx_word' id='word_1_488' title='bbox 1226 3377 1578 3449; x_wconf 86' lang='lat' dir='ltr'><strong>ingrediaris,</strong></span> <span class='ocrx_word' id='word_1_489' title='bbox 1600 3378 1898 3447; x_wconf 73' lang='lat' dir='ltr'><strong>implores;</strong></span> <span class='ocrx_word' id='word_1_490' title='bbox 1925 3391 1993 3432; x_wconf 89' lang='lat' dir='ltr'><strong>ne</strong></span> <span class='ocrx_word' id='word_1_491' title='bbox 2012 3376 2136 3447; x_wconf 90' lang='lat' dir='ltr'><strong>quis</strong></span> 
     </span>
    </p>
   </div>
   <div class='ocr_carea' id='block_1_65' title="bbox 532 3469 2136 3542">
    <p class='ocr_par' dir='ltr' id='par_1_65' title="bbox 532 3469 2136 3542">
     <span class='ocr_line' id='line_1_65' title="bbox 532 3469 2136 3542; baseline 0.001 -18"><span class='ocrx_word' id='word_1_492' title='bbox 532 3479 584 3524; x_wconf 89' lang='lat' dir='ltr'><strong>te</strong></span> <span class='ocrx_word' id='word_1_493' title='bbox 611 3469 832 3542; x_wconf 87' lang='lat' dir='ltr'><strong>abjiciat</strong></span> <span class='ocrx_word' id='word_1_494' title='bbox 855 3480 911 3526; x_wconf 90' lang='lat' dir='ltr'><strong>et</strong></span> <span class='ocrx_word' id='word_1_495' title='bbox 938 3471 1229 3528; x_wconf 85' lang='lat' dir='ltr'><strong>excludat?</strong></span> <span class='ocrx_word' id='word_1_496' title='bbox 1261 3470 1425 3527; x_wconf 87' lang='lat' dir='ltr'><strong>Pulsa</strong></span> <span class='ocrx_word' id='word_1_497' title='bbox 1469 3487 1600 3542; x_wconf 90' lang='lat' dir='ltr'><strong>ergo</strong></span> <span class='ocrx_word' id='word_1_498' title='bbox 1627 3480 1684 3526; x_wconf 87' lang='lat' dir='ltr'><strong>et.</strong></span> <span class='ocrx_word' id='word_1_499' title='bbox 1734 3480 1790 3526; x_wconf 88' lang='lat' dir='ltr'><strong>tu</strong></span> <span class='ocrx_word' id='word_1_500' title='bbox 1821 3471 2026 3541; x_wconf 84' lang='lat' dir='ltr'><strong>regiam</strong></span> <span class='ocrx_word' id='word_1_501' title='bbox 2065 3469 2136 3525; x_wconf 85' lang='lat' dir='ltr'><strong>il-</strong></span> 
     </span>
    </p>
   </div>
   <div class='ocr_carea' id='block_1_66' title="bbox 532 3560 2136 3635">
    <p class='ocr_par' dir='ltr' id='par_1_66' title="bbox 532 3560 2136 3635">
     <span class='ocr_line' id='line_1_66' title="bbox 532 3560 2136 3635; baseline 0.001 -19"><span class='ocrx_word' id='word_1_502' title='bbox 532 3560 637 3617; x_wconf 90' lang='lat' dir='ltr'><strong>lam</strong></span> <span class='ocrx_word' id='word_1_503' title='bbox 661 3562 943 3618; x_wconf 71' lang='lat' dir='ltr'><strong>caalestem</strong></span> <span class='ocrx_word' id='word_1_504' title='bbox 976 3580 989 3617; x_wconf 88' lang='lat'><strong>:</strong></span> <span class='ocrx_word' id='word_1_505' title='bbox 1023 3563 1175 3633; x_wconf 78' lang='lat' dir='ltr'><strong>pulsa</strong></span> <span class='ocrx_word' id='word_1_506' title='bbox 1201 3579 1308 3617; x_wconf 93' lang='lat' dir='ltr'><strong>non</strong></span> <span class='ocrx_word' id='word_1_507' title='bbox 1338 3579 1501 3619; x_wconf 87' lang='lat' dir='ltr'><strong>manu</strong></span> <span class='ocrx_word' id='word_1_508' title='bbox 1530 3563 1802 3635; x_wconf 79' lang='lat' dir='ltr'><strong>corporis,</strong></span> <span class='ocrx_word' id='word_1_509' title='bbox 1838 3572 1865 3600; x_wconf 78' lang='grc' dir='ltr'>ει</span> <span class='ocrx_word' id='word_1_510' title='bbox 1893 3562 1989 3620; x_wconf 89' lang='lat' dir='ltr'><strong>sed</strong></span> <span class='ocrx_word' id='word_1_511' title='bbox 2004 3577 2136 3635; x_wconf 86' lang='lat' dir='ltr'><strong>qua-</strong></span> 
     </span>
    </p>
   </div>
   <div class='ocr_carea' id='block_1_67' title="bbox 529 3654 2137 3725">
    <p class='ocr_par' dir='ltr' id='par_1_67' title="bbox 529 3654 2137 3725">
     <span class='ocr_line' id='line_1_67' title="bbox 529 3654 2137 3725; baseline -0.001 -15"><span class='ocrx_word' id='word_1_512' title='bbox 529 3654 656 3711; x_wconf 90' lang='lat' dir='ltr'><strong>dam</strong></span> <span class='ocrx_word' id='word_1_513' title='bbox 678 3654 947 3711; x_wconf 87' lang='lat' dir='ltr'><strong>orationis</strong></span> <span class='ocrx_word' id='word_1_514' title='bbox 976 3662 1082 3710; x_wconf 75' lang='lat' dir='ltr'><strong>tuae</strong></span> <span class='ocrx_word' id='word_1_515' title='bbox 1119 3656 1365 3711; x_wconf 81' lang='lat' dir='ltr'><strong>dextera.</strong></span> <span class='ocrx_word' id='word_1_516' title='bbox 1399 3656 1515 3712; x_wconf 90' lang='lat' dir='ltr'><strong>Non</strong></span> <span class='ocrx_word' id='word_1_517' title='bbox 1546 3656 1663 3712; x_wconf 89' lang='lat' dir='ltr'><strong>sola</strong></span> <span class='ocrx_word' id='word_1_518' title='bbox 1713 3671 1910 3712; x_wconf 91' lang='lat' dir='ltr'><strong>manus</strong></span> <span class='ocrx_word' id='word_1_519' title='bbox 1938 3670 2137 3725; x_wconf 87' lang='lat' dir='ltr'><strong>corpo-</strong></span> 
     </span>
    </p>
   </div>
   <div class='ocr_carea' id='block_1_68' title="bbox 527 3746 2137 3820">
    <p class='ocr_par' dir='ltr' id='par_1_68' title="bbox 527 3746 2137 3820">
     <span class='ocr_line' id='line_1_68' title="bbox 527 3746 2137 3820; baseline -0.001 -17"><span class='ocrx_word' id='word_1_520' title='bbox 527 3749 604 3803; x_wconf 89' lang='lat' dir='ltr'><strong>ris</strong></span> <span class='ocrx_word' id='word_1_521' title='bbox 624 3752 838 3818; x_wconf 80' lang='lat' dir='ltr'><strong>pulsat:</strong></span> <span class='ocrx_word' id='word_1_522' title='bbox 874 3748 1054 3820; x_wconf 84' lang='lat' dir='ltr'><strong>pulsat</strong></span> <span class='ocrx_word' id='word_1_523' title='bbox 1084 3757 1140 3803; x_wconf 90' lang='lat' dir='ltr'><strong>ct</strong></span> <span class='ocrx_word' id='word_1_524' title='bbox 1164 3764 1294 3815; x_wconf 79' lang='lat' dir='ltr'><strong>vox;</strong></span> <span class='ocrx_word' id='word_1_525' title='bbox 1326 3750 1592 3819; x_wconf 90' lang='lat' dir='ltr'><strong>scriptum</strong></span> <span class='ocrx_word' id='word_1_526' title='bbox 1623 3758 1708 3806; x_wconf 88' lang='lat' dir='ltr'><strong>est</strong></span> <span class='ocrx_word' id='word_1_527' title='bbox 1768 3750 1914 3806; x_wconf 87' lang='lat' dir='ltr'><strong>enim</strong></span> <span class='ocrx_word' id='word_1_528' title='bbox 1948 3765 1962 3803; x_wconf 90' lang='lat'><strong>:</strong></span> <span class='ocrx_word' id='word_1_529' title='bbox 2023 3746 2137 3803; x_wconf 70' lang='lat' dir='ltr'><strong>Vox</strong></span> 
     </span>
    </p>
   </div>
   <div class='ocr_carea' id='block_1_69' title="bbox 530 3842 2136 3916">
    <p class='ocr_par' dir='ltr' id='par_1_69' title="bbox 530 3842 2136 3916">
     <span class='ocr_line' id='line_1_69' title="bbox 530 3842 2136 3916; baseline 0.002 -20"><span class='ocrx_word' id='word_1_530' title='bbox 530 3847 712 3914; x_wconf 78' lang='lat' dir='ltr'><strong>fratris</strong></span> <span class='ocrx_word' id='word_1_531' title='bbox 741 3843 840 3897; x_wconf 68' lang='lat' dir='ltr'><strong>mei</strong></span> <span class='ocrx_word' id='word_1_532' title='bbox 872 3846 1046 3916; x_wconf 79' lang='lat' dir='ltr'><strong>pulsat</strong></span> <span class='ocrx_word' id='word_1_533' title='bbox 1078 3843 1146 3896; x_wconf 84' lang='lat' dir='ltr'><strong>ad</strong></span> <span class='ocrx_word' id='word_1_534' title='bbox 1168 3844 1381 3907; x_wconf 86' lang='lat' dir='ltr'><strong>ianuam</strong></span> <span class='ocrx_word' id='word_1_535' title='bbox 1411 3842 1589 3915; x_wconf 83' lang='lat' dir='ltr'><strong>(Cant.</strong></span> <span class='ocrx_word' id='word_1_536' title='bbox 1640 3860 1695 3912; x_wconf 83' lang='lat' dir='ltr'><strong>v,</strong></span> <span class='ocrx_word' id='word_1_537' title='bbox 1734 3842 1813 3914; x_wconf 74' lang='lat'><strong>‘2).</strong></span> <span class='ocrx_word' id='word_1_538' title='bbox 1848 3843 2136 3900; x_wconf 85' lang='lat' dir='ltr'><strong>Pulsamus</strong></span> 
     </span>
    </p>
   </div>
   <div class='ocr_carea' id='block_1_70' title="bbox 532 3936 2137 4012">
    <p class='ocr_par' dir='ltr' id='par_1_70' title="bbox 532 3936 2137 4012">
     <span class='ocr_line' id='line_1_70' title="bbox 532 3936 2137 4012; baseline -0.001 -17"><span class='ocrx_word' id='word_1_539' title='bbox 532 3947 592 3995; x_wconf 86' lang='lat' dir='ltr'><strong>et</strong></span> <span class='ocrx_word' id='word_1_540' title='bbox 646 3938 837 4012; x_wconf 88' lang='lat' dir='ltr'><strong>digito.</strong></span> <span class='ocrx_word' id='word_1_541' title='bbox 890 3937 1137 4009; x_wconf 86' lang='lat' dir='ltr'><strong>Denique</strong></span> <span class='ocrx_word' id='word_1_542' title='bbox 1187 3946 1243 3993; x_wconf 90' lang='lat' dir='ltr'><strong>et</strong></span> <span class='ocrx_word' id='word_1_543' title='bbox 1288 3936 1527 3992; x_wconf 85' lang='lat' dir='ltr'><strong>Thomas</strong></span> <span class='ocrx_word' id='word_1_544' title='bbox 1584 3936 1756 4007; x_wconf 80' lang='lat' dir='ltr'><strong>digito</strong></span> <span class='ocrx_word' id='word_1_545' title='bbox 1814 3937 2015 3993; x_wconf 89' lang='lat' dir='ltr'><strong>meruit</strong></span> <span class='ocrx_word' id='word_1_546' title='bbox 2050 3938 2137 4009; x_wconf 78' lang='lat' dir='ltr'><strong>ja-</strong></span> 
     </span>
    </p>
   </div>
   <div class='ocr_carea' id='block_1_71' title="bbox 530 4029 2132 4101">
    <p class='ocr_par' dir='ltr' id='par_1_71' title="bbox 530 4029 2132 4101">
     <span class='ocr_line' id='line_1_71' title="bbox 530 4029 2132 4101; baseline -0.001 -14"><span class='ocrx_word' id='word_1_547' title='bbox 530 4048 692 4087; x_wconf 74' lang='lat' dir='ltr'><strong>nnam</strong></span> <span class='ocrx_word' id='word_1_548' title='bbox 726 4031 1143 4088; x_wconf 77' lang='lat' dir='ltr'><strong>resurrecuonis</strong></span> <span class='ocrx_word' id='word_1_549' title='bbox 1181 4031 1420 4101; x_wconf 85' lang='lat' dir='ltr'><strong>aperire.</strong></span> <span class='ocrx_word' id='word_1_550' title='bbox 1469 4030 1537 4085; x_wconf 88' lang='lat' dir='ltr'><strong>Et</strong></span> <span class='ocrx_word' id='word_1_551' title='bbox 1590 4030 1691 4086; x_wconf 90' lang='lat' dir='ltr'><strong>tibi</strong></span> <span class='ocrx_word' id='word_1_552' title='bbox 1739 4029 1869 4086; x_wconf 79' lang='lat' dir='ltr'><strong>dicit</strong></span> <span class='ocrx_word' id='word_1_553' title='bbox 1925 4030 2132 4087; x_wconf 80' lang='lat' dir='ltr'><strong>Jesus:</strong></span> 
     </span>
    </p>
   </div>
   <div class='ocr_carea' id='block_1_72' title="bbox 528 4122 2135 4199">
    <p class='ocr_par' dir='ltr' id='par_1_72' title="bbox 528 4122 2135 4199">
     <span class='ocr_line' id='line_1_72' title="bbox 528 4122 2135 4199; baseline 0 -19"><span class='ocrx_word' id='word_1_554' title='bbox 528 4124 680 4196; x_wconf 76' lang='lat' dir='ltr'><strong>Infer</strong></span> <span class='ocrx_word' id='word_1_555' title='bbox 706 4126 927 4199; x_wconf 83' lang='lat' dir='ltr'><strong>digitum</strong></span> <span class='ocrx_word' id='word_1_556' title='bbox 958 4136 1107 4179; x_wconf 86' lang='lat' dir='ltr'><strong>tuum</strong></span> <span class='ocrx_word' id='word_1_557' title='bbox 1137 4125 1358 4180; x_wconf 83' lang='lat' dir='ltr'><strong>buc.....</strong></span> <span class='ocrx_word' id='word_1_558' title='bbox 1386 4122 1415 4162; x_wconf 73' lang='grc' dir='ltr'><strong>ι)</strong></span> <span class='ocrx_word' id='word_1_559' title='bbox 1443 4134 1489 4179; x_wconf 90' lang='lat' dir='ltr'><strong>et</strong></span> <span class='ocrx_word' id='word_1_560' title='bbox 1535 4126 1678 4179; x_wconf 86' lang='lat' dir='ltr'><strong>mitte</strong></span> <span class='ocrx_word' id='word_1_561' title='bbox 1708 4142 1893 4181; x_wconf 86' lang='lat' dir='ltr'><strong>manus</strong></span> <span class='ocrx_word' id='word_1_562' title='bbox 1942 4135 2054 4179; x_wconf 85' lang='lat' dir='ltr'><strong>tuas</strong></span> <span class='ocrx_word' id='word_1_563' title='bbox 2080 4125 2135 4180; x_wconf 88' lang='lat' dir='ltr'><strong>in</strong></span> 
     </span>
    </p>
   </div>
   <div class='ocr_carea' id='block_1_73' title="bbox 531 4214 2124 4287">
    <p class='ocr_par' dir='ltr' id='par_1_73' title="bbox 531 4214 2124 4287">
     <span class='ocr_line' id='line_1_73' title="bbox 531 4214 2124 4287; baseline -0.001 -13"><span class='ocrx_word' id='word_1_564' title='bbox 531 4220 668 4274; x_wconf 84' lang='lat' dir='ltr'><strong>latus</strong></span> <span class='ocrx_word' id='word_1_565' title='bbox 690 4235 856 4273; x_wconf 85' lang='lat' dir='ltr'><strong>meum</strong></span> <span class='ocrx_word' id='word_1_566' title='bbox 881 4234 900 4273; x_wconf 88' lang='lat'><strong><em>:</em></strong></span> <span class='ocrx_word' id='word_1_567' title='bbox 932 4228 980 4271; x_wconf 86' lang='lat' dir='ltr'><strong>et</strong></span> <span class='ocrx_word' id='word_1_568' title='bbox 1013 4217 1121 4271; x_wconf 89' lang='lat' dir='ltr'><strong>noli</strong></span> <span class='ocrx_word' id='word_1_569' title='bbox 1152 4233 1264 4272; x_wconf 87' lang='lat' dir='ltr'><strong>esse</strong></span> <span class='ocrx_word' id='word_1_570' title='bbox 1285 4214 1610 4282; x_wconf 81' lang='lat' dir='ltr'><strong>incredulus,</strong></span> <span class='ocrx_word' id='word_1_571' title='bbox 1633 4217 1725 4273; x_wconf 76' lang='lat' dir='ltr'><strong>sed</strong></span> <span class='ocrx_word' id='word_1_572' title='bbox 1746 4217 1917 4287; x_wconf 78' lang='lat' dir='ltr'><strong>ﬁdelis</strong></span> <span class='ocrx_word' id='word_1_573' title='bbox 1944 4214 2124 4286; x_wconf 79' lang='lat' dir='ltr'><strong>(Joan.</strong></span> 
     </span>
    </p>
   </div>
   <div class='ocr_carea' id='block_1_74' title="bbox 530 4308 2129 4383">
    <p class='ocr_par' dir='ltr' id='par_1_74' title="bbox 530 4308 2129 4383">
     <span class='ocr_line' id='line_1_74' title="bbox 530 4308 2129 4383; baseline -0.004 -14"><span class='ocrx_word' id='word_1_574' title='bbox 530 4330 622 4382; x_wconf 80' lang='lat' dir='ltr'><strong>xx,</strong></span> <span class='ocrx_word' id='word_1_575' title='bbox 654 4312 774 4383; x_wconf 64' lang='grc' dir='ltr'><strong>ει).</strong></span> <span class='ocrx_word' id='word_1_576' title='bbox 805 4310 968 4367; x_wconf 88' lang='lat' dir='ltr'><strong>Pulsa</strong></span> <span class='ocrx_word' id='word_1_577' title='bbox 998 4326 1129 4381; x_wconf 84' lang='lat' dir='ltr'><strong>ergo</strong></span> <span class='ocrx_word' id='word_1_578' title='bbox 1150 4309 1319 4381; x_wconf 86' lang='lat' dir='ltr'><strong>digito</strong></span> <span class='ocrx_word' id='word_1_579' title='bbox 1346 4350 1360 4375; x_wconf 97' lang='lat'><strong>,</strong></span> <span class='ocrx_word' id='word_1_580' title='bbox 1393 4308 1439 4362; x_wconf 89' lang='lat' dir='ltr'><strong>si</strong></span> <span class='ocrx_word' id='word_1_581' title='bbox 1469 4324 1577 4363; x_wconf 90' lang='lat' dir='ltr'><strong>non</strong></span> <span class='ocrx_word' id='word_1_582' title='bbox 1610 4317 1770 4380; x_wconf 87' lang='lat' dir='ltr'><strong>potes</strong></span> <span class='ocrx_word' id='word_1_583' title='bbox 1801 4318 1915 4364; x_wconf 87' lang='lat' dir='ltr'><strong>tota</strong></span> <span class='ocrx_word' id='word_1_584' title='bbox 1944 4325 2129 4366; x_wconf 89' lang='lat' dir='ltr'><strong>manu.</strong></span> 
     </span>
    </p>
   </div>
   <div class='ocr_carea' id='block_1_75' title="bbox 534 4399 2134 4476">
    <p class='ocr_par' dir='ltr' id='par_1_75' title="bbox 534 4399 2134 4476">
     <span class='ocr_line' id='line_1_75' title="bbox 534 4399 2134 4476; baseline -0.004 -15"><span class='ocrx_word' id='word_1_585' title='bbox 534 4406 694 4462; x_wconf 87' lang='lat' dir='ltr'><strong>Pulsa</strong></span> <span class='ocrx_word' id='word_1_586' title='bbox 715 4407 962 4476; x_wconf 84' lang='lat' dir='ltr'><strong>jannam.</strong></span> <span class='ocrx_word' id='word_1_587' title='bbox 989 4403 1241 4457; x_wconf 84' lang='lat' dir='ltr'><strong>Christus</strong></span> <span class='ocrx_word' id='word_1_588' title='bbox 1262 4410 1350 4457; x_wconf 91' lang='lat' dir='ltr'><strong>est</strong></span> <span class='ocrx_word' id='word_1_589' title='bbox 1370 4400 1563 4470; x_wconf 88' lang='lat' dir='ltr'><strong>janua,</strong></span> <span class='ocrx_word' id='word_1_590' title='bbox 1596 4401 1687 4473; x_wconf 90' lang='lat' dir='ltr'><strong>qui</strong></span> <span class='ocrx_word' id='word_1_591' title='bbox 1707 4401 1780 4454; x_wconf 88' lang='lat' dir='ltr'><strong>ait</strong></span> <span class='ocrx_word' id='word_1_592' title='bbox 1807 4418 1824 4454; x_wconf 94' lang='lat'><em>:</em></span> <span class='ocrx_word' id='word_1_593' title='bbox 1854 4399 1962 4456; x_wconf 91' lang='lat' dir='ltr'><strong>Per</strong></span> <span class='ocrx_word' id='word_1_594' title='bbox 1978 4418 2057 4456; x_wconf 86' lang='lat' dir='ltr'><strong>me</strong></span> <span class='ocrx_word' id='word_1_595' title='bbox 2088 4402 2134 4455; x_wconf 89' lang='lat' dir='ltr'><strong>si</strong></span> 
     </span>
    </p>
   </div>
   <div class='ocr_carea' id='block_1_76' title="bbox 531 4492 1645 4570">
    <p class='ocr_par' dir='ltr' id='par_1_76' title="bbox 531 4492 1645 4570">
     <span class='ocr_line' id='line_1_76' title="bbox 531 4492 1645 4570; baseline -0.005 -16"><span class='ocrx_word' id='word_1_596' title='bbox 531 4500 645 4570; x_wconf 83' lang='lat' dir='ltr'><strong>quis</strong></span> <span class='ocrx_word' id='word_1_597' title='bbox 670 4498 945 4563; x_wconf 84' lang='lat' dir='ltr'><strong>introierit,</strong></span> <span class='ocrx_word' id='word_1_598' title='bbox 973 4496 1255 4550; x_wconf 83' lang='lat' dir='ltr'><strong>salvabitur</strong></span> <span class='ocrx_word' id='word_1_599' title='bbox 1282 4492 1444 4567; x_wconf 78' lang='lat' dir='ltr'><strong>(Imm</strong></span> <span class='ocrx_word' id='word_1_600' title='bbox 1482 4511 1537 4562; x_wconf 73' lang='grc' dir='ltr'><strong>χ,</strong></span> <span class='ocrx_word' id='word_1_601' title='bbox 1566 4492 1645 4565; x_wconf 88' lang='lat'><strong>9).</strong></span> 
     </span>
    </p>
   </div>
   <div class='ocr_carea' id='block_1_77' title="bbox 2237 3276 3842 3352">
    <p class='ocr_par' dir='ltr' id='par_1_77' title="bbox 2237 3276 3842 3352">
     <span class='ocr_line' id='line_1_77' title="bbox 2237 3276 3842 3352; baseline -0.004 -9"><span class='ocrx_word' id='word_1_602' title='bbox 2237 3287 2282 3343; x_wconf 84' lang='lat' dir='ltr'><strong>si</strong></span> <span class='ocrx_word' id='word_1_603' title='bbox 2312 3292 2490 3341; x_wconf 87' lang='lat' dir='ltr'><strong>tecum</strong></span> <span class='ocrx_word' id='word_1_604' title='bbox 2519 3283 2762 3341; x_wconf 79' lang='lat' dir='ltr'><strong>Ecclesia</strong></span> <span class='ocrx_word' id='word_1_605' title='bbox 2790 3280 3150 3352; x_wconf 77' lang='lat' dir='ltr'><strong>deprecetur,</strong></span> <span class='ocrx_word' id='word_1_606' title='bbox 3190 3281 3236 3335; x_wconf 89' lang='lat' dir='ltr'><strong>si</strong></span> <span class='ocrx_word' id='word_1_607' title='bbox 3289 3276 3524 3352; x_wconf 83' lang='lat' dir='ltr'><strong>populus</strong></span> <span class='ocrx_word' id='word_1_608' title='bbox 3552 3278 3842 3341; x_wconf 79' lang='lat' dir='ltr'><strong>universus</strong></span> 
     </span>
    </p>
   </div>
   <div class='ocr_carea' id='block_1_78' title="bbox 2238 3374 3390 3451">
    <p class='ocr_par' dir='ltr' id='par_1_78' title="bbox 2238 3374 3390 3451">
     <span class='ocr_line' id='line_1_78' title="bbox 2238 3374 3390 3451; baseline -0.005 -15"><span class='ocrx_word' id='word_1_609' title='bbox 2238 3380 2522 3451; x_wconf 86' lang='lat' dir='ltr'><strong>imploret;</strong></span> <span class='ocrx_word' id='word_1_610' title='bbox 2546 3387 2604 3434; x_wconf 82' lang='lat' dir='ltr'><strong>ut</strong></span> <span class='ocrx_word' id='word_1_611' title='bbox 2634 3375 2850 3433; x_wconf 89' lang='lat' dir='ltr'><strong>Domini</strong></span> <span class='ocrx_word' id='word_1_612' title='bbox 2875 3375 3100 3432; x_wconf 87' lang='lat' dir='ltr'><strong>inclinet</strong></span> <span class='ocrx_word' id='word_1_613' title='bbox 3127 3374 3390 3431; x_wconf 78' lang='lat' dir='ltr'><strong>favorem.</strong></span> 
     </span>
    </p>
   </div>
   <div class='ocr_carea' id='block_1_79' title="bbox 2314 3466 3837 3542">
    <p class='ocr_par' dir='ltr' id='par_1_79' title="bbox 2314 3466 3837 3542">
     <span class='ocr_line' id='line_1_79' title="bbox 2314 3466 3837 3542; baseline -0.002 -12"><span class='ocrx_word' id='word_1_614' title='bbox 2314 3472 2403 3531; x_wconf 84' lang='lat' dir='ltr'><strong>i6.</strong></span> <span class='ocrx_word' id='word_1_615' title='bbox 2436 3472 2575 3542; x_wconf 85' lang='lat' dir='ltr'><strong>Quid</strong></span> <span class='ocrx_word' id='word_1_616' title='bbox 2601 3481 2782 3528; x_wconf 88' lang='lat' dir='ltr'><strong>autem</strong></span> <span class='ocrx_word' id='word_1_617' title='bbox 2812 3479 2966 3541; x_wconf 85' lang='lat' dir='ltr'><strong>rogat</strong></span> <span class='ocrx_word' id='word_1_618' title='bbox 2993 3470 3016 3525; x_wconf 72' lang='grc' dir='ltr'><em>ἲ</em></span> <span class='ocrx_word' id='word_1_619' title='bbox 3050 3469 3116 3526; x_wconf 90' lang='lat' dir='ltr'><strong>Ut</strong></span> <span class='ocrx_word' id='word_1_620' title='bbox 3138 3477 3383 3535; x_wconf 87' lang='lat' dir='ltr'><strong>eruatur,</strong></span> <span class='ocrx_word' id='word_1_621' title='bbox 3416 3475 3477 3525; x_wconf 88' lang='lat' dir='ltr'><strong>ut</strong></span> <span class='ocrx_word' id='word_1_622' title='bbox 3525 3466 3791 3527; x_wconf 84' lang='lat' dir='ltr'><strong>liberetur</strong></span> <span class='ocrx_word' id='word_1_623' title='bbox 3820 3482 3837 3535; x_wconf 85' lang='lat'><strong>;</strong></span> 
     </span>
    </p>
   </div>
   <div class='ocr_carea' id='block_1_80' title="bbox 2239 3560 3844 3637">
    <p class='ocr_par' dir='ltr' id='par_1_80' title="bbox 2239 3560 3844 3637">
     <span class='ocr_line' id='line_1_80' title="bbox 2239 3560 3844 3637; baseline -0.004 -15"><span class='ocrx_word' id='word_1_624' title='bbox 2239 3581 2307 3623; x_wconf 88' lang='lat' dir='ltr'><strong>eo</strong></span> <span class='ocrx_word' id='word_1_625' title='bbox 2325 3564 2472 3637; x_wconf 87' lang='lat' dir='ltr'><strong>quod</strong></span> <span class='ocrx_word' id='word_1_626' title='bbox 2493 3564 2608 3636; x_wconf 87' lang='lat' dir='ltr'><strong>jam</strong></span> <span class='ocrx_word' id='word_1_627' title='bbox 2640 3563 2739 3620; x_wconf 90' lang='lat' dir='ltr'><strong>diu</strong></span> <span class='ocrx_word' id='word_1_628' title='bbox 2771 3562 3038 3620; x_wconf 87' lang='lat' dir='ltr'><strong>adversus</strong></span> <span class='ocrx_word' id='word_1_629' title='bbox 3083 3561 3356 3632; x_wconf 79' lang='lat' dir='ltr'><strong>nequitias</strong></span> <span class='ocrx_word' id='word_1_630' title='bbox 3396 3560 3701 3631; x_wconf 82' lang='lat' dir='ltr'><strong>spiritales,</strong></span> <span class='ocrx_word' id='word_1_631' title='bbox 3742 3560 3844 3616; x_wconf 88' lang='lat' dir='ltr'><strong>ad-</strong></span> 
     </span>
    </p>
   </div>
   <div class='ocr_carea' id='block_1_81' title="bbox 2238 3656 3844 3728">
    <p class='ocr_par' dir='ltr' id='par_1_81' title="bbox 2238 3656 3844 3728">
     <span class='ocr_line' id='line_1_81' title="bbox 2238 3656 3844 3728; baseline -0.002 -13"><span class='ocrx_word' id='word_1_632' title='bbox 2238 3674 2431 3717; x_wconf 89' lang='lat' dir='ltr'><strong>versus</strong></span> <span class='ocrx_word' id='word_1_633' title='bbox 2459 3668 2787 3715; x_wconf 85' lang='lat' dir='ltr'><strong>tentamenta</strong></span> <span class='ocrx_word' id='word_1_634' title='bbox 2821 3658 2984 3728; x_wconf 88' lang='lat' dir='ltr'><strong>hujus</strong></span> <span class='ocrx_word' id='word_1_635' title='bbox 3022 3656 3208 3715; x_wconf 75' lang='lat' dir='ltr'><strong>saeculi</strong></span> <span class='ocrx_word' id='word_1_636' title='bbox 3239 3656 3517 3727; x_wconf 63' lang='lat' dir='ltr'><strong>praebetur</strong></span> <span class='ocrx_word' id='word_1_637' title='bbox 3548 3672 3565 3722; x_wconf 88' lang='lat'><strong>;</strong></span> <span class='ocrx_word' id='word_1_638' title='bbox 3596 3670 3667 3714; x_wconf 88' lang='lat' dir='ltr'><strong>eo</strong></span> <span class='ocrx_word' id='word_1_639' title='bbox 3693 3656 3844 3726; x_wconf 82' lang='lat' dir='ltr'><strong>quod</strong></span> 
     </span>
    </p>
   </div>
   <div class='ocr_carea' id='block_1_82' title="bbox 2242 3747 3840 3833">
    <p class='ocr_par' dir='ltr' id='par_1_82' title="bbox 2242 3747 3840 3833">
     <span class='ocr_line' id='line_1_82' title="bbox 2242 3747 3840 3833; baseline -0.006 -24"><span class='ocrx_word' id='word_1_640' title='bbox 2242 3762 2266 3790; x_wconf 70' lang='grc' dir='ltr'>ε</span> <span class='ocrx_word' id='word_1_641' title='bbox 2308 3767 2473 3824; x_wconf 84' lang='lat' dir='ltr'><strong>grave</strong></span> <span class='ocrx_word' id='word_1_642' title='bbox 2520 3761 2608 3808; x_wconf 89' lang='lat' dir='ltr'><strong>est</strong></span> <span class='ocrx_word' id='word_1_643' title='bbox 2632 3753 2766 3809; x_wconf 89' lang='lat' dir='ltr'><strong>satis</strong></span> <span class='ocrx_word' id='word_1_644' title='bbox 2806 3751 3055 3820; x_wconf 84' lang='lat' dir='ltr'><strong>longaevo</strong></span> <span class='ocrx_word' id='word_1_645' title='bbox 3090 3764 3258 3805; x_wconf 85' lang='lat' dir='ltr'><strong>cursu</strong></span> <span class='ocrx_word' id='word_1_646' title='bbox 3282 3747 3441 3807; x_wconf 83' lang='lat' dir='ltr'><strong>istius</strong></span> <span class='ocrx_word' id='word_1_647' title='bbox 3465 3750 3592 3806; x_wconf 80' lang='lat' dir='ltr'><strong>vitm</strong></span> <span class='ocrx_word' id='word_1_648' title='bbox 3629 3748 3840 3833; x_wconf 54' lang='lat'><strong>1351</strong></span> 
     </span>
    </p>
   </div>
   <div class='ocr_carea' id='block_1_83' title="bbox 2237 3840 3843 3912">
    <p class='ocr_par' dir='ltr' id='par_1_83' title="bbox 2237 3840 3843 3912">
     <span class='ocr_line' id='line_1_83' title="bbox 2237 3840 3843 3912; baseline -0.004 -9"><span class='ocrx_word' id='word_1_649' title='bbox 2237 3845 2549 3903; x_wconf 86' lang='lat' dir='ltr'><strong>diuturnam</strong></span> <span class='ocrx_word' id='word_1_650' title='bbox 2566 3844 2836 3901; x_wconf 82' lang='lat' dir='ltr'><strong>sustinere</strong></span> <span class='ocrx_word' id='word_1_651' title='bbox 2863 3841 3135 3901; x_wconf 83' lang='lat' dir='ltr'><strong>militiam.</strong></span> <span class='ocrx_word' id='word_1_652' title='bbox 3172 3840 3415 3912; x_wconf 76' lang='lat' dir='ltr'><strong>Denique</strong></span> <span class='ocrx_word' id='word_1_653' title='bbox 3434 3850 3493 3899; x_wconf 80' lang='lat' dir='ltr'><strong>et</strong></span> <span class='ocrx_word' id='word_1_654' title='bbox 3519 3840 3661 3899; x_wconf 79' lang='lat' dir='ltr'><strong>inira</strong></span> <span class='ocrx_word' id='word_1_655' title='bbox 3677 3842 3843 3899; x_wconf 87' lang='lat' dir='ltr'><strong>dicit:</strong></span> 
     </span>
    </p>
   </div>
   <div class='ocr_carea' id='block_1_84' title="bbox 2236 3934 3837 4012">
    <p class='ocr_par' dir='ltr' id='par_1_84' title="bbox 2236 3934 3837 4012">
     <span class='ocr_line' id='line_1_84' title="bbox 2236 3934 3837 4012; baseline -0.003 -16"><span class='ocrx_word' id='word_1_656' title='bbox 2236 3940 2361 3997; x_wconf 80' lang='lat' dir='ltr'><strong>Hau</strong></span> <span class='ocrx_word' id='word_1_657' title='bbox 2407 3956 2486 3995; x_wconf 88' lang='lat' dir='ltr'><strong>me</strong></span> <span class='ocrx_word' id='word_1_658' title='bbox 2501 3941 2521 3995; x_wconf 90' lang='lat'><strong>.&#39;</strong></span> <span class='ocrx_word' id='word_1_659' title='bbox 2563 3939 2701 4012; x_wconf 81' lang='lat' dir='ltr'><strong>quod</strong></span> <span class='ocrx_word' id='word_1_660' title='bbox 2738 3939 2994 3994; x_wconf 73' lang='lat' dir='ltr'><strong>iaculatus</strong></span> <span class='ocrx_word' id='word_1_661' title='bbox 3019 3953 3162 3995; x_wconf 71' lang='lat' dir='ltr'><strong>meus</strong></span> <span class='ocrx_word' id='word_1_662' title='bbox 3186 3938 3529 4008; x_wconf 72' lang='lat' dir='ltr'><strong>prolongqu</strong></span> <span class='ocrx_word' id='word_1_663' title='bbox 3553 3947 3626 3995; x_wconf 79' lang='lat' dir='ltr'><strong>est</strong></span> <span class='ocrx_word' id='word_1_664' title='bbox 3657 3934 3837 4010; x_wconf 63' lang='lat' dir='ltr'><strong>(Pal.</strong></span> 
     </span>
    </p>
   </div>
   <div class='ocr_carea' id='block_1_85' title="bbox 2236 4028 3843 4104">
    <p class='ocr_par' dir='ltr' id='par_1_85' title="bbox 2236 4028 3843 4104">
     <span class='ocr_line' id='line_1_85' title="bbox 2236 4028 3843 4104; baseline -0.004 -13"><span class='ocrx_word' id='word_1_665' title='bbox 2236 4048 2384 4101; x_wconf 74' lang='lat' dir='ltr'><strong>ests,</strong></span> <span class='ocrx_word' id='word_1_666' title='bbox 2408 4032 2499 4102; x_wconf 77' lang='lat'><strong>5)!</strong></span> <span class='ocrx_word' id='word_1_667' title='bbox 2556 4030 2873 4104; x_wconf 85' lang='lat' dir='ltr'><strong>lngemiscit</strong></span> <span class='ocrx_word' id='word_1_668' title='bbox 2913 4030 3061 4087; x_wconf 88' lang='lat' dir='ltr'><strong>enim</strong></span> <span class='ocrx_word' id='word_1_669' title='bbox 3095 4031 3240 4100; x_wconf 85' lang='lat' dir='ltr'><strong>quod</strong></span> <span class='ocrx_word' id='word_1_670' title='bbox 3271 4029 3576 4087; x_wconf 74' lang='lat' dir='ltr'><strong>indefessas</strong></span> <span class='ocrx_word' id='word_1_671' title='bbox 3612 4028 3731 4100; x_wconf 82' lang='lat' dir='ltr'><strong>jugi</strong></span> <span class='ocrx_word' id='word_1_672' title='bbox 3760 4028 3843 4084; x_wconf 86' lang='lat' dir='ltr'><strong>la-</strong></span> 
     </span>
    </p>
   </div>
   <div class='ocr_carea' id='block_1_86' title="bbox 2235 4121 3842 4195">
    <p class='ocr_par' dir='ltr' id='par_1_86' title="bbox 2235 4121 3842 4195">
     <span class='ocr_line' id='line_1_86' title="bbox 2235 4121 3842 4195; baseline 0 -16"><span class='ocrx_word' id='word_1_673' title='bbox 2235 4127 2367 4183; x_wconf 85' lang='lat' dir='ltr'><strong>bore</strong></span> <span class='ocrx_word' id='word_1_674' title='bbox 2397 4130 2581 4183; x_wconf 86' lang='lat' dir='ltr'><strong>tendat</strong></span> <span class='ocrx_word' id='word_1_675' title='bbox 2604 4125 2902 4191; x_wconf 77' lang='lat' dir='ltr'><strong>excubias;</strong></span> <span class='ocrx_word' id='word_1_676' title='bbox 2945 4132 3001 4181; x_wconf 89' lang='lat' dir='ltr'><strong>et</strong></span> <span class='ocrx_word' id='word_1_677' title='bbox 3032 4123 3156 4180; x_wconf 83' lang='lat' dir='ltr'><strong>ideo</strong></span> <span class='ocrx_word' id='word_1_678' title='bbox 3185 4122 3320 4195; x_wconf 87' lang='lat' dir='ltr'><strong>petit</strong></span> <span class='ocrx_word' id='word_1_679' title='bbox 3348 4138 3381 4179; x_wconf 86' lang='lat' dir='ltr'><strong>a</strong></span> <span class='ocrx_word' id='word_1_680' title='bbox 3418 4130 3502 4181; x_wconf 85' lang='lat' dir='ltr'><strong>tot</strong></span> <span class='ocrx_word' id='word_1_681' title='bbox 3537 4121 3842 4181; x_wconf 78' lang='lat' dir='ltr'><strong>adversan-</strong></span> 
     </span>
    </p>
   </div>
   <div class='ocr_carea' id='block_1_87' title="bbox 2236 4216 3841 4299">
    <p class='ocr_par' dir='ltr' id='par_1_87' title="bbox 2236 4216 3841 4299">
     <span class='ocr_line' id='line_1_87' title="bbox 2236 4216 3841 4299; baseline -0.001 -24"><span class='ocrx_word' id='word_1_682' title='bbox 2236 4221 2383 4275; x_wconf 88' lang='lat' dir='ltr'><strong>tibus</strong></span> <span class='ocrx_word' id='word_1_683' title='bbox 2412 4219 2649 4288; x_wconf 81' lang='lat' dir='ltr'><strong>liberari,</strong></span> <span class='ocrx_word' id='word_1_684' title='bbox 2681 4233 2782 4275; x_wconf 85' lang='lat' dir='ltr'><strong>nec</strong></span> <span class='ocrx_word' id='word_1_685' title='bbox 2827 4233 2952 4299; x_wconf 86' lang='lat' dir='ltr'><strong>cum</strong></span> <span class='ocrx_word' id='word_1_686' title='bbox 2982 4218 3218 4276; x_wconf 87' lang='lat' dir='ltr'><strong>terrenis</strong></span> <span class='ocrx_word' id='word_1_687' title='bbox 3257 4216 3574 4279; x_wconf 84' lang='lat' dir='ltr'><strong>hominibus</strong></span> <span class='ocrx_word' id='word_1_688' title='bbox 3596 4218 3714 4275; x_wconf 81' lang='lat' dir='ltr'><strong>vult</strong></span> <span class='ocrx_word' id='word_1_689' title='bbox 3741 4216 3841 4273; x_wconf 81' lang='lat' dir='ltr'><strong>ha-</strong></span> 
     </span>
    </p>
   </div>
   <div class='ocr_carea' id='block_1_88' title="bbox 2233 4315 2762 4374">
    <p class='ocr_par' dir='ltr' id='par_1_88' title="bbox 2233 4315 2762 4374">
     <span class='ocr_line' id='line_1_88' title="bbox 2233 4315 2762 4374; baseline -0.004 -1"><span class='ocrx_word' id='word_1_690' title='bbox 2233 4315 2369 4373; x_wconf 84' lang='lat' dir='ltr'><strong>bere</strong></span> <span class='ocrx_word' id='word_1_691' title='bbox 2398 4317 2762 4374; x_wconf 85' lang='lat' dir='ltr'><strong>consortium.</strong></span> 
     </span>
    </p>
   </div>
   <div class='ocr_carea' id='block_1_89' title="bbox 2308 4407 3840 4482">
    <p class='ocr_par' dir='ltr' id='par_1_89' title="bbox 2308 4407 3840 4482">
     <span class='ocr_line' id='line_1_89' title="bbox 2308 4407 3840 4482; baseline -0.001 -17"><span class='ocrx_word' id='word_1_692' title='bbox 2308 4410 2396 4465; x_wconf 91' lang='grc'><strong>17.</strong></span> <span class='ocrx_word' id='word_1_693' title='bbox 2425 4409 2609 4482; x_wconf 86' lang='lat' dir='ltr'><strong>(Vers.</strong></span> <span class='ocrx_word' id='word_1_694' title='bbox 2641 4407 2790 4479; x_wconf 87' lang='grc'><strong>171.)</strong></span> <span class='ocrx_word' id='word_1_695' title='bbox 2832 4408 3093 4479; x_wconf 84' lang='lat' dir='ltr'><strong>Sequitur</strong></span> <span class='ocrx_word' id='word_1_696' title='bbox 3116 4421 3312 4467; x_wconf 75' lang='lat' dir='ltr'><strong>versus</strong></span> <span class='ocrx_word' id='word_1_697' title='bbox 3343 4408 3576 4467; x_wconf 84' lang='lat' dir='ltr'><strong>tertius:</strong></span> <span class='ocrx_word' id='word_1_698' title='bbox 3608 4407 3840 4464; x_wconf 72' lang='lat' dir='ltr'><strong>Emesa-</strong></span> 
     </span>
    </p>
   </div>
   <div class='ocr_carea' id='block_1_90' title="bbox 2236 4500 3842 4574">
    <p class='ocr_par' dir='ltr' id='par_1_90' title="bbox 2236 4500 3842 4574">
     <span class='ocr_line' id='line_1_90' title="bbox 2236 4500 3842 4574; baseline 0.001 -19"><span class='ocrx_word' id='word_1_699' title='bbox 2236 4502 2360 4556; x_wconf 86' lang='lat' dir='ltr'><strong>bunt</strong></span> <span class='ocrx_word' id='word_1_700' title='bbox 2412 4500 2554 4557; x_wconf 83' lang='lat' dir='ltr'><strong>labia</strong></span> <span class='ocrx_word' id='word_1_701' title='bbox 2588 4518 2703 4559; x_wconf 78' lang='lat' dir='ltr'><strong>mea</strong></span> <span class='ocrx_word' id='word_1_702' title='bbox 2727 4500 2980 4573; x_wconf 73' lang='lat' dir='ltr'><strong>hymnum</strong></span> <span class='ocrx_word' id='word_1_703' title='bbox 3008 4518 3031 4568; x_wconf 76' lang='lat'><strong>,-</strong></span> <span class='ocrx_word' id='word_1_704' title='bbox 3074 4517 3194 4556; x_wconf 77' lang='lat' dir='ltr'><strong>cum</strong></span> <span class='ocrx_word' id='word_1_705' title='bbox 3220 4501 3459 4557; x_wconf 72' lang='lat' dir='ltr'><strong>docueris</strong></span> <span class='ocrx_word' id='word_1_706' title='bbox 3480 4516 3560 4556; x_wconf 81' lang='lat' dir='ltr'><strong>me</strong></span> <span class='ocrx_word' id='word_1_707' title='bbox 3573 4501 3842 4574; x_wconf 69' lang='lat' dir='ltr'><strong>justi/ira-</strong></span> 
     </span>
    </p>
   </div>
   <div class='ocr_carea' id='block_1_91' title="bbox 605 4587 3835 4666">
    <p class='ocr_par' dir='ltr' id='par_1_91' title="bbox 605 4587 3835 4666">
     <span class='ocr_line' id='line_1_91' title="bbox 605 4587 3835 4666; baseline 0.002 -19"><span class='ocrx_word' id='word_1_708' title='bbox 605 4592 692 4648; x_wconf 82' lang='grc'><strong>15.</strong></span> <span class='ocrx_word' id='word_1_709' title='bbox 722 4589 855 4647; x_wconf 88' lang='lat' dir='ltr'><strong>Cum</strong></span> <span class='ocrx_word' id='word_1_710' title='bbox 888 4591 1031 4646; x_wconf 82' lang='lat' dir='ltr'><strong>hanc</strong></span> <span class='ocrx_word' id='word_1_711' title='bbox 1054 4589 1214 4660; x_wconf 82' lang='lat' dir='ltr'><strong>igitur</strong></span> <span class='ocrx_word' id='word_1_712' title='bbox 1236 4588 1460 4658; x_wconf 88' lang='lat' dir='ltr'><strong>jannam</strong></span> <span class='ocrx_word' id='word_1_713' title='bbox 1490 4587 1816 4658; x_wconf 82' lang='lat' dir='ltr'><strong>pulsaveris,</strong></span> <span class='ocrx_word' id='word_1_714' title='bbox 1843 4587 1964 4647; x_wconf 88' lang='lat' dir='ltr'><strong>vide</strong></span> <span class='ocrx_word' id='word_1_715' title='bbox 1988 4603 2130 4659; x_wconf 86' lang='lat' dir='ltr'><strong>quo-</strong></span> <span class='ocrx_word' id='word_1_716' title='bbox 2156 4596 2210 4658; x_wconf 78' lang='grc' dir='ltr'><strong>ι)</strong></span> <span class='ocrx_word' id='word_1_717' title='bbox 2237 4593 2402 4649; x_wconf 83' lang='lat' dir='ltr'><strong>tiones</strong></span> <span class='ocrx_word' id='word_1_718' title='bbox 2427 4603 2563 4651; x_wconf 86' lang='lat' dir='ltr'><strong>tuas.</strong></span> <span class='ocrx_word' id='word_1_719' title='bbox 2591 4594 2872 4652; x_wconf 78' lang='lat' dir='ltr'><strong>Eructuvit</strong></span> <span class='ocrx_word' id='word_1_720' title='bbox 2909 4597 3196 4666; x_wconf 80' lang='lat' dir='ltr'><strong>hymnum,</strong></span> <span class='ocrx_word' id='word_1_721' title='bbox 3233 4594 3328 4664; x_wconf 89' lang='lat' dir='ltr'><strong>qui</strong></span> <span class='ocrx_word' id='word_1_722' title='bbox 3382 4604 3565 4665; x_wconf 83' lang='lat' dir='ltr'><strong>potest</strong></span> <span class='ocrx_word' id='word_1_723' title='bbox 3606 4594 3793 4651; x_wconf 82' lang='lat' dir='ltr'><strong>dicere</strong></span> <span class='ocrx_word' id='word_1_724' title='bbox 3819 4612 3835 4652; x_wconf 91' lang='lat'><strong>:</strong></span> 
     </span>
    </p>
   </div>
   <div class='ocr_carea' id='block_1_92' title="bbox 534 4681 2129 4754">
    <p class='ocr_par' dir='ltr' id='par_1_92' title="bbox 534 4681 2129 4754">
     <span class='ocr_line' id='line_1_92' title="bbox 534 4681 2129 4754; baseline -0.001 -12"><span class='ocrx_word' id='word_1_725' title='bbox 534 4684 695 4742; x_wconf 89' lang='lat' dir='ltr'><strong>modo</strong></span> <span class='ocrx_word' id='word_1_726' title='bbox 727 4683 1051 4753; x_wconf 80' lang='lat' dir='ltr'><strong>ingrediaris</strong></span> <span class='ocrx_word' id='word_1_727' title='bbox 1083 4701 1096 4751; x_wconf 93' lang='lat'><strong>;</strong></span> <span class='ocrx_word' id='word_1_728' title='bbox 1130 4699 1198 4738; x_wconf 88' lang='lat' dir='ltr'><strong>ne</strong></span> <span class='ocrx_word' id='word_1_729' title='bbox 1227 4683 1365 4739; x_wconf 86' lang='lat' dir='ltr'><strong>forte</strong></span> <span class='ocrx_word' id='word_1_730' title='bbox 1396 4693 1451 4737; x_wconf 91' lang='lat' dir='ltr'><strong>et</strong></span> <span class='ocrx_word' id='word_1_731' title='bbox 1484 4683 1596 4753; x_wconf 91' lang='lat' dir='ltr'><strong>jam</strong></span> <span class='ocrx_word' id='word_1_732' title='bbox 1630 4681 1909 4754; x_wconf 88' lang='lat' dir='ltr'><strong>ingressus</strong></span> <span class='ocrx_word' id='word_1_733' title='bbox 1936 4724 1950 4749; x_wconf 91' lang='lat'><strong>,</strong></span> <span class='ocrx_word' id='word_1_734' title='bbox 1978 4695 2129 4741; x_wconf 83' lang='lat' dir='ltr'><strong>extra</strong></span> 
     </span>
    </p>
   </div>
   <div class='ocr_carea' id='block_1_93' title="bbox 531 4774 2134 4849">
    <p class='ocr_par' dir='ltr' id='par_1_93' title="bbox 531 4774 2134 4849">
     <span class='ocr_line' id='line_1_93' title="bbox 531 4774 2134 4849; baseline -0.002 -15"><span class='ocrx_word' id='word_1_735' title='bbox 531 4790 890 4849; x_wconf 80' lang='lat' dir='ltr'><strong>conSpectum</strong></span> <span class='ocrx_word' id='word_1_736' title='bbox 921 4778 1068 4848; x_wconf 84' lang='lat' dir='ltr'><strong>regis</strong></span> <span class='ocrx_word' id='word_1_737' title='bbox 1090 4777 1185 4832; x_wconf 87' lang='lat' dir='ltr'><strong>sis.</strong></span> <span class='ocrx_word' id='word_1_738' title='bbox 1210 4775 1365 4831; x_wconf 79' lang='lat' dir='ltr'><strong>Multi</strong></span> <span class='ocrx_word' id='word_1_739' title='bbox 1400 4774 1777 4845; x_wconf 84' lang='lat' dir='ltr'><strong>ingrediuntur</strong></span> <span class='ocrx_word' id='word_1_740' title='bbox 1807 4776 2001 4847; x_wconf 87' lang='lat' dir='ltr'><strong>palatia</strong></span> <span class='ocrx_word' id='word_1_741' title='bbox 2029 4818 2044 4843; x_wconf 94' lang='lat'><strong>,</strong></span> <span class='ocrx_word' id='word_1_742' title='bbox 2077 4785 2134 4833; x_wconf 88' lang='lat' dir='ltr'><strong>et</strong></span> 
     </span>
    </p>
   </div>
   <div class='ocr_carea' id='block_1_94' title="bbox 534 4868 2135 4940">
    <p class='ocr_par' dir='ltr' id='par_1_94' title="bbox 534 4868 2135 4940">
     <span class='ocr_line' id='line_1_94' title="bbox 534 4868 2135 4940; baseline -0.002 -12"><span class='ocrx_word' id='word_1_743' title='bbox 534 4887 642 4928; x_wconf 89' lang='lat' dir='ltr'><strong>non</strong></span> <span class='ocrx_word' id='word_1_744' title='bbox 664 4873 849 4928; x_wconf 82' lang='lat' dir='ltr'><strong>statim</strong></span> <span class='ocrx_word' id='word_1_745' title='bbox 896 4884 1079 4940; x_wconf 87' lang='lat' dir='ltr'><strong>regem</strong></span> <span class='ocrx_word' id='word_1_746' title='bbox 1112 4870 1273 4922; x_wconf 88' lang='lat' dir='ltr'><strong>istum</strong></span> <span class='ocrx_word' id='word_1_747' title='bbox 1306 4878 1579 4923; x_wconf 85' lang='lat' dir='ltr'><strong>terrenum</strong></span> <span class='ocrx_word' id='word_1_748' title='bbox 1625 4868 1809 4923; x_wconf 86' lang='lat' dir='ltr'><strong>vident</strong></span> <span class='ocrx_word' id='word_1_749' title='bbox 1840 4888 1853 4925; x_wconf 90' lang='lat'><strong>:</strong></span> <span class='ocrx_word' id='word_1_750' title='bbox 1883 4870 1980 4926; x_wconf 86' lang='lat' dir='ltr'><strong>sed</strong></span> <span class='ocrx_word' id='word_1_751' title='bbox 2026 4869 2135 4926; x_wconf 76' lang='lat' dir='ltr'><strong>fre-</strong></span> 
     </span>
    </p>
   </div>
   <div class='ocr_carea' id='block_1_95' title="bbox 532 4959 2129 5039">
    <p class='ocr_par' dir='ltr' id='par_1_95' title="bbox 532 4959 2129 5039">
     <span class='ocr_line' id='line_1_95' title="bbox 532 4959 2129 5039; baseline -0.005 -14"><span class='ocrx_word' id='word_1_752' title='bbox 532 4978 762 5039; x_wconf 88' lang='lat' dir='ltr'><strong>quenter</strong></span> <span class='ocrx_word' id='word_1_753' title='bbox 808 4965 1141 5028; x_wconf 72' lang='lat' dir='ltr'><strong>observant;</strong></span> <span class='ocrx_word' id='word_1_754' title='bbox 1173 4971 1232 5018; x_wconf 88' lang='lat' dir='ltr'><strong>ut</strong></span> <span class='ocrx_word' id='word_1_755' title='bbox 1260 4959 1552 5031; x_wconf 88' lang='lat' dir='ltr'><strong>aliquando</strong></span> <span class='ocrx_word' id='word_1_756' title='bbox 1583 4960 1772 5017; x_wconf 89' lang='lat' dir='ltr'><strong>videre</strong></span> <span class='ocrx_word' id='word_1_757' title='bbox 1796 4971 2129 5019; x_wconf 87' lang='lat' dir='ltr'><strong>mereantur.</strong></span> 
     </span>
    </p>
   </div>
   <div class='ocr_carea' id='block_1_96' title="bbox 534 5054 2135 5134">
    <p class='ocr_par' dir='ltr' id='par_1_96' title="bbox 534 5054 2135 5134">
     <span class='ocr_line' id='line_1_96' title="bbox 534 5054 2135 5134; baseline -0.005 -14"><span class='ocrx_word' id='word_1_758' title='bbox 534 5062 646 5120; x_wconf 88' lang='lat' dir='ltr'><strong>Nec</strong></span> <span class='ocrx_word' id='word_1_759' title='bbox 675 5067 1009 5134; x_wconf 84' lang='lat' dir='ltr'><strong>praesumunt</strong></span> <span class='ocrx_word' id='word_1_760' title='bbox 1028 5055 1244 5112; x_wconf 86' lang='lat' dir='ltr'><strong>videndi</strong></span> <span class='ocrx_word' id='word_1_761' title='bbox 1274 5055 1487 5126; x_wconf 85' lang='lat' dir='ltr'><strong>cepiam</strong></span> <span class='ocrx_word' id='word_1_762' title='bbox 1512 5070 1526 5107; x_wconf 89' lang='lat'><strong>:</strong></span> <span class='ocrx_word' id='word_1_763' title='bbox 1560 5054 1657 5110; x_wconf 89' lang='lat' dir='ltr'><strong>sed</strong></span> <span class='ocrx_word' id='word_1_764' title='bbox 1677 5055 2135 5128; x_wconf 72' lang='lat' dir='ltr'><strong>jussireprmsen-</strong></span> 
     </span>
    </p>
   </div>
   <div class='ocr_carea' id='block_1_97' title="bbox 609 5235 2129 5307">
    <p class='ocr_par' dir='ltr' id='par_1_97' title="bbox 609 5235 2129 5307">
     <span class='ocr_line' id='line_1_97' title="bbox 609 5235 2129 5307; baseline -0.001 -10"><span class='ocrx_word' id='word_1_765' title='bbox 609 5254 633 5279; x_wconf 74' lang='grc' dir='ltr'>ει</span> <span class='ocrx_word' id='word_1_766' title='bbox 657 5244 859 5298; x_wconf 85' lang='lat' dir='ltr'><strong>Omnes</strong></span> <span class='ocrx_word' id='word_1_767' title='bbox 884 5239 1043 5305; x_wconf 62' lang='lat' dir='ltr'><strong>edit.,</strong></span> <span class='ocrx_word' id='word_1_768' title='bbox 1071 5237 1159 5293; x_wconf 85' lang='lat' dir='ltr'><strong>sed</strong></span> <span class='ocrx_word' id='word_1_769' title='bbox 1210 5235 1433 5307; x_wconf 82' lang='lat' dir='ltr'><strong>quadam</strong></span> <span class='ocrx_word' id='word_1_770' title='bbox 1485 5236 1700 5291; x_wconf 85' lang='lat' dir='ltr'><strong>rationis</strong></span> <span class='ocrx_word' id='word_1_771' title='bbox 1753 5247 1855 5293; x_wconf 77' lang='lat' dir='ltr'><strong>tua:</strong></span> <span class='ocrx_word' id='word_1_772' title='bbox 1899 5239 2129 5295; x_wconf 72' lang='lat' dir='ltr'><strong>dextera.</strong></span> 
     </span>
    </p>
   </div>
   <div class='ocr_carea' id='block_1_98' title="bbox 538 5308 1868 5370">
    <p class='ocr_par' dir='ltr' id='par_1_98' title="bbox 538 5308 1868 5370">
     <span class='ocr_line' id='line_1_98' title="bbox 538 5308 1868 5370; baseline -0.004 0"><span class='ocrx_word' id='word_1_773' title='bbox 538 5315 725 5370; x_wconf 80' lang='lat' dir='ltr'><strong>Melius</strong></span> <span class='ocrx_word' id='word_1_774' title='bbox 755 5325 946 5367; x_wconf 81' lang='lat' dir='ltr'><strong>omnes</strong></span> <span class='ocrx_word' id='word_1_775' title='bbox 978 5325 1207 5364; x_wconf 82' lang='lat' dir='ltr'><strong>mss.....</strong></span> <span class='ocrx_word' id='word_1_776' title='bbox 1232 5308 1485 5362; x_wconf 84' lang='lat' dir='ltr'><strong>orationis</strong></span> <span class='ocrx_word' id='word_1_777' title='bbox 1510 5318 1612 5363; x_wconf 80' lang='lat' dir='ltr'><strong>tuta</strong></span> <span class='ocrx_word' id='word_1_778' title='bbox 1638 5309 1868 5365; x_wconf 74' lang='lat' dir='ltr'><strong>dextera.</strong></span> 
     </span>
    </p>
   </div>
   <div class='ocr_carea' id='block_1_99' title="bbox 606 5379 2131 5453">
    <p class='ocr_par' dir='ltr' id='par_1_99' title="bbox 606 5379 2131 5453">
     <span class='ocr_line' id='line_1_99' title="bbox 606 5379 2131 5453; baseline -0.001 -13"><span class='ocrx_word' id='word_1_779' title='bbox 606 5385 636 5425; x_wconf 72' lang='grc' dir='ltr'><strong>ι»</strong></span> <span class='ocrx_word' id='word_1_780' title='bbox 662 5386 791 5441; x_wconf 79' lang='lat' dir='ltr'><strong>Mss.</strong></span> <span class='ocrx_word' id='word_1_781' title='bbox 818 5397 925 5438; x_wconf 89' lang='lat' dir='ltr'><strong>non</strong></span> <span class='ocrx_word' id='word_1_782' title='bbox 953 5381 1135 5453; x_wconf 79' lang='lat' dir='ltr'><strong>pauci,</strong></span> <span class='ocrx_word' id='word_1_783' title='bbox 1160 5389 1211 5435; x_wconf 84' lang='lat' dir='ltr'><strong>ct</strong></span> <span class='ocrx_word' id='word_1_784' title='bbox 1241 5383 1383 5434; x_wconf 77' lang='lat' dir='ltr'><strong>mitts</strong></span> <span class='ocrx_word' id='word_1_785' title='bbox 1406 5379 1463 5434; x_wconf 79' lang='lat' dir='ltr'><strong>in</strong></span> <span class='ocrx_word' id='word_1_786' title='bbox 1499 5396 1684 5436; x_wconf 83' lang='lat' dir='ltr'><strong>manus</strong></span> <span class='ocrx_word' id='word_1_787' title='bbox 1709 5397 1852 5437; x_wconf 83' lang='lat' dir='ltr'><strong>meas</strong></span> <span class='ocrx_word' id='word_1_788' title='bbox 1872 5424 1888 5449; x_wconf 95' lang='lat'><strong>,</strong></span> <span class='ocrx_word' id='word_1_789' title='bbox 1915 5391 1965 5437; x_wconf 87' lang='lat' dir='ltr'><strong>et</strong></span> <span class='ocrx_word' id='word_1_790' title='bbox 1993 5383 2131 5439; x_wconf 87' lang='lat' dir='ltr'><strong>latus</strong></span> 
     </span>
    </p>
   </div>
   <div class='ocr_carea' id='block_1_100' title="bbox 538 5474 725 5513">
    <p class='ocr_par' dir='ltr' id='par_1_100' title="bbox 538 5474 725 5513">
     <span class='ocr_line' id='line_1_100' title="bbox 538 5474 725 5513; baseline 0.011 -4"><span class='ocrx_word' id='word_1_791' title='bbox 538 5474 703 5513; x_wconf 85' lang='lat' dir='ltr'><strong>meum</strong></span> <span class='ocrx_word' id='word_1_792' title='bbox 710 5497 725 5511; x_wconf 82' lang='lat'><strong><em>.</em></strong></span> 
     </span>
    </p>
   </div>
   <div class='ocr_carea' id='block_1_101' title="bbox 612 5523 2128 5600">
    <p class='ocr_par' dir='ltr' id='par_1_101' title="bbox 612 5523 2128 5600">
     <span class='ocr_line' id='line_1_101' title="bbox 612 5523 2128 5600; baseline -0.001 -18"><span class='ocrx_word' id='word_1_793' title='bbox 612 5540 634 5567; x_wconf 79' lang='grc' dir='ltr'><strong>ο</strong></span> <span class='ocrx_word' id='word_1_794' title='bbox 668 5527 812 5582; x_wconf 87' lang='lat' dir='ltr'><strong>Edit.</strong></span> <span class='ocrx_word' id='word_1_795' title='bbox 843 5541 1055 5600; x_wconf 80' lang='lat' dir='ltr'><strong>omnes,</strong></span> <span class='ocrx_word' id='word_1_796' title='bbox 1081 5523 1281 5600; x_wconf 76' lang='lat' dir='ltr'><strong>Nempe</strong></span> <span class='ocrx_word' id='word_1_797' title='bbox 1309 5540 1423 5600; x_wconf 68' lang='lat' dir='ltr'><strong>eum</strong></span> <span class='ocrx_word' id='word_1_798' title='bbox 1454 5524 1710 5580; x_wconf 84' lang='lat' dir='ltr'><strong>hominem</strong></span> <span class='ocrx_word' id='word_1_799' title='bbox 1751 5542 1926 5600; x_wconf 85' lang='lat' dir='ltr'><strong>rogas,</strong></span> <span class='ocrx_word' id='word_1_800' title='bbox 1956 5544 2128 5600; x_wconf 84' lang='lat' dir='ltr'><strong>regem</strong></span> 
     </span>
    </p>
   </div>
   <div class='ocr_carea' id='block_1_102' title="bbox 534 5597 2126 5668">
    <p class='ocr_par' dir='ltr' id='par_1_102' title="bbox 534 5597 2126 5668">
     <span class='ocr_line' id='line_1_102' title="bbox 534 5597 2126 5668; baseline -0.001 -13"><span class='ocrx_word' id='word_1_801' title='bbox 534 5610 582 5655; x_wconf 87' lang='lat' dir='ltr'><strong>le</strong></span> <span class='ocrx_word' id='word_1_802' title='bbox 607 5601 757 5653; x_wconf 86' lang='lat' dir='ltr'><strong>dicis.</strong></span> <span class='ocrx_word' id='word_1_803' title='bbox 780 5600 984 5653; x_wconf 86' lang='lat' dir='ltr'><strong>Sensus</strong></span> <span class='ocrx_word' id='word_1_804' title='bbox 1004 5597 1290 5668; x_wconf 73' lang='lat' dir='ltr'><strong>absurdus.</strong></span> <span class='ocrx_word' id='word_1_805' title='bbox 1320 5597 1506 5668; x_wconf 87' lang='lat' dir='ltr'><strong>Itaque</strong></span> <span class='ocrx_word' id='word_1_806' title='bbox 1537 5597 1837 5668; x_wconf 81' lang='lat' dir='ltr'><strong>legitimum</strong></span> <span class='ocrx_word' id='word_1_807' title='bbox 1862 5617 1892 5653; x_wconf 88' lang='lat' dir='ltr'><strong>e</strong></span> <span class='ocrx_word' id='word_1_808' title='bbox 1914 5597 2126 5653; x_wconf 86' lang='lat' dir='ltr'><strong>cunctis</strong></span> 
     </span>
    </p>
   </div>
   <div class='ocr_carea' id='block_1_103' title="bbox 532 5666 2123 5738">
    <p class='ocr_par' dir='ltr' id='par_1_103' title="bbox 532 5666 2123 5738">
     <span class='ocr_line' id='line_1_103' title="bbox 532 5666 2123 5738; baseline -0.002 -10"><span class='ocrx_word' id='word_1_809' title='bbox 532 5687 664 5728; x_wconf 64' lang='lat' dir='ltr'><strong>mss.</strong></span> <span class='ocrx_word' id='word_1_810' title='bbox 698 5668 1050 5726; x_wconf 74' lang='lat' dir='ltr'><strong>rcStituimus.</strong></span> <span class='ocrx_word' id='word_1_811' title='bbox 1070 5666 1363 5738; x_wconf 83' lang='lat' dir='ltr'><strong>Curruptio</strong></span> <span class='ocrx_word' id='word_1_812' title='bbox 1380 5666 1558 5725; x_wconf 84' lang='lat' dir='ltr'><strong>autem</strong></span> <span class='ocrx_word' id='word_1_813' title='bbox 1588 5666 1698 5726; x_wconf 83' lang='lat' dir='ltr'><strong>non</strong></span> <span class='ocrx_word' id='word_1_814' title='bbox 1716 5670 1936 5725; x_wconf 90' lang='lat' dir='ltr'><strong>aliunde</strong></span> <span class='ocrx_word' id='word_1_815' title='bbox 1962 5685 2123 5725; x_wconf 82' lang='lat' dir='ltr'><strong>exor-</strong></span> 
     </span>
    </p>
   </div>
   <div class='ocr_carea' id='block_1_104' title="bbox 533 5739 2120 5813">
    <p class='ocr_par' dir='ltr' id='par_1_104' title="bbox 533 5739 2120 5813">
     <span class='ocr_line' id='line_1_104' title="bbox 533 5739 2120 5813; baseline -0.002 -15"><span class='ocrx_word' id='word_1_816' title='bbox 533 5754 580 5798; x_wconf 58' lang='lat' dir='ltr'><strong>l&#39;l</strong></span> <span class='ocrx_word' id='word_1_817' title='bbox 615 5753 716 5805; x_wconf 60' lang='lat' dir='ltr'><strong>cst,</strong></span> <span class='ocrx_word' id='word_1_818' title='bbox 748 5740 850 5795; x_wconf 87' lang='lat' dir='ltr'><strong>nisi</strong></span> <span class='ocrx_word' id='word_1_819' title='bbox 873 5756 938 5795; x_wconf 83' lang='lat' dir='ltr'><strong>ex</strong></span> <span class='ocrx_word' id='word_1_820' title='bbox 968 5755 1035 5795; x_wconf 88' lang='lat' dir='ltr'><strong>eo</strong></span> <span class='ocrx_word' id='word_1_821' title='bbox 1057 5741 1199 5810; x_wconf 76' lang='lat' dir='ltr'><strong>quod</strong></span> <span class='ocrx_word' id='word_1_822' title='bbox 1228 5741 1381 5809; x_wconf 76' lang='lat' dir='ltr'><strong>pauci</strong></span> <span class='ocrx_word' id='word_1_823' title='bbox 1410 5756 1541 5797; x_wconf 91' lang='lat' dir='ltr'><strong>tnss.</strong></span> <span class='ocrx_word' id='word_1_824' title='bbox 1586 5739 1908 5813; x_wconf 85' lang='lat' dir='ltr'><strong>dictionem,</strong></span> <span class='ocrx_word' id='word_1_825' title='bbox 1950 5757 2120 5813; x_wconf 83' lang='lat' dir='ltr'><strong>regem</strong></span> 
     </span>
    </p>
   </div>
   <div class='ocr_carea' id='block_1_105' title="bbox 528 5812 2114 5887">
    <p class='ocr_par' dir='ltr' id='par_1_105' title="bbox 528 5812 2114 5887">
     <span class='ocr_line' id='line_1_105' title="bbox 528 5812 2114 5887; baseline -0.001 -15"><span class='ocrx_word' id='word_1_826' title='bbox 528 5825 648 5887; x_wconf 71' lang='lat' dir='ltr'><strong>pust</strong></span> <span class='ocrx_word' id='word_1_827' title='bbox 697 5815 951 5883; x_wconf 87' lang='lat' dir='ltr'><strong>verbum,</strong></span> <span class='ocrx_word' id='word_1_828' title='bbox 998 5827 1187 5883; x_wconf 82' lang='lat' dir='ltr'><strong>rogas,</strong></span> <span class='ocrx_word' id='word_1_829' title='bbox 1235 5812 1703 5883; x_wconf 87' lang='lat' dir='ltr'><strong>transposueriut,</strong></span> <span class='ocrx_word' id='word_1_830' title='bbox 1751 5813 1893 5884; x_wconf 89' lang='lat' dir='ltr'><strong>quod</strong></span> <span class='ocrx_word' id='word_1_831' title='bbox 1941 5813 2114 5875; x_wconf 86' lang='lat' dir='ltr'><strong>intru-</strong></span> 
     </span>
    </p>
   </div>
   <div class='ocr_carea' id='block_1_106' title="bbox 2234 4685 3837 4758">
    <p class='ocr_par' dir='ltr' id='par_1_106' title="bbox 2234 4685 3837 4758">
     <span class='ocr_line' id='line_1_106' title="bbox 2234 4685 3837 4758; baseline 0.001 -17"><span class='ocrx_word' id='word_1_832' title='bbox 2234 4685 2414 4743; x_wconf 85' lang='lat' dir='ltr'><strong>Bonus</strong></span> <span class='ocrx_word' id='word_1_833' title='bbox 2438 4689 2584 4744; x_wconf 86' lang='lat' dir='ltr'><strong>enim</strong></span> <span class='ocrx_word' id='word_1_834' title='bbox 2614 4688 2745 4743; x_wconf 84' lang='lat' dir='ltr'><strong>odor</strong></span> <span class='ocrx_word' id='word_1_835' title='bbox 2789 4688 2983 4744; x_wconf 78' lang='lat' dir='ltr'><strong>Christi</strong></span> <span class='ocrx_word' id='word_1_836' title='bbox 3028 4704 3208 4743; x_wconf 82' lang='lat' dir='ltr'><strong>sumus</strong></span> <span class='ocrx_word' id='word_1_837' title='bbox 3232 4685 3345 4744; x_wconf 86' lang='lat' dir='ltr'><strong>Deo</strong></span> <span class='ocrx_word' id='word_1_838' title='bbox 3370 4688 3443 4758; x_wconf 85' lang='lat' dir='ltr'><strong>(ll</strong></span> <span class='ocrx_word' id='word_1_839' title='bbox 3466 4687 3591 4745; x_wconf 79' lang='lat' dir='ltr'><strong>Cor.</strong></span> <span class='ocrx_word' id='word_1_840' title='bbox 3620 4704 3680 4754; x_wconf 87' lang='grc' dir='ltr'>ιι,</span> <span class='ocrx_word' id='word_1_841' title='bbox 3720 4689 3837 4758; x_wconf 77' lang='lat' dir='ltr'><strong>lii).</strong></span> 
     </span>
    </p>
   </div>
   <div class='ocr_carea' id='block_1_107' title="bbox 2236 4778 3841 4853">
    <p class='ocr_par' dir='ltr' id='par_1_107' title="bbox 2236 4778 3841 4853">
     <span class='ocr_line' id='line_1_107' title="bbox 2236 4778 3841 4853; baseline 0 -18"><span class='ocrx_word' id='word_1_842' title='bbox 2236 4778 2307 4835; x_wconf 87' lang='lat' dir='ltr'><strong>Et</strong></span> <span class='ocrx_word' id='word_1_843' title='bbox 2326 4781 2466 4837; x_wconf 88' lang='lat' dir='ltr'><strong>bene</strong></span> <span class='ocrx_word' id='word_1_844' title='bbox 2486 4790 2721 4850; x_wconf 83' lang='lat' dir='ltr'><strong>eructat,</strong></span> <span class='ocrx_word' id='word_1_845' title='bbox 2742 4779 2841 4852; x_wconf 89' lang='lat' dir='ltr'><strong>qui</strong></span> <span class='ocrx_word' id='word_1_846' title='bbox 2865 4781 3097 4853; x_wconf 87' lang='lat' dir='ltr'><strong>plurima</strong></span> <span class='ocrx_word' id='word_1_847' title='bbox 3124 4790 3180 4847; x_wconf 84' lang='lat' dir='ltr'><strong>et</strong></span> <span class='ocrx_word' id='word_1_848' title='bbox 3202 4780 3395 4837; x_wconf 84' lang='lat' dir='ltr'><strong>suavia</strong></span> <span class='ocrx_word' id='word_1_849' title='bbox 3421 4788 3692 4850; x_wconf 69' lang='lat' dir='ltr'><strong>praecepta</strong></span> <span class='ocrx_word' id='word_1_850' title='bbox 3731 4778 3841 4835; x_wconf 85' lang='lat' dir='ltr'><strong>Do-</strong></span> 
     </span>
    </p>
   </div>
   <div class='ocr_carea' id='block_1_108' title="bbox 2236 4873 3839 4949">
    <p class='ocr_par' dir='ltr' id='par_1_108' title="bbox 2236 4873 3839 4949">
     <span class='ocr_line' id='line_1_108' title="bbox 2236 4873 3839 4949; baseline -0.001 -17"><span class='ocrx_word' id='word_1_851' title='bbox 2236 4877 2372 4932; x_wconf 88' lang='lat' dir='ltr'><strong>mini</strong></span> <span class='ocrx_word' id='word_1_852' title='bbox 2424 4878 2742 4949; x_wconf 79' lang='lat' dir='ltr'><strong>gustavcrit.</strong></span> <span class='ocrx_word' id='word_1_853' title='bbox 2791 4874 3333 4947; x_wconf 85' lang='lat' dir='ltr'><strong>Eructatbymnum,</strong></span> <span class='ocrx_word' id='word_1_854' title='bbox 3385 4876 3476 4942; x_wconf 88' lang='lat' dir='ltr'><strong>qui</strong></span> <span class='ocrx_word' id='word_1_855' title='bbox 3508 4873 3839 4930; x_wconf 84' lang='lat' dir='ltr'><strong>eructaverit</strong></span> 
     </span>
    </p>
   </div>
   <div class='ocr_carea' id='block_1_109' title="bbox 2239 4964 3839 5039">
    <p class='ocr_par' dir='ltr' id='par_1_109' title="bbox 2239 4964 3839 5039">
     <span class='ocr_line' id='line_1_109' title="bbox 2239 4964 3839 5039; baseline 0.001 -18"><span class='ocrx_word' id='word_1_856' title='bbox 2239 4969 2480 5023; x_wconf 85' lang='lat' dir='ltr'><strong>verbum.</strong></span> <span class='ocrx_word' id='word_1_857' title='bbox 2504 4969 2747 5039; x_wconf 81' lang='lat' dir='ltr'><strong>Denique</strong></span> <span class='ocrx_word' id='word_1_858' title='bbox 2776 4978 2833 5023; x_wconf 81' lang='lat' dir='ltr'><strong>et</strong></span> <span class='ocrx_word' id='word_1_859' title='bbox 2857 4966 3024 5022; x_wconf 85' lang='lat' dir='ltr'><strong>David</strong></span> <span class='ocrx_word' id='word_1_860' title='bbox 3052 4978 3179 5022; x_wconf 90' lang='lat' dir='ltr'><strong>ante</strong></span> <span class='ocrx_word' id='word_1_861' title='bbox 3206 4965 3474 5024; x_wconf 87' lang='lat' dir='ltr'><strong>eructavit</strong></span> <span class='ocrx_word' id='word_1_862' title='bbox 3495 4966 3724 5023; x_wconf 83' lang='lat' dir='ltr'><strong>verbum</strong></span> <span class='ocrx_word' id='word_1_863' title='bbox 3742 4964 3839 5022; x_wconf 80' lang='lat' dir='ltr'><strong>bo-</strong></span> 
     </span>
    </p>
   </div>
   <div class='ocr_carea' id='block_1_110' title="bbox 2238 5058 3835 5132">
    <p class='ocr_par' dir='ltr' id='par_1_110' title="bbox 2238 5058 3835 5132">
     <span class='ocr_line' id='line_1_110' title="bbox 2238 5058 3835 5132; baseline 0.001 -16"><span class='ocrx_word' id='word_1_864' title='bbox 2238 5076 2367 5116; x_wconf 89' lang='lat' dir='ltr'><strong>num</strong></span> <span class='ocrx_word' id='word_1_865' title='bbox 2405 5060 2580 5132; x_wconf 76' lang='lat' dir='ltr'><strong>(l’sal.</strong></span> <span class='ocrx_word' id='word_1_866' title='bbox 2640 5076 2784 5128; x_wconf 76' lang='lat' dir='ltr'><strong>suv,</strong></span> <span class='ocrx_word' id='word_1_867' title='bbox 2821 5058 2905 5131; x_wconf 75' lang='lat'><strong>2),</strong></span> <span class='ocrx_word' id='word_1_868' title='bbox 2934 5058 3024 5115; x_wconf 89' lang='lat' dir='ltr'><strong>hic</strong></span> <span class='ocrx_word' id='word_1_869' title='bbox 3053 5070 3266 5117; x_wconf 88' lang='lat' dir='ltr'><strong>eructat</strong></span> <span class='ocrx_word' id='word_1_870' title='bbox 3298 5060 3584 5131; x_wconf 86' lang='lat' dir='ltr'><strong>hymnum.</strong></span> <span class='ocrx_word' id='word_1_871' title='bbox 3624 5058 3835 5117; x_wconf 76' lang='lat' dir='ltr'><strong>Battum</strong></span> 
     </span>
    </p>
   </div>
   <div class='ocr_carea' id='block_1_111' title="bbox 2238 5240 3833 5312">
    <p class='ocr_par' dir='ltr' id='par_1_111' title="bbox 2238 5240 3833 5312">
     <span class='ocr_line' id='line_1_111' title="bbox 2238 5240 3833 5312; baseline -0.002 -13"><span class='ocrx_word' id='word_1_872' title='bbox 2238 5241 2400 5312; x_wconf 85' lang='lat' dir='ltr'><strong>deudi</strong></span> <span class='ocrx_word' id='word_1_873' title='bbox 2432 5243 2699 5310; x_wconf 67' lang='lat' dir='ltr'><strong>suculam,</strong></span> <span class='ocrx_word' id='word_1_874' title='bbox 2727 5252 2792 5309; x_wconf 85' lang='lat' dir='ltr'><strong>te,</strong></span> <span class='ocrx_word' id='word_1_875' title='bbox 2833 5242 3003 5298; x_wconf 86' lang='lat' dir='ltr'><strong>sciolo</strong></span> <span class='ocrx_word' id='word_1_876' title='bbox 3023 5244 3261 5312; x_wconf 87' lang='lat' dir='ltr'><strong>cuipiam</strong></span> <span class='ocrx_word' id='word_1_877' title='bbox 3281 5241 3435 5297; x_wconf 84' lang='lat' dir='ltr'><strong>dedit</strong></span> <span class='ocrx_word' id='word_1_878' title='bbox 3459 5240 3833 5299; x_wconf 82' lang='lat' dir='ltr'><strong>occasionem.</strong></span> 
     </span>
    </p>
   </div>
   <div class='ocr_carea' id='block_1_112' title="bbox 2310 5311 3835 5398">
    <p class='ocr_par' dir='ltr' id='par_1_112' title="bbox 2310 5311 3835 5398">
     <span class='ocr_line' id='line_1_112' title="bbox 2310 5311 3835 5398; baseline 0 -30"><span class='ocrx_word' id='word_1_879' title='bbox 2310 5311 2335 5350; x_wconf 72' lang='grc' dir='ltr'>ἀ</span> <span class='ocrx_word' id='word_1_880' title='bbox 2360 5314 2491 5398; x_wconf 63' lang='lat' dir='ltr'><strong>Mss.</strong></span> <span class='ocrx_word' id='word_1_881' title='bbox 2547 5315 2770 5398; x_wconf 69' lang='lat' dir='ltr'><strong>aliquot,</strong></span> <span class='ocrx_word' id='word_1_882' title='bbox 2802 5311 2872 5398; x_wconf 71' lang='lat' dir='ltr'><strong>Et</strong></span> <span class='ocrx_word' id='word_1_883' title='bbox 2902 5315 3027 5398; x_wconf 68' lang='lat' dir='ltr'><strong>quid</strong></span> <span class='ocrx_word' id='word_1_884' title='bbox 3062 5311 3280 5398; x_wconf 50' lang='lat' dir='ltr'><strong>dieami</strong></span> <span class='ocrx_word' id='word_1_885' title='bbox 3312 5314 3523 5386; x_wconf 80' lang='lat' dir='ltr'><strong>Rogans</strong></span> <span class='ocrx_word' id='word_1_886' title='bbox 3553 5314 3835 5385; x_wconf 68' lang='lat' dir='ltr'><strong>miliaquis-</strong></span> 
     </span>
    </p>
   </div>
   <div class='ocr_carea' id='block_1_113' title="bbox 2233 5386 3336 5457">
    <p class='ocr_par' dir='ltr' id='par_1_113' title="bbox 2233 5386 3336 5457">
     <span class='ocr_line' id='line_1_113' title="bbox 2233 5386 3336 5457; baseline 0.003 -19"><span class='ocrx_word' id='word_1_887' title='bbox 2233 5401 2330 5455; x_wconf 81' lang='lat' dir='ltr'><strong>que</strong></span> <span class='ocrx_word' id='word_1_888' title='bbox 2351 5387 2424 5439; x_wconf 78' lang='lat' dir='ltr'><strong>sic</strong></span> <span class='ocrx_word' id='word_1_889' title='bbox 2451 5386 2759 5457; x_wconf 77' lang='lat' dir='ltr'><strong>ingreditur,</strong></span> <span class='ocrx_word' id='word_1_890' title='bbox 2798 5394 2907 5440; x_wconf 86' lang='lat' dir='ltr'><strong>etc.</strong></span> <span class='ocrx_word' id='word_1_891' title='bbox 2934 5386 3049 5440; x_wconf 90' lang='lat' dir='ltr'><strong>Non</strong></span> <span class='ocrx_word' id='word_1_892' title='bbox 3079 5386 3150 5442; x_wconf 90' lang='lat' dir='ltr'><strong>ita</strong></span> <span class='ocrx_word' id='word_1_893' title='bbox 3175 5386 3336 5441; x_wconf 86' lang='lat' dir='ltr'><strong>male.</strong></span> 
     </span>
    </p>
   </div>
   <div class='ocr_carea' id='block_1_114' title="bbox 2309 5455 3827 5527">
    <p class='ocr_par' dir='ltr' id='par_1_114' title="bbox 2309 5455 3827 5527">
     <span class='ocr_line' id='line_1_114' title="bbox 2309 5455 3827 5527; baseline 0.001 -15"><span class='ocrx_word' id='word_1_894' title='bbox 2309 5468 2332 5495; x_wconf 68' lang='grc' dir='ltr'><strong>θ</strong></span> <span class='ocrx_word' id='word_1_895' title='bbox 2358 5458 2433 5512; x_wconf 87' lang='lat' dir='ltr'><strong>lta</strong></span> <span class='ocrx_word' id='word_1_896' title='bbox 2459 5455 2697 5527; x_wconf 81' lang='lat' dir='ltr'><strong>quinque</strong></span> <span class='ocrx_word' id='word_1_897' title='bbox 2726 5473 2860 5512; x_wconf 75' lang='lat' dir='ltr'><strong>mss.</strong></span> <span class='ocrx_word' id='word_1_898' title='bbox 2894 5459 2997 5513; x_wconf 81' lang='lat' dir='ltr'><strong>Alii</strong></span> <span class='ocrx_word' id='word_1_899' title='bbox 3029 5468 3232 5525; x_wconf 89' lang='lat' dir='ltr'><strong>autem,</strong></span> <span class='ocrx_word' id='word_1_900' title='bbox 3262 5465 3480 5512; x_wconf 83' lang='lat' dir='ltr'><strong>ac-vet.</strong></span> <span class='ocrx_word' id='word_1_901' title='bbox 3514 5456 3650 5512; x_wconf 87' lang='lat' dir='ltr'><strong>edit.</strong></span> <span class='ocrx_word' id='word_1_902' title='bbox 3704 5455 3827 5515; x_wconf 85' lang='lat' dir='ltr'><strong>dic-</strong></span> 
     </span>
    </p>
   </div>
   <div class='ocr_carea' id='block_1_115' title="bbox 2234 5528 3832 5600">
    <p class='ocr_par' dir='ltr' id='par_1_115' title="bbox 2234 5528 3832 5600">
     <span class='ocr_line' id='line_1_115' title="bbox 2234 5528 3832 5600; baseline 0.003 -20"><span class='ocrx_word' id='word_1_903' title='bbox 2234 5528 2457 5591; x_wconf 89' lang='lat' dir='ltr'><strong>tionem,</strong></span> <span class='ocrx_word' id='word_1_904' title='bbox 2489 5530 2627 5595; x_wconf 72' lang='lat' dir='ltr'><strong>eitaz,</strong></span> <span class='ocrx_word' id='word_1_905' title='bbox 2658 5529 3122 5598; x_wconf 63' lang='lat' dir='ltr'><strong>praetermittunt;</strong></span> <span class='ocrx_word' id='word_1_906' title='bbox 3166 5528 3311 5600; x_wconf 86' lang='lat' dir='ltr'><strong>quod</strong></span> <span class='ocrx_word' id='word_1_907' title='bbox 3339 5529 3385 5583; x_wconf 90' lang='lat' dir='ltr'><strong>si</strong></span> <span class='ocrx_word' id='word_1_908' title='bbox 3419 5529 3626 5598; x_wconf 81' lang='lat' dir='ltr'><strong>placeat</strong></span> <span class='ocrx_word' id='word_1_909' title='bbox 3660 5568 3675 5591; x_wconf 81' lang='lat'><strong>,</strong></span> <span class='ocrx_word' id='word_1_910' title='bbox 3737 5543 3832 5584; x_wconf 82' lang='lat' dir='ltr'><strong>re-</strong></span> 
     </span>
    </p>
   </div>
   <div class='ocr_carea' id='block_1_116' title="bbox 2230 5599 3824 5669">
    <p class='ocr_par' dir='ltr' id='par_1_116' title="bbox 2230 5599 3824 5669">
     <span class='ocr_line' id='line_1_116' title="bbox 2230 5599 3824 5669; baseline -0.001 -16"><span class='ocrx_word' id='word_1_911' title='bbox 2230 5599 2509 5656; x_wconf 79' lang='lat' dir='ltr'><strong>ferendum</strong></span> <span class='ocrx_word' id='word_1_912' title='bbox 2556 5602 2663 5656; x_wconf 83' lang='lat' dir='ltr'><strong>erit</strong></span> <span class='ocrx_word' id='word_1_913' title='bbox 2696 5602 3005 5665; x_wconf 76' lang='lat' dir='ltr'><strong>relativum,</strong></span> <span class='ocrx_word' id='word_1_914' title='bbox 3059 5599 3230 5669; x_wconf 82' lang='lat' dir='ltr'><strong>istius,</strong></span> <span class='ocrx_word' id='word_1_915' title='bbox 3279 5601 3346 5655; x_wconf 86' lang='lat' dir='ltr'><strong>ad</strong></span> <span class='ocrx_word' id='word_1_916' title='bbox 3400 5615 3589 5656; x_wconf 76' lang='lat' dir='ltr'><strong>vocem</strong></span> <span class='ocrx_word' id='word_1_917' title='bbox 3620 5601 3824 5664; x_wconf 62' lang='lat' dir='ltr'><strong>seaculi,</strong></span> 
     </span>
    </p>
   </div>
   <div class='ocr_carea' id='block_1_117' title="bbox 2230 5671 3827 5742">
    <p class='ocr_par' dir='ltr' id='par_1_117' title="bbox 2230 5671 3827 5742">
     <span class='ocr_line' id='line_1_117' title="bbox 2230 5671 3827 5742; baseline 0.003 -17"><span class='ocrx_word' id='word_1_918' title='bbox 2230 5673 2381 5741; x_wconf 80' lang='lat' dir='ltr'><strong>prius</strong></span> <span class='ocrx_word' id='word_1_919' title='bbox 2435 5671 2684 5738; x_wconf 85' lang='lat' dir='ltr'><strong>positam.</strong></span> <span class='ocrx_word' id='word_1_920' title='bbox 2729 5672 2835 5729; x_wconf 86' lang='lat' dir='ltr'><strong>Sed</strong></span> <span class='ocrx_word' id='word_1_921' title='bbox 2879 5671 3038 5729; x_wconf 79' lang='lat' dir='ltr'><strong>Rom.</strong></span> <span class='ocrx_word' id='word_1_922' title='bbox 3093 5673 3224 5727; x_wconf 87' lang='lat' dir='ltr'><strong>edit.</strong></span> <span class='ocrx_word' id='word_1_923' title='bbox 3259 5675 3483 5742; x_wconf 62' lang='lat' dir='ltr'><strong>promi&quot;</strong></span> <span class='ocrx_word' id='word_1_924' title='bbox 3514 5682 3691 5727; x_wconf 87' lang='lat' dir='ltr'><strong>marte</strong></span> <span class='ocrx_word' id='word_1_925' title='bbox 3743 5674 3827 5729; x_wconf 88' lang='lat' dir='ltr'><strong>sic</strong></span> 
     </span>
    </p>
   </div>
   <div class='ocr_carea' id='block_1_118' title="bbox 2227 5744 3833 5816">
    <p class='ocr_par' dir='ltr' id='par_1_118' title="bbox 2227 5744 3833 5816">
     <span class='ocr_line' id='line_1_118' title="bbox 2227 5744 3833 5816; baseline -0.001 -18"><span class='ocrx_word' id='word_1_926' title='bbox 2227 5744 2534 5799; x_wconf 82' lang='lat' dir='ltr'><strong>ettteudavit</strong></span> <span class='ocrx_word' id='word_1_927' title='bbox 2564 5762 2576 5799; x_wconf 90' lang='lat'><strong>:</strong></span> <span class='ocrx_word' id='word_1_928' title='bbox 2601 5760 2753 5816; x_wconf 77' lang='lat' dir='ltr'><strong>graue</strong></span> <span class='ocrx_word' id='word_1_929' title='bbox 2776 5754 2851 5798; x_wconf 84' lang='lat' dir='ltr'><strong>est</strong></span> <span class='ocrx_word' id='word_1_930' title='bbox 2880 5747 3006 5803; x_wconf 79' lang='lat' dir='ltr'><strong>satis</strong></span> <span class='ocrx_word' id='word_1_931' title='bbox 3033 5745 3284 5816; x_wconf 71' lang='lat' dir='ltr'><strong>lougwtts,</strong></span> <span class='ocrx_word' id='word_1_932' title='bbox 3308 5759 3497 5798; x_wconf 79' lang='lat' dir='ltr'><strong>cursus</strong></span> <span class='ocrx_word' id='word_1_933' title='bbox 3521 5744 3672 5801; x_wconf 82' lang='lat' dir='ltr'><strong>istius</strong></span> <span class='ocrx_word' id='word_1_934' title='bbox 3708 5744 3833 5798; x_wconf 75' lang='lat' dir='ltr'><strong>diu-</strong></span> 
     </span>
    </p>
   </div>
   <div class='ocr_carea' id='block_1_119' title="bbox 2227 5823 2599 5885">
    <p class='ocr_par' dir='ltr' id='par_1_119' title="bbox 2227 5823 2599 5885">
     <span class='ocr_line' id='line_1_119' title="bbox 2227 5823 2599 5885; baseline 0.005 -17"><span class='ocrx_word' id='word_1_935' title='bbox 2227 5823 2461 5885; x_wconf 80' lang='lat' dir='ltr'><strong>turnam,</strong></span> <span class='ocrx_word' id='word_1_936' title='bbox 2493 5825 2599 5872; x_wconf 85' lang='lat' dir='ltr'><strong>etc.</strong></span> 
     </span>
    </p>
   </div>
  </div>
