3982 6498
23 334 236 403 ιδιῒ

1228 334 1296 398 ΙΝ
1336 342 1666 407 ΡεΑιιιυιι
1703 342 1920 407 CXVIII
1958 334 2346 401 EXPOSlTlO.

3278 352 3418 412 1518

26 456 252 517 enim
325 471 521 535 panem
576 454 855 531 gustavit,
913 452 1007 527 qui
1052 453 1122 515 de
1180 455 1325 551 ccelo
1381 457 1713 551 descendit:
1743 455 2229 551 Alinguamluam
2259 456 2531 529 obsepias.
2561 457 2669 516 Sed
2699 460 2842 532 quod
2870 461 3148 533 pejusest,
3179 465 3419 524 circum-

31 549 320 611 bonum
377 566 595 625 panem,
644 564 804 622 quem
837 548 884 606 si
919 548 1046 621 quis
1089 548 1502 609 manducaverit
1529 589 1545 619 ,
1605 568 1713 609 non

34 649 380 707 anurietur
431 648 483 704 in
535 656 819 705 aeternum.
880 644 1053 702 Habet
1095 644 1321 705 verbum
1380 644 1479 701 Dei
1525 645 1715 716 epulas

38 754 227 795 suas
271 741 452 798 :alias
479 739 754 807 fortiores,
804 748 862 796 ut
900 748 983 797 est
1009 738 1159 806 Lex,
1204 747 1262 799 et
1304 739 1705 811 Evangelium;

41 833 237 892 alias
271 835 644 903 suaviores,ut
661 843 791 892 sunt
818 834 1010 907 psalmi
1032 843 1091 891 et
1107 832 1328 893 Cantica
1349 837 1709 893 canticorum.

48 926 413 989 Eructabat
436 930 696 1002 hymnum
721 929 996 998 Ecclesia,
1013 928 1103 985 vel
1121 928 1301 986 anima
1318 929 1426 1000 pia,
1452 930 1538 987 cui
1562 929 1715 987 dice-

45 1019 177 1075 bat
212 1021 377 1083 Deus
422 1021 705 1083 Verbum:
740 1021 963 1078 lusimus
1008 1021 1137 1077 milii
1179 1037 1352 1076 vocem
1380 1031 1525 1076 luam
1545 1038 1563 1088 ;
1593 1022 1717 1093 quia

46 1098 185 1173 uox
226 1128 328 1175 tua
353 1118 529 1175 suauia
550 1128 624 1175 eat
654 1116 830 1190 (Cant.
862 1133 924 1183 ιι,
952 1114 1069 1187 li).
1097 1115 1391 1173 Eructabat
1419 1115 1679 1187 hymnum
1697 1156 1715 1182 ,

50 1211 175 1266 cui
252 1212 478 1273 dicebat
506 1227 523 1267 :
557 1209 763 1266 Fanum
811 1210 1068 1266 distillant
1098 1210 1239 1267 labia
1266 1220 1374 1276 tua,
1418 1228 1450 1265 o
1473 1227 1667 1283 sponse
1696 1227 1717 1268 :

55 1306 197 1361 mel
224 1314 283 1361 et
309 1305 391 1361 lac
416 1306 510 1367 sub
541 1306 724 1381 lingua
747 1316 835 1363 tua
857 1303 1031 1375 (Cant.
1058 1321 1130 1373 Iv,
1163 1304 1278 1376 11).

161 1398 279 1459 18.
305 1398 420 1461 Sed
445 1415 557 1461 non
583 1408 764 1477 potest
790 1396 912 1471 quis
956 1407 1085 1456 ante
1130 1405 1385 1457 eructare
1416 1398 1676 1471 hymnum
1696 1442 1712 1468 ,

64 1492 213 1549 nisi
246 1490 504 1549 didicerit
521 1491 758 1562 justitias
791 1490 910 1557 Dei,
930 1498 987 1546 et
1011 1489 1262 1553 didicerit
1282 1491 1351 1547 ab
1381 1492 1502 1561 ipso
1528 1492 1716 1548 Domi—

68 1601 165 1641 no
206 1585 335 1644 Deo
354 1601 478 1645 suo.
502 1585 628 1645 Ideo
643 1583 953 1661 specialiter
976 1584 1081 1643 hoc
1110 1583 1279 1643 David
1317 1585 1470 1655 petit,
1502 1592 1562 1645 ut
1589 1599 1715 1643 eum

72 1680 316 1741 doceat
346 1681 522 1747 Deus;
548 1679 795 1741 audierat
819 1678 966 1735 enim
986 1686 1045 1739 et
1066 1690 1399 1751 cognoverat
1417 1682 1471 1741 in
1496 1681 1715 1752 spiritu,

80 1770 259 1838 Quia
292 1789 427 1831 unus
456 1774 696 1847 magister
721 1780 795 1829 est
824 1770 1049 1841 (Matth.
1094 1787 1246 1838 mu,
1298 1773 1429 1844 10);
1483 1783 1540 1830 et
1593 1773 1721 1830 ideo

79 1868 323 1939 ubique
375 1868 548 1943 ipsum
581 1866 683 1925 sibi
720 1865 1001 1923 doctorem
1034 1864 1149 1921 fieri
1176 1866 1519 1936 postulabat;
1559 1876 1618 1924 ut
1646 1868 1719 1923 ab
1748 1890 1797 1954 B-

72 1961 225 2031 ipso
252 1960 492 2017 disceret
507 1957 931 2032 iustificationes
954 1957 1095 2029 ejus.
1125 1956 1411 2026 Quomodo
1422 1958 1567 2017 enim
1591 1974 1721 2015 eam

78 2060 222 2106 tare
250 2060 435 2122 potest
463 2052 584 2122 quis
613 2050 667 2106 in
690 2058 835 2107 metu
867 2051 1101 2123 positus,
1119 2060 1173 2106 et
1190 2050 1389 2107 timore
1412 2052 1721 2120 ptenarum?

75 2143 406 2217 Quomodo
428 2153 652 2201 cantare
676 2152 855 2215 potest
883 2143 1130 2215 gravium
1153 2143 1526 2202 sibiconscius
1552 2144 1724 2203 delic-

79 2247 321 2307 torum,
341 2240 445 2294 nisi
479 2238 625 2308 prius
654 2239 748 2292 liat
770 2236 943 2293 veniae
971 2251 1195 2292 securus
1219 2236 1243 2293 ἲ
1276 2237 1521 2306 Denique
1547 2236 1602 2293 in
1627 2254 1725 2309 po—

77 2331 439 2387 sterioribus
472 2330 671 2386 habes:
696 2328 968 2396 Quomodo
998 2330 1316 2386 cantabimus
1339 2332 1593 2387 canticum
1612 2329 1727 2387 Do-

78 2424 236 2478 mini
263 2425 319 2477 in
348 2433 483 2478 terra
512 2424 684 2478 aliena
719 2420 892 2496 (Psal.
926 2436 1146 2489 cxxxvr,
1182 2422 1264 2496 4),
1294 2422 1346 2479 in
1381 2439 1488 2495 qua
1539 2427 1720 2494 impu-

79 2527 334 2591 gnetur,
368 2520 550 2588 inqua
588 2520 892 2587 captivetur
947 2522 1000 2577 in
1055 2520 1179 2591 lege
1222 2522 1449 2593 peccati,
1507 2520 1561 2576 in
1617 2534 1725 2591 qua

84 2614 320 2671 deﬂeat
370 2625 533 2688 atque
570 2616 826 2687 deploret
869 2632 982 2674 suae
1006 2615 1341 2689 captivitatis
1380 2617 1723 2673 :erumuam'i

174 2708 279 2764 19.
316 2709 384 2764 Et
414 2718 471 2765 tu
496 2724 627 2783 ergo
650 2710 750 2768 ede
777 2709 1175 2781 scripturarum
1212 2707 1542 2775 cmlestium,
1570 2707 1729 2765 cibos

86 2811 154 2858 et
186 2802 306 2859 cdc
338 2812 396 2858 ut
425 2814 779 2877 permaneant
809 2804 909 2861 tibi
939 2804 993 2859 in
1021 2805 1188 2859 vitam
1227 2812 1513 2867 aeternam,
1542 2811 1598 2857 et
1624 2802 1727 2859 ede

96 2896 396 2973 quotidie,
430 2907 490 2953 ut
545 2913 653 2954 non
697 2898 929 2965 esurias,
962 2898 1064 2954 ede
1091 2908 1150 2954 ut
1187 2898 1478 2968 replearis,
1512 2896 1617 2953 ede
1668 2905 1729 2952 ut

93 2989 421 3046 vet-borum
470 2989 773 3049 etelestium
826 3001 1047 3049 cructes
1110 2991 1381 3062 saginam.
1442 2988 1729 3060 Spiritales

95 3085 301 3156 epulae
350 3100 457 3143 non
507 3086 703 3143 obesse
752 3087 955 3151 solent,
1007 3086 1105 3144 sed
1170 3086 1430 3156 prodesse
1480 3082 1725 3151 satiatis;

95 3179 353 3255 ideoque
379 3179 817 3250 replerivolebat
847 3180 1122 3251 Propheta
1153 3180 1247 3251 qui
1277 3180 1413 3237 dicit
1439 3196 1453 3233 :
1490 3177 1723 3250 Περιβα-

1828 550 1954 608 data
1985 561 2069 609 est
2090 553 2271 624 lingua
2296 562 2387 609 tua
2412 552 2604 623 Spiuis,
2634 570 2756 624 qum
2785 567 3190 630 compungunt,
3212 570 3268 617 et
3296 562 3418 618 vul-

1818 651 2013 699 nerant
2042 644 2356 714 loquentem
2381 661 2500 716 quae
2531 647 2719 703 mundi
2739 658 2885 707 sunt.
2915 649 3044 705 Ideo
3070 651 3417 711 adversarius

1816 735 1979 792 etiam
2007 737 2288 794 orantibus
2309 738 2623 809 frequenter
2646 743 2941 798 saeculares
2960 743 3191 804 oﬂundlt
3211 748 3421 819 cogita-

1819 828 2015 886 tiones.
2052 830 2109 886 Si
2140 846 2249 887 non
2269 846 2400 901 ergo
2423 832 2688 890 debemus
2715 835 2906 891 audire
2936 836 3140 905 aliena,
3187 840 3271 895 vel
3325 856 3419 895 su-

1819 924 2059 992 perﬂua;
2088 937 2294 994 quanto
2338 926 2509 995 magis
2550 941 2655 981 non
2687 927 2948 984 debemus
2987 930 3205 1002 obloqui
3242 932 3256 985 l
3287 946 3413 988 eum

1817 1012 1962 1071 dicat
1988 1013 2281 1086 unicuique
2307 1026 2559 1073 nostrum
2594 1019 2873 1090 Scriptura
2920 1023 3289 1080 venerabilis:
3320 1025 3422 1080 Ar-

1818 1117 2027 1181 gentum
2054 1118 2100 1164 et
2115 1125 2304 1165 aurum
2332 1119 2477 1164 luunt
2498 1110 2662 1182 alliga
2686 1126 2704 1167 :
2736 1124 2787 1167 et
2811 1115 2890 1169 ori
2930 1124 3018 1170 tuo
3056 1119 3138 1188 [ac
3153 1121 3347 1191 jugum
3371 1128 3422 1175 et

1819 1201 2025 1271 pondus
2069 1201 2261 1272 (lbid.,
2314 1203 2433 1275 29).
2461 1202 2489 1245 ὶι
2516 1204 2694 1276 Alliga
2721 1222 2940 1264 sensum
2974 1220 3121 1267 tuum
3152 1213 3258 1267 tida
3288 1213 3425 1270 taei.

1819 1296 2077 1351 turnitate
2094 1295 2282 1366 :alliga
2306 1310 2590 1355 sermones
2604 1308 2746 1365 tuos,
2761 1302 2979 1373 impone
2990 1304 3180 1376 jugum
3195 1308 3278 1361 ori
3294 1317 3419 1373 tuo;

1819 1403 1889 1445 ne
1909 1388 2170 1447 indomita
2197 1392 2414 1451 cervice
2435 1394 2727 1451 verborum
2753 1410 2813 1452 se
2826 1396 3016 1468 jactet.
3043 1399 3268 1472 Impune
3283 1419 3424 1474 pun-

1818 1485 1945 1550 dus,
1963 1492 2023 1541 ut
2039 1494 2198 1541 cauto
2221 1487 2403 1545 omnia
2426 1504 2548 1559 quae
2574 1490 2848 1561 loquimur
2865 1494 3195 1552 trutinemus
3217 1500 3429 1553 exami-

1818 1590 1909 1632 ne.
1933 1575 2141 1645 Quibus
2173 1587 2356 1636 tamen
2383 1580 2561 1650 spinis
2592 1589 2653 1638 ut
2687 1584 2868 1655 sapias
2895 1601 3059 1643 aures
3101 1600 3221 1643 tuas
3240 1590 3429 1661 Scrip-

1819 1678 1936 1727 tura
1966 1671 2063 1729 tibi
2082 1671 2213 1731 dicit
2243 1674 2391 1740 ;uisi
2412 1677 2657 1732 contrito
2678 1678 2867 1745 corde,
2900 1688 2956 1734 et
2977 1680 3173 1738 timore
3193 1682 3431 1751 iudicii!

1820 1762 2125 1823 Salabriter
2172 1767 2275 1823 ista
2332 1778 2707 1839 compungunt
2749 1791 2762 1824 :
2801 1772 3090 1828 stimulant
3144 1775 3268 1843 ista,
3317 1789 3427 1831 non

1822 1860 2152 1929 vulnerant;
2187 1863 2315 1921 licet
2341 1873 2397 1922 et
2427 1866 2651 1922 vulnera
2672 1867 2825 1923 utilia
2839 1868 2947 1923 sint
2967 1869 3155 1926 amici.

1894 1955 1989 2012 21.
2026 1955 2239 2024 Omnia,
2274 1958 2475 2029 inquit,
2506 1960 2754 2015 uaandata
2798 1960 2895 2015 Dei
2909 1963 3122 2033 justiria
3146 1974 3221 2018 ut
3245 1981 3267 2032 ;
3296 1966 3428 2037 quia

1823 2057 1950 2103 sunt
1976 2048 2232 2105 mandata
2255 2048 2509 2120 justitim,
2539 2059 2595 2106 et
2616 2050 2741 2108 ideo
2769 2050 2891 2108 sine
2915 2054 3125 2123 justitia
3155 2071 3278 2112 esse
3314 2069 3431 2113 non

1824 2151 2076 2210 possunt.
2110 2142 2420 2201 Mandatum
2443 2144 2539 2200 Dei
2565 2155 2682 2213 est,
2728 2154 2792 2201 ιιι
2822 2146 3021 2218 diligas
3051 2149 3221 2204 Deum
3274 2162 3427 2207 tuum

1827 2233 2006 2306 (Deut.
2042 2252 2116 2303 vr,
2148 2236 2229 2308 5).
2263 2237 2419 2295 Unde
2460 2239 2536 2293 ait
2566 2238 2769 2294 Paulus
2799 2257 2813 2293 :
2864 2239 2967 2307 Qui
3021 2241 3197 2316 diligit
3246 2246 3432 2316 proci-

1825 2344 1972 2385 mum
1988 2346 2165 2399 suum,
2197 2333 2358 2406 legent
2383 2332 2659 2406 impleuit;
2687 2334 2939 2404 scriptum
2982 2345 3060 2390 est
3093 2338 3272 2393 enim:
3302 2337 3435 2395 Non

1825 2421 2164 2491 adulterabis,
2188 2440 2291 2480 non
2319 2425 2543 2491 occides,
2569 2442 2676 2481 non
2703 2426 2983 2497 ferebaris,
3019 2444 3124 2482 non
3162 2430 3437 2500 concupis-

1826 2531 1930 2583 ces,
1955 2515 2066 2570 etsi
2089 2518 2229 2587 quod
2247 2527 2322 2574 est
2347 2518 2493 2575 al‘utd
2518 2519 2842 2586 inlaudatum,
2867 2520 2923 2574 in
2950 2520 3048 2575 hoc
3059 2521 3210 2575 verba
3231 2531 3435 2576 instau-

1828 2617 1980 2664 ratur
2006 2608 2189 2678 (Rom.
2213 2626 2331 2679 aut,
2353 2611 2388 2668 8
2415 2621 2461 2666 et
2489 2610 2570 2683 9).
2597 2612 2657 2667 Si
2678 2615 2733 2666 in
2758 2612 2874 2682 ipso
2896 2613 3071 2668 verbo
3091 2613 3439 2671 instauratur

1828 2717 1993 2759 omne
2015 2703 2363 2772 mandatum,
2382 2706 2527 2775 quod
2549 2707 2775 2762 verbum
2785 2704 2996 2777 justitia
3015 2715 3102 2762 est
3117 2707 3268 2778 (quid
3281 2708 3430 2765 attint

1833 2812 1943 2855 tam
1966 2800 2196 2870 justum,
2239 2816 2403 2871 quam
2424 2812 2482 2856 ut
2508 2801 2701 2872 diligas
2726 2801 2899 2856 Deum
2939 2809 3112 2868 tuum,
3153 2813 3210 2857 et
3238 2802 3437 2875 diligas

1828 2893 2054 2952 fratrem
2083 2893 2787 2966 tuum),utiqueomniaDei
2814 2893 3068 2949 mandata
3092 2894 3302 2965 justitia
3323 2906 3431 2951 est.

1828 2987 1983 3044 Sicut
1999 2989 2145 3045 enim
2177 2999 2201 3029 ο
2232 2990 2327 3060 qui
2350 2989 2605 3045 occidere
2625 2998 2806 3061 potest
2834 2988 3081 3056 fratrem,
3107 2990 3299 3061 utique
3321 3006 3434 3049 non

1829 3081 2041 3152 diligit;
2067 3084 2161 3153 qui
2182 3082 2459 3139 adulterat
2477 3082 2664 3139 fratris
2685 3098 2937 3149 uxorem,
2976 3084 3165 3156 utique
3195 3100 3310 3141 non
3345 3086 3435 3142 di-

1826 3166 1948 3246 ligit
1974 3175 2195 3232 fratrem
2222 3192 2237 3243 ;
2264 3178 2355 3248 qui
2382 3176 2616 3246 furatur,
2657 3177 2750 3249 qui
2777 3179 3115 3248 concupiscit
3143 3180 3385 3236 alienum
3414 3221 3430 3245 .

100 3283 194 3327 tur
223 3290 290 3327 os
342 3289 513 3328 meum
560 3272 747 3343 laude;
776 3285 831 3329 ιιι
879 3282 1081 3331 cantent
1112 3274 1333 3348 gloriam
1360 3287 1505 3330 tuam
1544 3273 1721 3343 (Prol.
1752 3291 1797 3354 ε
1830 3269 2015 3340 utique
2041 3284 2151 3328 non
2174 3268 2354 3341 diligit
2382 3287 2505 3328 eum
2528 3286 2689 3342 quem
2721 3270 2983 3329 fraudare
3005 3272 3325 3330 desiderat:
3356 3276 3430 3331 ita

99 3382 348 3432 Lxxviu,
372 3364 448 3438 8).
476 3366 580 3439 Qui
601 3376 786 3427 cantat
810 3367 905 3425 Dei
925 3366 1183 3439 gloriam,
1211 3367 1470 3440 hymnum
1496 3366 1729 3423 Domino

103 3476 209 3515 cur
244 3462 366 3531 ejus
385 3467 618 3517 eructat.
1467 3505 1471 3509 .

181 3554 284 3611 20.
320 3554 507 3627 (Vera.
542 3555 699 3629 172.)
722 3556 979 3628 Sequitur
1005 3572 1196 3614 versus
1218 3567 1444 3629 quartus
1467 3574 1487 3614 :
1519 3556 1728 3628 Loque-

111 3658 204 3702 tur
227 3649 412 3723 lingua
430 3666 543 3705 mea
566 3650 771 3705 verbum
793 3660 937 3705 tuum
968 3667 988 3718 ;
1026 3653 1274 3723 quoniam
1307 3651 1480 3706 omnia
1505 3651 1727 3707 manda-

113 3750 173 3797 ta
201 3754 293 3796 tua
306 3743 516 3820 ⁸ᾔιιιιιὶιξιι
537 3752 630 3798 est.
663 3742 767 3811 Qui
793 3743 1045 3800 didicerit
1065 3744 1308 3813 jttStitias
1338 3744 1453 3810 Dei,
1488 3744 1727 3815 loquitur

115 3835 362 3895 verbum
391 3838 522 3904 Dei;
548 3847 605 3897 et.
650 3839 745 3915 qui
786 3838 1010 3895 verbum
1043 3840 1139 3896 Dei
1170 3840 1445 3911 loquitur,
1490 3838 1725 3895 otiosum

115 3929 353 3984 verbum
390 3944 495 3984 non
534 3929 788 4001 loquitur.
810 3929 1061 3987 Otiosum
1091 3930 1316 3986 verbum
1353 3938 1467 3996 est,
1502 3929 1733 4000 loquio-

121 4039 257 4096 pera
292 4023 594 4089 hominum.
619 4023 746 4081 Ideo
768 4024 1001 4081 Sanctus
1019 4024 1150 4083 dicit
1181 4024 1357 4101 (Psal.
1386 4042 1503 4092 xvi,
1530 4023 1591 4095 4)
1613 4024 1731 4080 dari

123 4120 233 4176 sibi
263 4136 292 4174 a
321 4120 549 4177 Domino
561 4125 811 4193 gratiam.
843 4134 901 4179 ut
923 4138 1032 4188 non
1062 4124 1314 4194 loquatur
1331 4139 1395 4180 os
1422 4138 1579 4179 suntm
1600 4138 1733 4193 ope-

126 4229 188 4268 ra
218 4213 537 4279 hominum;
586 4216 712 4286 quia
755 4217 993 4271 otiosum
1023 4215 1249 4271 verbum
1275 4226 1358 4271 est
1391 4233 1405 4269 :
1431 4230 1532 4270 nec
1558 4216 1731 4271 solum

128 4307 395 4373 otiosum,
424 4306 522 4367 sed
564 4309 731 4367 etiam
775 4309 1164 4379 periculosum,
1191 4325 1293 4380 pro
1323 4325 1433 4380 quo
1462 4309 1733 4363 rationem

128 4417 321 4458 sumus
351 4400 639 4459 reddituri.
660 4403 835 4458 (hunc
862 4404 1010 4463 enim
1030 4405 1255 4460 verbum
1276 4403 1514 4459 otiosum
1560 4403 1735 4473 quod-

126 4509 363 4567 cumque
395 4494 565 4551 locuti
595 4494 882 4562 fuerimus,
910 4496 1201 4554 reddemus
1231 4512 1417 4567 proco
1462 4496 1733 4552 rationem

130 4587 348 4659 (Matth.
382 4603 479 4655 xu,
504 4589 622 4659 56).
645 4587 763 4644 Non
806 4589 950 4645 enim
975 4589 1257 4647 mediocre
1283 4589 1589 4661 periculum
1618 4599 1728 4657 est,

1829 3361 1922 3433 qui
1947 3363 2185 3433 superbe
2210 3364 2447 3435 despicit
2473 3367 2722 3431 fratrem,
2752 3366 2847 3437 qui
2873 3381 2996 3421 eam
3013 3366 3437 3426 deformareco-

1828 3464 2008 3524 natur,
2034 3459 2127 3528 qui
2151 3459 2395 3529 pascitur
2419 3461 2539 3531 ejus
2567 3459 2801 3531 injuriis,
2823 3474 2855 3513 a
2882 3460 3164 3517 cmonio
3187 3461 3434 3521 charita-

1828 3555 1902 3612 tis
1918 3555 2133 3612 alienus
2159 3564 2266 3611 est.

1897 3647 2203 3722 21(Vers.
2246 3648 2405 3721 175.)
2447 3650 2708 3721 Sequitur
2754 3664 2951 3708 versus
2996 3653 3264 3724 quintus:
3295 3652 3425 3709 Fiat

1828 3758 2014 3798 manus
2043 3751 2134 3798 tua
2155 3742 2357 3798 saltatu
2383 3744 2556 3811 faccre
2582 3760 2701 3812 me;
2747 3746 2993 3816 quoniam
3037 3747 3291 3802 mundata
3339 3758 3433 3803 tua

1828 3837 1978 3909 elegi.
2024 3836 2335 3894 Adventum
2365 3837 2581 3894 Domini
2613 3838 2831 3895 videtur
2855 3856 3015 3898 orare
3044 3857 3058 3908 ;
3088 3842 3210 3913 quia
3240 3858 3435 3899 manus

1831 3930 1927 3986 Dei
1963 3929 2212 3986 Christus
2239 3940 2345 3987 est.
2378 3930 2562 4001 Ipsum
2609 3932 2843 4002 legimus
2870 3934 3157 3990 dexteram
3206 3935 3322 4003 Dei,
3366 3936 3436 3993 de

1830 4039 1939 4094 quo
1964 4039 2123 4093 supra
2151 4026 2226 4078 ait
2251 4041 2265 4076 :
2299 4022 2528 4078 Dextera
2550 4024 2765 4080 Domini
2796 4029 2916 4098 fecit
2940 4029 3182 4084 virtutem
3205 4044 3225 4083 :
3248 4029 3430 4084 decle-

1832 4126 1943 4169 tera
1969 4114 2182 4168 Domini
2203 4116 2449 4169 exultavit
2473 4132 2553 4170 me
2582 4115 2755 4187 (Psal.
2787 4132 2955 4185 cxvu,
2992 4121 3105 4192 16).
3137 4119 3247 4175 Cur
3300 4135 3436 4191 ergo

1833 4204 1921 4264 hic
1937 4220 2154 4263 manum
2182 4206 2357 4274 dixit;
2384 4207 2489 4262 nisi
2520 4207 2663 4264 forte
2685 4224 2792 4265 nou
2809 4211 2983 4265 solum
3004 4220 3231 4283 propter
3252 4211 3435 4268 diver-

1833 4301 2053 4356 sitatem
2081 4302 2293 4373 gratiae,
2314 4317 2478 4373 quam
2523 4303 2821 4373 scriptores
2850 4318 2961 4359 non
3014 4305 3436 4376 praetermittere

1833 4392 2012 4447 solent
2045 4434 2063 4459 ,
2094 4394 2190 4448 sed
2220 4394 2383 4450 etiam
2424 4406 2651 4466 propter
2697 4397 2987 4466 tinamdam
3035 4395 3434 4468 proprietatem

1834 4500 2093 4542 manuum
2149 4486 2357 4543 dictum
2391 4497 2476 4544 est
2506 4504 2520 4556 ;
2574 4498 2633 4543 ut
2661 4488 2733 4543 ibi
2773 4489 2995 4545 dextera
3027 4492 3278 4561 dicatur,
3341 4492 3434 4549 ubi

1833 4581 2093 4638 scribitur
2119 4583 2263 4652 quod
2290 4583 2549 4639 exultavit
2570 4594 2693 4638 eunt
2722 4585 2960 4651 virtute;
2994 4584 3085 4639 hic
3113 4586 3433 4654 manus,ubi

130 4697 253 4738 cum
290 4683 493 4744 habeas
521 4692 675 4741 tanta
696 4683 911 4753 eloquia
939 4683 1059 4756 Dei,
1096 4693 1153 4740 et
1182 4684 1275 4741 Dei
1305 4700 1473 4753 opera
1498 4701 1619 4755 qua:
1646 4683 1728 4741 fe.-
1752 4685 1809 4746 1)
1832 4676 2059 4747 intelligi
2077 4685 2349 4746 oporteat,
2385 4676 2529 4744 quod
2552 4690 2676 4730 eum
2709 4675 3015 4733 butuilitate
3045 4677 3437 4735 servavitho-

133 4775 207 4830 cit
230 4776 283 4831 in
311 4775 533 4842 Genesi,
558 4776 686 4835 (erit
716 4778 771 4835 in
796 4777 1011 4845 Exodo,
1040 4778 1166 4835 fecit
1198 4777 1410 4851 1252
1435 4778 1487 4833 in
1514 4777 1726 4835 Leviti-

133 4882 222 4933 co,
247 4867 518 4936 Numeris,
543 4869 992 4933 Deuteronomio.
1014 4869 1144 4929 Jesu
1183 4870 1355 4938 Nave,
1381 4870 1634 4926 iudicum
1667 4870 1729 4926 li-

134 4958 254 5028 bro,
281 4961 615 5033 Regnorum,
643 4975 806 5037 atque
835 4964 1027 5023 Esdrze
1051 4963 1233 5032 libris,
1255 4963 1385 5021 fecit
1404 4964 1458 5019 in
1484 4964 1731 5034 Evange-

138 5053 230 5123 lio,
263 5057 345 5112 vel
393 5057 449 5117 in
474 5058 704 5117 Actibus
729 5060 1124 5133 apostolorum.
1158 5057 1268 5113 illis
1302 5057 1685 5128 praetermissis
1707 5098 1725 5125 ,

140 5145 371 5219 loquaris
396 5167 518 5221 quae
549 5152 732 5207 smculi
764 5162 910 5218 sunt,
934 5152 1123 5209 audias
1150 5167 1272 5224 quae
1307 5150 1491 5207 saeculi
1523 5159 1669 5206 sunt.
1702 5159 1730 5188 α

149 5238 269 5312 Sepi
292 5259 442 5298 aures
476 5252 591 5298 tuas
616 5243 779 5315 spinis
808 5242 1002 5317 (Eccli.
1038 5242 1343 5315 xxvut,28)
1393 5260 1406 5295 :
1440 5240 1646 5298 utinam
1676 5251 1732 5297 ct

217 5408 245 5475 ξ
270 5401 454 5459 Plures
485 5418 643 5471 mss,
674 5402 826 5475 Sepis
846 5420 997 5459 aures
1027 5413 1141 5459 tuas
1162 5404 1344 5474 spinis.
1381 5401 1532 5458 Haud
1557 5403 1716 5458 male.

151 5470 254 5529 Alii
281 5485 453 5531 tamen
482 5489 537 5531 et
574 5470 765 5530 omnes
794 5474 954 5542 euit.,
998 5476 1144 5545 Sepi,
1185 5470 1293 5532 etc.
1338 5475 1493 5542 Quod
1539 5488 1719 5529 autem

153 5555 270 5613 post
294 5547 541 5615 verbum,
568 5548 829 5616 obsepias,
846 5557 1057 5605 cuncta:
1084 5548 1214 5602 edit.
1240 5547 1518 5617 adjiciunt,
1552 5563 1615 5601 ne
1642 5547 1721 5600 to.

154 5619 315 5684 quuris
340 5635 455 5690 qua:
499 5621 676 5674 sazcnli
703 5629 843 5686 sunt,
896 5622 1082 5674 audias
1106 5635 1221 5690 qua!
1248 5620 1424 5673 saeculi
1449 5635 1467 5685 ;
1519 5618 1638 5690 haec
1670 5617 1726 5673 in

151 5701 280 5743 mss.
307 5688 470 5763 nullis
500 5693 784 5763 reperias,
830 5703 886 5749 et
933 5699 1085 5748 certe
1119 5688 1282 5746 mera
1332 5700 1418 5746 est
1470 5688 1727 5761 repetitio

154 5761 500 5817 superiorum.

266 5832 429 5907 Edit.,
452 5834 627 5907 Αιιίφ
650 5852 856 5892 unum
870 5845 1021 5892 tuttur
1037 5835 1159 5905 ﬁde,
1176 5832 1555 5899 taciturnitate;
1573 5845 1734 5901 rues.,

159 5901 254 5968 fida
288 5901 656 5962 taciturnitate.

1833 4779 1941 4825 test
1978 4777 2035 4824 et
2058 4770 2140 4825 sic
2185 4770 2410 4840 intelligi
2457 4785 2653 4824 manus
2684 4770 2919 4838 Domini,
2965 4772 3108 4827 sicut
3148 4771 3347 4828 dicitur
3375 4774 3433 4831 in

1832 4876 1969 4916 usu:
2002 4860 2192 4931 Magna
2220 4872 2306 4916 cst
2336 4877 2529 4918 manus
2556 4862 2702 4917 illius
2729 4863 2900 4933 regis;
2930 4864 3033 4921 hoe
3060 4876 3165 4933 est,
3200 4881 3432 4938 magnus

1831 4955 2107 5012 exercitus
2140 4997 2155 5023 ,
2185 4964 2243 5011 et
2262 4956 2408 5012 illius
2437 4956 2660 5013 inferior
2686 4968 2772 5015 est
2796 4974 3018 5026 manus;
3050 4962 3291 5017 utetiam
3341 4964 3433 5022 hic

1832 5049 2203 5120 intelligamus
2230 5049 2387 5107 :Fiat
2431 5052 2809 5123 adiumentum
2857 5064 3005 5109 tuum
3036 5065 3217 5127 atque
3255 5056 3433 5113 subsi-

1833 5143 2008 5212 dium,
2033 5154 2093 5201 ut
2122 5146 2307 5203 mittas
2331 5145 2575 5218 Angelos
2600 5160 2742 5218 tuos,
2772 5164 2931 5221 opem
2981 5160 3148 5218 tuam,
3190 5150 3434 5208 subsidia

1832 5243 2093 5312 potentiae
2125 5251 2227 5299 tua:
2245 5242 2315 5298 ad
2342 5242 2682 5299 liberandum
2712 5245 2969 5316 populum
2994 5256 3167 5301 tuum.
3197 5244 3323 5301 Haac
3343 5254 3431 5302 est

1906 5416 1928 5444 ε
1961 5406 2096 5463 Cod.
2130 5406 2319 5471 Corb.,
2343 5407 2432 5476 qui
2459 5406 2688 5461 occidere
2709 5407 2819 5463 vult
2845 5407 3247 5475 [ratrenuSoru
3269 5424 3430 5476 unus,

1836 5478 1926 5545 qui
1946 5478 2176 5531 occidere
2200 5478 2323 5549 petit
2350 5476 2580 5549 fratrem.
2630 5478 2741 5534 Sed
2765 5495 2829 5536 ea
2866 5482 3093 5535 mutatio
3120 5498 3224 5534 non
3254 5484 3433 5537 altuu-

1843 5550 1912 5621 de
1939 5564 2096 5617 quam
2122 5564 2151 5603 e
2181 5554 2504 5616 scriptorum
2554 5550 2857 5621 ignorantia
2898 5554 3260 5621 promanavit.
3311 5552 3436 5609 Non

1840 5620 2088 5675 viderunt
2113 5621 2379 5688 siquidem
2405 5632 2565 5691 potest
2582 5620 2837 5686 occidere,
2854 5620 3101 5681 hicidem
3122 5640 3247 5681 esse
3265 5641 3329 5679 ac
3345 5640 3433 5680 re.

1842 5707 1970 5749 vera
1993 5693 2265 5761 occidere,
2295 5703 2353 5747 ut
2380 5693 2731 5766 Virgiliauum
2750 5696 2881 5751 illud
2910 5711 2926 5751 :

2553 5794 2752 5856 potuisti
2764 5792 2993 5857 lnquere
3000 5794 3152 5845 solam
3164 5794 3190 5843 ι

1841 5900 2068 5973 perinde
2088 5911 2176 5959 est
2199 5915 2263 5957 ac
2291 5900 2546 5972 quomodo
2566 5901 2731 5957 solam
2754 5900 3107 5970 dereliquisti?
