4156 6346
472 276 612 335 1519

1844 252 2087 313 SANC'I‘I
2125 250 2455 311 AMBROSII

3635 240 3776 296 15⁸20

474 405 671 449 manus
702 386 823 450 Dei,
845 384 914 440 de
938 397 1043 453 qua
1072 380 1335 451 scriptum
1357 382 1445 432 est
1495 392 1507 427 :
1554 372 1742 428 Nonne
1770 387 1941 426 omnes
1981 370 2076 424 mi-
2103 375 2157 436 Α
2180 368 2462 427 laudamus
2486 385 2500 422 :
2531 365 2769 436 perfecte
2794 365 2847 419 in
2872 361 3063 418 umbra
3090 358 3312 416 laudare
3334 374 3439 414 non
3466 371 3774 453 possumus.

487 486 637 540 nistri
669 481 918 548 spiritus,
964 476 1052 542 qui
1092 474 1359 527 mittuntur
1400 470 1451 522 in
1492 466 1829 520 ministerium
1873 474 2083 537 propter

484 594 593 643 eos,
645 576 731 644 qui
780 570 945 645 futuri
991 565 1200 641 1253
1232 572 1379 618 erant
1424 559 1651 615 hteredes
1690 560 1871 614 salutis
1920 557 2079 629 (Ileb.

480 692 524 741 ι,
557 671 679 739 14)?
709 669 811 738 Qui
835 681 967 737 ergo
988 665 1153 732 elegit
1176 657 1426 713 mandata
1461 656 1578 719 Dei,
1612 658 1780 709 utitur
1808 652 2085 708 conliden-

483 768 556 824 tia
587 782 601 828 ;
632 774 690 819 ut
714 777 837 817 cum
895 755 1225 813 auctoritate
1268 750 1528 823 deposcat
1581 748 1686 805 sibi
1736 746 1917 803 divina
1960 747 2083 802 sub-

485 860 644 916 sidia.

553 953 644 1008 25.
687 949 870 1020 (Vers.
895 942 1060 1015 176.)
1095 941 1355 1007 Sequitur
1387 952 1582 993 versus
1628 944 1854 991 sextus:
1887 934 2089 990 Concu-

484 1047 589 1119 pivi
618 1043 845 1099 salutare
871 1051 1015 1093 tuum
1038 1081 1052 1105 ,
1090 1035 1311 1090 Domine
1334 1049 1351 1088 :
1380 1042 1427 1087 et
1454 1033 1539 1086 (ea:
1566 1040 1653 1084 tua
1685 1029 1951 1083 meditatio
1978 1042 2088 1081 mea

487 1151 584 1196 est.
614 1140 764 1194 Alius
798 1133 1148 1205 loogrvilate
1175 1131 1301 1185 vita:
1331 1129 1486 1182 istius
1514 1126 1847 1190 delectatur,
1879 1132 1933 1178 et
1959 1138 2089 1177 con-

488 1232 719 1301 cupiscit
744 1245 915 1300 usque
945 1227 1009 1282 ad
1040 1225 1304 1293 depasitaa
1330 1221 1625 1277 senectutis
1652 1219 1813 1274 ﬁnem
1843 1215 2090 1284 Corporis

485 1328 650 1399 hujus
683 1328 847 1381 vitam
895 1322 1219 1393 producere.
1254 1317 1360 1372 Alii
1402 1317 1720 1386 franguntur
1750 1308 2090 1383 agritudiuis

484 1421 799 1477 inﬁrmitate
823 1460 838 1483 ,
869 1416 939 1470 de
967 1414 1165 1485 quibus
1192 1425 1354 1466 nemo
1382 1418 1559 1477 potest
1597 1407 1779 1462 dicere
1807 1424 1819 1458 :
1853 1404 1981 1460 Cum
2010 1405 2092 1458 iu-

486 1515 665 1585 ﬁrmor
688 1554 703 1575 ,
736 1520 857 1565 tunc
888 1520 1066 1577 patens
1097 1522 1212 1561 sum
1248 1504 1322 1575 (ll
1348 1501 1468 1558 Cor.
1497 1517 1574 1557 xu
1599 1543 1613 1566 ,
1644 1502 1712 1558 10
1734 1498 1774 1571 ).
1806 1499 2003 1554 Beatos
2030 1513 2092 1551 se

486 1617 718 1680 putant,
772 1605 817 1659 si
873 1601 1141 1657 inoﬂ'cnsa
1190 1596 1514 1653 valetudinis
1563 1593 1951 1649 commoditate
1998 1606 2092 1657 po-

491 1701 719 1764 tiantur,
752 1696 950 1767 quibus
982 1710 1087 1748 non
1130 1701 1216 1747 est
1254 1687 1539 1743 inﬁrmitas
1576 1687 1644 1740 ad
1691 1687 1945 1740 salutem.
1980 1682 2092 1738 Ho-

2184 461 2241 518 ln
2273 473 2413 517 terra
2459 460 2636 515 aliena
2667 474 2891 533 sumus;
2927 457 3160 528 denique
3191 454 3387 510 audisti
3419 454 3469 507 in
3512 450 3779 521 posterio-

2184 556 2334 611 ribus
2361 553 2606 608 dicentes
2638 569 2651 605 :
2684 549 2953 617 Quomodo
2999 548 3322 603 cantabimus
3362 545 3622 600 canticum
3671 542 3781 597 Do-

2184 647 2310 701 mini
2338 646 2393 700 in
2419 655 2552 699 terra
2575 645 2743 699 aliena
2768 641 2943 715 (Psal.
2969 657 3200 703 cxxxvr,
3230 638 3311 714 4).

2256 740 2349 797 26.
2393 741 2667 811 Adjuvant
2717 749 2897 794 autem
2950 737 3151 807 judicia
3205 735 3303 791 Dei
3350 743 3609 799 sanctos,
3659 748 3782 789 cum

2189 835 2350 890 bonis
2390 832 2645 905 operibus
2676 832 3047 888 renumeratio
3074 831 3203 886 vita:
3230 829 3511 886 confertur
3540 837 3781 884 :cternzu.

2188 926 2387 983 Beatus
2426 925 2514 996 qui
2546 924 2679 979 dicit
2708 941 2718 977 :
2753 924 2817 978 Et
2838 922 3045 994 judicia
3075 933 3163 977 tua
3192 923 3511 993 adjuvabunt
3539 938 3639 977 me.
3671 920 3787 991 Ego

2191 1020 2461 1086 inﬁrmus,
2486 1034 2588 1088 ego
2613 1026 2865 1088 peccator
2888 1018 3051 1071 timeo
3072 1016 3270 1086 judicia
3298 1016 3391 1071 Dei
3419 1027 3638 1086 propter
3659 1029 3790 1070 con-

2188 1115 2472 1175 scientiam
2505 1114 2823 1169 delictorum
2860 1131 2873 1167 :
2914 1113 3044 1167 mihi
3086 1121 3351 1168 terrorem
3382 1112 3672 1177 adferunt,
3704 1128 3791 1168 me

2193 1209 2464 1281 exagitant
2496 1225 2510 1263 :
2539 1218 2757 1264 sanctos
2782 1207 3060 1276 adjuvant.
3106 1206 3212 1263 Sed
3250 1204 3461 1279 1254
3491 1215 3669 1262 tamen
3705 1205 3793 1277 ju-

2194 1306 2396 1358 vabunt
2412 1304 2572 1358 etiam
2594 1312 2951 1373 peccatorem,
2980 1301 3107 1356 licet
3123 1301 3339 1355 diverso
3358 1300 3540 1356 modo.
3564 1302 3792 1357 Sanctus

2194 1398 2572 1467 adjuvabitur,
2612 1397 2741 1453 dum
2779 1396 3042 1467 probatur
3074 1413 3089 1450 :
3126 1404 3379 1466 peccator
3421 1394 3791 1465 adjuvabitur,

2196 1490 2322 1545 dum
2354 1490 2699 1558 humiliatur,
2751 1490 2879 1545 dum
2912 1490 3235 1560 castigatur;
3275 1500 3333 1544 ut
3361 1500 3581 1561 peccata
3621 1490 3798 1545 solvat

2196 1584 2428 1654 duplicia
2455 1604 2467 1639 :
2493 1585 2619 1640 dum
2644 1600 2781 1656 opus
2803 1584 2920 1656 ejus
2949 1585 3215 1652 exuritur,
3246 1593 3308 1640 ut
3333 1587 3446 1655 ipse
3473 1586 3650 1641 salvus
3680 1585 3794 1653 ﬁat,

2197 1678 2274 1732 sic
2303 1687 2478 1733 tamen
2507 1677 2660 1748 quasi
2692 1691 2787 1746 per
2814 1678 3014 1748 ignem.
3048 1676 3319 1732 Fortassis
3347 1678 3509 1732 etiam
3551 1678 3629 1732 sic
3667 1692 3801 1732 cnn—

486 1810 605 1850 rum
634 1804 853 1863 quoque
884 1804 1044 1842 nemo
1076 1792 1257 1855 potest
1285 1782 1469 1837 dicere
1511 1798 1523 1834 :
1560 1778 1841 1850 Concupivi
1866 1777 2094 1830 salutare
2123 1784 2171 1845 Β
2199 1771 2347 1825 venit
2371 1786 2565 1827 sensus
2591 1788 2603 1825 :
2629 1769 2686 1826 Si
2710 1769 2904 1863 dignus
2937 1769 3089 1825 fuero
3112 1769 3341 1840 judicio,
3377 1772 3570 1842 dignus
3603 1785 3699 1826 ero
3741 1778 3799 1826 ut

488 1897 670 1947 tuum,
707 1883 956 1944 Domine;
1000 1895 1153 1933 suam
1204 1879 1348 1932 enim
1403 1875 1573 1945 magis
1617 1873 1847 1927 salutem
1876 1912 1890 1936 ,
1929 1886 2089 1941 quam

490 1981 731 2037 salutare
767 1977 860 2033 Det
902 1982 1187 2043 qua-runt,
1233 1970 1457 2026 medicis
1504 1968 1683 2036 ponus
1718 1982 1878 2036 quam
1909 1965 2093 2034 Scrip-

490 2074 629 2128 turis
658 2068 1002 2126 obedientes.
1032 2065 1323 2121 Contraria
1369 2072 1547 2118 autent
1592 2061 1853 2117 studiosis
1895 2059 2096 2114 divinas

493 2163 821 2237 cognitionis
854 2171 1117 2229 przccepta
1151 2168 1277 2213 sunt
1315 2156 1595 2211 medicium
1646 2154 1750 2227 (De
1779 2153 1938 2210 Cons.
1970 2154 2091 2207 dist.

493 2259 557 2323 5,
589 2256 908 2327 Contrane).
954 2260 987 2307 Α
1010 2255 1219 2323 jejunio
1248 2259 1537 2313 revocant,
1567 2250 1851 2303 luenbrare
1886 2263 1993 2301 non
2024 2246 2097 2301 sic

495 2364 631 2409 nunt
658 2396 673 2417 ,
723 2353 792 2405 ab
840 2351 989 2405 omni
1033 2349 1343 2403 intensione
1383 2343 1749 2400 meditationis
1796 2341 2094 2396 abducunt.

494 2448 678 2517 itaque
710 2448 797 2517 qui
822 2459 881 2500 se
913 2441 1137 2497 medicis
1160 2441 1402 2501 dederit,
1432 2452 1489 2491 se
1515 2436 1689 2503 ipsum
1717 2435 1815 2489 sibi
1840 2434 2096 2503 abnegat.

497 2542 599 2609 Qui
629 2550 808 2595 autem
840 2538 1033 2607 qu:crit
1073 2535 1311 2588 salutare
1345 2532 1474 2593 Dei,
1509 2529 1783 2583 t.‘htistum
1820 2529 2097 2595 sequitur,

498 2636 588 2706 qui
619 2634 820 2688 dicitur
847 2640 874 2669 α
906 2631 1056 2684 salus
1087 2628 1177 2684 Ι)θὶ
1205 2645 1218 2681 :
1254 2642 1361 2681 non
1392 2638 1513 2695 quae
1534 2623 1785 2689 (νου-νοεῖς
1807 2664 1819 2683 .
1855 2621 1949 2677 sed
1981 2637 2101 2691 qua:

500 2737 703 2786 attet‘na
734 2736 859 2780 sunt
891 2738 1142 2795 tltlu‘t‘rlls
1163 2764 1177 2785 ,
1210 2736 1334 2775 cum
1368 2720 1468 2773 hoc
1501 2719 1552 2770 in
1595 2731 1829 2783 Corpore
1875 2730 2104 2770 conver-

499 2839 674 2884 setur.
708 2826 809 2894 Qui
848 2832 1026 2878 autem
1070 2821 1299 2874 salutem
1333 2818 1423 2871 Dei
1455 2818 1646 2885 quaerit
1674 2857 1686 2872 .
1719 2814 1806 2868 die
1839 2814 2021 2878 utique
2049 2819 2105 2865 et

502 2932 664 2977 nocte
706 2918 997 2972 tneditatur
1030 2916 1082 2967 in
1127 2915 1262 2981 lege.
1293 2911 1443 2980 Jugis
1478 2909 1552 2963 illi
1600 2908 1883 2962 meditatio
1914 2914 1995 2959 est
2025 2904 2107 2958 di-

502 3018 754 3070 vinnrutn
800 3010 1184 3071 decretorum,
1236 3019 1411 3072 neque
1452 3002 1630 3068 aliqua
1674 3014 1805 3055 cura
1857 2997 2106 3084 corporis

505 3110 669 3175 hujus
696 3104 993 3158 advertitur
1022 3116 1049 3153 a
1082 3098 1263 3153 studio
1291 3097 1613 3164 disciplima.

2197 1877 2366 1918 exuar
2410 1879 2438 1917 a
2485 1862 2775 1918 consortiis
2816 1863 3136 1933 impiorum;
3163 1864 3418 1935 quoniam
3464 1863 3587 1919 Non
3622 1881 3798 1920 resar.

2197 1968 2322 2029 gunt
2350 1957 2496 2028 impii
2539 1957 2877 2028 injudicium
2915 1955 3097 2027 (Psal.
3132 1973 3180 2023 t,
3217 1958 3290 2026 5).
3328 1959 3392 2013 Et
3420 1957 3686 2028 juvabunt
3714 1974 3801 2014 me

2194 2048 2430 2119 judicia;
2462 2050 2713 2120 quoniam
2743 2050 2832 2119 qui
2864 2051 3033 2105 credit
3070 2050 3123 2104 iu
3161 2050 3386 2105 Domino
3408 2092 3423 2118 ,
3458 2066 3563 2106 non
3589 2051 3802 2121 judica-

2200 2153 2307 2202 tur.
2340 2147 2591 2203 Proderit
2630 2148 2707 2202 illi
2754 2147 2918 2211 ﬁdes,
2961 2156 3015 2203 et
3043 2147 3421 2220 suffragabitur
3451 2150 3519 2205 ad
3561 2151 3801 2217 veniam,

2201 2240 2361 2293 etiam
2390 2238 2434 2293 si
2465 2254 2569 2310 qua
2603 2240 2653 2293 iu
2686 2241 2943 2309 operibus
2972 2241 3174 2295 offensa
3206 2244 3296 2297 sit.

2272 2333 2362 2387 Ξῖ.
2406 2334 2587 2405 (Vers.
2616 2334 2781 2406 176.)
2813 2335 3072 2407 Sequitur
3102 2353 3289 2392 versus
3314 2338 3538 2394 ultimus
3566 2356 3582 2395 :
3618 2338 3803 2394 Erravi

2200 2430 2333 2484 sicut
2363 2430 2470 2485 ovis
2499 2447 2615 2500 qua:
2662 2431 2922 2500 perierat:
2954 2433 3153 2501 vivi/ica
3191 2450 3393 2489 servum
3440 2443 3631 2500 tuum;
3674 2452 3804 2505 quo-

2206 2523 2343 2575 niam
2375 2523 2619 2577 mandata
2649 2533 2736 2577 tua
2779 2541 2879 2579 non
2924 2542 3039 2579 sum
3086 2526 3294 2581 oblitus.
3326 2525 3549 2584 Grarcus
3597 2528 3756 2584 habet
3786 2546 3799 2583 :

2210 2618 2395 2686 Qmere
2445 2635 2645 2673 servum
2689 2630 2832 2674 tuum
2858 2662 2874 2689 ,
2918 2621 3021 2676 hoc
3064 2630 3185 2690 est,
3219 2627 3481 2688 ζῆτησονε
3524 2631 3581 2678 et
3631 2624 3807 2694 potuit

2206 2713 2316 2767 falli
2348 2715 2612 2785 scriptor,
2646 2724 2703 2769 ut
2732 2714 2998 2771 scriberet
3028 2720 3211 2784 ζήσον,
3243 2717 3390 2788 quod
3438 2726 3521 2772 est
3565 2716 3801 2778 viviﬁca.

2208 2804 2413 2861 Sensus
2445 2806 2665 2877 quidem
2694 2818 2921 2879 uterque
2951 2817 3191 2874 constat,
3217 2809 3312 2865 sed
3344 2811 3701 2881 epporttmior
3722 2819 3809 2867 est.

2210 2897 2334 2953 huic
2369 2901 2527 2955 loco:
2566 2903 2752 2969 Qutrre
2780 2920 2979 2957 servum
3021 2913 3165 2957 tuum
3187 2921 3206 2971 ;
3234 2905 3486 2975 quoniam
3527 2907 3645 2962 ovis
3683 2922 3810 2977 qua:

2209 2994 2412 3048 erravit
2445 2994 2736 3064 quaerenda
2766 3005 2848 3051 est
2880 3012 2909 3050 a
2940 3005 3155 3067 pastore
3183 3039 3197 3063 ,
3228 3014 3296 3054 ne
3338 3007 3543 3068 pereat.
3574 2999 3701 3055 Ideo
3727 3000 3813 3055 di—

2211 3088 2322 3151 cit,
2353 3075 2556 3143 Erravi.
2583 3087 2684 3143 Dic
2722 3101 2767 3145 et
2809 3102 2865 3145 tu
2911 3092 3207 3162 iniquitates
3235 3104 3386 3160 tuas,
3416 3104 3473 3148 ut
3508 3095 3811 3165 justiﬁeeris

576 3202 665 3257 24,
710 3197 895 3267 (γει-ε.
926 3193 1085 3261 Πῖι.)
1116 3191 1374 3257 Sequitur
1403 3203 1590 3242 versus
1621 3186 1923 3257 septimus:
1962 3182 2105 3239 Vivet
2133 3187 2178 3249 (ς
2212 3177 2382 3251 (Esai.
2408 3196 2567 3247 mu,
2593 3182 2708 3253 26).
2741 3182 2894 3252 Quod
2922 3184 3128 3256 lapsum
3156 3184 3374 3254 fateris,
3399 3188 3452 3242 in
3478 3203 3544 3244 eo
3567 3188 3660 3245 tibi
3685 3203 3811 3243 cum

508 3296 683 3349 anima
710 3308 822 3344 mea
843 3331 856 3353 ,
887 3298 933 3343 et
964 3285 1201 3341 laudabit
1237 3296 1281 3338 te
1312 3298 1330 3338 :
1360 3294 1403 3338 et
1434 3280 1639 3353 judicia
1669 3290 1757 3334 tua
1792 3278 2109 3349 adjuvubnnt

510 3404 609 3443 me.
656 3385 874 3441 Futurae
905 3391 1088 3451 nttqne
1116 3381 1242 3432 vita:
1268 3418 1284 3443 ,
1325 3393 1432 3431 non
1478 3374 1757 3445 praesentis
1800 3372 1898 3426 sibi
1932 3384 2113 3425 remu-

512 3481 795 3538 neratione
843 3476 1155 3538 blanditur;
1202 3471 1317 3527 haec
1357 3472 1499 3526 enim
1549 3471 1655 3523 vita
1703 3465 1975 3539 quomodo
2005 3463 2112 3518 dici

516 3582 731 3645 potest,
760 3571 831 3626 de
860 3585 962 3639 qua
1011 3568 1275 3636 scriptum
1304 3574 1387 3620 est
1415 3582 1429 3619 :
1462 3562 1529 3618 Et
1556 3565 1607 3617 in
1638 3561 1893 3629 pulverem
1933 3560 2113 3615 mortis

517 3666 781 3723 deduxisti
823 3677 902 3720 me
932 3660 1114 3734 (Psnl.
1146 3676 1233 3715 XII
1256 3699 1271 3723 ,
1306 3658 1436 3727 '16)?
1468 3658 1638 3727 Quam
1685 3658 1837 3711 multi
1872 3655 2116 3709 viVentes

518 3762 573 3817 in
626 3758 838 3814 iltfetnu
880 3756 1039 3811 sunt!
1073 3754 1191 3824 Ipse
1236 3752 1434 3808 Paulus
1476 3766 1582 3821 ουρ
1604 3752 1732 3806 ebat
1775 3750 1842 3805 de
1888 3763 2118 3817 corpore

518 3853 709 3907 mortis
752 3850 913 3920 hujus
944 3846 1165 3903 liberari
1188 3888 1203 3911 ,
1241 3846 1332 3917 qui
1371 3860 1500 3899 vere
1528 3842 1836 3911 concupivit
1882 3841 2119 3895 salutare

522 3945 619 4001 Dei
644 3985 663 4012 ,
693 3944 882 3999 dicens
908 3959 921 3996 :
958 3940 1176 3994 Dissolvi
1200 3938 1338 3993 enim
1364 3936 1550 4005 cupio,
1578 3947 1623 3989 et
1652 3950 1767 3987 cum
1792 3932 1993 3987 Christo
2015 3947 2120 3985 esse

521 4039 686 4096 multo
718 4038 899 4091 ntelius
924 4051 943 4089 :
968 4048 1267 4106 permanere
1295 4040 1463 4085 autent
1492 4032 1547 4083 in
1573 4045 1728 4082 carne
1757 4026 1922 4097 magis
1952 4042 2122 4080 neces-

523 4136 719 4190 sarium
749 4130 971 4202 (Philip.
999 4144 1047 4194 t,
1075 4127 1168 4192 25)
1188 4169 1203 4191 ,
1238 4141 1398 4196 quam
1426 4123 1810 4177 Voluntarium.
1837 4119 2123 4188 Quomodo

524 4242 655 4297 ergo
685 4226 817 4279 Vivit
846 4223 1023 4275 anima
1052 4234 1238 4289 operta
1286 4218 1475 4272 mortis
1525 4214 1846 4269 iuvoluero:
1885 4221 1977 4267 aut
2004 4226 2124 4282 qua:

523 4333 608 4376 est
639 4319 747 4372 vita
772 4357 787 4382 ,
813 4331 932 4386 qua-
963 4315 1013 4367 in
1046 4313 1235 4366 umbra
1266 4319 1348 4365 est
1362 4309 1384 4361 ?
1411 4308 1468 4363 In
1499 4310 1720 4376 regione
1749 4304 1954 4359 umbra:
1984 4318 2126 4358 tuor-

522 4416 597 4471 tis
628 4428 855 4467 smnus:
886 4407 1200 4464 abscondita
1231 4415 1313 4459 est
1354 4404 1459 4456 vita
1503 4410 1728 4465 nostra,
1774 4413 1881 4454 nou
1916 4397 2124 4462 Lbera;

527 4518 634 4566 er.t
662 4509 807 4565 enim
831 4506 998 4560 libera
1028 4504 1079 4557 in
1109 4498 1329 4571 regione
1354 4498 1630 4561 vivorum,
1664 4494 1716 4549 iu
1740 4509 1843 4561 qua
1878 4492 2125 4546 tiduciam

2214 3272 2467 3329 omnibus
2510 3289 2798 3330 commune
2826 3277 3165 3333 cousmtium
3193 3287 3314 3345 est;
3347 3279 3469 3352 quia
3500 3295 3661 3336 nemo
3691 3280 3816 3335 sine

2217 3378 2439 3436 peccato
2467 3384 2493 3422 ει
2514 3383 2712 3438 negare
2754 3367 2890 3436 hoc,
2922 3370 3261 3441 sacrilegium
3303 3380 3424 3438 est;
3467 3374 3619 3428 solus
3665 3373 3813 3429 enim

2220 3459 2359 3515 Dens
2390 3461 2509 3516 sine
2538 3471 2762 3531 peccato
2786 3470 2889 3517 est.
2918 3462 3177 3519 Conﬁteri
3212 3466 3313 3520 hoc
3343 3466 3488 3530 Deo,
3522 3467 3817 3537 impunita-

2218 3551 2290 3607 tis
2320 3552 2619 3609 remedium
2651 3562 2753 3611 est.
2782 3553 2971 3609 Erravi
2996 3598 3011 3623 ,
3044 3556 3255 3628 inquit:
3289 3560 3385 3614 sed
3427 3561 3516 3631 qui
3567 3562 3770 3617 erravit
3798 3604 3815 3628 ,

2222 3648 2274 3702 in
2308 3648 2448 3703 viam
2494 3657 2673 3718 potest
2704 3649 2916 3719 redire,
2948 3651 2999 3705 in
3029 3652 3168 3708 viam
3217 3656 3466 3710 revocari
3517 3663 3715 3727 potest.
3748 3656 3820 3713 Et

2221 3741 2447 3810 pulchre
2475 3740 2718 3797 addidit:
2752 3742 2899 3798 Sicut
2924 3745 3032 3799 ovis
3074 3762 3189 3816 quia
3217 3748 3477 3818 perierat;
3519 3764 3626 3806 non
3670 3751 3817 3806 enim

2223 3834 2365 3905 perit
2388 3835 2481 3905 qui
2508 3837 2753 3905 agnoscit
2773 3852 3039 3892 errorem.

2296 3928 2389 3985 28.
2433 3929 2646 3997 Quwre,
2688 3931 2894 4001 inquit,
2928 3947 3128 3986 servum
3156 3942 3335 3999 tuum;
3379 3938 3624 4008 quoniam
3670 3956 3821 3993 man-

2226 4022 2348 4077 data
2373 4034 2461 4077 tua
2489 4039 2591 4077 non
2613 4040 2727 4079 sum
2771 4025 2976 4081 oblitus.
3020 4027 3153 4083 Veni
3200 4044 3363 4100 ergo,
3400 4031 3625 4088 Domine
3652 4031 3822 4087 Iesu:

2228 4133 2411 4186 quaere
2454 4133 2672 4173 servum
2722 4126 2910 4187 tuum,
2942 4136 3129 4191 quaere
3180 4122 3373 4178 lassam
3420 4139 3574 4180 ovem
3627 4135 3820 4181 tuam:

2230 4210 2377 4279 Veni,
2413 4221 2627 4281 pastor,
2665 4228 2849 4283 quaere
2871 4213 3013 4270 sicut
3035 4230 3166 4271 oves
3194 4214 3415 4286 Joseph.
3450 4218 3665 4273 Erravit
3702 4216 3827 4274 ovis

2232 4311 2319 4358 tua
2343 4344 2357 4367 ,
2389 4304 2515 4359 dum
2547 4313 2601 4360 tu
2631 4307 2866 4362 moraris
2886 4349 2900 4374 ,
2927 4308 3055 4363 dum
3086 4316 3142 4364 tu
3173 4311 3413 4365 versaris
3441 4310 3494 4366 iu
3528 4311 3823 4367 montibus.

2235 4395 2454 4453 Dimitte
2483 4399 2774 4469 nonaginta
2822 4417 3014 4457 novem
3045 4416 3174 4458 oves
3221 4412 3342 4459 tuas
3365 4446 3378 4471 ,
3410 4414 3464 4460 et
3496 4406 3618 4461 veni
3668 4421 3830 4461 unam

2233 4506 2477 4557 quaerere
2503 4508 2623 4562 qua:
2651 4492 2873 4550 erravit.
2919 4494 3050 4551 Veni
3093 4497 3211 4551 sine
3256 4497 3483 4552 canibus
3508 4539 3523 4564 ,
3552 4499 3676 4553 veni
3715 4497 3836 4553 sine

526 4601 897 4673 eotuplacendi
936 4600 1113 4669 justus
1143 4595 1412 4659 assumit;
1445 4603 1501 4647 ut
1543 4591 1755 4663 placeat
1798 4586 2026 4643 Domino
2075 4586 2126 4639 in
2156 4590 2207 4650 D
2235 4588 2391 4644 malis
2421 4591 2686 4660 operariis
2714 4634 2729 4658 ,
2762 4593 2884 4650 veni
2925 4594 3044 4650 sine
3084 4596 3424 4651 mercenaria
3447 4637 3462 4661 ,
3494 4596 3584 4667 Qui
3618 4612 3716 4667 per
3750 4596 3838 4667 ja-

529 4700 749 4769 regione
779 4698 1025 4750 viVorum
1052 4691 1227 4765 (Psal.
1252 4705 1396 4752 CXIV,
1425 4688 1505 4758 9).
1536 4686 1610 4742 Ibi
1638 4701 1773 4758 ergo
1798 4686 1931 4739 vivit
1951 4684 2127 4736 anima

531 4805 713 4849 nostra
732 4834 746 4855 ,
772 4792 860 4847 ubi
892 4787 1025 4844 nihil
1056 4785 1315 4849 mortale,
1346 4780 1480 4837 nihil
1506 4780 1779 4835 inﬁrmum
1801 4777 1996 4834 amicta
2021 4776 2128 4844 sit,

534 4890 665 4947 nihil
698 4888 939 4943 debitum
974 4898 1166 4953 poma}.

602 4984 695 5038 2’5.
740 4982 811 5038 lbi
860 4976 1098 5033 laudabit
1133 4970 1420 5027 hominum
1453 5011 1466 5034 ,
1498 4968 1589 5024 ubi
1630 4967 1877 5036 deposito
1907 4966 2135 5021 inﬁrmi-

536 5080 664 5133 tatis
694 5088 925 5142 corpore
947 5113 963 5137 ,
994 5066 1295 5124 conformis
1324 5078 1444 5119 esse
1470 5062 1703 5131 emperit
1730 5060 1912 5131 gloria!
1941 5076 2133 5129 corpo-

536 5173 612 5228 ri~
644 5168 838 5223 Christi
894 5165 1025 5221 Nam
1058 5162 1185 5215 dum
1220 5160 1271 5213 itt
1302 5168 1525 5226 peceato
1571 5172 1789 5214 smnus.
1835 5155 1991 5224 plene
2024 5154 2138 5209 lau-

537 5262 670 5318 dare
698 5262 785 5327 qui
819 5255 1139 5327 possumus?
1171 5250 1440 5305 Ρρεεαιυνὶ
1461 5249 1592 5302 enim
1625 5249 1756 5303 dixit
1789 5248 1921 5301 Deus
1945 5268 1963 5301 :
1995 5250 2138 5314 Qua-

524 5373 592 5411 re
623 5365 676 5407 tu
705 5368 916 5406 enarras
957 5349 1182 5417 iustiti/is
1214 5361 1354 5399 meas
1384 5341 1554 5413 (Psat.
1582 5358 1698 5397 sua
1721 5384 1734 5405 ,
1772 5341 1905 5414 16)?
1933 5341 1987 5396 in
2021 5358 2135 5397 nm-

536 5448 633 5501 hra
662 5458 849 5499 sumus
890 5442 975 5495 hic
1020 5438 1179 5510 positi
1206 5454 1218 5489 :
1252 5437 1303 5490 in
1334 5436 1519 5490 umbra
1552 5436 1782 5490 vivimus
1809 5452 1823 5490 :
1855 5436 1907 5489 in
1946 5437 2135 5491 umbra

614 5580 823 5635 "Rom.
849 5576 980 5633 edit.
1034 5573 1124 5629 hic
1147 5583 1200 5627 et
1248 5570 1411 5642 paulo
1458 5571 1684 5628 inferius
1706 5613 1718 5637 ,
1753 5572 1979 5626 salutare
2025 5571 2139 5627 Dei.

539 5652 681 5708 Infra
712 5666 841 5705 vero
873 5649 959 5702 ubi
1003 5657 1126 5713 post
1156 5659 1346 5699 Vocem
1368 5686 1384 5709 ,
1418 5660 1654 5711 querens
1676 5687 1691 5711 ,
1735 5656 1846 5697 ant.
1878 5644 2010 5698 edit.
2044 5645 2141 5697 ad-

537 5727 670 5779 dunt
687 5766 702 5790 ,
728 5738 844 5780 cum
865 5719 961 5774 hoc
986 5719 1043 5773 in
1065 5727 1649 5790 corporerconversetur,
1675 5715 1813 5780 quod
1834 5714 1976 5790 salus
2004 5730 2144 5785 qua}-

535 5786 699 5863 rum-,5
726 5799 828 5850 hoc
851 5801 1021 5848 totum
1045 5789 1235 5847 eadem
1270 5788 1425 5846 Rom.
1450 5797 1812 5845 resecaverat.
1844 5786 2039 5842 Verum
2060 5801 2142 5841 sa-

2238 4699 2397 4739 nuam
2427 4684 2653 4741 introire
2689 4702 2795 4742 non
2828 4691 3058 4742 noverit.
3088 4688 3224 4744 Veni
3250 4691 3368 4745 sine
3397 4689 3681 4758 adjutore,
3716 4692 3836 4747 sine

2239 4777 2430 4832 nuntio
2456 4795 2469 4830 :
2497 4779 2808 4849 jamdudum
2841 4789 2894 4837 te
2923 4792 3178 4853 exspecto
3204 4795 3511 4839 venturum.
3544 4783 3670 4840 Scio
3691 4785 3837 4839 enim

2240 4882 2563 4928 venturum:
2597 4873 2851 4942 Quoniam
2899 4877 3143 4932 mandata
3187 4888 3276 4931 tua
3320 4894 3420 4933 non
3466 4896 3580 4933 sunt
3625 4878 3836 4934 oblitus.

2240 4966 2375 5020 Veni
2408 4981 2512 5021 non
2545 4983 2666 5023 cum
2701 4969 2879 5038 virga,
2914 4969 3007 5025 sed
3040 4985 3161 5025 cum
3205 4970 3500 5037 cbaritatc,
3529 4969 3558 5009 ι)
3587 4970 3839 5042 Spiritus-

2239 5076 2344 5132 que
2375 5062 2806 5118 mansuetudine.

2312 5156 2402 5213 9.9.
2446 5156 2564 5212 Noli
2597 5157 2843 5214 dubitare
2888 5158 3197 5230 relinquere
3245 5162 3297 5216 in
3343 5162 3618 5218 montibus
3664 5176 3843 5217 nona-

2242 5248 2386 5318 ginta
2414 5265 2606 5305 novem
2634 5264 2763 5305 oves
2796 5258 2947 5315 tuas;
2978 5253 3101 5322 quia
3130 5252 3184 5308 in
3217 5254 3491 5308 montibus
3518 5254 3846 5310 cnnstitutas

2244 5341 2354 5411 lupi
2388 5358 2611 5414 rapaces
2643 5345 2923 5402 incursare
2954 5361 3063 5401 non
3110 5358 3355 5418 possunt.
3384 5348 3442 5406 In
3471 5349 3723 5421 paradiso
3752 5364 3842 5405 sec

2245 5439 2351 5492 mel
2403 5439 2590 5493 nocuit
2639 5452 2904 5510 serpens:
2941 5441 3123 5497 amisit
3168 5443 3238 5499 ibi
3288 5458 3470 5499 escam
3497 5484 3514 5511 ,
3554 5454 3842 5516 postquam

2248 5571 2315 5627 tis
2347 5572 2535 5651 fuisset
2567 5589 2873 5651 resecnsse,
2904 5578 3043 5645 quod
3067 5579 3208 5635 salus
3238 5582 3485 5651 qmeritur
3502 5598 3522 5648 ;
3555 5584 3668 5639 hinc
3698 5582 3845 5638 enim

2248 5646 2414 5701 verba
2445 5646 2494 5699 in
2530 5661 2658 5701 mss.
2689 5663 2797 5702 non
2827 5648 3193 5706 inveniuntur.

2320 5716 2347 5753 ι’
2380 5716 2535 5771 Rom.
2564 5718 2722 5787 cdit.,
2754 5722 3036 5790 spirituque
3067 5723 3493 5779 mansuetudinis.
