4156 6346
319 354 433 415 1521

314 563 441 620 terit.
484 563 562 619 Ad
606 580 694 621 me
743 568 904 635 veni,
935 585 1095 642 quem
1136 572 1386 645 luporum
1430 577 1679 650 gravium
1726 591 1889 638 vexat

310 658 556 716 incursus.
581 659 664 717 Ad
702 679 790 720 me
816 666 935 721 veni
961 707 977 732 ,
1008 682 1168 738 quem
1200 670 1434 741 eiectum
1476 672 1546 731 de
1575 674 1828 746 paradiso
1857 689 1885 717 ει

309 754 556 821 serpentis
580 753 682 811 diri
715 758 916 815 ulceris
946 775 1152 819 venena
1179 774 1529 834 pertentant;
1561 770 1687 839 quia
1709 773 1885 829 erravi

307 860 333 898 ιι
356 844 592 916 gregibus
617 848 721 904 tuis
747 848 859 905 illis
885 855 1300 922 superioribus:
1335 874 1457 914 nam
1487 868 1544 917 et
1570 876 1659 917 me
1685 862 1886 921 ibidem

306 935 652 994 collocaveras
679 981 695 1007 ,
738 941 835 998 sed
866 944 936 999 ab
962 946 1197 1003 ovilibus
1230 950 1338 1006 tuis
1382 953 1541 1025 lupus
1585 962 1885 1014 nocturnus

306 1031 504 1089 avertit.
527 1034 721 1104 Quaere
752 1055 870 1105 me;
900 1042 1023 1112 quia
1051 1058 1153 1115 ego
1185 1054 1236 1101 te
1264 1048 1502 1118 requiro.
1535 1049 1731 1119 Qumre
1760 1068 1846 1109 me
1865 1098 1881 1123 ,

304 1124 464 1181 inveni
496 1142 620 1194 me,
668 1132 885 1204 suscipe
931 1150 1056 1202 me,
1093 1148 1245 1209 porta
1294 1155 1402 1197 me.
1434 1141 1597 1199 Potes
1641 1143 1885 1204 invenire

303 1232 445 1288 quem
477 1230 529 1274 ιιι
561 1221 793 1291 requiris
827 1242 842 1280 :
873 1223 903 1264 δ
933 1226 1173 1299 dignaris
1205 1232 1514 1304 suscipere,
1545 1251 1707 1306 quem
1736 1239 1887 1295 iuve-

302 1312 471 1377 neris;
522 1313 807 1385 imponere
854 1319 1100 1378 humeris
1127 1365 1142 1389 ,
1189 1340 1349 1396 quem
1395 1329 1723 1400 susceperis.
1765 1330 1885 1389 Non

301 1405 491 1461 esttibi
524 1405 674 1478 pium
705 1425 845 1466 onus
874 1411 1136 1472 fastidio:
1168 1432 1276 1474 non
1324 1419 1417 1475 tibi
1464 1422 1620 1478 oneri
1646 1432 1732 1479 est
1761 1439 1885 1481 vec-

302 1504 408 1553 tura
426 1497 675 1570 iustitiae.
701 1502 839 1561 Veni
871 1521 1002 1578 ergo
1024 1549 1041 1577 ,
1081 1509 1344 1579 Domine;
1378 1512 1504 1585 quia
1536 1514 1640 1572 etsi
1667 1518 1846 1574 erravi
1868 1559 1882 1584 ,

302 1596 463 1647 tamen
488 1594 737 1651 mandata
763 1606 853 1653 tua
881 1616 983 1655 non
1014 1617 1131 1656 sum
1158 1602 1349 1659 oblitus
1371 1620 1392 1660 :
1421 1621 1573 1678 spem
1602 1607 1884 1666 medicina:

300 1698 524 1741 reservo.
547 1686 706 1759 Veni,
725 1689 1125 1765 Domine;quia
1150 1704 1205 1752 et
1233 1711 1389 1753 ovem
1417 1699 1702 1757 erraticam
1732 1702 1885 1759 solos

300 1791 351 1833 cs
372 1794 625 1838 revocare
647 1784 739 1856 qui
759 1786 935 1857 possis
957 1796 1044 1844 :et
1055 1804 1195 1861 quos
1216 1792 1525 1864 reliqueris,
1546 1796 1757 1870 1255
1776 1814 1882 1856 non

297 1874 732 1942 moestilicabismt
747 1878 848 1951 ipsi
863 1881 1007 1938 enim
1025 1886 1324 1954 peccatoris
1342 1888 1521 1945 reditu
1533 1891 1882 1961 gratulabun—
1912 1888 1959 1949 Β

298 1974 392 2022 tur.
409 1966 567 2038 chi,
583 1979 641 2026 ut
666 1971 832 2029 facias
855 1974 1089 2033 salutem
1115 1976 1170 2034 in
1187 1982 1369 2049 terris,
1387 1982 1438 2038 in
1450 1984 1589 2040 caelo
1601 1984 1881 2055 gaudium.

356 2064 441 2120 50.
485 2064 625 2123 Veni
653 2083 809 2139 ergo,
840 2080 896 2126 et
933 2088 1118 2144 qurere
1144 2090 1300 2133 ovem
1338 2086 1482 2135 tuam
1508 2080 1621 2151 iam
1655 2096 1762 2137 non
1788 2099 1887 2154 per

297 2160 531 2218 servulos
546 2205 563 2231 ,
589 2177 694 2220 non
720 2179 816 2235 per
836 2170 1205 2227 mercenarios
1223 2212 1239 2239 ,
1282 2172 1378 2229 scd
1399 2189 1496 2245 per
1516 2176 1883 2248 temetipsum.

297 2251 506 2327 Suscipe
537 2272 624 2313 me
652 2268 674 2298 ε
707 2256 761 2315 in
788 2276 985 2330 carne,
1012 2280 1135 2336 qua:
1164 2266 1219 2322 in
1248 2267 1419 2325 Adam
1450 2269 1599 2343 lapsa
1624 2282 1728 2330 est.
1754 2273 1886 2332 Sus-

297 2349 404 2418 cipe
428 2364 516 2406 me
551 2364 659 2406 non
700 2367 769 2408 ex
792 2352 976 2425 Sarra,
1018 2357 1113 2413 sed
1145 2374 1211 2415 ex
1242 2359 1447 2431 Maria;
1483 2372 1542 2420 ut
1570 2366 1884 2441 incorrupta

298 2444 360 2502 sit
381 2447 531 2520 virgo
548 2489 563 2516 ,
592 2448 691 2506 sed
717 2451 868 2524 virgo
892 2468 987 2524 per
1006 2456 1232 2526 gratiam
1260 2456 1329 2513 ab
1349 2461 1496 2515 omni
1524 2460 1736 2535 integra
1766 2465 1887 2523 labe

298 2542 509 2609 peccati.
546 2541 707 2599 Porta
739 2560 827 2602 me
847 2544 901 2601 in
930 2560 1123 2615 cruce,
1153 2565 1275 2621 quae
1303 2553 1557 2611 salutaris
1577 2558 1887 2617 errantibus

299 2642 371 2687 est
389 2675 406 2702 ,
431 2633 483 2689 in
515 2650 625 2707 qua
655 2637 773 2694 sola
799 2650 881 2695 est
910 2642 1130 2712 requies
1156 2641 1421 2717 fatigatis,
1457 2648 1509 2704 in
1538 2665 1643 2721 qua
1669 2653 1787 2709 sola
1811 2657 1888 2710 vi-

300 2736 413 2782 vent
439 2730 776 2803 quicumque
804 2734 1127 2793 moriuntur.

361 2823 415 2879 5i
430 2865 443 2878 .
458 2823 701 2883 Pulchre
716 2838 895 2885 autem
914 2831 1077 2887 etiam
1095 2832 1503 2904 uiviﬁca,potest
1518 2836 1645 2904 dici;
1660 2853 1727 2895 eo
1742 2842 1885 2911 quod

301 2918 421 2973 mori
440 2933 558 2975 non
581 2919 948 2993 possit,quem
974 2922 1215 2983 humeris
1234 2926 1348 2983 suis
1378 2928 1549 2987 virtus
1569 2935 1883 3002 portaverit.

362 3011 445 3068 52.
488 3013 635 3070 Dicit
661 3030 793 3086 ergo
821 3026 876 3073 et
898 3018 1075 3074 anima
1097 3061 1110 3087 ,
1141 3020 1275 3077 dicit
1297 3031 1353 3078 ct
1380 3022 1622 3081 Ecclesia
1654 3043 1668 3080 :
1701 3025 1889 3083 Erravi

298 3103 415 3159 sicut
440 3106 555 3163 oris
590 3123 707 3178 quas
734 3109 979 3180 perierat.
1010 3110 1119 3168 Sed
1149 3113 1318 3170 dicit:
1356 3116 1581 3184 Quiesiui
1614 3134 1766 3190 quem
1801 3121 1885 3175 di-

299 3196 408 3252 lexit
435 3200 618 3255 anima
644 3216 758 3257 mea
788 3200 964 3276 (Cant.
995 3220 1089 3272 nt,
1122 3203 1212 3279 i);
1244 3207 1346 3265 hoc
1377 3219 1462 3266 est
1487 3211 1631 3267 enim
1659 3212 1882 3272 dicere:

1415 367 1480 424 IN
1519 369 1843 430 PSALMUM
1884 374 2097 434 CXVIII
2134 379 2521 442 EXPOSI'I‘IO.

198 530 215 551 .
314 468 465 524 Adam
492 468 613 526 inde
656 470 914 543 depulsus
951 484 1079 531 cst:
1116 477 1228 535 illic
1252 478 1364 551 iam
1394 495 1594 540 nocere
1632 497 1741 541 non
1786 501 1885 557 po-
1911 490 1963 553 Α
1987 492 2183 565 ειιὸ).

3454 405 3594 464 1522

2218 495 2331 554 Hoc
2367 508 2453 556 est
2493 501 2718 563 dicere:
2747 509 2930 568 Teneo
2980 518 3231 576 mandata
3280 531 3366 577 tua
3404 527 3587 580 omnia

1987 587 2115 643 novi
2142 597 2200 644 et
2229 594 2433 649 veteris
2474 595 2832 659 Testamenti.
2885 606 3013 664 Sola
3044 610 3148 669 hoc
3175 614 3359 672 dicere
3392 617 3583 675 Eccle-

1986 678 2067 735 sia
2100 690 2297 747 potest.
2329 685 2443 741 Non
2474 687 2605 746 dicit
2631 695 2734 749 alia
2762 703 3156 774 congregatio:
3191 723 3299 764 non
3327 709 3461 767 dicit
3486 712 3589 785 Sy-

1988 786 2190 847 nagoga
2215 816 2231 841 ,
2271 793 2371 834 nec
2415 786 2711 842 secumlum
2752 788 2990 850 litteram
3036 814 3172 852 nova
3220 809 3449 867 tenens.
3486 819 3587 861 nec

1986 872 2285 930 secundum
2315 879 2565 948 spiritum
2594 894 2797 941 vetera.
2830 888 2947 946 Non
2989 893 3123 949 dicit
3164 895 3389 955 haeresis
3416 900 3588 957 mani-

1986 960 2132 1057 chzoa
2160 967 2395 1057 :Vetera
2422 978 2631 1030 servavi
2661 978 2779 1041 tibi,
2797 996 2916 1052 quu-
2938 980 2966 1022 ἀ
2998 985 3298 1057 Ρισημιιθιειθ
3328 1007 3435 1050 non
3463 1009 3587 1049 sus-

1985 1053 2135 1125 cipit.
2162 1056 2355 1115 Merito
2378 1066 2626 1123 dealbata
2652 1070 2925 1141 cernitur,
2947 1093 3068 1148 quae
3094 1053 3373 1155 utriusque
3422 1084 3589 1157 fulget

1985 1152 2158 1219 gratia
2190 1153 2545 1215 'I'estatuettti.

2058 1246 2150 1301 54.
2191 1245 2487 1319 Respondit
2522 1256 2570 1311 ei
2600 1256 2885 1328 Sponsus:
2921 1263 3066 1323 Pone
3091 1285 3170 1323 me
3189 1281 3243 1324 ut
3263 1272 3591 1341 signaculum

1984 1337 2039 1392 in
2061 1355 2151 1394 cor
2178 1352 2355 1407 tuum,
2383 1354 2441 1401 ut
2463 1349 2693 1420 sigillum
2717 1354 2771 1407 in
2798 1354 3063 1413 brachium
3094 1372 3238 1415 tuum
3261 1362 3431 1431 (Cant.
3460 1382 3550 1423 vitl
3568 1408 3584 1434 ,

1987 1430 2090 1501 6).
2116 1448 2236 1505 qua:
2280 1453 2416 1491 nova
2456 1450 2511 1495 et
2558 1453 2745 1500 vetera
2775 1454 3002 1506 servain
3044 1454 3196 1509 mihi.
3239 1430 3585 1518 Siuttacnlum

1987 1540 2167 1582 meum
2196 1544 2288 1597 es,
2319 1532 2385 1585 ad
2413 1533 2703 1605 imaginem
2737 1559 2913 1599 meam
2971 1561 3031 1601 cs
3072 1556 3128 1603 et
3155 1552 3584 1611 similitudinem.

1988 1616 2177 1720 Fulget
2208 1623 2259 1678 itt
2296 1634 2347 1681 te
2377 1628 2550 1701 imago
2570 1631 2828 1705 institue,
2860 1637 3040 1711 imago
3069 1643 3379 1714 sapientiai,
3411 1650 3589 1720 imago

1986 1718 2221 1775 virtutis.
2260 1721 2326 1776 Et
2353 1727 2477 1792 quia
2522 1728 2700 1801 imago
2730 1732 2820 1787 Dei
2850 1734 2900 1788 in
2946 1737 3114 1794 corde
3158 1749 3251 1795 tuo
3280 1752 3362 1798 cst
3387 1783 3404 1808 ,
3435 1744 3504 1799 sit
3526 1718 3593 1801 vet

1987 1808 2042 1864 in
2074 1813 2329 1882 operibus
2361 1818 2467 1871 tuis
2493 1836 2507 1873 :
2540 1821 2609 1875 sit
2637 1823 2849 1894 efﬁgies
2876 1825 3154 1900 Evangelii
3186 1831 3238 1887 in
3272 1834 3375 1888 Illis
3407 1833 3583 1902 factis,

1990 1910 2049 1955 ut
2073 1902 2126 1957 in
2156 1906 2261 1959 luis
2297 1909 2538 1966 moribus
2569 1928 2689 1969 mea
2728 1929 2997 1987 praecepta
3029 1923 3328 1980 custodias.
3365 1925 3587 1997 Effigies

1989 1991 2264 2068 Evangelii
2292 2000 2398 2057 erit
2425 2004 2479 2058 iu
2504 2014 2578 2071 te,
2606 2007 2651 2061 si
2684 2013 2999 2077 percutienti
3031 1991 3589 2085 tuaxiliam,'alteram

1989 2090 2262 2160 praebeas;
2293 2095 2342 2150 si
2369 2096 2563 2170 diligas
2594 2099 2873 2159 inimicum
2902 2115 3087 2176 tuum;
3116 2110 3160 2164 si
3190 2124 3406 2168 crucem
3436 2122 3587 2168 tuam

1989 2185 2147 2240 tollas
2167 2229 2182 2252 ,
2215 2198 2268 2243 et
2298 2204 2386 2246 me
2408 2194 2675 2262 sequaris.
2709 2196 2835 2253 Ideo
2864 2215 3078 2257 crucem
3113 2213 3137 2240 ⁸
3167 2219 3269 2276 ego
3309 2222 3408 2277 pro
3435 2205 3589 2264 vobis

1987 2281 2234 2348 portavi;
2266 2298 2333 2337 ne
2353 2290 2410 2338 to
2446 2301 2543 2355 pro
2567 2300 2617 2342 te
2648 2303 2869 2359 portare
2892 2293 3190 2352 dubitares.

2060 2372 2151 2430 35.
2192 2374 2495 2435 Audierunt
2520 2381 2623 2438 huc
2644 2383 2767 2439 lilia:
2788 2385 3120 2447 Hierusalem
3137 2433 3152 2456 ,
3178 2392 3321 2462 quod
3345 2392 3456 2463 iam
3480 2392 3589 2450 Do-

1988 2467 2166 2523 minus
2192 2470 2351 2527 Jesus
2376 2474 2475 2529 sibi
2521 2474 2817 2535 Ecclesium
2849 2485 3135 2552 copulaliat
3166 2503 3180 2541 :
3220 2496 3275 2541 et
3300 2488 3422 2556 quia
3445 2503 3575 2543 cutt-

1987 2562 2289 2621 siderautcs
2337 2569 2759 2638 magnitudinem
2802 2573 2998 2642 Verbi,
3045 2579 3065 2620 ι
3112 2580 3371 2649 imparem
3426 2582 3588 2636 lautis

1988 2656 2190 2727 nuptiis
2218 2661 2597 2731 aestimabant;
2630 2684 2696 2720 ue
2725 2666 2869 2723 forte
2918 2680 3077 2725 tanta:
3115 2672 3324 2741 Copula:
3373 2674 3588 2747 1256

1989 2752 2203 2822 pondus
2227 2756 2498 2812 sustinere
2529 2773 2632 2813 non
2655 2769 2858 2825 ιιιιεεει.
2882 2766 3406 2822 θιιιίιμειιιιιιίοριιιε,
3437 2784 3449 2820 :
3485 2768 3589 2820 So-

1987 2859 2075 2898 ror
2112 2856 2289 2900 nostra
2325 2864 2480 2917 parua
2502 2889 2517 2912 ,
2546 2861 2591 2903 et
2638 2852 2794 2907 ubera
2826 2871 2927 2908 non
2974 2852 3126 2910 habet
3155 2854 3318 2927 (Ibid.
3343 2900 3356 2921 ,
3384 2857 3441 2928 8)
3496 2856 3588 2914 Sic

1988 2939 2132 2994 enim
2162 2943 2252 3011 qui
2292 2942 2482 2998 volunt
2524 2943 2743 3003 differre
2774 2949 3024 3016 nuptias,
3062 2966 3325 3006 excusare.
3355 2967 3588 3010 conme-

1988 3043 2152 3100 runt,
2191 3049 2244 3089 ιιι
2275 3039 2610 3104 pws-tendant
2634 3038 2939 3097 immatura:
2968 3042 3146 3099 tutetis
3176 3044 3544 3099 infirmitatem
3568 3088 3583 3114 ,

1988 3135 2046 3182 et
2089 3137 2335 3184 astruant
2372 3130 2515 3200 quod
2567 3135 2732 3188 ubera
2782 3149 2889 3189 non
2942 3135 3177 3202 haheat,
3223 3153 3345 3206 qua:
3390 3136 3589 3191 nubilis

1991 3221 2293 3293 significant
2315 3231 2528 3295 tempus
2545 3228 2739 3282 aetatis.
2753 3228 2864 3282 lloc
2880 3230 3018 3285 solet
3034 3231 3337 3303 sytttbuluttt
3353 3246 3590 3286 comunt-

304 3288 515 3365 Viaifica
545 3311 753 3350 seruum
782 3307 959 3366 luunt;
987 3301 1230 3370 quoniam
1258 3304 1503 3362 mandata
1532 3315 1623 3362 tua
1646 3324 1751 3364 non
1774 3327 1888 3366 sum
1915 3282 1962 3347 Ο
1993 3330 2061 3370 ne
2082 3315 2335 3374 omnibus
2356 3318 2651 3389 virginibus
2665 3334 2787 3375 esse
2801 3324 3070 3389 nupturis;
3093 3333 3287 3379 utcum
3306 3325 3590 3380 uber-acas-

298 3382 492 3441 oblitus.
526 3386 646 3458 Ego
683 3395 739 3444 te
783 3391 1043 3460 quaesivi;
1075 3392 1172 3450 sed
1216 3395 1464 3454 invenire
1488 3413 1595 3456 non
1627 3415 1846 3471 possum
1868 3444 1885 3470 ,

298 3476 392 3533 nisi
419 3486 473 3535 tu
503 3479 751 3537 volueris
781 3482 1031 3544 inveniri.
1058 3486 1125 3542 Et
1153 3496 1208 3543 tu
1248 3488 1465 3560 quidem
1497 3491 1580 3548 vis
1608 3492 1837 3552 inveniri
1869 3511 1885 3560 ;

296 3572 381 3629 sed
403 3574 483 3630 vis
509 3574 609 3631 diu
628 3577 831 3648 quaeri,
856 3579 938 3635 vis
967 3579 1279 3654 diligentius
1306 3583 1568 3658 indagari.
1597 3586 1757 3645 Novit
1785 3594 1889 3647 hoc

298 3663 532 3725 Ecclesia
583 3678 710 3737 tua;
741 3672 867 3743 quia
899 3687 1008 3730 non
1040 3675 1120 3731 vis
1150 3683 1208 3732 ut
1250 3687 1301 3735 te
1332 3678 1613 3737 dormiens
1639 3695 1840 3753 quaerat
1868 3700 1884 3751 ;

298 3773 394 3816 non
421 3762 502 3818 vis
549 3771 611 3818 ut
652 3774 708 3820 te
737 3764 925 3835 iacens
955 3767 1261 3841 investiget.
1306 3771 1549 3844 Denique
1597 3775 1781 3845 pulsas
1822 3777 1888 3833 ad

292 3857 500 3929 ianuam
520 3903 538 3929 ,
586 3868 644 3916 ut
671 3860 876 3918 excites
903 3860 1265 3920 dormientem
1291 3883 1304 3921 :
1336 3866 1586 3936 exploras
1610 3868 1655 3924 si
1685 3883 1781 3925 cor
1810 3872 1889 3927 vi-

295 3950 448 4022 gilat,
476 3966 537 4009 et
564 3968 697 4009 caro
722 3954 944 4010 dormit.
979 3954 1073 4011 Vis
1094 3956 1365 4026 iacentem
1406 3958 1586 4018 levare
1604 4002 1622 4030 ,
1651 3962 1839 4019 dicens
1868 3979 1885 4020 :

296 4045 459 4119 Surge
504 4049 603 4121 qui
646 4048 877 4115 dormis,
910 4060 958 4105 et
995 4066 1213 4124 exsurge
1240 4070 1272 4107 a
1301 4056 1519 4111 mortuis
1556 4056 1789 4128 (Epltes.
1820 4074 1886 4125 v,

300 4137 411 4212 ιι).
456 4141 629 4198 Mittis
677 4158 896 4199 manum
945 4160 1040 4216 per
1084 4161 1411 4213 cavernam,
1454 4156 1512 4204 ut
1554 4160 1740 4221 surgat
1779 4168 1793 4205 :
1833 4157 1890 4206 ct

298 4237 339 4288 si
390 4236 600 4293 tardius
642 4239 984 4306 surrexerit,
1040 4239 1391 4311 derelinquis.
1438 4241 1529 4298 Vis
1577 4252 1636 4297 ut
1683 4254 1890 4314 quaerat

296 4325 518 4396 iterum,
571 4343 628 4389 et
666 4346 872 4405 quaerat
924 4352 956 4391 a
1004 4335 1220 4403 multis,
1276 4346 1331 4393 et
1381 4354 1488 4394 non
1537 4337 1890 4395 obliviscatur

295 4435 571 4492 quaerere,
625 4441 732 4482 non
783 4428 1132 4497 obliviscatur
1182 4445 1462 4488 sermones
1511 4441 1631 4488 tuos
1679 4451 1692 4489 :
1739 4443 1796 4490 et
1842 4434 1887 4489 si

299 4525 435 4574 tenet
455 4534 572 4585 eos,
593 4519 791 4577 oii‘eras
819 4532 872 4576 te
902 4522 1214 4591 videndum,
1230 4539 1340 4581 non
1366 4525 1600 4598 refugias
1618 4527 1883 4585 etteueri.

356 4614 444 4669 53.
484 4614 620 4687 Quae
646 4630 769 4672 cum
797 4627 850 4672 te
876 4620 1133 4674 meruerit
1154 4620 1433 4691 amplecti,
1462 4622 1716 4679 ostendet
1744 4622 1878 4680 fruc-

296 4714 374 4761 tus
400 4722 535 4764 suos
556 4751 572 4775 ,
605 4710 820 4766 docebit
857 4727 964 4767 non
996 4712 1218 4768 oblitam
1250 4728 1313 4770 se
1349 4715 1726 4773 mandatorum
1764 4727 1886 4772 tuo-

294 4815 441 4869 rum,
471 4802 728 4875 dicetque
770 4805 905 4861 libi:
947 4804 1099 4873 Veni,
1130 4808 1291 4878 frater
1340 4824 1480 4864 meus
1503 4824 1523 4863 :
1552 4825 1795 4864 exeamus
1834 4811 1888 4865 in

296 4911 594 4966 agrum.....
615 4908 663 4954 et
691 4900 747 4955 iu
785 4898 985 4971 foribus
1018 4902 1211 4956 nostris
1239 4902 1407 4956 omnis
1437 4905 1570 4975 fetus
1599 4903 1844 4960 arborum
1869 4922 1889 4961 :

295 5006 418 5046 nova
445 5004 496 5048 et
524 5005 733 5062 cetera;
763 4998 926 5066 frater
947 5011 1086 5051 meus
1105 5038 1120 5061 ,
1150 4997 1348 5051 seruam
1375 4997 1465 5052 tibi
1490 4995 1662 5069 (Cant.
1691 5014 1758 5054 vu
1776 5041 1792 5067 ,
1821 5001 1885 5057 11

363 5142 387 5173 ³
418 5135 498 5191 Ita
534 5134 777 5207 plerique
798 5151 931 5191 mss.
955 5152 984 5191 a
1006 5136 1197 5208 quibus
1226 5135 1329 5191 hoc
1351 5145 1556 5192 tantum
1580 5137 1893 5208 discrepant

296 5206 419 5263 edit.
448 5206 605 5279 quod
628 5217 734 5264 vet.
772 5206 1317 5279 habent.‘serpentini
1356 5210 1443 5263 diu
1481 5210 1690 5265 ulceris.
1726 5206 1888 5269 Rom.

296 5278 545 5353 serpentis
572 5278 665 5353 diu
696 5280 902 5336 ulceris.
938 5280 1058 5335 Alia
1087 5278 1218 5353 vero
1244 5295 1368 5351 pars
1389 5296 1521 5338 mss.
1547 5295 1742 5349 voces,
1767 5281 1886 5353 diu,

296 5352 436 5417 sive,
463 5352 571 5405 diri
609 5352 827 5416 ulceris,
858 5367 963 5407 non
992 5352 1269 5410 exhibent.

361 5421 390 5461 ιι
423 5423 600 5498 Edit.,
625 5424 875 5498 dignare;
901 5424 1148 5498 Ame_rb.,
1171 5423 1430 5498 dignaris,
1462 5425 1720 5498 suscipere
1744 5441 1895 5497 quem

295 5495 554 5550 inueneris
575 5511 593 5550 :
618 5494 854 5566 impone,
884 5506 989 5552 etc.
1021 5494 1127 5553 Sed
1155 5494 1284 5551 mss.
1311 5497 1480 5553 ferme
1499 5498 1566 5553 ad
1599 5494 1767 5555 unum
1788 5501 1897 5554 lec—

298 5569 425 5622 tioni
459 5578 664 5623 nostra:
690 5568 1071 5640 astipulantur.

371 5650 393 5677 ε
424 5639 812 5715 i’aris.__edit.,
847 5656 950 5694 non
994 5642 1047 5695 in
1076 5655 1270 5715 carne,
1302 5656 1419 5709 qua!
1454 5640 1510 5695 in
1545 5641 1713 5696 Adam
1756 5642 1901 5715 lapsa

300 5726 392 5766 esi.
418 5709 537 5767 Sed
578 5712 699 5783 alite
727 5726 947 5777 omnes,
976 5723 1028 5766 ct
1072 5712 1252 5766 cuncti
1285 5727 1419 5768 mss.
1443 5725 1708 5782 respuunt
1740 5709 1901 5783 nega-

303 5783 532 5854 t_ioneui.
567 5782 630 5837 Et
655 5785 859 5852 optime
886 5783 936 5837 id
968 5784 1214 5848 quidem;
1243 5798 1418 5851 neque
1443 5783 1588 5840 aliud
1621 5784 1707 5840 hic
1735 5782 1901 5854 signi-

309 5852 539 5917 licatur,
579 5856 683 5928 nisi
708 5856 850 5928 quod
878 5854 1077 5928 Christi
1106 5870 1235 5909 caro
1261 5854 1505 5926 ejusdem
1555 5867 1762 5912 natura!
1788 5852 1906 5913 fue-

308 5929 377 5981 rit
400 5935 574 5996 atque
598 5927 907 5993 Adtecaro,
929 5927 1070 5982 unde
1095 5940 1194 5998 per
1215 5928 1583 5997 generationis
1608 5929 1911 5986 successio-

1913 4677 1969 4737 D

1989 3410 2169 3480 perint
2192 3410 2458 3475 eminere,
2490 3422 2615 3467 tunc
2633 3413 2998 3484 copjunctioni
3024 3415 3232 3472 habiles
3252 3416 3584 3484 iudicentur.

2061 3502 2152 3559 56.
2195 3502 2450 3561 Turbata:
2472 3506 2636 3577 igitur
2664 3508 2807 3577 quod
2836 3508 3016 3564 studio
3062 3508 3370 3566 dilectionis
3401 3520 3590 3581 urgeat

1992 3597 2208 3662 nuptias
2235 3596 2480 3668 Sponsus
2503 3640 2519 3667 ,
2550 3600 2737 3657 dicunt
2765 3619 2780 3657 :
2817 3602 2959 3668 Quid
2988 3602 3236 3675 faciemus
3262 3608 3429 3658 sorori
3470 3620 3590 3658 nos-

1992 3699 2086 3745 tra:
2109 3691 2162 3745 in
2191 3690 2277 3746 die
2301 3708 2402 3763 qua
2438 3692 2672 3763 loquetur
2697 3695 2751 3750 in
2793 3712 2853 3750 ea
2896 3693 3149 3769 (Ibid)?
3179 3698 3262 3753 vel
3287 3738 3301 3763 ,
3330 3706 3389 3752 ιιι
3427 3697 3587 3770 Sym-

1992 3785 2215 3842 machus
2234 3829 2249 3852 ,
2278 3804 2379 3857 qua
2405 3788 2639 3861 loquetur
2664 3791 2753 3857 ei;
2783 3792 2885 3847 hoc
2914 3804 2995 3848 e3t
3026 3832 3040 3860 ,
3071 3794 3417 3860 sponsalium'
3441 3794 3592 3850 cele-

1993 3880 2191 3936 britate
2221 3884 2363 3938 solet
2391 3883 2507 3939 fieri
2537 3884 2832 3941 collocutio
2853 3926 2870 3955 ,
2903 3897 2957 3945 et
2984 3887 3325 3942 confirmatio
3375 3888 3589 3957 nuptia-

1990 3988 2132 4028 rum.
2164 3972 2303 4042 Quid
2341 3991 2469 4046 ergo
2497 3974 2759 4033 faciemus
2780 4019 2794 4042 ,
2822 3980 3010 4034 dicunt
3041 3981 3305 4044 turbatae,
3337 3982 3462 4051 quia
3496 3996 3590 4035 ur-

1990 4077 2146 4136 getur
2174 4067 2484 4136 coniunctio
2512 4069 2808 4140 spiritalis?
2828 4071 2873 4128 A
2902 4072 3062 4127 tantis
3095 4074 3295 4139 nuptiis
3325 4087 3588 4128 excusare

1990 4174 2097 4215 non
2127 4170 2385 4230 possunt;
2419 4177 2579 4215 nemo
2602 4162 2748 4218 enim
2775 4175 2860 4219 est
2886 4165 2977 4234 qui
3004 4164 3253 4237 copulam
3279 4165 3363 4220 vel
3390 4165 3587 4222 anima:

1989 4263 2045 4310 et
2074 4254 2315 4324 Spiritus
2337 4297 2352 4322 ,
2383 4255 2470 4312 vel
2501 4255 2704 4311 Christi
2736 4267 2786 4312 et
2822 4256 3077 4313 Ecclesia:
3108 4274 3214 4313 non
3245 4259 3456 4313 beatam
3491 4274 3589 4330 pu-

1992 4358 2087 4405 tet.
2117 4348 2222 4406 Sed
2264 4351 2384 4421 quia
2419 4349 2696 4421 plenitudo
2721 4351 2879 4407 Verbi
2913 4352 2995 4408 vel
3034 4351 3269 4421 Spiritus
3295 4352 3467 4407 sancti
3509 4354 3590 4408 vi-

1991 4441 2111 4497 brat
2136 4453 2190 4497 et
2219 4441 2414 4513 fulget,
2445 4455 2499 4499 et
2544 4441 2675 4498 nihil
2708 4452 2792 4499 est
2819 4443 2963 4515 quod
2995 4444 3104 4500 illis
3132 4444 3303 4515 possit
3344 4446 3544 4516 aequari
3570 4487 3588 4513 ,

1993 4535 2116 4591 ideo
2141 4535 2363 4593 differre
2390 4536 2739 4606 desiderant;
2774 4547 2829 4592 ut
2856 4538 2944 4595 illa
2973 4537 3234 4594 dilatione
3264 4539 3345 4595 vel
3372 4540 3549 4596 anima
3568 4581 3586 4609 ,

1992 4630 2075 4684 vel
2108 4629 2348 4685 Ecclesia
2377 4632 2550 4701 pOSsit
2569 4645 2690 4686 esse
2720 4631 3036 4701 perfectior.

2064 4722 2157 4778 57.
2199 4722 2395 4777 Dicunt
2418 4737 2587 4791 ergo:
2620 4723 2683 4778 Si
2722 4740 2899 4779 murus
2937 4734 3047 4789 est,
3089 4726 3409 4795 tediﬁcemus
3434 4742 3592 4797 super

1992 4834 2108 4872 eum
2133 4818 2458 4889 receptacula
2480 4835 2498 4872 .'
2520 4827 2568 4872 et
2593 4819 2639 4873 si
2657 4819 2827 4888 janua
2846 4826 2919 4873 est
2937 4859 2954 4883 ,
2983 4818 3281 4884 sculpantus
3304 4836 3460 4889 super
3478 4835 3593 4874 eam

1994 4910 2195 4966 tabulas
2225 4910 2463 4966 cedrinas
2493 4908 2658 4984 (Ibid.
2682 4953 2698 4977 ,
2721 4910 2798 4984 9).
2843 4910 3026 4966 Murus
3064 4920 3149 4967 est
3189 4910 3368 4967 anima
3397 4910 3591 4967 sancti.

1993 5000 2168 5057 Habet
2197 5011 2253 5058 et
2282 5000 2528 5058 Ecclesia
2579 5017 2764 5059 muros
2810 5015 2942 5058 suos
2965 5045 2979 5067 ,
3011 5018 3131 5073 quae
3162 5003 3272 5074 iam
3304 5000 3597 5074 perfectior

1998 5154 2121 5197 nem
2148 5149 2440 5213 propagata
2462 5149 2575 5209 est;
2600 5139 2728 5197 licet
2747 5139 2991 5212 eiusdem
3016 5152 3238 5212 peccato
3259 5154 3597 5213 nequaquam

1998 5213 2288 5269 maculata.

2070 5282 2098 5322 ἀ
2127 5284 2232 5341 Per
2257 5283 2574 5352 Prophetas,
2600 5292 2770 5339 totum
2798 5291 2952 5338 vetus
2973 5283 3381 5340 Testamentum
3407 5284 3497 5340 hic
3518 5284 3602 5340 itt-

2002 5356 2384 5429 tellige,gquud
2405 5358 2671 5429 integrum
2694 5370 2724 5410 a
2749 5355 3061 5429 Manichaais
3086 5356 3448 5429 reiiciebatur.
3472 5356 3600 5429 Epi-

2002 5426 2169 5499 phan.
2197 5427 2398 5483 Haeresi
2447 5428 2546 5490 68,
2582 5431 2863 5497 Augustin.
2890 5426 3183 5499 deiﬂzeres.
3213 5443 3334 5499 cap.
3357 5427 3452 5485 46.

2079 5509 2103 5537 θ
2132 5499 2225 5556 Sic
2252 5513 2382 5554 mss.
2425 5514 2619 5568 magno
2663 5516 2909 5555 nuuwru.
2953 5498 3206 5556 Nonnulli
3252 5498 3430 5556 tamen
3475 5515 3600 5556 cum

2005 5570 2138 5627 edit.
2170 5572 2427 5644 omnibus
2447 5611 2463 5638 ,
2495 5588 2587 5644 ego
2619 5588 2713 5642 pro
2754 5583 2803 5625 te
2842 5573 3075 5642 portari,
3104 5588 3168 5627 ne
3196 5582 3248 5627 tu
3282 5582 3493 5644 propter
3522 5587 3602 5626 me

2008 5656 2214 5714 portare
2237 5642 2520 5709 dubitares,
2542 5641 2656 5697 Non
2689 5645 2831 5697 male

2087 5713 2105 5753 τ
2141 5714 2269 5770 Era.
2299 5723 2355 5770 et
2376 5731 2490 5782 seq.
2518 5715 2679 5773 edit..
2704 5715 2929 5784 impares
2954 5730 3009 5769 se
3030 5717 3186 5770 tantis
3207 5716 3470 5784 nuptiis...
3490 5730 3605 5768 ειη-ι

2011 5787 2173 5842 liuere
2200 5804 2301 5841 non
2326 5796 2572 5859 possent;
2598 5787 2897 5859 elegantius
2920 5789 3139 5859 Agtuerli.
3163 5802 3285 5841 cum
3314 5801 3448 5841 mss.
3468 5829 3478 5841 .
3502 5786 3608 5859 ints

2016 5875 2191 5929 parem
2220 5856 2410 5926 tantis,
2432 5872 2573 5929 εις..
2601 5857 2703 5913 hoc
2732 5859 2875 5914 enim
2905 5857 2971 5913 ad
3001 5857 3307 5915 Ecclesium
3338 5856 3570 5913 relcrtui‘
3591 5891 3608 5925 ,

2020 5928 2127 5986 non
2157 5931 2224 5984 ad
2254 5929 2394 5985 ﬁlias
2420 5928 2743 5985 Jerusalem.
