4156 6346
525 373 664 430 1.39.5

1303 371 1546 430 SANCTI
1583 369 1913 428 AMBROSII
1949 370 2013 426 IN
2056 369 2381 426 PSAMIUM
2421 368 2634 426 CXVIII
2674 370 3056 430 EXPOSITIO.

3683 377 3817 432 152i

522 491 693 546 dicit:
737 490 852 563 Ego
893 492 1069 546 civitas
1111 490 1307 543 munita
1351 487 1521 558 (Esai.
1551 503 1696 541 xxvii
1722 529 1738 552 ,
1781 485 1867 556 5).
1902 486 1997 540 llic
2037 495 2122 541 est
2150 490 2201 548 Α
2228 487 2519 542 exsultavit
2545 488 2782 557 Spiritus
2815 490 2866 544 in
2890 490 3166 581 fropheta
3190 534 3205 560 ,
3237 492 3460 549 dicens:
3499 493 3660 549 Vinea
3684 498 3822 566 facta

524 598 713 638 murus
734 625 748 650 ,
777 583 866 654 qui
896 582 1058 637 habet
1101 577 1385 636 duodecim
1421 587 1605 649 portas
1633 577 1959 649 apostolicus
1979 619 1994 644 ,
2025 591 2120 647 per

524 695 658 750 quas
686 680 883 750 populo
914 678 1190 733 nationum
1222 683 1369 745 patet
1397 674 1675 743 ingressus
1702 673 1754 727 in
1801 671 2116 727 Ecclesium.

522 772 628 828 Sed
658 789 843 827 murus
874 771 1126 842 quamvis
1163 768 1422 824 ambitum
1459 767 1622 822 totius
1664 767 1812 820 urbis
1843 765 2083 819 includat
2104 807 2119 830 ,

527 878 654 922 tunc
683 876 861 922 tamen
889 875 973 920 est
1013 863 1272 920 munitior
1293 905 1306 927 ,
1337 877 1458 918 cum
1504 861 1843 930 receptacula
1874 858 2125 914 habuerit

525 969 864 1028 praeparata,
913 957 966 1012 in
1013 957 1208 1026 quibus
1261 963 1696 1025 prepugnatores
1746 952 1896 1007 urbis
1948 960 2120 1004 tutum

523 1053 836 1124 speculandi
867 1067 928 1106 ac
963 1050 1148 1106 tuendi
1191 1051 1397 1120 possint
1429 1049 1628 1103 habere
1657 1045 1978 1101 subsidium.
2013 1043 2120 1099 Sed

522 1148 644 1216 quia
677 1143 1014 1199 rationabilis
1041 1143 1156 1197 [nec
1196 1143 1386 1197 civitas
1416 1153 1531 1205 est,
1566 1149 1620 1195 et
1650 1140 1827 1193 omnis
1853 1153 1976 1205 spes
2005 1136 2122 1204 ejus

522 1241 576 1296 in
612 1240 703 1294 Dei
749 1239 918 1295 verbo
947 1247 1028 1294 est
1055 1255 1068 1290 :
1103 1253 1208 1292 non
1256 1238 1426 1290 ferrea
1449 1277 1464 1298 ,
1497 1233 1592 1289 sed
1637 1240 1892 1302 argentea
1921 1230 1970 1285 ei
2000 1245 2126 1300 pro-

520 1334 822 1406 pugnacula
874 1332 1248 1401 requiruntur,
1302 1330 1534 1399 eloquiis
1584 1324 1902 1382 etelestibus
1953 1324 2126 1394 magis

522 1443 684 1498 quam
716 1428 964 1497 corporis
989 1428 1359 1497 voluptatibus
1400 1425 1631 1479 hostiles
1661 1423 1896 1494 impetus
1940 1417 2126 1485 repul-

523 1535 644 1576 sare
668 1530 950 1577 consueta.
987 1522 1064 1578 Eo
1096 1522 1222 1575 fulta
1257 1518 1532 1590 prasidio,
1557 1533 1623 1571 eo
1645 1515 1936 1586 splendore
1959 1510 2127 1566 reful-

523 1632 657 1686 gens
684 1617 911 1672 habilior
935 1617 1134 1672 Christi
1165 1615 1372 1683 copula:
1397 1614 1691 1684 judicatur.
2036 1623 2040 1627 ·

595 1709 683 1765 58.
727 1708 790 1763 Et
825 1709 944 1779 quia
974 1709 1141 1779 janua
1183 1708 1431 1763 Christus
1477 1715 1596 1772 est,
1639 1703 1729 1774 qui
1756 1704 1832 1757 ait
1861 1720 1872 1756 :
1904 1700 2010 1755 Per
2047 1715 2128 1754 me

523 1805 568 1857 si
598 1804 712 1874 quis
739 1803 1031 1872 introierit,
1062 1803 1340 1858 salvabitur
1361 1799 1542 1871 (Joan.
1568 1815 1600 1854 Χ
1623 1840 1638 1864 ,
1669 1797 1726 1869 9)
1751 1814 1766 1864 ;
1799 1805 1852 1851 et
1885 1793 2126 1849 Ecclesia

2225 591 2297 636 est
2335 581 2607 637 Salomoni
2636 585 2690 637 in
2716 582 2994 640 Beelamon
3025 602 3042 640 :
3073 585 3218 641 dedit
3251 588 3452 642 vineam
3474 605 3619 643 suam
3645 589 3709 642 iis
3737 587 3824 659 qui

2225 684 2423 728 servant
2454 674 2632 744 (Cant.
2657 692 2772 737 vin.
2811 675 2920 749 ll).
2950 677 3156 733 Clamat
3196 694 3326 750 ergo
3357 679 3594 750 Spiritus
3620 698 3634 735 :
3665 680 3824 734 Plan-

2227 775 2334 820 tata
2365 774 2452 822 est
2476 770 2822 840 congregatio
2850 770 3192 840 populorum,
3217 783 3272 828 et
3299 772 3422 828 vitis
3450 784 3667 828 :eterna:
3700 770 3820 829 fun-

2225 859 2346 915 data
2395 862 2611 927 radice,
2655 873 2710 918 et
2753 865 3016 933 Spiritalia
3064 867 3164 920 sub
3214 865 3404 937 jugum
3452 865 3615 922 Verbi
3659 867 3825 923 corde

2229 963 2510 1009 mansueto
2541 955 2677 1010 colla
2707 957 2957 1026 subjecit.
2991 957 3232 1014 Plantata
3265 967 3442 1015 autem
3475 969 3558 1015 est
3598 960 3649 1015 in
3683 962 3824 1016 mul-

2230 1049 2460 1106 titudine
2513 1053 2828 1120 nationum;
2882 1054 2984 1110 hoc
3040 1056 3183 1110 enim
3236 1071 3360 1112 esse
3419 1057 3826 1129 intelligendum

2230 1143 2507 1200 Beelamon
2537 1147 2917 1219 Symmachus,
2946 1151 3138 1217 Aquila
3160 1194 3174 1215 ,
3213 1163 3232 1188 ο
3265 1151 3492 1223 alizeque
3524 1151 3830 1206 translatio-

2230 1253 2328 1292 nes
2356 1238 2548 1294 Graeco
2578 1256 2831 1297 sermone
2871 1242 3192 1297 docuerunt.
3229 1243 3523 1313 Repudiata
3566 1253 3649 1298 est
3679 1253 3832 1300 vetus

2231 1333 2426 1401 copula
2451 1375 2464 1397 ,
2494 1350 2615 1403 qua:
2647 1333 2878 1389 fructum
2908 1335 3102 1390 afferre
3143 1347 3247 1390 non
3298 1346 3506 1404 poterat
3535 1354 3548 1390 :
3596 1337 3717 1391 data
3748 1345 3832 1392 est

2195 1426 2389 1502 'vinea
2432 1429 2588 1481 novis
2625 1427 2981 1498 fidelibusque
3021 1429 3352 1494 cultoribus,
3387 1429 3475 1500 qui
3515 1444 3622 1484 non
3653 1430 3830 1512 sol-um

2233 1520 2416 1576 facere
2463 1520 2696 1576 fructum
2741 1532 2997 1592 possent,
3044 1521 3137 1578 sed
3169 1527 3330 1578 etiam
3372 1521 3664 1578 custodire.
3711 1520 3831 1578 Una

2234 1613 2399 1684 igitur
2430 1613 2546 1667 ovis
2576 1616 2780 1670 erravit
2807 1633 2820 1669 :
2851 1614 2947 1671 sed
2983 1625 3230 1670 revocata
3252 1658 3266 1683 ,
3295 1615 3459 1671 totius
3484 1615 3656 1686 Spatia
3685 1614 3832 1671 orbis

2235 1708 2498 1778 implevit.
2532 1707 2700 1764 Unam
2730 1725 2884 1765 ovem
2919 1725 3073 1766 error
3103 1711 3404 1767 abduxerat
3429 1730 3442 1766 :
3473 1713 3567 1767 sed
3595 1712 3834 1766 multitu-

2235 1800 2415 1855 dinem
2444 1802 2765 1871 pepulerum
2787 1802 3000 1857 Domini
3030 1805 3202 1874 gratia
3226 1804 3593 1875 eoiigregavit.
3623 1801 3835 1859 Erravit

521 1899 688 1968 janua
719 1908 1091 1968 nuncupatur;
1124 1899 1248 1968 quia
1282 1912 1377 1966 per
1405 1896 1572 1964 ipsam
1606 1901 1750 1961 patet
1777 1889 1988 1960 pepulis
2011 1887 2129 1941 adi—
2160 1902 2208 1962 Β
2238 1891 2400 1946 homo
2427 1909 2440 1945 :
2473 1892 2567 1946 sed
2595 1893 2838 1949 Ecclesia
2869 1893 2978 1964 jam
3020 1911 3209 1950 murus
3238 1904 3350 1958 est,
3384 1906 3438 1951 et
3476 1911 3662 1950 murus
3704 1896 3838 1950 valio

525 2002 611 2048 tus
635 1992 703 2048 ad
739 1987 990 2048 salutem.
1018 1991 1095 2047 Ne
1131 1991 1510 2047 haereticorum
1555 1994 1938 2056 corrumpatur
1967 1983 2128 2038 tineis

525 2093 618 2139 aut
649 2084 956 2151 vermibus,
990 2084 1176 2140 dicunt
1206 2083 1331 2138 filiae
1365 2081 1698 2137 Hierusalem
1720 2122 1735 2145 ,
1767 2078 1850 2133 vel
1898 2077 2084 2146 Angeli
2110 2117 2126 2141 ,

527 2179 609 2232 vel
638 2178 832 2232 anima:
869 2178 1136 2246 justorum
1167 2195 1180 2232 :
1209 2174 1555 2244 fEdt'ﬁcemus
1593 2189 1748 2242 super
1772 2188 1884 2226 eam
1927 2169 2130 2223 tabulas

524 2269 762 2323 cedrinas
789 2311 802 2333 ,
838 2268 941 2324 hoc
981 2279 1065 2325 est
1089 2313 1104 2336 ,
1141 2267 1264 2323 fidei
1315 2267 1566 2322 sublimis
1617 2265 1815 2320 bonum
1859 2259 2126 2326 odorem;

525 2371 609 2418 est
640 2363 781 2418 enim
815 2362 994 2417 suavis
1025 2361 1182 2429 hujus
1208 2362 1446 2416 materia:
1476 2359 1640 2425 odor,
1673 2373 1836 2429 quam
1876 2370 1982 2411 non
2010 2369 2133 2409 ver-

526 2457 664 2522 mis,
697 2472 802 2512 non
847 2457 990 2513 tinea
1014 2462 1347 2525 corrumpat.
1380 2452 1504 2509 Ideo
1533 2451 1691 2522 hujus
1721 2448 1961 2506 materiae
2001 2461 2132 2502 usus

525 2554 744 2624 eligitur
775 2563 1041 2608 tectorum
1083 2550 1314 2622 fastigiis
1358 2547 1638 2604 elevandis
1663 2588 1677 2610 ,
1725 2541 2132 2612 formandisque

526 2648 831 2702 litterarum
871 2645 1158 2700 elementis
1184 2686 1197 2710 ,
1251 2643 1446 2714 quibus
1475 2651 1606 2696 tetas
1653 2637 1870 2709 puerilis
1907 2637 1972 2690 ad
2019 2647 2134 2690 stu-

528 2742 674 2797 dium
705 2741 945 2798 liberalis
976 2739 1299 2796 eruditionis
1327 2738 1605 2792 imbuitur.
1633 2734 1730 2789 Est
1754 2748 1882 2802 ergo
1909 2729 2133 2785 materia

527 2837 630 2892 ista
671 2836 921 2892 sublimis
958 2836 1025 2891 ad
1069 2835 1297 2905 gratiam
1321 2875 1333 2898 ,
1369 2831 1504 2887 levis
1549 2829 1614 2883 ad
1644 2843 1803 2892 onus,
1841 2825 2027 2880 suavis
2065 2823 2134 2878 ad

529 2929 752 2986 odorem
775 2971 788 2992 ,
823 2929 969 2984 utilis
995 2929 1062 2983 ad
1093 2929 1511 2984 instrumentum
1539 2923 1780 2980 scientiae
1801 2964 1814 2987 ,
1844 2921 2040 2978 habilis
2067 2919 2134 2975 ad

532 3021 891 3076 ministerium
921 3019 1246 3092 cognitionis
1270 3029 1511 3074 aeternae.

602 3115 693 3170 59.
737 3114 844 3170 Sed
889 3113 1341 3184 quemadmodum
1381 3112 1649 3182 Spensam
1701 3124 1854 3165 suam
1906 3107 2136 3178 diligens

535 3211 786 3266 Christus
818 3209 1043 3278 urgebat
1073 3209 1140 3264 ad
1169 3209 1380 3279 copulae
1409 3207 1668 3278 spiritalis
1695 3206 2090 3260 solemnitatem
2121 3219 2134 3256 :

537 3304 612 3357 ita
641 3311 696 3356 et
727 3301 966 3358 Ecclesia
1000 3299 1157 3356 Verbi
1185 3299 1380 3354 decore
1406 3299 1516 3370 jam
1545 3308 1700 3366 capta
1747 3295 2037 3351 festinabat
2071 3293 2134 3349 ad
2164 3309 2210 3372 ο

535 3396 770 3464 nuptias.
813 3393 1046 3462 Ideoque
1091 3407 1366 3446 morarum
1397 3399 1453 3446 et
1497 3388 1780 3445 dilationis
1824 3388 2136 3455 impatiens,

534 3504 665 3559 quas
695 3488 818 3542 filia:
852 3487 1190 3542 Hierusalem
1229 3485 1507 3541 innectere
1554 3484 1764 3557 1257
1793 3482 2101 3552 gestiebant
2125 3525 2140 3547 ,

537 3584 700 3639 dicit:
725 3582 840 3656 Ego
864 3597 1042 3637 murus
1061 3621 1077 3646 ,
1104 3592 1152 3634 et
1181 3581 1336 3636 ubera
1357 3597 1468 3634 mea
1490 3589 1656 3635 turres
1679 3576 1854 3646 (Cant.
1877 3591 1968 3630 vin
1987 3618 2000 3641 ,
2024 3575 2140 3641 lfl),

538 3677 643 3731 hoc
664 3685 778 3731 est:
813 3676 990 3730 Nolite
1019 3673 1266 3730 dubitare
1290 3682 1468 3727 utrum
1501 3685 1686 3725 murus
1716 3671 1816 3723 sim
1845 3669 1973 3738 (illa:
1995 3668 2140 3722 enim

537 3772 819 3828 dixerant:
854 3771 898 3826 si
928 3787 1105 3824 murus
1134 3769 1266 3838 est);
1301 3782 1424 3836 ego,
1453 3765 1650 3835 inquit,
1685 3779 1873 3818 murus
1899 3778 2016 3817 sum
2042 3803 2056 3826 ,
2092 3770 2146 3816 et

541 3882 646 3920 non
679 3880 844 3934 parva
879 3863 1044 3918 ubera
1078 3863 1254 3916 habeo
1281 3903 1293 3923 ,
1353 3859 1448 3915 sed
1481 3867 1540 3913 ut
1590 3869 1765 3914 turres
1813 3857 1982 3912 ubera
2024 3871 2144 3910 mea

540 3969 688 4011 sunt.
713 3955 999 4025 Quomodo
1025 3955 1206 4009 dicitis
1225 3994 1239 4018 ,
1267 3953 1391 4022 quia
1425 3968 1532 4006 non
1564 3950 1738 4006 habeo
1778 3948 1981 4004 ubera?
2010 3949 2146 4006 Sett-

542 4067 637 4109 sus
660 4093 674 4118 ,
708 4060 767 4106 ut
793 4061 969 4106 turres
989 4093 1004 4116 ,
1037 4049 1210 4103 habeo
1239 4045 1548 4115 sapientiae,
1578 4048 1628 4099 iu
1651 4045 1846 4115 quibus
1872 4056 1953 4099 est
1977 4045 2147 4098 almu-

539 4146 724 4200 dantia
746 4185 762 4211 ,
792 4145 933 4199 sicut
958 4142 1220 4210 scriptum
1247 4148 1369 4195 est:
1398 4137 1466 4192 Et
1497 4137 1813 4192 abundantia
1835 4137 1887 4190 in
1918 4136 2148 4190 turribus

540 4241 646 4294 tuis
689 4237 868 4307 (Psal.
904 4251 1050 4299 cm.
1078 4235 1154 4304 7).
1199 4234 1292 4289 llis
1334 4232 1624 4297 uberibus,
1656 4230 1707 4284 id
1748 4240 1852 4294 est,
1894 4229 2147 4286 sensibus

542 4333 779 4388 habilem
810 4346 871 4386 se
902 4329 1065 4386 tantis
1096 4328 1297 4395 nuptiis
1338 4325 1679 4380 mstimabat:
1713 4323 1809 4378 sed
1850 4322 1974 4376 filiae
2015 4321 2146 4378 llie-

542 4425 778 4482 rusalem
802 4423 978 4478 adhuc
997 4437 1104 4476 non
1131 4427 1384 4490 poterant
1405 4418 1677 4473 aestimare
1697 4435 1710 4480 ;
1732 4417 1853 4486 quia
1876 4429 2143 4471 sensuum

543 4519 662 4588 ejus
684 4516 1070 4572 abundantiam
1093 4528 1199 4569 non
1223 4511 1500 4568 videbant.

618 4609 709 4666 40.
753 4610 820 4663 Et
848 4608 1088 4663 addidit:
1123 4605 1239 4676 Ego
1265 4621 1408 4659 eram
1444 4603 1500 4658 in
1529 4601 1694 4656 oculis
1732 4605 1844 4674 ejus
1881 4611 2147 4671 tamquam

2235 1987 2355 2041 dus.
2390 1987 2605 2041 Erravit
2644 1987 2856 2044 Adam:
2901 2003 3088 2044 murus
3113 1997 3197 2044 est
3225 1989 3425 2058 David,
3459 1989 3552 2060 qui
3581 1988 3834 2044 mandata

2240 2078 2334 2134 Dei
2369 2079 2571 2135 oblitus
2603 2096 2710 2136 non
2740 2091 2843 2136 est.

2308 2173 2400 2227 42.
2441 2173 2722 2229 Custodita
2766 2175 2931 2246 igitur
2972 2185 3026 2232 et
3071 2176 3268 2233 vallata
3305 2178 3422 2234 haec
3467 2179 3624 2235 vinea
3659 2177 3838 2234 muni-

2240 2265 2385 2320 mine
2415 2267 2681 2335 spiritali,
2717 2268 2864 2322 mille
2907 2268 3114 2325 fructus
3157 2269 3246 2325 dat
3289 2268 3507 2326 Christo
3529 2314 3543 2338 ,
3572 2271 3838 2328 ducentos

2238 2369 2418 2414 autem
2441 2358 2646 2415 fruetus
2667 2361 3005 2417 custodibus.
3039 2361 3270 2435 Ideoque
3288 2364 3363 2418 ait
3385 2361 3630 2420 Ecclesia
3659 2382 3673 2420 :
3704 2363 3839 2419 Vitis

2237 2467 2351 2506 mea
2376 2453 2430 2506 in
2452 2463 2724 2525 conspectu
2757 2471 2890 2519 meo,
2921 2455 3061 2509 mille
3093 2456 3364 2512 Salomoni
3384 2500 3398 2524 ,
3430 2465 3476 2512 et
3497 2457 3704 2512 ducenti
3732 2474 3840 2512 ser-

2237 2546 2472 2599 vantibus
2514 2550 2740 2617 fructum
2789 2546 2986 2620 (Ibid.,
3021 2549 3145 2620 12).
3179 2549 3448 2606 Perlectio
3476 2561 3532 2606 et
3561 2551 3840 2622 plenitudo

2238 2635 2438 2691 Christi
2469 2646 2552 2692 est
2581 2638 2758 2708 portio
2780 2641 3147 2696 servulorum.
3184 2641 3362 2698 Habes
3389 2641 3493 2698 hoc
3523 2645 3839 2716 mysterium

2241 2731 2294 2786 in
2319 2731 2540 2798 Genesi,
2568 2733 2655 2788 ubi
2679 2733 2917 2804 quinque
2945 2746 3128 2806 partes
3153 2734 3432 2805 Beniamin
3462 2737 3610 2791 fratri
3635 2737 3839 2808 juniori

2240 2825 2428 2880 tribuit
2457 2825 2681 2896 Joseph,
2706 2829 2950 2899 singulas
2975 2828 3195 2899 reliquis
3219 2828 3477 2884 fratribus
3507 2829 3661 2902 (Cen.
3686 2846 3838 2896 xu",

2241 2921 2357 2993 54).
2397 2921 2624 2976 Domino
2657 2920 2820 2992 igitur
2845 2922 3085 2992 quinque
3125 2937 3384 2977 sensuum
3418 2923 3594 2991 portio
3629 2921 3844 2996 1258

2242 3025 2295 3070 et
2325 3016 2680 3085 praerogativa
2708 3014 2970 3080 defertur,
2996 3027 3156 3085 quam
3190 3014 3267 3070 illi
3295 3013 3482 3086 utique
3511 3015 3696 3070 tribuit
3728 3019 3843 3086 ipse

2241 3125 2402 3180 quem
2425 3110 2628 3179 diligit:
2653 3110 2790 3164 sicut
2813 3110 3066 3166 dilexitet
3089 3109 3340 3175 Paulum,
3359 3109 3452 3166 cui
3468 3109 3843 3166 deditadevo-

2243 3205 2446 3259 candas
2475 3213 2666 3275 gentes
2693 3203 2972 3274 sapientia:
3001 3204 3365 3273 principatum
3394 3202 3546 3273 (Act.
3578 3217 3647 3260 xx
3668 3247 3681 3270 ,
3711 3204 3773 3258 2i
3798 3205 3843 3276 ).

2317 3301 2404 3354 43.
2443 3298 2536 3351 llis
2564 3297 2726 3367 igitur
2753 3298 3015 3351 fructibus
3046 3296 3312 3352 delectata
3349 3296 3585 3353 Ecclesia
3617 3295 3743 3352 dicit
3776 3298 3847 3353 ad

2247 3392 2520 3448 Christum
2548 3408 2561 3446 :
2599 3389 2700 3457 Qui
2735 3391 2879 3444 sedes
2903 3391 2956 3444 in
2979 3390 3168 3455 hortis,
3197 3391 3352 3444 amici
3381 3390 3700 3445 intendentes
3727 3400 3849 3445 sunt

2247 3487 2357 3539 voci
2397 3495 2538 3539 tate:
2575 3500 2750 3539 vocem
2784 3494 2922 3537 tuam
2958 3484 3164 3538 insinua
3194 3483 3320 3537 mihi
3367 3481 3550 3548 (Cant.
3578 3499 3694 3547 vut,
3724 3481 3844 3553 15).

2249 3578 2632 3634 Delectabatur
2663 3577 2811 3632 enim
2838 3577 2982 3647 quod
3022 3577 3072 3631 in
3103 3576 3276 3630 hortis
3300 3575 3552 3631 Christus
3580 3575 3804 3630 sedebat
3833 3593 3847 3629 :

2248 3681 2305 3728 et
2343 3673 2394 3726 in
2442 3673 2611 3727 hortis
2645 3670 2805 3741 positi
2831 3669 2993 3725 amici
3025 3669 3383 3725 intendebant
3411 3670 3530 3723 voci
3570 3669 3707 3738 ejus.
3738 3668 3848 3724 Sed

2246 3765 2370 3833 quia
2411 3763 2572 3818 amici
2614 3764 2691 3818 illi
2733 3763 2802 3818 de
2830 3763 3148 3818 cwlestibus
3184 3771 3338 3817 erant
3368 3761 3691 3833 Arehaugell
3714 3804 3726 3828 ,
3759 3762 3852 3815 vel

2250 3857 2681 3920 Dominationes,
2719 3866 2775 3910 et
2806 3855 3009 3911 Throni
3047 3855 3332 3928 (homines
3360 3855 3506 3911 enim
3537 3855 3751 3922 expulsi
3778 3854 3851 3910 de

2249 3949 2503 4018 paradiso
2549 3948 2766 4003 fuerant
2809 3959 3032 4018 propter
3078 3945 3500 4003 inobedientiam
3540 3947 3849 4003 cmlestium

2251 4040 2650 4107 mandatorum,
2683 4052 2846 4111 atque
2877 4041 3001 4096 ideo
3025 4041 3204 4096 adhuc
3235 4041 3478 4098 Ecclesia
3507 4055 3696 4096 vocem
3726 4040 3852 4110 ejus

2249 4149 2358 4190 non
2383 4144 2613 4204 poterat,
2639 4150 2802 4206 quam
2823 4134 3339 4206 cupiebat,attdirc),
3367 4135 3491 4190 ideo
3513 4135 3589 4189 ait
3613 4152 3625 4187 τ
3659 4133 3853 4189 Vocem

2251 4238 2390 4282 tuam
2421 4229 2631 4282 insinua
2673 4228 2820 4283 mihi.
2861 4228 3015 4286 Unde
3049 4240 3105 4285 et
3137 4241 3237 4284 nos
3274 4230 3320 4284 si
3360 4228 3613 4283 volumus
3641 4243 3761 4284 eum
3793 4228 3851 4284 in

2250 4323 2406 4378 nobis
2443 4324 2662 4389 sedere,
2691 4325 2860 4378 simus
2887 4324 3026 4378 horti
3053 4324 3219 4378 clausi
3262 4331 3425 4394 atque
3456 4325 3676 4389 muniti,
3707 4325 3853 4378 fera-

2252 4433 2374 4472 mus
2397 4419 2654 4472 virtutum
2675 4418 2860 4482 tiores,
2885 4418 3071 4486 gratim
3094 4417 3452 4483 suavitatem;
3486 4425 3546 4471 ut
3571 4416 3855 4485 diSputan-

2252 4520 2496 4568 temcum
2519 4510 2744 4582 Angelis
2768 4511 3052 4566 Dominum
3075 4511 3256 4567 Jesum
3296 4511 3486 4565 audire
3531 4512 3821 4581 possimus.

2321 4607 2416 4662 46.
2457 4605 2564 4662 Sed
2593 4607 2714 4676 quia
2755 4605 2993 4662 futurum
3023 4616 3164 4671 erat,
3198 4614 3256 4660 ut
3295 4621 3419 4661 cum
3451 4606 3517 4660 ad
3565 4603 3861 4674 plenitudi-

545 4701 808 4758 invenient
837 4716 1011 4771 pacem
1041 4697 1225 4770 (Cant.
1258 4712 1371 4763 vm,
1403 4695 1516 4766 10),
1545 4693 1650 4749 hoc
1675 4704 1793 4747 est:
1826 4693 2147 4750 Deliberatis
2174 4701 2226 4762 Ι)
2255 4717 2378 4756 nem
2431 4699 2674 4755 Ecclesia
2733 4701 3069 4770 pervenisset
3095 4741 3110 4765 ,
3162 4699 3633 4770 persecutionibns
3689 4698 3858 4755 variis

550 4797 619 4851 de
645 4795 782 4850 meis
813 4793 1093 4858 sensibus,
1133 4807 1254 4846 cum
1300 4804 1485 4859 pacem
1518 4787 1613 4842 Dei
1656 4788 1988 4854 invenerim,
2028 4803 2149 4858 quze

549 4896 842 4958 exsuperat
884 4902 1101 4942 omnem
1145 4893 1412 4947 mentem,
1455 4891 1481 4919 α
1508 4893 1560 4936 et
1605 4882 1839 4940 custodit
1885 4881 2049 4936 corda
2095 4892 2150 4938 et

552 5000 748 5042 sensus
770 4984 824 5039 in
854 4981 1070 5039 Christo
1099 4981 1248 5036 Jesu.
1286 4978 1453 5044 Talis,
1484 4977 1678 5046 inquit.
1710 4992 1856 5033 eram
1888 4978 1940 5032 in
1977 4978 2150 5035 oculis

553 5081 775 5151 Sponsi,
804 5078 976 5150 qualis
1003 5092 1121 5147 quae
1145 5075 1303 5130 habet
1330 5090 1538 5145 pacem.
1572 5073 1839 5145 Scriptum
1863 5082 1946 5128 est
1971 5074 2145 5128 enim:

551 5175 651 5242 Qui
682 5183 828 5228 recte
855 5170 883 5209 ι’
911 5179 1159 5241 qumrunt
1200 5185 1387 5240 pacem
1411 5212 1424 5232 ,
1458 5168 1734 5223 habebunt
1759 5183 1879 5222 eam
1909 5168 2155 5224 testimo-

553 5266 702 5320 nium
755 5261 1239 5336 (Proti.nt,‘10).
1291 5261 1694 5318 Festinantibus
1747 5259 1908 5330 igitur
1956 5261 2154 5316 dilecto

553 5366 717 5427 atque
762 5355 992 5419 dilecta,
1043 5355 1316 5412 celebrata
1364 5353 1678 5424 conjunctio
1725 5351 1985 5421 Spiritalis
2038 5363 2153 5423 est,

556 5459 746 5506 mutuo
769 5450 1005 5518 etpetita
1037 5463 1330 5505 consensu.

627 5542 720 5600 41.
763 5541 999 5614 Ideoque
1051 5553 1322 5613 tamquam
1373 5539 1612 5610 nuptiale
1659 5553 1863 5596 canens
1913 5555 2157 5612 carmen,

639 5711 664 5739 ιι
707 5701 835 5754 Mss.
867 5715 974 5754 non
1007 5700 1184 5769 pauci,
1214 5708 1261 5752 et
1283 5695 1505 5751 custodit
1525 5710 1750 5769 corpora
1771 5706 1818 5769 et
1840 5711 2040 5769 sensus.

629 5771 657 5810 ι’
699 5771 858 5826 Rom.
887 5767 1054 5833 edit..
1087 5778 1321 5838 qumrunt
1363 5784 1560 5837 pacem.
1600 5767 1914 5838 gaudebunt.
1960 5767 2060 5824 Ubi
2088 5770 2156 5826 ad

561 5843 860 5908 marginem
889 5841 1167 5898 adnotavit
1192 5840 1354 5895 Prov.
1376 5855 1473 5904 xu,
1492 5839 1586 5905 20,
1611 5840 1699 5909 qui
1729 5838 1878 5894 locus
1903 5855 1970 5895 eo
1998 5841 2158 5898 modo

565 5917 615 5973 in
650 5913 815 5971 llehr.
849 5923 904 5970 et
942 5914 1193 5970 omnibus
1223 5911 1564 5969 versionibus
1592 5920 1909 5968 constanter
1938 5912 2153 5987 legitur.

2256 4802 2596 4859 tentaretur;
2633 4793 2756 4849 ideo
2780 4809 2902 4848 cum
2938 4791 3100 4848 Verbi
3134 4793 3303 4863 gratia
3335 4793 3732 4857 delectaretur,
3763 4808 3858 4847 su-

2262 4887 2378 4942 bito
2391 4887 2565 4941 cernit
2586 4887 2808 4942 insidias
2829 4898 3232 4957 perseeutor-unt
3257 4902 3269 4940 :
3293 4896 3347 4941 et
3365 4901 3482 4957 qua!
3507 4887 3627 4956 plus
3641 4886 3860 4958 Sponéo

2257 4997 2420 5053 quam
2439 4981 2538 5036 sibi
2567 4982 2803 5047 timeret,
2825 4989 2916 5034 aut
2945 4982 3065 5050 quia
3095 4996 3124 5034 a
3155 4978 3860 5052 persecutoribusChristus

2263 5077 2432 5148 magis
2479 5077 2747 5147 appetitur
2798 5075 2850 5129 in
2890 5076 3080 5141 nobis,
3131 5075 3255 5131 ideo
3302 5078 3419 5130 ait:
3472 5074 3643 5147 Fuge,
3695 5075 3862 5145 frater

2262 5187 2429 5236 meus,
2459 5180 2506 5226 et
2529 5170 2711 5224 similis
2733 5178 2838 5224 esto
2859 5179 2912 5223 tu
2943 5165 3217 5239 capreolw,
3237 5179 3326 5223 aut
3353 5167 3568 5223 [tinnula
3590 5183 3861 5223 cervorum

2258 5281 2418 5334 super
2445 5275 2643 5319 montes
2667 5274 2959 5317 aromatum
2989 5262 3045 5334 (1
3052 5262 3184 5329 bid.,
3212 5261 3323 5334 H).
3357 5263 3588 5334 Propter
3611 5261 3860 5320 inﬁrmos

2258 5361 2414 5432 fugit,
2431 5362 2521 5431 qui
2544 5367 2873 5415 tentamenta
2898 5357 3143 5429 graviora
3169 5357 3310 5414 ferre
3333 5369 3437 5413 nun
3462 5369 3702 5429 possent.
3731 5357 3861 5414 ldco

2259 5451 2521 5523 scriptum
2548 5463 2631 5509 est
2671 5463 2728 5509 ut
2754 5453 2820 5508 de
2863 5451 3174 5510 civitatibus
3201 5451 3266 5508 ad
3312 5453 3560 5508 civitates
3590 5449 3862 5524 fugiamus

2265 5544 2476 5616 (Matth.
2513 5564 2568 5617 χ,
2600 5546 2693 5619 25)
2721 5565 2732 5602 :
2764 5556 2819 5603 et
2845 5547 2889 5604 si
2923 5563 3021 5603 nos
3046 5549 3101 5604 in
3130 5547 3231 5602 hac
3257 5548 3476 5603 civitate
3502 5546 3706 5602 fuerint
3728 5562 3858 5618 per-

2259 5702 2511 5759 Attamen
2543 5720 2572 5758 a
2604 5707 2811 5762 cunctis
2855 5721 2986 5763 mss.
3015 5719 3078 5762 ac
3121 5717 3231 5762 vet.
3280 5705 3414 5763 edit.
3461 5703 3550 5762 hic
3597 5706 3860 5764 recedere

2262 5777 2418 5831 nobis
2447 5776 2635 5848 religio
2655 5791 2757 5833 est.

2337 5858 2359 5887 ο
2398 5849 2600 5908 Οιιιιιθε
2649 5867 2788 5926 pene
2809 5851 2995 5923 scripti
3023 5851 3170 5923 cod.,
3199 5852 3416 5928 aliisque
3435 5851 3755 5912 traditiones.
