3982 6494
13 401 258 466 ’λεδ
1032 406 1398 464 EXPOSITIO
1440 405 1690 464 EVANG.
1734 403 1885 464 SEC.
1927 403 2083 466 LUC.
2132 406 2529 465 ADMONITIO.
3306 405 3448 464 1596

15 525 327 591 secuti,
357 525 626 594 fugiamus
653 524 704 578 in
731 522 914 577 aliam.
943 522 1173 591 Propter
1195 517 1440 576 intlrmos
1465 521 1645 591 igitur,
1678 528 1737 576 ut
1763 524 1813 582 Α
1841 519 1963 575 Cor.
1994 533 2048 589 ιι,
2085 521 2154 576 l5
2175 523 2216 592 ).
2247 521 2400 576 Mons
2429 529 2733 576 aromatum
2766 515 2954 590 Bavio,
2996 522 3152 594 "cujus
3183 524 3447 578 ortttionis

18 612 408 683 diximus,
442 615 608 686 fugiat
650 625 1078 686 persequentes:
1112 621 1139 652 ει
1167 624 1260 669 aut
1291 614 1457 685 fugiat
1486 614 1554 670 ab
1580 614 1737 670 inﬁr—
1843 613 1979 670 odor
1998 612 2328 669 ascendebat
2349 614 2413 669 ad
2438 614 2761 682 Dominum;
2787 624 2840 671 et
2861 614 2984 671 ideo
3009 615 3268 672 dicebat:
3301 613 3448 670 Diri-

29 709 234 774 niis,
273 720 342 766 et
376 718 619 765 transeat
645 708 714 763 ad
744 718 958 764 montes
985 718 1313 775 aromatum,
1343 709 1435 780 qui
1468 721 1564 780 pro
1592 723 1738 764 mar-
1843 714 2003 778 gatur
2016 708 2184 760 oratio
2204 720 2339 772 meo,
2357 708 2492 762 sicut
2512 709 2779 762 incensum
2797 709 2849 762 in
2867 718 3143 780 conspectu
3163 707 3443 781 tuo(Psal.

28 801 262 871 tyrio
297 802 534 858 odorem
577 803 792 873 possint
835 806 1008 858 beatae
1037 803 1457 858 resurrectionis
1497 803 1732 859 adferre.
1843 811 1980 863 (ιιι,
2011 797 2091 869 9).

33 892 344 952 Montes
377 904 684 950 aromatum
714 895 887 950 sancti
909 905 1056 951 sunt.
1081 895 1162 950 Ad
1193 910 1288 949 eos
1314 892 1556 966 confugit
1580 895 1740 951 Chrl-
1914 887 2007 945 45.
2047 889 2406 962 Symmachus
2431 901 2610 948 tamen
2633 902 2692 949 el
2716 894 2909 965 Aquila
2932 895 3272 966 interpretati
3293 905 3442 963 δίκην

33 995 257 1056 stus,
287 989 423 1058 quia
455 987 819 1043 Fundamenta
847 991 960 1062 ejus
979 989 1032 1042 in
1062 988 1319 1042 montibus
1343 989 1534 1043 sanctis
1556 987 1734 1057 (Psal.
1843 985 1986 1056 quod
2007 984 2260 1040 Christus
2279 983 2502 1041 dicatad
2519 986 2821 1045 Ecclesium
2841 1008 2854 1043 :
2878 991 3005 1057 Quis
3019 992 3162 1045 sedes
3182 993 3235 1044 in
3259 992 3441 1057 hortis,

44 1097 359 1149 LXXXVI,
393 1083 473 1154 1).
505 1083 584 1138 Ad
614 1097 710 1138 eos
741 1083 904 1153 igitur
928 1081 1188 1153 confugit,
1214 1081 1306 1150 qui
1330 1091 1456 1136 sunt
1482 1082 1600 1152 ejus
1630 1092 1739 1136 sta-
1845 1079 1947 1134 hoc
1971 1087 2073 1144 est,
2095 1077 2275 1148 jamin
2301 1078 2472 1134 hortis
2489 1079 2673 1146 sedes,
2706 1095 2949 1153 superno
2971 1084 3128 1154 digna
3152 1085 3438 1155 paradiso;

42 1175 246 1230 bilia
285 1175 679 1230 fundamenta.
712 1175 769 1230 In
795 1176 954 1232 nobis
981 1175 1134 1244 fugit,
1165 1174 1219 1229 in
1250 1175 1356 1230 illis
1379 1173 1482 1230 lida
1505 1175 1741 1231 statione
1843 1184 1897 1228 et
1928 1173 2050 1228 ideo
2073 1171 2263 1228 Vocem
2279 1181 2421 1226 tuam
2444 1174 2653 1228 insinua
2674 1176 2924 1242 mihi,eui
2947 1177 3433 1233 amiciintendunt.

52 1270 410 1323 consistit.
447 1269 602 1324 Mons
628 1271 789 1341 igitur
817 1277 1117 1325 aromatum
1149 1269 1348 1324 Paulus
1377 1279 1488 1335 est,
1520 1271 1609 1340 qui
1645 1287 1741 1340 po-
1848 1270 1960 1338 Ego
1988 1283 2207 1340 quoque
2221 1284 2340 1322 eam
2360 1267 2550 1323 audire
2565 1268 2842 1324 desidero.
2863 1268 3110 1340 pritin
3131 1271 3301 1326 hortis
3319 1283 3442 1324 esse

56 1369 213 1414 test
254 1362 457 1417 dicere
486 1379 500 1415 :
540 1361 718 1416 Bonus
747 1362 888 1419 enim
919 1361 1047 1416 odor
1074 1361 1264 1416 Christi
1293 1377 1470 1416 sumus
1503 1361 1609 1417 Deo
1648 1361 1733 1435 (ll
1793 1361 1802 1372 '
1845 1362 2114 1429 Ecclesia,
2159 1371 2444 1432 postquam
2475 1359 2503 1399 ι’
2536 1361 2588 1416 in
2617 1361 2790 1416 hortis
2822 1378 3012 1431 passus
3041 1371 3126 1418 est
3155 1360 3430 1418 Christus.

169 1483 206 1510 ⁸
269 1476 349 1528 lta
386 1474 630 1550 plerique
676 1491 805 1550 mss.
848 1475 958 1550 (Alii
1002 1485 1177 1531 tamen
1227 1476 1464 1550 aliquot,
1508 1486 1560 1532 et
1593 1479 1724 1533 edit.
1911 1478 1939 1516 ι’
1980 1477 2139 1532 Rom.
2165 1477 2296 1534 edit.
2326 1478 2460 1542 sola,
2485 1477 2538 1532 in
2571 1476 2734 1532 hortis
2753 1489 2936 1550 captus
2959 1486 3031 1532 est
3051 1474 3308 1533 Christus.
3332 1475 3438 1550 Sed

64 1561 346 1622 (ιιιιηεε,
383 1558 474 1600 aut
497 1549 664 1622 fugiat
684 1549 746 1602 ab
768 1547 979 1616 inﬁmis,
1009 1555 1067 1602 ut
1093 1563 1288 1622 nertipe
1315 1549 1482 1603 intimi
1519 1566 1614 1618 per
1633 1566 1730 1605 an-
1839 1561 2199 1622 praitcrquam
2221 1550 2367 1617 quod
2393 1559 2569 1618 potest
2588 1550 2638 1604 id
2661 1551 2730 1605 de
2746 1546 2946 1605 Christi
2968 1550 3158 1618 agonia
3187 1546 3442 1622 intelligi,

68 1618 359 1692 tititesin
388 1619 658 1692 ulantibus
680 1629 978 1690 opponatur
1003 1639 1016 1675 :
1049 1621 1145 1676 sed
1163 1621 1356 1676 melius
1381 1634 1730 1692 opponuntur
1837 1618 2000 1678 etiam
2024 1618 2172 1677 extra
2209 1624 2448 1692 pomeria
2477 1623 2710 1686 urbium,
2738 1622 2827 1677 uhi
2849 1632 2968 1678 erat
2996 1635 3154 1675 mons
3180 1619 3444 1675 Calvaritu

73 1688 337 1744 inﬁrmi
370 1688 762 1762 martyribus.”
1417 1688 1468 1692 ”
1841 1695 2001 1764 situs,
2035 1688 2247 1751 conseri
2281 1695 2421 1750 horti
2451 1705 2805 1749 consuerunt.

239 1967 379 2053 IN
453 1969 1352 2058 EXPOSITIONEM
1425 1971 2073 2060 EVANGELII
2145 1967 2816 2061 SECUNDUM
2887 1965 3308 2059 LUCAM

1443 2136 2112 2212 ADMONITIO.

1195 2288 2368 2326 ﬁ

170 2383 315 2440 Hoc
343 2403 475 2459 opus
499 2388 819 2444 sermonibus
846 2389 1030 2458 quibus
1056 2387 1402 2460 Evangelium
1429 2386 1584 2442 Lucae
1612 2385 1914 2440 Ambrosius
1942 2384 2136 2454 populo
2157 2387 2398 2441 snadavit
2417 2421 2432 2452 ,
2465 2393 2704 2442 constare
2729 2393 2875 2439 eatm
2903 2381 3308 2438 controversiam
3335 2392 3432 2436 est.

82 2478 112 2530 Ι
124 2479 264 2532 llud
289 2480 558 2534 enimnon
583 2481 736 2535 modo
761 2498 827 2536 ea:
856 2482 1111 2536 orationis
1143 2483 1310 2552 forma
1329 2519 1344 2546 ,
1385 2479 1655 2548 citatisque
1683 2475 1836 2552 (Lib.
1863 2493 1960 2544 vn,
1995 2478 2048 2532 in
2077 2495 2196 2548 cap.
2223 2495 2257 2534 ι
2286 2489 2334 2534 et
2370 2493 2494 2545 xw,
2535 2488 2584 2533 et
2607 2476 2761 2547 alibi)
2791 2475 3081 2545 Scriptum:
3121 2477 3178 2530 in
3206 2475 3444 2530 Ecclesia

82 2572 433 2643 priusquam
458 2572 538 2625 vir
565 2581 777 2627 sanctus
800 2575 1168 2644 aggrederetur
1207 2575 1275 2627 ad
1307 2572 1604 2640 dicandum,
1638 2572 1868 2626 recitatae
1893 2573 2020 2627 locis
2049 2573 2357 2644 intelligitur
2382 2588 2401 2626 :
2430 2572 2519 2626 sed
2552 2572 2714 2626 multo
2749 2572 2915 2641 magis
2945 2588 3010 2626 es
3037 2587 3097 2625 eo
3127 2570 3448 2634 declaratur,

84 2669 252 2731 quod
288 2663 440 2717 illum
484 2663 663 2718 diebus
690 2664 966 2719 dominicis
1008 2665 1158 2737 (Lib.
1191 2682 1316 2731 Vlll,
1341 2666 1394 2719 in
1425 2682 1540 2736 cap.
1573 2665 1701 2734 ιιι)
1747 2664 1964 2732 aliisque
1992 2664 2353 2720 celebrioribus
2382 2667 2401 2735 (
2426 2664 2542 2720 Lib.
2574 2681 2625 2720 tv
2645 2705 2660 2730 ,
2695 2666 2746 2719 in
2779 2679 2896 2730 cap.
2926 2662 2997 2734 ν)
3021 2697 3038 2730 ,
3079 2665 3230 2718 verba
3262 2663 3446 2734 fecisse

87 2751 588 2827 deprehendimus.
621 2756 792 2812 Immo
821 2775 939 2813 vero
981 2776 1082 2813 non
1113 2759 1389 2830 diﬂiculter
1416 2757 1874 2813 animadvertimus
1904 2757 2281 2827 Evangelicum
2321 2769 2516 2814 textum
2553 2774 2703 2828 quem
2739 2771 2997 2825 exponere
3024 2757 3114 2811 ille
3150 2757 3409 2827 sagitabat
3430 2799 3446 2824 ,

103 2850 341 2920 publice
369 2851 640 2904 recitatum
667 2851 830 2922 fuisse
853 2867 872 2905 :
893 2853 1307 2922 quandoquidem
1352 2852 1644 2915 complures
1669 2852 1896 2920 ejusdem
1926 2851 2193 2924 Evangelii
2221 2854 2361 2908 locos
2380 2892 2397 2918 ,
2426 2863 2568 2908 textu
2597 2869 2698 2906 nou
2730 2853 2888 2906 citato
2932 2851 2951 2923 (
2980 2849 3096 2905 Lib.
3131 2867 3168 2906 ιι
3193 2891 3207 2916 ,
3238 2852 3293 2905 in
3324 2863 3445 2919 cap.

94 2943 252 3018 ιιι),
287 2946 362 3000 ita
387 2946 646 3018 explicat;
678 2955 734 3000 ut
774 2962 889 3016 quia
919 2947 1274 3001 tractabantur
1301 2946 1454 3018 (Lib.
1477 2961 1528 3012 v,
1560 2946 1612 2997 in
1635 2962 1752 3016 cap.
1783 2961 1886 3010 vn;
1919 2945 2010 3000 lib.
2038 2961 2110 3001 vu
2131 2987 2145 3014 ,
2182 2947 2235 3000 in
2261 2963 2380 3017 cap.
2407 2963 2481 3011 ιι,
2513 2955 2561 3000 et
2589 2943 2746 3017 alibi)
2767 2986 2781 3010 ,
2815 2946 2914 2999 nisi
2942 2946 3160 3000 materia
3189 2945 3443 2998 orationis

100 3040 380 3111 praelecta
402 3041 606 3111 fuisset,
632 3043 696 3097 ab
727 3043 1050 3098 auditoribus
1072 3043 1189 3113 capi
1213 3042 1423 3096 minime
1449 3040 1752 3110 potuissent.
1787 3038 1940 3106 Quod
1965 3040 2348 3094 incommodum
2375 3057 2438 3095 ne
2465 3041 2626 3094 lector
2655 3052 2854 3110 quoth
2879 3049 3161 3110 pateretur,
3195 3047 3446 3094 curarunt

98 3131 350 3186 editores
395 3130 653 3195 Romani,
688 3144 741 3186 ut
773 3132 1114 3205 Evangelicus
1147 3134 1313 3186 omnis
1343 3141 1644 3196 contextus,
1680 3140 1727 3186 et
1773 3132 1817 3185 is
1864 3133 2018 3186 etiam
2044 3133 2098 3186 in
2129 3149 2278 3202 quem
2322 3131 2619 3186 Ambrosius
2659 3131 2792 3186 nihil
2833 3131 3057 3196 dixerat,
3094 3129 3441 3185 exhiberetur.

118 3224 327 3280 Verum
368 3243 487 3280 cum
527 3227 582 3280 id
613 3237 860 3296 praestare
889 3228 968 3281 illi
994 3227 1340 3298 nequiverint,
1369 3227 1492 3297 quin
1523 3242 1628 3280 non
1669 3227 1836 3281 solum
1876 3242 2014 3295 stupe
2045 3227 2440 3280 Ambrosianum
2469 3227 2754 3280 orationem
2785 3222 3246 3292 interscinderent,
3274 3223 3364 3278 sed
3395 3232 3446 3279 et

103 3318 232 3372 illic
264 3317 412 3372 haud
439 3335 607 3389 pauca
634 3319 822 3389 partim
848 3320 1158 3375 inverterent
1176 3359 1192 3387 ,
1223 3320 1412 3392 partim
1433 3320 1755 3392 adjicerent;
1780 3320 1940 3374 satius
1963 3320 2127 3374 visunt
2154 3329 2228 3374 est
2255 3320 2338 3374 ubi
2368 3335 2542 3374 versus
2572 3321 2659 3390 qui
2688 3323 2962 3391 exponitur
2983 3359 2998 3386 ,
3031 3318 3356 3374 desideratur
3386 3319 3443 3372 iu

109 3413 493 3481 manuscriptis
520 3453 535 3478 ,
559 3413 708 3466 illum
739 3414 794 3466 in
822 3413 1053 3486 margine
1083 3414 1320 3467 editionis
1349 3413 1603 3468 indicare.

193 3504 450 3570 Quamvis
477 3506 647 3559 solum
678 3505 1023 3579 Evangelium
1073 3505 1229 3561 Lucae
1269 3506 1619 3561 enarrandum
1659 3505 1758 3560 sibi
1803 3508 2155 3576 proposuisset
2191 3507 2495 3562 Ambrosius
2519 3547 2534 3573 ,
2586 3506 2802 3562 subinde
2831 3517 3000 3560 tamen
3030 3505 3254 3560 aliorum
3285 3506 3442 3561 etiam

117 3599 269 3652 locos
299 3600 508 3668 exponit
537 3597 693 3668 (Lib.
720 3615 777 3665 ν,
804 3601 858 3653 in
884 3615 1002 3668 cap.
1030 3614 1097 3653 vn
1121 3617 1134 3664 ;
1168 3599 1260 3653 lib.
1288 3613 1359 3664 νι,
1392 3599 1447 3652 in
1473 3615 1589 3668 cap.
1618 3597 1711 3668 ιιι)
1739 3617 1752 3653 ς
1785 3599 1983 3668 quoties
2014 3599 2247 3653 uidelicet
2277 3599 2316 3653 ii
2355 3600 2434 3653 vel
2459 3599 2661 3670 aliquid
2684 3597 2869 3654 habere
2894 3599 3132 3652 videntur
3159 3597 3444 3667 peculiaris

117 3691 458 3761 difﬁcultatis
506 3690 662 3762 (Lib.
690 3708 725 3746 ιι
747 3729 760 3756 ,
790 3693 845 3746 in
871 3709 989 3762 cap.
1013 3707 1050 3748 ιι
1075 3700 1126 3746 et
1167 3690 1298 3763 ιιι),
1330 3691 1408 3746 vel
1439 3709 1471 3744 a
1496 3690 1640 3746 beato
1678 3688 1821 3745 Luca
1850 3694 1995 3761 fuere
2039 3691 2408 3761 prtBtermt'ssi;
2457 3707 2575 3745 cum
2614 3693 2846 3762 alioquin
2885 3707 3064 3746 eorum
3095 3689 3442 3762 cognitionem

122 3785 326 3853 populo
355 3785 568 3839 utilitati
605 3789 840 3856 futuram
876 3793 1067 3840 censet.
1104 3783 1340 3838 Desudat
1372 3785 1692 3854 potissimum
1719 3784 1775 3838 in
1802 3783 2141 3839 conciliandis
2171 3801 2287 3855 qua:
2329 3786 2472 3855 apud
2500 3786 2846 3859 evangelistas
2885 3795 3137 3856 apparent
3178 3785 3443 3840 contraria

127 3878 274 3949 (Lib.
310 3895 386 3946 ιιι,
413 3880 524 3934 init.
548 3895 567 3946 ;
593 3878 680 3932 lib.
708 3895 760 3944 ν,
783 3879 839 3933 in
863 3893 911 3932 c.
937 3895 966 3932 ν
993 3889 1042 3933 et
1073 3893 1156 3944 v1;
1190 3879 1280 3932 lib.
1304 3894 1400 3944 vn,
1431 3879 1484 3932 in
1515 3895 1633 3948 cap.
1660 3892 1756 3946 vn,
1787 3888 1833 3932 et
1859 3877 1982 3931 alibi
2011 3878 2252 3948 saepius),
2283 3887 2334 3933 et
2362 3879 2527 3933 sicubi
2553 3879 2734 3933 durior
2762 3879 2950 3933 littera:
2977 3879 3142 3934 nodus
3169 3878 3438 3945 inciderit,

127 3974 197 4026 ad
221 3974 545 4043 spititualem
565 3974 798 4044 confugit
828 3974 1298 4045 interpretationem
1325 3971 1466 4041 (Lib.
1490 3988 1546 4039 v,
1574 3973 1628 4026 in
1657 3988 1774 4042 cap.
1800 3987 1902 4036 vu;
1936 3971 2026 4024 lib.
2059 3987 2116 4035 ι,
2143 3971 2199 4025 in
2228 3987 2348 4040 cap.
2373 3972 2551 4043 nui),
2575 3974 2628 4025 in
2656 3988 2756 4042 qua
2785 3973 3004 4042 miriﬁce
3023 3972 3144 4027 illos
3172 3973 3442 4026 convenire

128 4071 464 4124 demonstrat.
501 4067 701 4122 Multus
744 4069 898 4122 estin
943 4067 1235 4122 enarranda
1266 4083 1418 4121 sensu
1461 4067 1692 4121 naturali
1734 4075 1885 4136 atque
1913 4066 2193 4131 historico;
2227 4065 2519 4135 frequenter
2565 4077 2736 4120 tamen
2778 4066 3058 4120 orationem
3097 4064 3341 4120 convertit
3369 4065 3440 4120 ad

131 4164 405 4234 mysticum
431 4178 449 4216 :
478 4163 568 4216 sed
589 4162 711 4215 inde
730 4178 868 4231 stupe
883 4163 1074 4232 stepius
1098 4161 1373 4234 prwclara,
1396 4161 1582 4229 quibus
1610 4161 1805 4230 passim
1828 4158 2315 4212 commentationem
2337 4168 2484 4214 suam
2503 4159 2752 4224 illustrat,
2776 4173 2979 4213 morum
3001 4165 3256 4230 praecepta
3271 4156 3438 4210 ducit.

135 4254 439 4321 I’rwcipuas
468 4269 666 4323 quoque
702 4255 941 4325 temporis
984 4254 1065 4308 sui
1102 4255 1348 4317 hwreses,
1376 4253 1558 4322 quibus
1591 4251 1783 4308 Christi
1811 4251 2055 4305 divinitas
2098 4251 2456 4320 impetebatur,
2500 4262 2802 4325 oppugnat,
2833 4255 2930 4307 hoc
2956 4263 3062 4320 est,
3092 4251 3436 4311 Manichwoi.

137 4347 500 4414 Phatinianos,
539 4348 788 4402 Arrianos
807 4388 823 4414 ,
853 4357 901 4401 et
926 4349 1019 4402 hos
1044 4363 1151 4418 pra:
1179 4348 1397 4411 ca'teris,
1433 4357 1486 4401 ut
1517 4355 1632 4418 pote
1654 4345 2042 4401 Catholicorum
2069 4363 2128 4401 ea
2165 4355 2465 4418 tentpestate
2491 4350 2660 4402 hostes
2696 4349 3105 4422 infamissimae;
3131 4349 3270 4402 unde
3295 4346 3440 4401 haud

134 4441 333 4514 injuria
358 4441 504 4495 liceat
528 4443 828 4512 afﬁrmare,
854 4441 985 4495 hanc
1006 4442 1050 4496 ei
1081 4441 1401 4512 potissimam
1423 4440 1583 4510 fuisse
1611 4457 1847 4506 causam,
1881 4457 1974 4494 cur
2002 4439 2347 4512 Evangelium
2381 4442 2539 4498 Luca:
2561 4444 2890 4513 interpretari
2913 4444 3056 4513 apud
3083 4460 3138 4498 se
3166 4451 3434 4496 statueret.

212 4534 324 4590 llos
351 4551 522 4590 omnes
543 4551 801 4590 sermones
830 4535 1021 4606 redegit
1052 4536 1104 4587 in
1129 4551 1288 4588 unum
1319 4550 1472 4604 opus,
1507 4533 1741 4604 illudque
1766 4535 2072 4604 inscriptum
2103 4535 2265 4590 voluit
2292 4536 2440 4592 titulo
2469 4539 2804 4608 expositionis
2846 4537 3117 4609 Evangelii
3147 4538 3435 4592 secundum

140 4627 332 4682 Lucant
353 4643 370 4684 :
395 4625 652 4699 quomodo
679 4628 853 4698 ipsum
879 4628 1033 4681 semel
1055 4635 1205 4697 atque
1232 4627 1417 4680 iterum
1439 4624 1500 4680 ab
1526 4627 1814 4700 Augustino
1839 4617 1979 4699 (Lib.
2008 4643 2024 4682 ι
2050 4623 2113 4682 de
2137 4626 2286 4684 Crat.
2324 4626 2494 4682 Clu-is.
2529 4646 2647 4700 cap.
2674 4629 2779 4696 44;
2814 4625 2882 4685 lib
2906 4647 2943 4685 ιι
2972 4633 3037 4686 de
3059 4625 3266 4686 Pereat.
3298 4632 3436 4703 orig.

139 4736 251 4792 cap.
279 4720 374 4785 bl;
405 4719 497 4774 lib.
531 4737 544 4773 ι
573 4729 710 4774 cont.
743 4715 947 4774 Julian.
984 4737 1027 4773 c.
1061 4715 1116 4785 3,
1150 4725 1196 4773 et
1227 4715 1316 4772 lib.
1353 4735 1411 4786 ιι,
1445 4733 1490 4772 c.
1526 4715 1594 4789 5)
1628 4720 1841 4772 citatum
1869 4720 2116 4789 reperias,
2150 4721 2234 4773 cui
2264 4736 2366 4774 non
2397 4723 2548 4790 pauci
2578 4740 2780 4794 quoque
2803 4742 2924 4778 mss.
2951 4725 3125 4778 hacin
3155 4741 3210 4779 re
3239 4728 3435 4795 favent.

144 4815 204 4867 At
225 4830 335 4868 vero
366 4815 531 4886 falsus
556 4826 629 4870 est
661 4815 844 4870 Sixtus
877 4817 1000 4868 Sen.
1034 4830 1152 4867 cum
1179 4813 1410 4868 eamdem
1437 4816 1572 4868 hanc
1595 4813 2076 4867 commentationem
2106 4813 2170 4866 ab
2202 4825 2412 4868 auctore
2448 4832 2540 4870 suo
2565 4818 2616 4870 in
2646 4817 2804 4871 libros
2827 4835 2928 4872 non
2951 4818 3112 4888 fuisse
3136 4818 3436 4874 distinctam

145 4912 315 4964 asserit
335 4913 426 4964 hoc
455 4920 776 4981 argumento,
803 4910 938 4978 quod
967 4908 1308 4981 Augustinus
1343 4925 1604 4979 nusquam
1631 4901 1754 4962 libri
1782 4903 2013 4977 alicujus
2045 4925 2328 4964 numerum
2358 4913 2488 4966 citat
2522 4911 2809 4982 (Biblioth.
2840 4915 2928 4968 lib.
2953 4914 3052 4978 ιν).
3088 4912 3210 4968 Non
3243 4915 3436 4986 legerat

151 5007 356 5074 profecto
386 5005 607 5072 primum
639 5004 866 5072 ejusdem
897 5002 1072 5058 Patris
1099 5003 1286 5058 librum
1315 5002 1383 5057 de
1415 5003 1598 5058 Gratia
1629 4999 1863 5066 Cllristi';
1897 5001 1949 5055 in
1979 5003 2090 5072 ejus
2119 5002 2251 5057 enim
2277 5015 2395 5076 cap.
2427 5007 2500 5061 44
2529 5016 2578 5061 et
2613 5007 2685 5063 45
2729 5011 2957 5078 plerique
2985 5010 3184 5079 operis,
3229 5010 3290 5062 de
3331 5025 3435 5077 quo

150 5099 351 5167 agimus,
375 5099 490 5152 libri
520 5115 730 5153 numero
760 5099 988 5153 indicato
1011 5101 1078 5152 ad
1100 5100 1352 5152 decim-nm
1379 5109 1534 5166 usque
1556 5101 1928 5150 ntentorantur.
1968 5096 2189 5152 Gravius
2216 5099 2389 5154 adhuc
2410 5112 2590 5172 peccat
2623 5102 2934 5158 Passerinus
2962 5104 2981 5174 (_
3005 5102 3071 5156 In
3112 5102 3370 5172 Apparat.
3389 5102 3434 5168 ),

152 5191 232 5257 qui
257 5189 377 5246 Siati
391 5191 652 5264 judicium
678 5201 856 5246 contra
886 5194 1160 5263 Augustini
1181 5192 1540 5248 auctoritatem
1571 5199 1799 5254 secutus,
1830 5201 2162 5246 memoratam
2187 5195 2516 5264 partitionem
2545 5209 2715 5269 negat.
2751 5198 2954 5267 Quippe
2975 5197 3187 5252 dubium
3207 5214 3309 5251 non
3333 5207 3432 5264 est,

153 5285 264 5352 quin
292 5284 686 5351 eateniplaribus,
712 5295 826 5352 quae
853 5283 990 5337 idem
1015 5285 1333 5356 Augustinus
1366 5275 1646 5348 lectitarit,
1694 5283 1910 5337 multum
1945 5285 2068 5353 ﬁdei
2098 5287 2162 5338 sit
2191 5287 2515 5355 habendum,
2558 5295 2660 5344 non
2703 5292 2870 5345 solum
2909 5299 3116 5360 propter
3146 5293 3435 5362 temporum

156 5376 456 5442 vicinitatem,
480 5376 571 5429 sed
601 5375 767 5429 multo
795 5377 958 5448 magis
981 5387 1191 5445 propter
1220 5376 1366 5430 illius
1391 5374 1630 5429 Doctoris
1662 5376 2003 5430 arctissimam
2035 5394 2151 5430 cum
2177 5379 2444 5434 Ambrosio
2475 5384 2906 5454 conjunczionem.
2945 5384 3192 5439 Fatemur
3221 5384 3434 5453 quidem

157 5469 211 5522 ab
232 5470 513 5524 illolibrum
537 5481 737 5525 sextum
760 5471 872 5524 loco
896 5471 1100 5538 septimi
1122 5475 1275 5525 semet
1298 5469 1556 5524 nominari
1579 5485 1595 5523 :
1618 5468 1708 5523 sed
1740 5471 1839 5524 nisi
1869 5473 2136 5540 postremis
2167 5487 2378 5543 operum
2410 5476 2681 5547 Augustini
2702 5479 3035 5550 scriptoribus
3065 5481 3200 5533 hunc
3225 5479 3434 5548 lapsum

162 5563 450 5655 (ribuendum
479 5575 645 5632 putes,
672 5567 805 5634 forte
832 5563 1106 5618 dicendum
1140 5567 1293 5636 fuerit
1315 5568 1370 5622 in
1401 5568 1496 5621 hoc
1533 5575 1763 5620 erratum
1791 5581 1899 5621 esse
1924 5566 1985 5620 ab
2016 5567 2080 5621 iis
2109 5568 2198 5638 qui
2226 5569 2485 5626 Ambrosii
2513 5575 2879 5643 expositionem
2901 5573 3246 5646 descripsere,
3281 5583 3336 5627 ut
3359 5572 3433 5626 ibi

162 5656 336 5724 septimi
359 5658 476 5711 libri
503 5658 706 5712 initium
736 5666 1006 5728 ponerent,
1046 5673 1144 5729 quo
1167 5659 1296 5714 sexti
1325 5660 1513 5714 limites
1543 5659 1750 5714 extendi
1775 5659 2060 5729 oportebat.

229 5749 438 5823 Scriptos
457 5769 592 5808 anno
623 5751 729 5809 576
752 5752 843 5808 hos
869 5751 1027 5807 libros
1049 5761 1226 5806 auctor
1249 5763 1322 5808 est
1345 5753 1602 5809 Baranius
1630 5745 1734 5824 (Ad
1759 5761 1880 5809 ann.
1907 5751 2062 5827 576),
2087 5758 2238 5812 unico
2262 5760 2504 5815 nimirum
2529 5779 2806 5834 persuasus
2829 5765 2963 5829 loco,
2988 5763 3076 5819 ubi
3110 5761 3200 5818 Vir
3221 5771 3436 5821 sanctus

169 5844 412 5901 Alanorum
439 5847 577 5920 (Lib.
603 5861 664 5917 κ,
684 5848 738 5903 in
767 5864 883 5920 cap.
913 5857 1000 5905 xxi
1019 5851 1037 5918 )
1056 5890 1071 5916 ,
1103 5848 1424 5919 aliarumque
1451 5851 1788 5906 barbarorum
1820 5852 1976 5918 bella,
2006 5861 2167 5923 negue
2193 5869 2294 5910 non
2320 5861 2510 5927 famem
2541 5863 2819 5932 quamdam
2850 5877 2910 5915 ac
2937 5872 3130 5934 pestem
3159 5842 3213 5913 in
3233 5859 3435 5916 attitud-

174 5940 233 6000 lia
251 5943 404 6000 omnia
427 5944 667 6004 miente
682 5959 733 6000 tn
760 5956 1027 6007 memorat.
1057 5943 1167 6003 Sed
1184 5947 1401 6020 magnus
1423 5945 1716 6004 Cardinalis
1737 5963 1910 6004 secum
1931 5939 2043 6021 ipse
2060 5957 2162 6004 non
2184 5949 2310 6006 satis
2332 5956 2600 6021 consentit,
2627 5969 2740 6010 cum
2765 5953 2919 6011 tradit
2947 5953 3250 6028 Apologiam
3276 5949 3448 6015 David
