4156 6346
487 294 624 350 1527
1841 289 2087 347 SANCTI
2123 289 2443 346 AMBROSII
3643 297 3784 354 1528

493 430 598 470 non
628 415 732 470 nisi
760 427 874 485 post
899 429 1091 469 annum
1116 414 1224 470 585
1248 414 1568 468 lucubratum
1590 428 1729 477 esse;
1754 419 1948 465 constat
1971 409 2227 480 siquidem
2252 425 2364 465 eam
2390 411 2540 464 citari
2570 413 2622 466 in
2649 413 2744 466 hac
2771 413 2885 483 ipsa
2908 412 3225 483 expositione
3249 411 3388 484 (Lib.
3413 429 3495 479 ιιι,
3516 414 3573 469 in
3592 431 3638 468 c.
3668 416 3778 487 tu),

483 527 546 564 ac
575 509 792 582 proinde
822 510 952 565 hanc
974 509 1078 563 dici
1103 507 1286 562 debere
1312 507 1405 562 illa
1432 506 1787 577 posteriorem.
1825 503 2153 574 Quapropter
2180 514 2234 557 ut
2271 503 2467 574 aliquid
2492 504 2692 574 firmius
2719 513 2996 571 statuatur,
3029 505 3403 561 observandum
3437 515 3513 561 est
3543 515 3782 562 sanctum

485 603 812 658 Ambrosiam
850 613 1122 668 antequam
1152 601 1205 654 in
1242 598 1578 672 Evangelium
1610 597 1764 654 Lucte
1792 598 2055 658 scriberet,
2088 598 2273 652 multos
2301 597 2486 654 libros.
2519 614 2738 668 quorum
2767 598 2954 653 ibidem
2984 600 3294 655 mentionem
3325 603 3482 672 facit,
3521 603 3575 656 in
3618 603 3786 656 lucem

486 697 736 761 emisisse,
763 712 809 749 v.
841 713 895 765 g.
922 695 991 749 de
1023 692 1204 747 Vicini“
1231 690 1366 762 (Lib.
1399 708 1458 755 ιι,
1489 694 1544 746 in
1569 707 1617 745 c.
1650 708 1719 757 ιι;
1751 691 1841 745 lib.
1867 707 1940 757 tv,
1968 693 2023 744 in
2046 707 2165 760 cap.
2186 692 2260 758 tv)
2292 701 2404 760 post
2434 708 2519 745 an.
2551 691 2681 756 577,
2713 690 2781 746 de
2813 690 2945 746 Fide
2974 690 3113 762 (Lib.
3141 708 3223 758 tu,
3255 697 3309 748 in
3337 711 3384 748 c.
3411 694 3490 765 ιιι)
3520 707 3633 765 post
3655 695 3785 762 379,

486 789 555 847 de
578 790 778 856 Spiritu
802 801 990 842 sancto
1020 787 1160 860 (Lib.
1189 788 1342 850 v1,in
1372 803 1485 859 cap.
1515 803 1563 841 νι
1583 785 1601 856 )
1624 804 1711 842 αιι.
1738 787 1862 850 581,
1893 785 2112 855 denique
2140 785 2458 856 Apologiam
2483 785 2650 841 David
2686 785 2837 854 (Lib.
2863 802 2922 854 ιι,
2952 787 3006 841 in
3032 804 3149 853 cap.
3175 803 3236 853 lt,
3275 798 3323 844 ct
3349 790 3510 859 alibi)
3544 801 3659 861 post
3683 790 3792 847 585

485 884 846 953 compositam.
879 883 1015 950 Quin
1049 883 1201 937 etiam
1230 897 1320 936 nec
1349 898 1499 935 suum
1529 883 1582 935 in
1616 880 1772 935 Isaia:
1803 881 2124 950 prophetiam
2165 879 2314 951 (Lib.
2338 895 2417 945 ιιι,
2449 882 2501 934 in
2521 897 2639 948 cap.
2667 879 2760 950 ιιι)
2793 880 3218 934 commentarium
3254 882 3388 937 silet.
3423 882 3553 950 Quae
3577 899 3694 937 cum
3717 884 3793 939 ita

482 980 608 1044 sint,
641 980 685 1030 si
714 976 971 1032 Baronius
993 987 1063 1032 tot
1098 977 1254 1032 libros
1285 978 1405 1031 huic
1433 978 1740 1044 expositioni
1782 978 2072 1040 praemissos
2101 975 2444 1043 expcndisset.
2479 975 2619 1030 haud
2645 991 2782 1046 aegre
2806 975 3282 1042 animadvertisset,
3312 985 3387 1030 tot
3413 993 3572 1045 opera
3603 979 3667 1032 ab
3703 994 3784 1046 eo,

484 1075 572 1140 qui
598 1073 665 1126 ad
687 1075 1032 1142 episcOpatum
1067 1090 1101 1126 α
1130 1073 1439 1142 praefectura
1468 1092 1602 1128 anno
1641 1084 1839 1127 tantum
1865 1071 1971 1126 374
2006 1073 2272 1126 traductus
2311 1071 2514 1135 fuerat,
2547 1071 2686 1124 intra
2724 1068 2855 1124 duos
2885 1085 3048 1123 annos
3077 1069 3369 1124 elucubrari
3398 1087 3501 1125 non
3537 1072 3784 1141 potuisse.

486 1164 594 1222 Sed
625 1180 736 1233 quae
765 1164 988 1220 Sanctus
1016 1177 1188 1220 noster
1215 1166 1277 1220 de
1304 1165 1524 1220 Iustina.
1552 1167 1607 1220 in
1637 1183 1692 1220 se
1721 1167 2070 1234 persecutione
2093 1164 2264 1218 scribit
2294 1161 2445 1235 (Lib.
2477 1179 2565 1219 vn.
2593 1164 2650 1217 in
2680 1180 2793 1232 cap.
2830 1178 2887 1217 ιχ
2910 1171 2926 1230 )
2951 1203 2966 1226 ,
3003 1178 3063 1216 ea
3092 1172 3286 1218 tantam
3307 1181 3424 1218 cum
3449 1164 3558 1219 illis
3594 1181 3711 1232 quia
3736 1166 3790 1220 in

481 1259 764 1327 scriptione
790 1259 856 1312 de
881 1260 1044 1314 Basil.
1075 1277 1178 1314 non
1213 1261 1327 1314 trad
1377 1261 1641 1332 leguntur,
1668 1260 1948 1330 praeferunt
1975 1259 2306 1330 afﬁnitatem;
2331 1269 2384 1312 ut
2412 1257 2533 1312 inde
2561 1267 2754 1313 constet
2784 1260 3264 1314 commentationem
3294 1259 3358 1311 de
3379 1276 3482 1329 qua
3508 1259 3788 1330 loquimur,

485 1369 587 1404 non
613 1351 712 1405 nisi
736 1352 924 1421 elapsis
954 1353 1269 1424 difﬁcillimis
1308 1354 1417 1408 illis
1447 1353 1756 1426 temporibus
1777 1394 1791 1415 ,
1836 1354 1889 1406 itl
1917 1363 2022 1418 est,
2066 1369 2167 1406 non
2195 1362 2314 1407 ante
2351 1369 2543 1406 annum
2573 1352 2678 1408 586
2714 1353 3006 1407 absolutam
3034 1369 3179 1419 esse;
3219 1351 3630 1422 quandoquidem
3667 1351 3794 1407 alibi

488 1447 610 1519 (Lib
661 1465 736 1513 ιι,
765 1449 818 1502 in
847 1465 963 1520 cap.
994 1453 1089 1519 xx)
1112 1467 1310 1519 pacem.
1345 1467 1499 1521 quam
1531 1450 1772 1520 deinceps
1800 1457 2072 1503 consecuta
2099 1457 2176 1502 est
2201 1447 2456 1506 Ecclesia.
2488 1447 2764 1501 memorari
2783 1448 3058 1502 obscurmn
3085 1463 3188 1501 non
3218 1457 3312 1501 est.
3349 1445 3517 1501 Porro
3545 1447 3687 1518 quod
3715 1447 3788 1501 ad

485 1541 702 1596 Baronii
730 1555 1112 1617 argumentum,
1137 1546 1185 1599 ei
1213 1562 1314 1598 non
1338 1544 1561 1599 absurde
1588 1544 1753 1616 quivis
1781 1543 2109 1612 respondeat,
2137 1543 2202 1598 de
2228 1542 2609 1598 incursionibus
2633 1541 2971 1597 barbarorum
2993 1543 3207 1597 istorum
3227 1581 3243 1609 ,
3275 1541 3492 1612 aliisque
3513 1543 3792 1597 calamita-

489 1638 622 1690 tibus
652 1648 908 1705 tamquam
935 1637 997 1691 de
1029 1637 1175 1692 rebus
1205 1639 1477 1708 praeteritis
1505 1639 1732 1692 locutum
1759 1637 2105 1692 Ambrosium.
3203 1629 3212 1638 ’

565 1729 789 1785 Multum
820 1731 1071 1801 temporis
1110 1731 1232 1786 dum
1261 1732 1307 1785 is
1337 1733 1649 1801 expositioni
1676 1731 1794 1786 huic
1825 1748 2040 1802 operam
2075 1732 2252 1796 daret,
2282 1741 2520 1786 exactum
2557 1740 2652 1786 est.
2682 1730 2839 1786 Enim
2867 1746 2986 1785 vero
3010 1747 3130 1785 cum
3161 1731 3256 1789 sub
3288 1731 3446 1802 ﬁnem
3485 1730 3605 1785 libri
3633 1731 3802 1802 quarti

488 1824 739 1894 signiﬁcet
778 1822 1070 1895 Epiphania
1107 1827 1236 1895 festa
1282 1825 1463 1894 paucis
1489 1834 1608 1878 ante
1633 1825 1809 1879 diebus
1849 1824 2104 1880 celebrata
2143 1842 2252 1880 esse
2281 1823 2432 1898 (Lib.
2466 1840 2540 1893 Iv,
2570 1827 2626 1880 in
2656 1842 2771 1896 cap.
2804 1824 2876 1898 v)
2906 1867 2921 1891 ,
2960 1828 3250 1898 superiores
3281 1825 3440 1880 libros
3483 1842 3579 1896 per
3604 1825 3799 1896 aliquot

489 1916 614 1968 anni
642 1916 878 1983 proxime
905 1917 1068 1982 elapsi
1092 1933 1287 1971 menses
1311 1918 1380 1971 ad
1403 1919 1651 1989 populum
1683 1920 2042 1985 pronuntiatos
2066 1919 2226 1990 fuisse
2246 1919 2510 1988 oportebat
2537 1933 2552 1972 :
2584 1935 2698 1973 cum
2721 1929 2890 1974 autem
2922 1936 2985 1974 ex
3011 1920 3140 1974 libro
3165 1930 3342 1975 octavo
3374 1919 3465 1993 (In
3492 1936 3610 1988 cap.
3640 1917 3792 1990 xm!)

485 2027 776 2066 sermonem
810 2013 1045 2068 habuerit
1075 2015 1445 2069 anniversariis
1484 2015 1887 2069 consecrationis
1916 2031 2025 2069 sua:
2050 2015 2312 2082 eucceniis,
2339 2015 2522 2086 qutein
2549 2014 2784 2069 Ecclesia
2811 2025 2918 2068 tum
2941 2012 3126 2070 Graeca
3155 2024 3261 2069 tum
3289 2012 3479 2069 Latina
3515 2030 3793 2084 numquam

492 2107 594 2162 nisi
617 2119 690 2161 vn
727 2107 842 2161 idus
867 2107 991 2162 Dec.
1030 2109 1394 2162 renuntiantur
1435 2106 1668 2182 (Baron.
1703 2109 1756 2162 in
1794 2107 2100 2180 Martyrol.,
2131 2107 2293 2180 etc.);
2326 2107 2462 2162 hanc
2494 2107 2764 2162 materiam
2791 2111 2950 2178 ferme
2976 2123 3067 2179 per
3095 2107 3353 2162 biennium
3383 2116 3655 2162 tractatam
3691 2122 3799 2162 esse

491 2204 828 2269 manifestum
854 2214 949 2258 est.
979 2201 1134 2257 Nihil
1158 2214 1326 2258 tamen
1351 2205 1435 2259 hic
1459 2205 1798 2267 admiramur,
1831 2221 1948 2258 cum
1973 2221 2037 2258 ex
2063 2205 2351 2275 Augustino
2379 2202 2646 2275 (Confess.
2680 2202 2770 2258 lib.
2803 2218 2873 2268 VI,
2909 2219 3024 2276 cap.
3050 2203 3108 2273 5)
3135 2202 3550 2274 cognoverimus,
3578 2201 3799 2256 Ambro-

502 2295 631 2350 sium
674 2297 958 2350 Dominicis
1000 2306 1200 2350 tantum
1242 2296 1424 2350 diebus
1454 2295 1606 2350 verba
1644 2300 1815 2369 facere
1849 2299 2172 2354 consuevisse
2203 2313 2222 2352 :
2259 2315 2352 2353 nec
2386 2297 2522 2352 illud
2549 2301 2704 2353 etiam
2748 2297 3042 2368 ignoremus
3067 2298 3239 2366 ipsum
3267 2295 3329 2350 ab
3374 2303 3678 2368 argumento
3705 2311 3798 2350 suo

494 2391 803 2461 quandoque
831 2401 1099 2446 avocatum
1127 2408 1235 2445 esse
1256 2402 1467 2464 propter
1494 2395 1717 2466 majores
1738 2393 2104 2459 solemnitates,
2128 2393 2562 2460 quemadmodum
2586 2409 2679 2447 usu
2701 2391 2938 2445 veniebat
2956 2392 3009 2444 in
3032 2407 3181 2445 sacro
3205 2388 3432 2454 Pascha,
3457 2407 3557 2456 quo
3579 2399 3804 2462 tempore

492 2484 607 2555 ipse
633 2499 724 2552 per
754 2501 808 2538 se
839 2484 1232 2538 catechumenos
1259 2484 1574 2539 instituebat.
1609 2486 1715 2541 Sed
1743 2487 1980 2555 fortassis
2010 2487 2162 2541 etiam
2193 2487 2494 2558 contigerit,
2523 2496 2580 2541 ut
2607 2486 2952 2541 intermissum
2979 2501 3111 2556 Opus
3140 2495 3355 2558 prapter
3381 2483 3607 2541 Justinte
3630 2501 3803 2558 perse-

496 2579 776 2642 cutionem,
811 2579 1016 2633 reddita
1045 2578 1249 2632 demum
1279 2578 1654 2649 tranquillitate
1675 2581 1969 2652 perfecerit.
3759 2649 3762 2652 ,

572 2667 638 2724 In
669 2671 930 2743 prioribus
960 2671 1104 2725 libris
1132 2670 1385 2724 nonnulla
1410 2681 1673 2724 mutuatus
1705 2681 1779 2725 est
1807 2673 1870 2726 ab
1904 2671 2128 2745 Origene
2158 2672 2383 2745 (Homil.
2416 2675 2469 2728 in
2495 2672 2654 2746 Luc.)
2689 2673 2876 2730 Utrum
2906 2683 3078 2730 autem
3103 2675 3256 2730 illum
3283 2692 3484 2749 quoque
3509 2676 3560 2730 in
3586 2692 3802 2744 sequen-

499 2762 631 2816 tibus
653 2762 866 2816 subinde
885 2761 1079 2816 imitari
1103 2763 1385 2831 perrexerit
1407 2804 1422 2828 ,
1463 2778 1581 2817 cum
1601 2779 1705 2816 non
1728 2767 1901 2818 omnia
1939 2765 2221 2822 doctissimi
2246 2767 2388 2822 illius
2421 2765 2601 2821 Patris
2629 2784 2788 2840 Opera
2827 2768 2896 2822 ad
2925 2785 3018 2823 nos
3044 2772 3398 2838 pervenerint.
3429 2771 3640 2841 definiri
3667 2781 3807 2825 certo

498 2874 604 2912 non
642 2867 826 2926 potest.
869 2855 1059 2912 Verum
1089 2875 1154 2913 ex
1186 2857 1447 2913 Ambrosii
1481 2860 1716 2915 oratione
1745 2862 1872 2915 satis
1896 2863 2164 2936 intelligas
2206 2864 2376 2936 ipsum
2420 2865 2608 2919 nemini
2652 2865 2847 2919 homini
2886 2867 3128 2937 privatim
3173 2867 3520 2922 adhaerentem
3545 2867 3828 2921 variorum.

500 2965 773 3008 auctorum
794 2955 1066 3024 opiniones
1102 2955 1239 3025 (Lib.
1262 2973 1356 3021 vn,
1387 2957 1442 3012 in
1464 2975 1583 3027 cap.
1611 2974 1719 3021 xw,
1747 2975 1836 3014 ΧΠ
1865 2970 1910 3015 ει
1938 2960 2063 3014 alibi
2088 2961 2321 3033 saepius),
2343 2972 2497 3032 prout
2522 2962 2574 3015 in
2595 2978 2703 3016 rem
2729 2978 2874 3016 suam
2893 2978 3003 3017 esse
3023 2962 3346 3027 videbantur,
3378 2977 3684 3034 praponere,
3711 2978 3807 3017 nec

499 3065 606 3103 non
633 3048 794 3101 multa
826 3047 1075 3104 Ecclesice
1103 3066 1233 3116 suat,
1255 3051 1464 3119 illisque
1499 3054 1812 3123 temporibus
1843 3053 2180 3124 congruentia
2209 3052 2400 3119 dicere,
2426 3068 2541 3124 quw
2561 3069 2678 3107 cum
2703 3052 2942 3126 Origenis
2970 3053 3209 3107 doctrina
3229 3053 3438 3107 minime
3461 3053 3806 3108 cohaerebant.

504 3141 578 3199 Ca
597 3153 762 3198 terum
789 3143 834 3197 si
863 3143 987 3214 quid
1009 3160 1074 3198 ex
1097 3144 1242 3198 illius
1272 3146 1480 3213 scriptis
1509 3147 1731 3200 aliorum
1755 3146 1977 3201 Patrum
2003 3147 2073 3201 ad
2098 3147 2262 3202 instar
2290 3146 2485 3213 hausit,
2514 3162 2615 3200 non
2637 3146 2938 3200 dubitarunt
2964 3147 3120 3200 etiam
3146 3146 3458 3216 posteriores
3483 3162 3548 3201 ex
3568 3145 3665 3200 hac
3691 3146 3811 3216 pul-

501 3234 760 3289 cherrima
786 3237 1214 3289 commentatione
1242 3237 1465 3307 plurima
1495 3236 1788 3308 decerpere.
1813 3236 1878 3291 In
1903 3238 2084 3308 primis
2109 3238 2295 3308 falcem
2325 3237 2533 3291 immisit
2557 3239 2612 3291 in
2641 3236 2774 3291 hanc
2801 3247 3016 3308 segetem
3041 3237 3102 3293 S.
3129 3236 3424 3303 Maximus;
3454 3239 3584 3294 adeo
3616 3249 3669 3292 ut
3696 3242 3809 3312 ejus

504 3328 713 3383 nomine
741 3329 977 3397 quaedam
1002 3345 1066 3384 ex
1102 3329 1197 3383 hoc
1224 3329 1564 3385 Ambrosiano
1593 3339 1816 3384 tractatu
1847 3341 2052 3399 sumpta
2077 3329 2406 3401 Lanfrancus
2439 3345 2496 3384 χι
2523 3329 2713 3384 steculo
2741 3329 2968 3383 citaverit
2993 3327 3181 3397 (Libel.
3216 3329 3280 3383 de
3299 3329 3532 3384 Celanda
3559 3327 3808 3399 confes.).

586 3419 778 3487 Porro,
808 3421 853 3474 si
879 3420 1072 3487 Ruﬁno
1097 3423 1352 3477 credimus
1377 3422 1514 3494 (Lib.
1545 3438 1581 3477 ιι
1611 3419 1842 3492 lnvect.)
1869 3463 1884 3488 ,
1914 3430 2023 3475 erat
2054 3422 2150 3476 hoc
2178 3421 2348 3494 ipsum
2377 3437 2506 3490 Opus
2529 3437 2684 3474 unum
2711 3436 2740 3474 e
2763 3418 2966 3474 duobus
2995 3419 3103 3474 illis
3125 3420 3531 3484 commentariis,
3562 3436 3593 3474 e
3611 3419 3813 3492 quibus

503 3515 663 3576 alter.
695 3525 752 3569 ut
778 3531 841 3569 ex
860 3513 1047 3570 Paulae
1073 3526 1225 3586 atque
1252 3515 1520 3570 Eustachii
1549 3515 1744 3577 iudicio
1771 3514 1927 3582 refert
1961 3513 2333 3585 Hieronymus,
2360 3522 2414 3567 et
2441 3511 2693 3566 sensibus
2721 3511 2886 3566 hebes
2913 3517 3084 3576 esset,
3108 3520 3162 3566 et
3196 3509 3380 3566 verbis
3405 3527 3419 3564 :
3445 3509 3586 3566 alter
3607 3510 3662 3566 in
3687 3524 3812 3565 ver—

501 3607 585 3663 bis
612 3607 844 3672 luderet,
877 3608 928 3661 in
959 3608 1247 3662 sententiis
1269 3607 1591 3662 dormitaret
1619 3605 1816 3678 (Epist.
1845 3605 1912 3658 ad
1944 3604 2100 3659 Paul.
2134 3613 2181 3658 et
2205 3601 2509 3674 Eustoch.).
2541 3601 2648 3657 Sed
2677 3604 2773 3655 etsi
2801 3609 3059 3656 constaret
3091 3617 3151 3655 cu
3173 3600 3238 3655 de
3263 3617 3337 3666 re,
3362 3601 3503 3655 varie
3525 3601 3808 3655 admodum

507 3700 571 3755 de
597 3699 1041 3755 lucubrationibus
1089 3701 1254 3754 sancti
1279 3699 1537 3754 Ambrosii
1576 3699 1800 3753 locutum
1829 3696 2235 3770 Hieronymum,
2269 3707 2317 3752 et
2355 3708 2387 3750 a
2409 3696 2624 3752 summis
2653 3696 2910 3751 interdum
2934 3695 3174 3750 laudibus
3201 3695 3270 3750 ad
3297 3705 3644 3765 contemptum
3664 3693 3813 3750 haud

503 3794 633 3848 satis
659 3810 863 3864 aequum
892 3793 1237 3858 descendisse,
1273 3793 1328 3846 in
1355 3792 1589 3861 confesso
1624 3801 1720 3846 est.
1753 3790 1928 3864 Hujus
1965 3790 2227 3846 varietatis
2253 3788 2376 3844 alibi
2401 3790 2650 3844 rationem
2680 3788 2979 3858 aperuimus
3010 3786 3325 3859 (Prtefat.).
3356 3785 3573 3841 Interim
3598 3785 3810 3854 exposi-

507 3887 667 3942 tionis
692 3887 1045 3942 Ambrosiante
1064 3889 1264 3941 utilitas
1284 3896 1332 3941 et
1363 3884 1670 3940 excellentia
1694 3884 1900 3939 abunde
1930 3883 2247 3947 vindicatur,
2270 3891 2377 3936 tum
2402 3883 2538 3952 quod
2565 3882 2714 3935 toties
2739 3881 2800 3934 ab
2823 3879 3110 3952 Augustino
3137 3877 3292 3946 (Lac.
3317 3878 3466 3951 cit.),
3501 3879 3812 3936 Cassiodoro

509 3976 650 4051 (Lib.
683 3978 747 4033 de
777 3978 950 4034 lnstit.
975 3980 1136 4034 divin.
1163 3979 1265 4034 litt.
1297 3995 1412 4049 cap.
1448 3977 1525 4050 7),
1559 3988 1711 4045 atque
1736 3977 1855 4034 aliis
1882 3993 1985 4032 non
2005 3977 2116 4030 sine
2143 3975 2300 4030 laude
2339 3984 2620 4029 memorata
2645 3984 2740 4038 est,
2771 3983 2878 4027 tum
2902 3973 3040 4043 quod
3067 3974 3295 4043 ejusdem
3315 3973 3624 4030 auctoritate
3649 3989 3809 4045 syno-

505 4071 630 4125 dum
661 4070 875 4145 Hispal.
919 4073 1199 4128 secundam
1228 4089 1366 4127 anno
1394 4069 1499 4126 619
1549 4080 1599 4126 et
1648 4071 1863 4140 Sextum
1903 4070 2194 4139 generalem
2223 4066 2379 4140 (Act.
2413 4067 2513 4136 10)
2551 4064 2657 4122 680
2687 4064 2944 4130 habitam,
2990 4079 3114 4118 usas
3153 4064 3519 4135 comperimus.
3566 4062 3673 4120 Sed
3714 4079 3807 4118 nec

507 4162 862 4236 Hieronymus
890 4165 998 4235 ipse
1019 4183 1178 4231 usque
1215 4165 1347 4220 adeo
1395 4180 1488 4235 pro
1514 4162 1930 4220 contemnendis
1969 4162 2123 4232 nugis
2164 4161 2343 4215 habuit
2369 4161 2502 4216 hanc
2530 4160 2924 4232 expositionem,
2957 4168 3012 4213 ut
3055 4175 3158 4214 non
3182 4158 3251 4214 ad
3277 4158 3423 4214 illam
3447 4158 3660 4214 lectores
3679 4175 3801 4215 suos

504 4258 784 4329 aliquando
805 4260 1053 4314 remiserit
1088 4257 1282 4332 (Epist.
1311 4258 1436 4324 151,
1465 4266 1645 4328 quiest.
1670 4256 1746 4328 6).

873 4483 1896 4650 SANCTI
2035 4480 3390 4648 AMBROSII

1708 4741 2286 4827 MEDIOLANENSIS
2344 4739 2683 4824 EPISGOPI

1519 4897 2820 5051 EXPOSITIO

678 5126 1681 5260 EVANGELII
1831 5120 2851 5256 SECUNDUM
3001 5121 3640 5256 LUCAM

1403 5335 1766 5409 LIBRIS
1860 5335 1934 5407 X
2038 5332 2927 5407 COMPBEHENSA.

526 4383 3802 4412 MM.“—

1648 5500 2696 5531 '==—__—===

1838 5593 2517 5679 PROLOGUS.

595 5745 803 5819 1261
848 5745 897 5821 l.
940 5744 1203 5814 Scripturi
1233 5743 1298 5819 in
1333 5743 1609 5816 Evangelii
1648 5742 1871 5798 Librum
1896 5782 1911 5808 ,
1952 5756 2114 5812 quem
2221 5740 2544 5804 minicarum
2576 5738 2930 5797 distinctione
2953 5737 3202 5817 digessit,
3233 5736 3438 5812 stylum
3460 5735 3638 5808 ipsum
3665 5735 3824 5828 prius

513 5837 693 5896 Lucas
742 5847 960 5896 sanctus
1001 5839 1245 5912 pleniore
1303 5837 1540 5909 quodam
1580 5837 1744 5894 modo
1783 5849 1966 5892 rerum
2007 5833 2114 5892 Do-
2220 5836 2603 5908 exponendum
2643 5847 2936 5906 putamus;
2989 5841 3075 5890 est
3119 5832 3267 5891 enim
3317 5831 3632 5890 historicus.
3685 5829 3820 5888 Nam
