3982 6478
15 370 47 425 ι
59 371 223 427 539

1068 367 1435 427 EXPOSITIO
1472 367 1729 426 EVANG.
1770 369 1919 426 SEC.
1961 371 2118 429 LUC.
2161 371 2545 432 PROLOGUS.

3277 382 3300 436 l
3312 379 3418 436 530

15 485 204 542 licet
258 486 563 560 Scriptura
601 486 780 543 divina
822 484 1116 543 mundanae
1153 494 1378 541 evacuet
1433 485 1712 557 sapientia:
1738 490 1792 552 Α
1817 486 2120 559 pientiam;
2170 504 2401 562 quorum
2454 489 2547 547 alii
2595 503 2717 547 cum
2765 491 2936 548 variis
2975 492 3268 564 generibus
3308 494 3420 550 sint

15 580 493 656 disciplinam,
534 582 678 655 quod
718 581 924 654 majore
963 581 1140 637 fucata
1178 581 1468 637 verborum
1508 580 1714 638 ambitu

18 700 255 755 quam
298 702 487 744 rerum
519 685 730 741 ratione
768 681 1001 740 subnixa
1041 682 1151 738 sit:
1193 688 1371 737 tamen
1412 681 1459 736 si
1497 681 1620 752 quis
1657 680 1711 737 in

20 777 415 853 Scripturis
459 779 659 836 divinis
706 780 871 835 etiam
922 776 1013 833 illa
1061 789 1203 849 qute‘
1232 774 1475 831 miranda
1508 774 1585 831 illi
1616 791 1713 846 pu—

27 880 198 929 tant
237 915 261 940 ,
317 873 515 945 qua:rit
539 914 556 942 ,
595 871 856 929 inveniet.

126 967 206 1022 2.
250 968 395 1024 Tria
436 975 568 1024 sunt
608 967 753 1023 enim
804 980 928 1039 qua:
969 964 1275 1036 philosophi
1323 963 1510 1020 mttttdi
1557 965 1714 1021 istius

32 1064 620 1135 praecellentissima
648 1070 996 1133 putaverunt,
1021 1070 1046 1098 α
1070 1061 1337 1131 triplicem
1360 1059 1570 1116 scilicet
1591 1074 1716 1116 esse

27 1156 440 1224 sapientiam
463 1194 481 1223 ,
509 1154 655 1226 quod
685 1165 777 1209 aut
805 1152 1066 1209 naturalis
1091 1151 1191 1218 sit,
1219 1160 1313 1206 aut
1341 1150 1592 1216 moralis,
1623 1160 1715 1205 aut

36 1249 479 1307 rationabilis.
524 1249 654 1304 llaec
692 1248 799 1304 tria
832 1246 942 1318 jam
982 1255 1035 1302 et
1076 1245 1127 1300 in
1167 1244 1337 1300 veteri
1362 1244 1716 1300 Testamento

38 1344 391 1416 pOtuimus
415 1341 728 1399 advertere.
756 1340 896 1410 Quid
921 1337 1064 1395 enim
1091 1337 1236 1393 aliud
1266 1337 1575 1407 signiﬁcant
1605 1346 1716 1393 tres

44 1438 155 1495 illi
196 1437 419 1510 putei,
448 1452 678 1509 quorum
710 1450 849 1491 unus
885 1445 969 1489 est
1000 1430 1272 1500 Visionis,
1304 1429 1333 1470 δ
1366 1432 1506 1487 alius
1532 1430 1718 1487 Abun-

51 1531 361 1596 dantius,
407 1531 601 1587 tertius
634 1526 932 1586 Juramenti
959 1543 972 1580 :
1004 1524 1105 1579 nisi
1149 1524 1419 1594 triplicem
1462 1524 1617 1579 istam
1661 1525 1716 1579 in

58 1622 454 1682 Patriarchis
485 1623 653 1677 fuisse
683 1618 975 1675 virtutem?
998 1615 1366 1672 Rationabilis
1404 1625 1599 1687 puteus
1619 1614 1714 1671 Vi-

59 1716 285 1772 siOnis
316 1732 335 1782 ;
365 1729 433 1770 eo
462 1713 603 1784 quod
636 1711 772 1768 ratio
801 1710 978 1766 visum
1011 1710 1212 1767 mentis
1241 1720 1434 1775 acuat,
1466 1716 1523 1764 et
1551 1708 1718 1765 animi

60 1816 313 1880 purget
364 1808 638 1864 obtutum.
688 1804 912 1862 Ethicus
968 1814 1168 1875 puteus
1192 1803 1594 1870 Abundantize;
1651 1818 1718 1859 eo

1816 580 2041 650 referti,
2075 584 2271 656 singuli
2306 594 2486 641 tamen
2512 583 2736 642 diverso
2759 601 2963 657 genere
2991 586 3294 657 praestant?
3320 587 3418 644 Est

1815 675 1962 731 enim
1994 692 2122 733 vere
2151 678 2418 747 sapientia
2450 678 2714 735 naturalis
2743 676 2771 717 (ι
2803 679 2856 735 in
2891 679 3034 737 libro
3059 680 3418 753 evangelista:

1813 771 2061 828 Joannis.
2108 772 2281 830 Nemo
2309 776 2452 831 enim
2477 814 2495 839 ,
2540 775 2716 832 audeo
2739 775 2924 833 dicere
2947 816 2962 843 ,
2989 784 3138 831 tanta
3169 775 3420 833 sublimi-

1817 874 1928 923 tate
1967 868 2252 938 sapientia:
2294 870 2635 940 maiestatem
2684 870 2778 927 Dei
2820 870 2990 935 vidit,
3021 879 3077 927 et
3106 870 3264 927 nobis
3292 885 3423 942 pro-

1815 963 1936 1032 prio
1963 976 2219 1018 sermone
2251 966 2544 1020 reseravit.
2571 963 2935 1020 Transcendit
2978 963 3190 1029 nubes.
3239 972 3419 1019 trans-

1816 1055 2004 1110 cendit
2043 1055 2590 1133 Virtutes_ca:lorutn
2621 1098 2636 1122 ,
2682 1056 2994 1113 transendit
3041 1056 3282 1129 Angelos
3308 1096 3324 1123 ,
3363 1064 3422 1112 et

1816 1153 2053 1209 Verbqu
2084 1153 2137 1209 in
2171 1151 2439 1225 principio
2469 1153 2680 1223 reperit
2708 1164 2764 1209 et
2795 1150 3035 1209 Verbum
3068 1154 3211 1223 apud
3245 1152 3414 1208 Deum

1815 1245 1972 1303 vidit.
2003 1245 2134 1315 Quis
2160 1255 2341 1302 autem
2375 1245 2638 1302 moralius
2667 1246 2969 1302 secundum
2996 1246 3272 1303 hominem
3302 1245 3421 1301 sin-

1815 1341 1940 1413 gula
1968 1349 2319 1413 persecutus,
2346 1356 2509 1412 quam
2539 1348 2761 1395 sanctus
2787 1340 3096 1406 Mattharus,
3126 1342 3216 1411 qui
3249 1338 3425 1397 edidit

1820 1434 1982 1490 nobis
2018 1433 2234 1506 1263
2277 1442 2548 1504 pra-cepta
2579 1432 2794 1488 vivendi
2820 1433 2844 1487 ?
2873 1432 3014 1503 Quid
3043 1434 3422 1491 rationabilius

1820 1526 1914 1582 illo
1947 1536 1971 1564 ο
2001 1526 2314 1583 admirabili
2345 1527 2633 1598 copulato,
2662 1542 2824 1598 quam
2856 1526 3001 1597 quod
3030 1537 3253 1583 sanctus
3283 1526 3429 1582 Mar-

1818 1633 1915 1676 cus
1964 1620 2020 1675 in
2068 1619 2346 1690 principio
2386 1621 2572 1676 Statim
2615 1619 2903 1676 locandum
2955 1620 3210 1692 putavit}
3242 1618 3417 1685 Ecce,

1819 1713 2031 1784 inquit,
2059 1713 2207 1768 mitto
2231 1712 2474 1786 angelum
2506 1729 2678 1768 meum
2709 1713 2728 1784 (
2753 1711 2922 1768 Marc.
2951 1728 2967 1768 ι
2993 1751 3009 1776 ,
3038 1711 3074 1766 2
3099 1721 3147 1767 et
3178 1713 3212 1767 5
3234 1712 3290 1784 ):
3322 1720 3380 1767 et
3400 1752 3418 1780 ,

1826 1807 1944 1863 Vox
1968 1807 2241 1864 clamantis
2268 1809 2323 1862 in
2362 1807 2603 1871 deserto;
2648 1815 2707 1860 ut
2742 1813 2801 1862 et
2837 1804 3254 1863 admirationem
3301 1818 3421 1860 mo-

58 1901 244 1973 quod
301 1898 633 1957 cedentibus
682 1897 982 1973 allophylis
1008 1940 1024 1964 ,
1067 1913 1299 1969 quorum
1350 1898 1535 1967 specie
1586 1898 1714 1953 vitia
1747 1888 1795 1951 Β
1822 1912 2001 1970 veret,
2049 1913 2104 1959 et
2146 1902 2365 1958 doceret
2390 1900 2668 1957 hominem
2705 1898 3013 1957 humilitate
3054 1908 3216 1972 atque
3255 1897 3429 1956 absti-

59 1992 362 2064 corporis
389 1993 710 2064 ﬁgurantur,
744 1991 881 2048 viva:
911 1992 1062 2049 Isaac
1092 1991 1362 2063 liquorem
1394 1991 1596 2047 mentis
1635 1992 1716 2047 in-

62 2087 274 2145 venit.
315 2086 526 2143 Purum
554 2087 698 2143 enim
729 2086 1004 2158 proﬂuunt
1029 2084 1159 2141 boni
1184 2099 1400 2153 mores,
1426 2096 1482 2141 ct
1503 2085 1716 2141 bonitas

61 2180 207 2253 ipsa
250 2180 547 2252 popularis
573 2180 816 2237 abundat
839 2179 962 2237 aliis
981 2221 998 2247 ,
1020 2178 1124 2235 sibi
1154 2180 1475 2235 restrictior.
1498 2179 1715 2236 Tertius

62 2285 300 2349 puteus
358 2274 704 2343 Juramenti,
756 2274 860 2332 hoc
897 2284 1021 2343 est,
1072 2275 1355 2347 sapientia:
1409 2275 1712 2342 naturalis,

60 2386 211 2443 qua:
273 2384 347 2425 ea
398 2385 521 2441 quae
570 2384 732 2439 supra
786 2376 1072 2436 naturam,
1124 2368 1210 2425 vel
1251 2378 1459 2424 naturae
1504 2367 1714 2442 1262

65 2474 219 2522 sunt
238 2505 260 2534 ,
289 2462 749 2535 comprehendat.
779 2462 933 2532 Quod
960 2462 1103 2518 enim
1130 2463 1452 2528 afﬁrmatur,
1483 2473 1533 2516 et
1560 2462 1714 2532 quasi

66 2560 202 2618 Deo
240 2568 397 2617 teste
432 2559 668 2626 iuratur,
710 2559 875 2614 etiam
906 2557 1090 2614 divina
1126 2556 1544 2627 complectitur;
1588 2571 1712 2611 cum

71 2657 377 2714 Dominus
409 2662 623 2711 naturae
645 2695 660 2721 ,
692 2652 819 2709 ﬁdei
850 2653 1005 2709 testis
1034 2650 1343 2708 adhibetur.
1376 2649 1519 2718 Quid
1548 2650 1711 2706 etiam

69 2758 205 2807 tres
238 2747 385 2805 libri
414 2746 750 2813 Salomonis,
784 2761 928 2803 unus
969 2746 1036 2801 de
1074 2743 1411 2806 Proverbiis.
1434 2742 1574 2799 alius
1617 2743 1717 2797 Ec-

74 2844 427 2909 clesiastes,
443 2842 640 2898 tertius
665 2842 735 2897 de
755 2840 993 2897 Canticis
1018 2837 1401 2905 Canticorum;
1432 2838 1534 2893 nisi
1561 2838 1716 2893 trime

78 2935 270 3006 ltujus
304 2934 611 2991 ostendunt
655 2933 815 2990 nobis
853 2931 1138 3002 sapientia:
1174 2940 1421 2987 sanctum
1463 2930 1713 2988 Salomo-

80 3045 223 3091 nem
272 3029 449 3084 fuisse
487 3026 795 3083 solertem?
832 3025 936 3094 Qui
989 3036 1012 3063 ο
1058 3023 1128 3080 de
1167 3023 1620 3092 rationabilibus,
1661 3031 1718 3079 ct

80 3119 306 3179 ethicis
339 3121 397 3176 in
428 3118 740 3175 Proverbiis
767 3117 990 3189 scripsit
1010 3157 1024 3179 ,
1067 3116 1135 3173 de
1165 3116 1501 3173 naturalibus
1530 3116 1582 3171 in
1616 3117 1718 3172 Ec-

85 3216 408 3282 clesiaste;
439 3213 569 3286 quia
613 3212 823 3269 Vanitas
852 3213 1139 3268 uanitatum
1161 3253 1179 3277 ,
1217 3220 1265 3266 et
1304 3212 1477 3266 omnia
1515 3212 1713 3266 vanitas

1817 1999 2004 2053 nentia
2035 2005 2089 2053 et
2115 1996 2221 2053 ﬁde
2252 1998 2467 2067 placere
2494 1995 2735 2063 debere,
2764 1995 2908 2052 sicut
2937 1995 3031 2052 ille
3057 2003 3283 2052 sanctus
3320 1993 3422 2051 Jo-

1814 2106 1986 2148 annes
2017 2092 2256 2164 Baptista
2286 2090 2374 2148 his
2411 2090 2477 2147 ad
2518 2090 2985 2147 immortalitatem
3025 2087 3286 2161 gradibus
3323 2101 3419 2144 asc

1816 2183 1997 2243 cendit
2020 2225 2036 2250 ,
2070 2187 2434 2249 vestimento,
2466 2184 2627 2250 cibo,
2662 2180 2899 2237 nuntio?

1886 2277 1943 2334 4.
1974 2279 2045 2333 At
2077 2292 2208 2334 vero
2236 2286 2458 2333 sanctus
2486 2274 2842 2351 Lucasvelut
2870 2272 3162 2345 quemdam
3193 2270 3420 2328 histori-

1815 2386 1939 2428 cum
1956 2372 2205 2428 ordinem
2226 2372 2427 2438 tenuit,
2452 2382 2507 2425 ct
2531 2371 2686 2444 plura
2712 2368 2867 2426 nobis
2890 2376 3173 2439 gestorum
3198 2365 3419 2423 Domini

1817 2467 2076 2525 miracula
2117 2467 2417 2524 revelavit:
2448 2466 2520 2521 ita
2573 2474 2754 2521 tamen
2805 2473 2865 2520 ut
2911 2464 3093 2520 omnis
3138 2459 3421 2532 sapientiae

1815 2563 2041 2619 virtutes
2098 2560 2372 2631 Evangelii
2430 2560 2590 2615 istius
2647 2558 3106 2628 complecteretur
3166 2553 3416 2609 historia.

1814 2656 1955 2726 Quid
1985 2656 2131 2711 enim
2171 2652 2575 2724 prtecellentius
2601 2651 2668 2707 ad
2700 2650 3026 2721 sapientiam
3069 2646 3374 2703 naturalem
3402 2684 3419 2710 ,

1814 2765 1978 2822 quam
2008 2748 2151 2818 quod
2166 2746 2431 2817 Spiritum
2458 2756 2705 2800 sanctum
2720 2750 3023 2801 creatorem
3052 2739 3215 2797 etiam
3237 2738 3421 2794 Domi-

1816 2846 1955 2901 nicte
1984 2844 2376 2899 incarnationis
2406 2842 2682 2899 exstitisse
2712 2838 2979 2897 reseravit
2998 2837 3151 2913 (an.
3183 2853 3236 2905 I,
3262 2837 3331 2892 55
3358 2834 3420 2905 )?

1822 2939 1842 2981 ι
1875 2941 2048 2997 Docet
2088 2955 2218 3011 ergo
2257 2939 2565 3006 naturalia,
2609 2938 2653 2993 si
2694 2946 2845 2992 creat
2882 2935 3129 3005 spiritus.
3171 2930 3329 2989 Unde
3368 2938 3426 2987 et

1816 3034 1985 3091 David
2010 3034 2215 3090 docens
2240 3032 2563 3100 sapientiam
2589 3031 2892 3087 naturalem
2917 3047 2929 3083 :
2958 3027 3181 3093 Emitte,
3210 3024 3417 3096 inquit,

1817 3129 2078 3201 Spiritum
2110 3139 2257 3182 tuum
2287 3136 2336 3182 et
2363 3126 2676 3181 creabantur
2702 3126 2721 3196 (
2746 3123 2895 3178 Psal.
2923 3138 3051 3188 cm,
3079 3120 3152 3176 20
3177 3119 3218 3191 ).
3251 3118 3419 3175 Docet

1819 3221 2046 3278 moralia
2078 3221 2130 3276 in
2162 3219 2355 3277 eodem
2387 3219 2563 3285 libro,
2594 3232 2719 3274 cum
2761 3232 2850 3273 me
2890 3216 2945 3272 in
2989 3215 3097 3269 illis
3134 3210 3422 3269 beatitudi-

87 3309 345 3384 (Eccles.
382 3323 435 3377 ι,
462 3306 531 3380 2)
555 3351 571 3374 ,
602 3322 723 3379 qua:
752 3307 808 3363 in
839 3306 944 3363 hoc
984 3305 1189 3362 mundo
1216 3315 1343 3361 sunt
1375 3307 1673 3360 constituta
1695 3347 1711 3373 ,

1824 3317 1981 3373 nibus
2010 3316 2171 3373 docet
2199 3330 2379 3371 mores
2404 3334 2418 3371 :
2445 3312 2897 3386 quemadmodum
2926 3324 3111 3366 amare
3140 3305 3417 3364 inimicum

97 3401 359 3459 Vanitati
399 3401 535 3457 enim
566 3410 804 3457 creatura
834 3401 1068 3474 subjecta
1095 3412 1171 3453 est
1210 3397 1387 3472 (Rom.
1414 3413 1508 3454 vtu
1527 3442 1541 3465 ,
1570 3398 1667 3470 20)
1692 3416 1707 3455 :

92 3495 167 3554 de
182 3494 498 3552 moralibus
512 3505 720 3561 autem,
733 3502 788 3551 et
808 3493 1224 3550 rationabilibus
1244 3491 1297 3547 in
1314 3491 1556 3550 Canticis
1568 3492 1712 3548 Can-

94 3590 345 3649 ticorum
376 3604 392 3656 ;
434 3602 500 3643 eo
538 3587 683 3659 quod
725 3602 848 3643 cum
894 3587 1092 3643 animae
1131 3595 1336 3643 nostra;
1364 3600 1517 3641 amor
1551 3584 1715 3642 Verbi

95 3683 356 3744 caelestis
388 3682 712 3746 infunditur.
745 3694 802 3740 et
834 3681 1148 3739 rationabili
1180 3694 1334 3737 mens
1364 3689 1550 3737 sancta
1579 3696 1715 3753 qua-

101 3778 233 3839 dam
262 3778 532 3836 societate
560 3778 941 3843 connectitur;
984 3775 1305 3834 admiranda
1336 3777 1594 3848 mysteria
1623 3791 1712 3834 re-

101 3873 388 3936 Velantur.

177 3968 239 4025 ‘5.
274 3966 641 4040 Evangelistis
671 3981 891 4039 quoque
930 3980 1092 4038 quam
1137 3973 1296 4037 putas
1340 3964 1584 4024 defuisse
1620 3981 1713 4023 sa-

182 4142 211 4172 ι
243 4132 400 4188 lianc
423 4129 792 4201 Philosophia:
819 4127 1142 4185 divisionem
1171 4128 1335 4197 vulgo
1367 4127 1578 4185 Platoni
1608 4130 1708 4185 ad-

113 4205 370 4263 tribuunt
394 4220 409 4256 :
437 4217 543 4269 qua
569 4201 638 4256 de
661 4216 720 4256 re
746 4201 817 4255 ita
845 4207 1064 4255 sanctus
1092 4201 1423 4269 Augustinus
1443 4241 1458 4264 .
1484 4202 1581 4256 lib.
1613 4217 1713 4258 νηί

112 4278 185 4334 de
205 4275 427 4332 Civitat.
456 4269 582 4339 Dei,
605 4287 725 4340 cap.
749 4270 822 4326 ιε
849 4269 1008 4325 Plato
1034 4309 1047 4322 .
1070 4310 1085 4324 .
1114 4310 1127 4323 .
1158 4312 1170 4324 .
1197 4271 1580 4343 philosophiam
1606 4290 1714 4343 per-

117 4349 302 4422 fecisse
326 4344 573 4402 laudatur
595 4384 612 4410 ,
639 4360 801 4422 quam
820 4344 873 4397 in
900 4352 1002 4422 tres
1027 4350 1199 4412 partes
1225 4341 1485 4422 distribuit
1510 4360 1528 4398 :
1556 4341 1713 4400 unam

117 4413 371 4476 muralem
396 4430 514 4489 qua:
537 4413 759 4469 morione
782 4415 836 4489 in
860 4413 1059 4489 actione
1078 4422 1309 4468 versatur
1331 4430 1351 4468 :
1375 4414 1593 4489 alteram
1619 4434 1714 4472 na-

118 4494 339 4547 turalem
361 4530 377 4556 ,
402 4485 519 4559 qua:
543 4486 966 4559 contemplationi
989 4485 1235 4556 deputata
1260 4494 1372 4559 est:
1397 4488 1598 4559 tertiam
1621 4505 1705 4543 ra-

122 4563 361 4618 tionalem
390 4557 493 4631 qua
520 4575 693 4614 verum
718 4557 1107 4631 disterminatnr
1143 4574 1176 4631 ᾳ
1215 4558 1372 4631 falso.
1416 4557 1561 4631 Idem
1606 4571 1714 4617 tra-

123 4634 257 4691 dunt
278 4626 473 4689 Cicero
492 4670 509 4697 ,
539 4631 631 4687 lib.
663 4646 682 4685 ι
707 4630 873 4685 Acad.
903 4639 1120 4700 quaest;
1150 4626 1331 4685 Laert.
1362 4629 1415 4685 in
1448 4629 1563 4686 Vita
1591 4630 1713 4687 Pla-

126 4707 301 4771 tonis;
343 4705 541 4760 Euseb.
592 4702 661 4758 de
696 4701 938 4771 Praepar.
981 4701 1188 4770 Evang.
1226 4700 1341 4773 lib.
1376 4718 1460 4768 χι,
1492 4718 1613 4773 cap.
1643 4704 1709 4770 2;

126 4773 447 4832 Plutarchus
484 4784 541 4831 et
567 4774 679 4830 alii.
721 4773 859 4831 Sunt
890 4784 1068 4830 tamen
1099 4773 1188 4844 qui
1223 4772 1627 4844 Philosophiam
1658 4776 1712 4831 in

130 4846 237 4904 duo
265 4856 471 4903 tantum
501 4847 745 4903 membra
773 4845 1133 4907 distribuant.
1172 4845 1472 4901 naturalem
1504 4861 1568 4901 ac
1597 4862 1712 4902 mo-

131 4919 327 4990 ralem.
353 4919 499 4990 quod
529 4933 640 4975 non
678 4918 937 4990 abhorret
974 4918 1046 4972 ab
1069 4915 1374 4990 Augustini
1404 4919 1681 4990 sententia
1702 4962 1717 4985 ,

1817 3410 2044 3468 debeam
2076 3409 2251 3481 (Luc.
2284 3426 2367 3477 Vl;
2395 3409 2467 3465 27
2496 3419 2547 3465 et
2571 3424 2678 3478 seq.
2709 3410 2769 3477 )z
2810 3402 3267 3478 quemadmodum
3308 3414 3419 3457 non
3502 3480 3505 3481 ν

1817 3504 2078 3572 referire,
2107 3514 2162 3561 et
2191 3520 2299 3561 nou
2328 3514 2681 3576 repercutere
2711 3500 3127 3557 verberantcm:
3160 3494 3422 3568 quemad.

1816 3600 2037 3657 modum
2062 3598 2411 3665 benefacere,
2439 3607 2688 3655 mutuum
2719 3595 2851 3652 dare
2879 3609 3001 3650 cum
3033 3590 3420 3662 desperatione

1814 3693 2284 3763 recuperatiouis,
2332 3700 2427 3747 aut
2472 3687 2934 3747 remunerationis
2992 3693 3048 3739 et
3123 3682 3418 3739 mercedis.

1814 3784 2026 3842 Merces
2054 3785 2197 3841 enim
2228 3785 2444 3841 facilius
2460 3783 2706 3856 sequitur
2721 3797 2830 3837 non
2847 3785 3275 3849 exspectantem.
3312 3775 3420 3830 Do-

1815 3880 1927 3936 cuit
1956 3880 2121 3936 etiam
2155 3880 2500 3935 rationabilia
2523 3920 2538 3945 ,
2567 3893 2691 3935 cum
2733 3878 2883 3946 lego,
2924 3874 3179 3945 quoniam
3226 3870 3328 3938 Qui
3358 3870 3424 3942 [i-

1819 3973 1950 4029 delis
1975 3984 2052 4030 est
2079 3974 2135 4030 in
2162 3975 2409 4042 minimo,
2441 3974 2596 4028 etiam
2625 3973 2681 4026 in
2707 3973 2911 4044 majore
2950 3968 3118 4037 ﬁdelis
3161 3975 3236 4022 est
3267 3964 3419 4039 (Luc.

1821 4134 2044 4206 legunt,
2076 4136 2415 4190 mirabilibus.
2450 4133 2777 4206 Verumetsi
2810 4131 3059 4206 videatur
3101 4126 3254 4206 hisce
3284 4140 3419 4206 mss.

1824 4196 2041 4273 ferere,
2092 4208 2235 4276 quod
2289 4208 2517 4277 legimus
2562 4205 2756 4261 influe
2807 4201 3053 4277 periodi,
3104 4196 3421 4277 admiranda

1822 4267 2067 4350 mysteria
2096 4267 2430 4346 revelantur;
2458 4286 2638 4333 tamen
2682 4267 2955 4343 receptam
2993 4267 3419 4350 lectionem-de-

1821 4338 1991 4406 fendit
2022 4350 2155 4405 illud
2186 4366 2253 4405 ex
2284 4338 2475 4406 eodem
2508 4350 2631 4404 loco
2660 4338 2977 4402 memorata:
3007 4356 3200 4410 expos.
3226 4381 3241 4402 ,
3280 4338 3421 4394 Hoc-

1819 4438 1918 4492 que
1953 4423 2005 4477 in
2045 4420 2275 4478 Canticis
2306 4423 2441 4477 lucet
2468 4431 2573 4475 tam
2604 4420 2877 4492 mysticum
2897 4457 2913 4481 ,
2943 4431 3099 4487 quam
3128 4412 3348 4467 morale.

1891 4512 1918 4550 ά
1955 4514 2097 4570 Edit.
2132 4523 2187 4569 et
2217 4529 2348 4570 mss.
2382 4513 2680 4583 aliquot,in
2707 4510 2840 4566 libro
2872 4506 3145 4583 Evangelii
3170 4504 3258 4576 qui
3270 4576 3280 4583 _
3290 4503 3421 4583 _scr_i-

1820 4586 1960 4640 bitur
1997 4586 2285 4641 secundum
2321 4573 2606 4639 Joannem.
2642 4583 2806 4638 Corb.
2835 4591 2997 4652 atque
3022 4573 3128 4633 'alii
3176 4573 3421 4631 melioris

1822 4666 1966 4713 nota:
1985 4699 2001 4722 ,
2034 4659 2088 4712 in
2118 4657 2253 4713 libro
2282 4657 2609 4728 evangelista:
2632 4652 2875 4708 Joannis.

1897 4760 1920 4789 ο
1951 4750 2154 4807 Omnes
2175 4751 2310 4807 edit.
2334 4766 2397 4805 ac
2421 4766 2552 4805 mss.
2577 4749 2804 4817 aliquot,
2826 4743 3125 4817 admirabili
3152 4741 3418 4817 copulata.

1743 4791 1799 4850 Β
1824 4791 2406 4892 Ριυτέἔὲῗίὄᾶἓῖιῖεέῖ
3035 4791 3191 4892 *ῃῖιιὶι
3216 4791 3420 4892 ﬁve—tati,

1824 4896 1955 4964 quin
1994 4904 2054 4949 ut
2091 4885 2291 4950 dicitur
2327 4885 2525 4956 actus;
2549 4901 2607 4949 et
2640 4902 2854 4959 actum;
2895 4892 2967 4964 ita
3005 4886 3169 4964 etiam
3208 4885 3422 4941 dicatur

137 4959 640 5047 L'iii'idcitméitiii"
653 4959 937 5061 εἷιὶἷιῖἱιὲςῖἐ
974 4959 1714 5059 ἶέιίὲ)ἐῖἕιὲἶὶι”’ᾖιῖᾗόἐῖἱρὶὶἷτέ

1825 4959 2112 5061 sentam;
2152 4976 2209 5061 ει,
2246 4966 2567 5061 aereaere;
2618 4964 2847 5061 ‘f.‘lfs“§.
2873 4961 3007 5061 e92;
3061 4959 3242 5061 “221:.
3271 4972 3422 5061 se:

138 5070 334 5131 partem
385 5062 620 5133 utrique,
664 5060 720 5117 id
769 5060 874 5130 est,
924 5060 1126 5116 actioni
1175 5069 1232 5115 et
1277 5061 1725 5131 contemplationi

139 5134 510 5191 necessariam.

208 5203 237 5244 δ
262 5208 402 5261 Alius
423 5203 774 5265 abundantia,
794 5203 942 5260 addit
960 5202 1092 5259 edit.
1119 5202 1278 5258 Rom.
1300 5216 1392 5256 seu
1414 5201 1723 5258 latitudinis.

212 5287 233 5317 ο
260 5276 383 5334 Mss.
410 5276 576 5333 Garri.
600 5285 658 5332 et
677 5274 869 5341 Taur.,
893 5276 956 5330 de
981 5275 1280 5339 moralibus,
1306 5275 1359 5328 id
1388 5283 1484 5338 est,
1510 5272 1712 5330 ethicist

147 5346 248 5404 Sed
272 5361 627 5420 prteterquam
653 5347 795 5418 quod
812 5346 913 5420 hic
952 5363 1056 5420 non
1098 5347 1424 5420 obscurum,
1467 5345 1566 5420 sed
1605 5346 1717 5401 cla-

148 5433 259 5491 rum
275 5417 637 5491 explicaretur
665 5417 760 5489 per
775 5418 1079 5491 obscurius,
1104 5417 1284 5491 etduo
1302 5417 1357 5472 hi
1380 5417 1507 5473 cod.
1527 5433 1718 5491 recen-

150 5490 302 5564 tiores
325 5488 447 5547 sunt
463 5534 479 5559 ,
504 5488 674 5564 quam
691 5499 750 5564 ut
771 5490 999 5564 aliorum
1027 5500 1081 5564 et
1108 5489 1238 5545 edit.
1267 5488 1555 5564 consensui
1583 5506 1721 5559 pra:-

1824 5029 2033 5094 sanctns
2059 5029 2320 5105 Marcusf
2358 5048 2412 5091 at
2459 5037 2590 5092 edit.
2642 5047 2748 5091 vet.
2798 5044 2854 5090 et
2898 5047 3058 5095 mss.,
3089 5046 3243 5105 quam
3284 5029 3423 5098 quod

1824 5121 2035 5166 sanctus
2068 5102 2298 5165 Marcus.
2332 5110 2462 5178 Quze
2502 5109 2665 5164 verba
2705 5123 2812 5161 non
2853 5102 3253 5178 incommodum
3292 5116 3421 5178 sett-

1829 5197 1947 5237 sum
1986 5182 2260 5248 efﬁcient,
2294 5171 2455 5237 modo
2492 5179 2869 5250 interpreteris
2897 5172 3275 5250 rationabilem
3304 5171 3425 5250 qui:

1827 5254 1952 5310 dem
1980 5269 2101 5309 esse
2129 5240 2276 5309 illum
2299 5240 2746 5323 copttlatum,'sed
2769 5240 3345 5323 adnuerationabilius
3367 5240 3422 5297 id

1825 5341 1980 5392 esse,
2015 5326 2159 5397 quod
2188 5325 2340 5380 illum
2370 5314 2560 5378 atatim
2591 5314 2747 5379 initio
2775 5318 2992 5376 duxerit
3019 5314 3417 5374 collocandum.

1904 5415 1923 5455 ί
1957 5416 2102 5473 Edit.
2130 5415 2291 5472 Rom.
2327 5418 2442 5472 haec
2472 5415 2735 5486 reiecerat
2768 5422 2888 5485 post
2924 5412 3128 5486 verba2
3157 5408 3236 5486 _Et
3276 5422 3423 5486 creat

1827 5488 2038 5554 buntur,
2068 5497 2260 5544 contra
2287 5498 2398 5544 vet.
2427 5478 2564 5545 edit'.
2586 5498 2643 5545 et
2670 5478 2801 5541 mss.
2830 5486 3070 5540 omnium
3101 5481 3283 5554 fidem.
3312 5478 3419 5534 Sed

152 5558 405 5630 ferantur:
447 5553 755 5620 communis
795 5562 956 5618 lectio
992 5562 1155 5617 etiam
1194 5560 1503 5617 conﬁrmari
1546 5553 1726 5630 potest
1827 5575 1930 5616 nec
1959 5553 2030 5615 ad
2062 5560 2166 5616 hoc
2196 5561 2306 5614 ulla
2334 5561 2560 5630 cogebat
2600 5558 2932 5619 necessitas.
2980 5569 3106 5610 cum
3149 5553 3220 5608 sit
3260 5567 3425 5622 supe-

154 5629 232 5705 his
255 5634 425 5691 verbis
446 5652 478 5692 e
507 5635 649 5691 Prol.
680 5648 868 5705 expos.
897 5633 950 5689 in
978 5632 1123 5689 Psal.
1149 5648 1316 5690 cxvut
1335 5675 1351 5699 ,
1382 5648 1437 5705 rt.
1468 5633 1501 5688 5
1525 5629 1640 5687 {Et
1668 5633 1723 5688 in

160 5701 427 5764 Proverbiis
453 5709 666 5779 mystica
692 5701 936 5777 plcraque
960 5708 1203 5779 reperias.
1226 5705 1295 5760 Et
1319 5703 1459 5779 infra
1487 5705 1575 5759 ubi
1605 5720 1722 5759 om-

160 5789 250 5831 nes
274 5781 393 5835 edit.
427 5776 549 5835 cum
579 5776 769 5847 majbri
800 5788 950 5849 parte
982 5776 1115 5832 mss.
1148 5778 1211 5831 de
1239 5776 1518 5832 moralibus
1547 5785 1722 5832 autent

160 5854 207 5923 et
234 5851 588 5923 rationalibus,
617 5851 743 5923 sive
774 5859 833 5923 ut
871 5849 1074 5923 habent
1104 5849 1350 5921 plerique
1391 5862 1522 5904 mss.
1555 5859 1718 5923 etgra-

165 5918 465 5979 tionabiltbus
484 5938 505 5978 :
519 5920 654 5978 Cod.
668 5920 833 5977 Corb'.
846 5931 902 5978 et
927 5921 1016 5975 alii
1040 5918 1247 5992 septem
1266 5918 1716 5995 pro,.moralibus,

1827 5631 1990 5688 rioris
2019 5633 2330 5699 sententia),
2359 5647 2512 5700 quam
2540 5632 2676 5702 quod
2717 5630 2970 5702 Spiritum
3010 5634 3244 5702 sanctum
3277 5638 3423 5702 crea-

1827 5712 1990 5758 torem
2010 5745 2025 5768 ,
2058 5714 2193 5772 etc.,
2224 5692 2503 5759 conclusio
2525 5692 2995 5774 {cujusqsequeus
3027 5698 3153 5751 illa:
3198 5692 3349 5749 Unde
3376 5701 3425 5774 et

1828 5763 2022 5842 David,
2050 5763 2551 5839 etc.,'conﬁrmatio
2582 5763 2685 5829 es't.
2715 5763 2987 5828 (Steterunt
3021 5779 3294 5842 ινδιξ-ηιμ.
3328 5763 3426 5819 sed

1825 5849 1924 5903 aevi
1966 5837 2290 5922 recentioris
2329 5862 2458 5918 pro,
2496 5846 2543 5902 si
2579 5857 2719 5901 creat
2761 5842 2989 5913 Spiritus
3015 5880 3031 5902 .
3074 5837 3312 5904 habent,
3340 5851 3423 5892 se-

1822 5929 1964 5974 creta
1987 5919 2240 5991 Spiritus.
