4156 6346
508 344 638 399 γει

1883 330 2127 396 sane?!
2166 324 2490 394 AMBROSII

3669 331 3807 389 i532

504 476 629 528 xvr,
664 457 793 531 id).
827 460 968 530 Quid
1000 458 1176 516 adhuc
1215 457 1283 515 de
1322 456 1661 514 naturalibus
1700 451 1877 515 dicam
1901 500 1915 525 ,
1957 456 2100 527 quod
2126 456 2180 520 Α
2206 448 2448 513 membra
2503 453 2759 527 perfusus
2784 496 2798 520 ,
2855 453 3115 524 suscipiat
3165 450 3465 509 certamina
3521 452 3763 508 veritatis
3790 494 3803 518 ,

504 550 692 610 docuit
719 554 949 609 virtutes
977 553 1240 609 caelorum
1269 550 1475 607 moveri
1506 548 1659 622 (Luc.
1691 558 1780 605 ιιι
1803 591 1817 617 ,
1838 546 1935 622 26)
1956 590 1972 617 ,
2001 546 2107 605 Do-

502 644 714 703 minum
743 646 920 703 solum
947 659 1075 703 esse
1104 643 1446 716 unigenitum
1476 643 1571 699 Dei
1605 640 1805 698 Filium
1824 685 1841 712 ,
1870 641 1924 697 in
1952 641 2107 712 cujus

506 739 761 810 passione
792 736 1035 794 tenebrae
1065 746 1165 806 per
1190 735 1335 792 diem
1365 734 1521 792 facta;
1550 742 1703 802 sunt,
1742 728 1885 792 terra
1914 734 2109 791 obscu-

508 840 627 889 rata
654 841 767 899 est,
802 830 883 885 sol
917 828 1114 901 refugit
1145 828 1297 902 (Luc.
1329 838 1490 897 unt,
1527 826 1668 898 si)?

580 927 632 984 5.
669 925 814 998 Ergo
833 940 1049 982 omnem
1069 941 1231 997 quem
1261 923 1532 980 mundana
1551 922 1655 979 sibi
1671 920 1956 994 prudentia
1973 921 2109 977 falso

507 1022 750 1078 vindicat
779 1020 1143 1098 principatum
1166 1065 1181 1089 ,
1216 1019 1482 1089 sapientia
1514 1032 1642 1074 vere
1671 1017 1913 1088 possidet
1942 1016 2108 1086 spiri-

517 1119 641 1174 talis
669 1136 681 1174 :
712 1118 1020 1191 praesertim
1071 1130 1193 1172 cum
1216 1159 1230 1184 ,
1263 1114 1525 1172 audacius
1554 1120 1614 1168 ut
1642 1110 1842 1184 aliquid
1882 1127 2113 1183 usurpe-

511 1220 664 1279 mus,
696 1211 815 1281 ipsa
847 1209 981 1267 ﬁdes
1013 1220 1200 1266 nostra
1222 1252 1237 1277 ,
1272 1214 1447 1280 ipsum
1478 1206 1795 1280 mysterium
1825 1204 2111 1261 Trinitatis

510 1305 630 1362 sine
660 1304 763 1361 hac
795 1303 996 1377 triplici
1028 1298 1294 1374 sapientia
1325 1316 1446 1357 esse
1473 1316 1579 1355 non
1614 1299 1825 1369 possit;
1860 1298 1961 1353 nisi
1992 1313 2113 1352 cre-

510 1398 704 1454 damus
751 1406 778 1435 ει
825 1409 879 1452 ει
929 1396 1084 1452 ἰΙΙιιιιι
1136 1394 1457 1451 naturaliter
1514 1394 1765 1461 Patrem,
1813 1391 1903 1462 qui
1955 1389 2113 1449 nobis

511 1492 699 1564 genuit
727 1490 1191 1563 Redemptorem:
1223 1496 1276 1546 et
1303 1491 1452 1545 illum
1481 1487 1719 1545 ethicum
1753 1484 1950 1543 Filium
1972 1529 1987 1553 ,
2019 1487 2113 1558 qui

512 1584 659 1640 Patri
701 1598 873 1654 usque
916 1582 982 1637 ad
1030 1591 1261 1639 martem
1311 1581 1612 1638 secundum
1659 1580 1932 1635 hominem
1984 1579 2116 1635 obe-

514 1676 703 1742 diens,
750 1691 850 1732 nos
894 1674 1178 1731 redemit:
1214 1683 1270 1730 et
1316 1674 1467 1731 illum
1511 1672 1892 1729 rationabilem
1936 1670 2114 1741 Spiris

518 1782 651 1837 tum,
685 1773 775 1840 qui
806 1768 1077 1826 rationem
1120 1769 1366 1826 colenda:
1412 1767 1709 1824 divinitatis
1731 1809 1746 1836 ,
1784 1776 1839 1822 et
1868 1766 1992 1821 vita:
2024 1780 2116 1820 re-

2208 549 2348 606 haud
2375 549 2537 606 dubie
2565 557 2826 621 perpetua
2860 548 3258 620 promerebitur
3293 558 3630 603 sacratarum
3662 562 3810 617 pra:-

2209 647 2316 702 mia
2371 656 2719 702 coronarum.
2774 643 3051 699 Bonorum
3109 642 3252 698 enim
3311 641 3559 697 laborum
3614 640 3811 698 nobilis

2210 737 2416 795 fructus
2465 748 2587 795 est:
2640 743 2695 793 et
2745 746 2949 808 quanto
3005 736 3156 805 plura
3214 734 3553 800 certamina,
3582 731 3613 773 δ
3658 742 3812 793 tanto

2212 835 2609 907 praecellentior
2637 849 2841 891 corona
2870 834 3154 889 virtutum.

2281 930 2335 985 7.
2369 927 2475 985 Sed
2504 927 2569 982 ad
2604 928 2937 998 propositum
2968 934 3330 982 revertamur.
3365 922 3636 980 Historico
3663 922 3812 979 enim

2212 1024 2352 1098 stylo
2378 1021 2613 1079 diximus
2642 1020 2787 1077 hunc
2818 1018 3101 1091 Evangelii
3133 1017 3326 1075 librum
3360 1032 3485 1074 esse
3512 1016 3810 1088 digestum.

2218 1117 2454 1187 Denique
2471 1111 2848 1171 describendis
2869 1114 3037 1184 magis
3055 1102 3236 1178 rebus,
3259 1126 3421 1182 quam
3446 1109 3816 1180 eXprimendis

2214 1210 2519 1283 praeceptis,
2539 1198 2776 1265 studium
2803 1206 3025 1263 uberius
3046 1204 3456 1276 comparatione
3479 1202 3710 1258 aliorum
3736 1202 3817 1256 vi-

2215 1308 2408 1363 demus
2430 1307 2759 1375 impensum.
2783 1301 2847 1359 Et
2874 1301 2990 1372 ipse
3012 1296 3353 1370 Evangelista
3380 1286 3642 1353 historico
3664 1306 3818 1352 more

2215 1417 2243 1454 a
2274 1398 2585 1454 narratione
2610 1400 2837 1468 sumpsit
2866 1393 3147 1451 exordium
3173 1408 3188 1447 ε
3212 1391 3359 1458 Fuit,
3394 1390 3583 1459 inquit,
3614 1389 3673 1444 in
3700 1389 3817 1443 die-

2217 1495 2309 1550 bus
2342 1490 2567 1547 Herodis
2593 1491 2726 1563 regis
2750 1484 2954 1545 Iudicat
2979 1485 3220 1542 sacerdos
3245 1485 3457 1555 quidam
3483 1483 3687 1538 nomine
3712 1478 3820 1538 Za-

2217 1586 2422 1641 oharias
2454 1581 2627 1656 (Luc.
2659 1599 2711 1648 ι,
2738 1579 2844 1654 5),
2876 1586 3101 1651 eamque
3134 1577 3415 1633 ltiStoriam
3451 1574 3609 1646 plena
3640 1574 3821 1645 diges-

2219 1679 2364 1734 tione
2394 1678 2754 1748 persequitur.
2789 1672 2945 1731 Unde
2972 1672 3133 1729 etiam
3166 1671 3202 1726 ii
3232 1673 3321 1741 qui
3354 1677 3588 1739 quatuor
3612 1669 3819 1723 anima-

2221 1770 2351 1826 lium
2385 1772 2585 1826 formas
2627 1785 2748 1839 qua:
2790 1769 2844 1823 in
2885 1765 3213 1837 Apocalypsi
3253 1764 3566 1821 revelantur
3609 1760 3817 1835 (Apoc.

513 1852 734 1928 sentiat.
796 1856 1050 1912 humanis
1116 1855 1427 1927 pectoribus
1504 1852 1721 1909 infudit
1790 1851 1901 1908 Nec
1966 1852 2362 1929 φύε-ΒΗΛ
2383 1863 2703 1936 ),qualnor
2732 1858 3012 1932 Evangelii
3043 1859 3215 1916 libros
3259 1857 3647 1929 intelligendos
3678 1856 3821 1911 arbi-

518 1963 677 2022 quam
707 1958 857 2021 putet
879 1964 978 2006 nos
1005 1949 1290 2021 potestatis
1314 1958 1409 2003 aut
1436 1948 1655 2003 virtutis
1692 1946 1886 2005 fecisse
1911 1946 2118 2001 distan-

525 2043 689 2111 tium,
721 2056 844 2099 cum
886 2043 1003 2098 haec
1040 2041 1311 2097 calumnia
1349 2039 1513 2096 etiam
1554 2038 1777 2094 Paulum
1819 2039 1990 2108 possit
2028 2040 2118 2093 in.

523 2149 759 2191 cessere.
789 2134 976 2205 Neque
1000 2134 1146 2190 enim
1176 2132 1487 2188 distantiam
1515 2131 1644 2188 fecit
1669 2130 1781 2198 ille,
1806 2143 1928 2187 cum
1956 2130 2115 2199 dixit,

524 2224 811 2285 Divisioues
850 2230 1136 2302 gratiarum
1170 2234 1322 2293 sum,
1357 2226 1497 2282 idem
1531 2233 1705 2281 autem
1745 2224 1979 2297 Spiritus
2002 2241 2023 2279 :
2073 2233 2122 2280 et

520 2325 798 2380 divisiones
823 2324 1229 2379 ministeriorum
1269 2329 1389 2378 sunt
1408 2363 1424 2391 ,
1453 2322 1589 2376 idem
1618 2328 1786 2374 autem
1818 2316 2078 2373 Dominus
2101 2333 2121 2374 :

518 2428 569 2475 et
596 2420 876 2475 divisiones
901 2418 1257 2488 operatiouum
1284 2426 1402 2472 sunt
1423 2457 1437 2480 ,
1465 2414 1605 2470 idem
1634 2423 1805 2469 autem
1837 2413 2001 2480 Deus,
2034 2414 2124 2482 qui

521 2521 764 2586 operatur
793 2514 965 2568 omnia
988 2513 1043 2566 in
1073 2510 1310 2566 omnibus
1342 2508 1547 2582 (ICor.
1577 2523 1653 2564 ιιι
1674 2542 1691 2574 ,
1719 2506 1822 2563 4-6
1846 2506 1883 2578 ).
1914 2506 2122 2577 Opera‘

521 2614 617 2661 tur
640 2607 784 2662 enim
815 2605 998 2661 omnia
1021 2646 1034 2672 ,
1069 2614 1125 2661 et
1153 2605 1206 2660 in
1236 2604 1488 2660 omnibus
1528 2598 1698 2658 Filius
1719 2643 1734 2668 ,
1772 2606 1912 2657 sicut
1953 2598 2125 2658 habes

523 2702 681 2765 alibi,
713 2703 835 2773 quia
866 2702 1056 2757 Omnia
1085 2710 1132 2756 et
1160 2701 1213 2755 in
1243 2698 1481 2755 omnibus
1507 2697 1747 2753 Christus
1773 2695 1996 2767 (Coloss.
2026 2711 2085 2752 ιιι
2104 2732 2120 2762 ,

528 2790 585 2850 ii
618 2794 657 2868 ).
690 2794 961 2865 Operatur
990 2802 1046 2849 et
1070 2794 1307 2864 Spiritus
1336 2801 1558 2847 sanctus
1578 2835 1593 2859 ,
1627 2790 1754 2861 quia
1788 2789 1977 2844 Omnia
2003 2803 2127 2862 ονε-ι

524 2896 674 2942 ratur
694 2903 829 2943 unus
855 2897 1009 2956 atque
1025 2885 1167 2941 idem
1191 2885 1449 2959 Spiritus,
1472 2884 1706 2939 dividens
1728 2883 1952 2955 singulis
1971 2884 2126 2954 prout

526 2982 633 3036 uult
665 2981 707 3051 (i
732 2981 856 3036 Cor.
883 2996 995 3045 xu,
1026 2981 1139 3051 ii).
1172 2979 1325 3036 Nulla
1354 2993 1486 3050 ergo
1516 2978 1890 3048 operationum
1920 2977 2128 3031 distam

531 3075 604 3128 tia
629 3114 644 3141 ,
680 3072 828 3130 nulla
855 3072 1116 3128 discretio
1143 3081 1230 3127 est
1249 3111 1264 3137 ,
1296 3070 1389 3126 ubi
1419 3070 1503 3126 vel
1534 3069 1588 3125 in
1617 3069 1806 3135 Patre,
1841 3068 1925 3124 vel
1955 3069 2008 3123 in
2039 3067 2129 3123 Fis

528 3168 637 3234 lio,
672 3169 758 3224 vel
792 3169 844 3223 in
878 3167 1084 3237 Spiritu
1115 3173 1341 3234 sancto,
1385 3162 1521 3221 nulli
1563 3161 1803 3219 secunda
1845 3162 2128 3235 plenitudo

529 3261 745 3318 virtutis
773 3271 876 3318 est.

601 3356 655 3430 6.
698 3355 828 3411 Haec
864 3356 1030 3426 igitur
1055 3369 1180 3412 cum
1213 3353 1464 3425 legimus,
1495 3352 1787 3423 diligenter
1812 3351 2129 3408 considam-

533 3464 677 3515 mus,
720 3459 777 3504 ut
806 3450 859 3504 in
894 3449 1025 3519 ipsis
1063 3450 1199 3505 locis
1226 3448 1383 3504 nobis
1430 3448 1638 3518 possint
1682 3448 1876 3503 melius
1917 3445 2132 3521 128‘

531 3540 768 3597 elucere.
796 3541 897 3610 Qui
914 3544 1060 3598 enim
1078 3543 1283 3613 quierit,
1307 3542 1525 3596 inveniet
1543 3557 1563 3596 :
1577 3549 1624 3595 et
1643 3540 1731 3610 qui
1749 3540 1917 3610 pulsat
1938 3543 2131 3612 aperiao

531 3636 673 3689 turei
701 3636 719 3704 (
748 3634 939 3691 Matth.
976 3650 1082 3704 vtt,
1109 3635 1205 3708 8).
1239 3635 1429 3705 Aperit
1455 3634 1558 3690 sibi
1588 3632 1867 3703 diligentia
1903 3632 2129 3699 januam

532 3726 818 3794 veritatis,
870 3738 927 3783 et
1009 3729 1133 3783 ideo
1186 3725 1474 3799 praeceptis
1552 3724 1869 3781 emicatibus
1931 3739 2129 3795 pareas

538 3835 678 3875 mus.
731 3820 917 3892 Neque
964 3822 1109 3877 enim
1160 3820 1336 3877 otiose
1364 3821 1567 3876 dictum
1594 3830 1675 3875 est
1708 3819 1953 3885 homini,
1987 3817 2132 3888 quod

536 3915 669 3970 nulli
701 3915 929 3971 aliorum
960 3915 1316 3970 animantium
1341 3933 1355 3968 :
1386 3913 1411 3968 Ι
1421 3932 1455 3969 ιι
1478 3914 1665 3969 sudore
1689 3914 1860 3967 uultus
1886 3913 1960 3966 tui
1987 3927 2134 3966 utan-

533 4007 747 4063 ducabis
775 4025 959 4080 panem
985 4018 1131 4062 tuum
1163 4006 1327 4080 (Gen.
1359 4023 1447 4073 ιιι,
1478 4008 1590 4078 i9).
1626 4007 1720 4061 [iis
1751 4006 1895 4061 enim
1926 4004 2135 4060 anima-

534 4100 679 4157 libus
706 4112 824 4173 quze
856 4110 1049 4157 natura
1077 4100 1470 4157 irratidnahilia
1495 4108 1621 4157 sunt
1641 4143 1655 4167 ,
1680 4099 1836 4171 jussu
1866 4098 1962 4155 Dei
1992 4108 2135 4155 terra

537 4194 793 4264 pabulum
825 4194 1134 4250 ministrare
1165 4194 1437 4266 prteccpla
1462 4203 1583 4250 est:
1612 4194 1714 4249 soli
1745 4203 1925 4249 autem
1959 4188 2134 4248 homi-

539 4288 631 4354 ni,
660 4294 718 4342 ut
744 4287 1066 4343 rationabile
1090 4287 1234 4356 quod
1263 4289 1509 4357 accepit,
1537 4296 1826 4354 exerceat,
1859 4287 1985 4342 vita:
2015 4302 2139 4341 cur-

2224 1953 2355 2011 trati’
2375 1965 2502 2012 sunt
2523 1999 2536 2023 ,
2567 1955 2712 2011 hunc
2737 1953 2931 2011 librum
2961 1953 3151 2009 volunt
3175 1951 3324 2007 vituli
3352 1953 3535 2022 specie
3562 1948 3818 2022 ﬁgurari;

2223 2052 2422 2109 vitulus
2461 2052 2605 2108 enim
2644 2048 3000 2106 sacerdotalis
3027 2056 3113 2104 est
3143 2045 3382 2102 victima.
3419 2044 3489 2102 Et
3514 2044 3656 2101 bene
3684 2058 3822 2099 con-

2221 2145 2365 2216 gruit
2392 2143 2561 2200 vitulo
2591 2142 2679 2199 hic
2707 2139 2987 2212 Evangelii
3020 2138 3181 2206 iiber,
3215 2138 3338 2210 quia
3384 2153 3413 2193 a
3444 2132 3822 2193 sacerdotibus

2225 2237 2525 2303 inchoavit,
2544 2233 3022 2294 etcousummavit
3042 2233 3095 2287 in
3111 2228 3308 2296 vitulo,
3328 2231 3418 2301 qui
3433 2231 3673 2285 omnium
3695 2240 3822 2298 pec-

2224 2344 2343 2387 cata
2367 2328 2695 2400 suscipiens,
2722 2342 2820 2399 pro
2835 2327 3001 2382 totius
3028 2324 3216 2380 mundi
3243 2325 3349 2379 vita
3366 2320 3819 2385 estlmmolatus;

2224 2422 2585 2482 sacerdotalis
2608 2424 2750 2478 enim
2782 2432 2866 2478 est
2890 2421 2982 2476 ille
3009 2419 3234 2476 vitulus.
3267 2414 3417 2473 Idem
3441 2415 3642 2487 quippe
3662 2424 3718 2471 et
3745 2414 3827 2469 vi-

2227 2520 2371 2575 tulus
2421 2527 2476 2575 et
2521 2515 2811 2572 sacerdos:
2857 2513 3149 2575 sacerdos,
3197 2512 3322 2582 quia
3375 2509 3697 2581 propitiator
3741 2512 3828 2565 est

2228 2623 2456 2679 noster;
2490 2611 2808 2667 advocatum
2842 2608 2983 2664 enim
3017 2607 3191 2677 ipsum
3235 2600 3498 2660 habemus
3536 2601 3679 2672 apud
3719 2598 3825 2658 Pas

2229 2714 2366 2762 trem
2399 2723 2412 2761 :
2437 2706 2663 2772 vitulus,
2692 2704 2811 2774 quia
2840 2717 2939 2758 suo
2967 2702 3229 2772 sanguine
3258 2712 3357 2753 nos
3381 2694 3561 2758 diluit.
3590 2705 3643 2753 et
3670 2692 3829 2753 rede-

2228 2801 2347 2857 mit.
2396 2798 2465 2855 Et
2497 2797 2635 2855 bene
2677 2795 2906 2862 accidit,
2941 2803 2998 2850 ut
3025 2791 3283 2865 quoniam
3316 2788 3595 2859 Evangelii
3632 2787 3832 2844 librum

2228 2892 2525 2951 secundum
2557 2891 2866 2947 Matthazum
2896 2884 3131 2946 diximus
3160 2900 3280 2943 esse
3312 2883 3571 2941 moralem
3592 2926 3607 2950 ,
3642 2882 3831 2954 opinio

2231 2984 2603 3057 hujuscemodi
2628 3000 2734 3040 non
2761 2981 3303 3055 praetermitteretur;
3334 2990 3515 3036 mores
3536 2974 3680 3034 enim
3709 2989 3834 3047 pro-

2234 3089 2348 3159 prie
2370 3084 2626 3141 dicuntur
2653 3081 2896 3138 humani.

2302 3179 2356 3235 8.
2380 3176 2631 3245 Plerique
2656 3186 2834 3229 tamen
2862 3178 3052 3243 putant
3073 3172 3247 3243 ipsum
3274 3168 3558 3225 Dominum
3584 3172 3833 3222 nostrum

2157 3267 2202 3331 C
2235 3274 2290 3328 in
2319 3266 3027 3343 quatuorEvangeliilibris,
3046 3275 3281 3334 quatuor
3306 3262 3498 3319 formis
3513 3261 3834 3317 animalium
3924 3268 3927 3269 '

2234 3365 2483 3436 figurari,
2517 3361 2659 3432 quod
2692 3360 2835 3417 idem
2868 3361 3060 3423 homo,
3094 3359 3235 3414 idem
3266 3356 3352 3413 leo
3374 3400 3388 3422 ,
3422 3355 3565 3412 idem
3592 3350 3792 3409 vitulus
3813 3395 3832 3422 ,

2235 3457 2376 3513 idem
2408 3455 2584 3526 aquila
2616 3469 2737 3510 esse
2765 3453 3173 3523 comprobatur.
3217 3452 3390 3505 Homo
3420 3449 3542 3520 quia
3577 3456 3733 3502 natus
3762 3454 3836 3501 ex

2236 3542 2400 3607 Maria
2429 3559 2511 3606 cst
2541 3568 2554 3605 :
2586 3551 2702 3616 leo,
2731 3546 2856 3619 quia
2885 3546 3040 3603 fortis
3072 3552 3157 3601 est
3183 3563 3198 3600 :
3233 3542 3431 3598 vitulus
3451 3584 3468 3609 ,
3498 3541 3622 3613 quia
3655 3538 3838 3596 hostia

2236 3654 2355 3701 est:
2383 3644 2559 3715 aquila
2580 3685 2596 3710 ,
2626 3642 2750 3715 quia
2783 3639 3119 3697 resurrectio
3148 3649 3252 3695 est.
3289 3639 3462 3707 Atque
3489 3634 3562 3689 ita
3595 3636 3649 3689 in
3680 3630 3839 3691 libris

2238 3732 2464 3809 singulis
2492 3738 2662 3792 forma
2684 3733 3003 3790 animalium
3031 3730 3319 3802 ﬁguratur,
3337 3738 3395 3785 ut
3412 3726 3839 3797 uniuscujusque

2238 3834 2358 3890 libri
2391 3832 2562 3887 series
2593 3830 2963 3901 popositormn
2993 3826 3238 3882 videatur
3267 3823 3580 3880 animalium
3611 3828 3703 3875 aut
3742 3833 3843 3875 na-

2242 3935 2409 3990 tnrtc,
2462 3930 2557 3979 aut
2596 3921 2817 3986 virtuti,
2861 3931 2954 3976 aut
2993 3919 3213 3992 gratias,
3256 3925 3347 3972 aut
3393 3913 3657 3971 miraculo
3702 3926 3837 3967 con-

2239 4020 2447 4077 venire.
2500 4017 2630 4086 Qua!
2665 4016 2878 4089 1265
2904 4014 3032 4069 licet
3075 4013 3251 4069 omnia
3298 4011 3353 4067 in
3393 4008 3648 4065 omnibus
3686 4006 3837 4073 sint;

2244 4124 2423 4168 tamen
2471 4107 2752 4181 plenitudo
2794 4107 3041 4179 quaedam
3091 4105 3145 4162 in
3188 4102 3413 4177 singulis
3451 4103 3710 4158 virtutum
3752 4107 3845 4156 est.

2243 4205 2599 4276 singularum.
2630 4203 2818 4260 Ortum
2849 4200 3087 4257 hominis
3113 4201 3253 4256 alius
3278 4197 3524 4272 (Matth.)
3552 4194 3846 4266 descripsit

2246 4298 2494 4363 uberius,
2525 4312 2707 4352 mores
2735 4300 2950 4366 quoque
2991 4293 3228 4349 hominis
3260 4290 3547 4363 przeceptis
3575 4284 3847 4344 uberiori-

539 4397 636 4438 sus
664 4380 720 4437 in
740 4381 928 4438 labore
957 4381 1348 4452 praescribitur.
1367 4381 1467 4450 Qui
1491 4382 1637 4439 enim
1664 4395 1770 4436 non
1796 4390 1879 4436 est
1911 4389 2125 4435 conten-

2245 4388 2348 4449 bus
2376 4388 2637 4447 erudivit.
2674 4387 2829 4445 Alius
2856 4385 3144 4461 (Marcus)
3182 4403 3210 4441 a
3247 4386 3505 4456 potentiae
3544 4381 3709 4451 cmpit
3746 4396 3847 4436 ex-

540 4486 627 4532 tus
656 4476 967 4532 animalium
999 4475 1198 4547 pabulo
1226 4486 1547 4533 cancrorum
1569 4519 1583 4543 ,
1616 4477 1701 4531 cui
1741 4490 1849 4530 non
1881 4474 2012 4529 satis
2054 4482 2140 4530 est

539 4568 743 4641 lignum
785 4569 1123 4627 fructiferum
1165 4570 1219 4626 in
1249 4586 1538 4627 commune
1568 4568 1825 4626 omnibus
1850 4562 1918 4623 ad
1956 4581 2137 4623 escam

2247 4485 2532 4556 pressione
2556 4484 2778 4549 divinae,
2807 4482 2953 4554 quod
2977 4499 3042 4537 ex
3060 4482 3210 4552 Rege
3236 4479 3377 4546 Res,
3406 4477 3564 4534 fortis
3590 4492 3658 4533 ex
3684 4473 3847 4542 furti,

2247 4592 2410 4634 verus
2442 4590 2509 4633 ex
2539 4590 2695 4639 vero,
2728 4575 2904 4630 vivida
2937 4583 3166 4630 mortem
3194 4571 3397 4627 virtute
3422 4566 3848 4637 contempserih

541 4663 771 4720 datum:
812 4666 907 4720 sed
944 4665 1167 4721 delicias
1212 4666 1314 4722 sibi
1360 4667 1631 4722 variarum
1678 4663 1909 4733 exquirit
1953 4662 2143 4733 epuia-
2166 4666 2220 4727 D
2246 4674 2463 4731 Turnus
2494 4670 2707 4744 (ιηεαε)
2738 4670 3061 4727 sacriﬁcium
3096 4666 3310 4745 1266
3337 4661 3679 4723 sacerdotale
3705 4672 3850 4733 pm.

542 4772 701 4821 rum,
753 4756 976 4813 delicias
1022 4759 1123 4815 sibi
1172 4758 1550 4815 transmarinis
1593 4756 1823 4813 arcessit
1859 4771 1891 4813 ε
1938 4756 2136 4822 terris,

543 4849 768 4906 delicias
800 4851 970 4907 verrit
994 4866 1026 4908 e
1053 4851 1306 4908 noctibus
1328 4894 1343 4919 ,
1373 4863 1627 4908 recusare
1658 4862 1763 4907 non
1803 4850 1999 4916 debet,
2047 4848 2140 4922 qui

542 4942 731 5000 labore
763 4944 959 5000 victum
989 4945 1246 5016 requirit,
1279 4944 1502 5002 brevem
1534 4944 1580 5000 si
1611 4942 1851 5001 laborem
1882 4951 1991 5016 pro
2032 4944 2139 5000 vita

541 5038 732 5095 subeat
757 5047 983 5096 teterua.
1013 5041 1199 5112 itaque
1225 5042 1271 5097 si
1298 5042 1418 5111 quis
1444 5040 1500 5096 in
1530 5039 1646 5095 inec
1672 5049 2005 5096 sacratorum
2031 5040 2142 5096 dis-

546 5132 887 5203 putationum
915 5133 1218 5191 certamina
1249 5136 1474 5190 veniens
1496 5176 1511 5199 ,
1547 5145 1711 5190 exuat
1739 5150 1799 5189 se
1825 5135 1952 5188 vita:
1982 5133 2143 5203 hujus

2248 4766 2393 4822 misit
2436 4776 2492 4820 et
2541 4765 2710 4835 ipsam
2752 4763 2905 4819 vituli
2956 4762 3389 4821 immolationem
3420 4758 3562 4832 styio
3610 4752 3848 4827 quodam

2251 4859 2496 4931 pleniore
2522 4856 2755 4913 diifudit.
2786 4857 3024 4924 Quartus
3067 4854 3345 4925 copiosius
3383 4855 3599 4909 caeteris
3641 4850 3850 4906 divina

2248 4952 2506 5011 miracula
2549 4948 2971 5009 resurrecdonis
3012 4950 3304 5022 espressit.
3336 4940 3486 5005 Unus
3525 4946 3688 5018 igitur
3723 4954 3849 5001 om-

2250 5047 2360 5115 nia,
2391 5057 2448 5103 et
2472 5062 2609 5104 unus
2638 5047 2688 5101 in
2720 5046 2994 5109 omnibus,
3021 5045 3159 5099 sicut
3186 5042 3381 5098 lectum
3408 5049 3491 5095 est
3514 5036 3737 5113 (Coloss.
3761 5052 3848 5105 ιιι,

2250 5143 2376 5205 li):
2407 5154 2516 5198 non
2543 5140 2825 5197 dissimilis
2854 5141 2906 5194 in
2933 5136 3183 5209 singulis,
3214 5136 3307 5190 sed
3330 5142 3497 5191 verus
3528 5134 3582 5188 in
3609 5129 3847 5186 cunctis.

542 5225 789 5294 exposita
817 5227 882 5281 ad
912 5242 1155 5284 errorem
1184 5227 1584 5295 sollicitudine,
1615 5233 1672 5284 et
1698 5225 1874 5282 nudus
1901 5224 2139 5295 malitias,
2242 5235 2350 5294 Sed
2368 5234 2479 5307 jam
2505 5234 2681 5302 ipsum
2706 5246 3017 5290 sermonem
3045 5229 3360 5287 adoriamur
3384 5224 3688 5299 Evangelii.

542 5318 744 5375 athleta
794 5320 1011 5390 pietatis
1051 5322 1174 5377 oleo
1212 5321 1438 5393 spiritali
1480 5321 1627 5377 velut
1655 5319 1902 5393 quaedam
1945 5320 2142 5377 animat

618 5490 645 5518 ι
675 5478 833 5538 Rom.
869 5480 1002 5538 edit.
1029 5522 1045 5546 ,
1078 5491 1126 5537 et
1155 5483 1309 5538 illum
1335 5482 1625 5539 naturalem
1656 5476 1865 5540 Patrem
1894 5520 1909 5538 .
1946 5522 1959 5539 .
1996 5524 2007 5538 .
2046 5521 2062 5537 .
2093 5491 2143 5539 et

545 5550 694 5616 illum
724 5555 970 5613 moralem
995 5552 1228 5619 Patrem.

2318 5479 2347 5520 ι’
2377 5478 2547 5536 Tanto
2576 5476 3174 5551 pracelientior‘corona
3206 5473 3454 5531 uirtutum
3475 5509 3491 5535 ,
3522 5480 3708 5524 vocem
3727 5450 3853 5537 fair-

2248 5563 2413 5621 tutum
2441 5548 2599 5613 Rom}
2634 5550 2771 5609 edit.
2812 5548 3131 5613 sustulerat.
