3982 6484
33 396 175 452 333
1086 392 1451 452 EXPOSITIO
1489 386 1746 452 EVANG.
1789 394 1938 454 SEC.
1984 390 2140 454 LUC.
2183 397 2313 454 LIB.
2355 398 2396 453 Ι.

38 532 2721 555 ΨΜᾘῊΜῄῴ-ψμψψη-
2745 538 2806 554 Ψ

1281 612 1630 705 LIBER
1702 618 2183 708 PRIMUS.

1542 789 1964 813 ῌ

106 900 371 975 1265
406 897 572 972 (Cap.
616 894 660 954 ι.
685 924 755 943 υ·-
785 897 945 955 Vera.
994 896 1083 969 l).
1142 897 1428 965 Quoniam,
1480 896 1686 967 inquit,
1713 900 1763 961 Α
1792 892 2105 953 redundat:
2137 894 2400 965 haereses,
2441 908 2564 953 cum
2599 899 2769 955 multa
2797 894 3051 967 habeant,
3076 910 3244 955 unum
3281 913 3393 957 non

15 996 201 1047 multi
226 994 436 1048 conati
460 1002 583 1048 sunt
613 991 857 1049 ordinare
872 993 1222 1048 narrationem
1250 1005 1448 1046 rerum.

107 1086 174 1143 1.
225 1086 525 1158 Pleraque
552 1095 887 1153 nostrorum,
933 1083 1390 1157 quemadmodum
1437 1089 1683 1139 veterum

18 1177 425 1245 Iudaeorum,
476 1178 704 1248 paribus
726 1184 782 1234 et
809 1177 1098 1250 generibus
1144 1177 1446 1230 formantur
1467 1182 1524 1232 et
1549 1190 1682 1231 cau-

25 1270 117 1326 sis
146 1279 181 1309 ι
214 1279 408 1342 atque
460 1273 833 1342 exemplorum
872 1271 1127 1327 similium
1155 1270 1270 1342 pari
1320 1282 1452 1337 usu,
1510 1272 1686 1324 exitu-

30 1350 158 1437 que
208 1366 609 1432 conveniunt,
665 1364 1036 1436 principioque
1088 1378 1272 1419 rerum
1320 1371 1377 1419 et
1420 1363 1527 1419 tiae
1551 1376 1686 1418 con-

36 1458 312 1514 cordant
372 1474 391 1513 :
449 1456 584 1514 Nam
637 1458 778 1514 sicut
807 1457 959 1512 multi
1010 1457 1065 1511 in
1104 1456 1201 1512 illo
1254 1457 1455 1529 populo
1497 1455 1684 1511 divino

41 1549 239 1605 infusi
290 1546 509 1620 Spiritu
532 1551 943 1622 prophetarum
975 1563 989 1602 :
1020 1546 1113 1605 alii
1141 1556 1324 1605 autem
1354 1547 1683 1619 prophetare

47 1658 115 1699 se
152 1642 599 1714 pollicebantur,
623 1652 675 1698 et
718 1641 1113 1714 professionem
1141 1641 1511 1698 destituebant
1534 1652 1684 1698 nien-

50 1736 229 1791 dacio
249 1731 483 1807 (larem.
506 1750 698 1803 nvut,
724 1734 803 1806 l),
819 1745 974 1792 erant
997 1736 1139 1794 enim
1161 1736 1680 1807 pseudoprophetas,

50 1831 255 1900 potius
305 1841 477 1900 quam
526 1824 829 1900 prophetas,
876 1830 1018 1886 sicut
1060 1830 1303 1886 Ammius
1339 1830 1483 1886 illius
1505 1828 1679 1895 Azor;

51 1926 185 1979 erat
209 1930 408 1979 autem
435 1922 464 1962 δ
493 1923 675 1995 pepuli
702 1926 871 1995 gratia
886 1923 1204 1980 discernere
1230 1924 1475 1995 spiritus,
1508 1932 1568 1979 ut
1586 1936 1682 1977 co—

51 2021 373 2086 gnosceret
428 2030 566 2088 quos
612 2014 821 2073 referte
871 2008 1099 2073 deberet
1138 2018 1194 2072 in
1224 2028 1508 2073 numerum
1554 2024 1685 2087 pro.

53 2113 405 2185 phetarum;
444 2127 583 2186 quos
628 2120 811 2171 autem
861 2115 1014 2186 quasi
1060 2114 1237 2171 bonus
1283 2113 1681 2169 nummularius

53 2206 444 2280 improbaret,
477 2209 531 2265 in
558 2207 757 2281 quibus
802 2210 1027 2266 materia
1076 2207 1252 2282 magis
1279 2216 1534 2280 corrupta
1562 2223 1681 2265 sor-

1789 988 2012 1045 habent.
2072 986 2230 1044 Multi
2260 990 2397 1044 enim
2424 992 2617 1057 conati,
2672 995 2767 1049 sed
2801 986 2896 1049 Dei
2926 994 3097 1065 gratia
3142 990 3391 1050 destituti

1788 1090 1934 1135 sunt.
1970 1080 2219 1153 Plerique
2255 1084 2420 1137 etiam
2451 1099 2517 1138 ex
2572 1094 2804 1155 quatuor
2831 1083 3113 1157 Evangelii
3148 1084 3305 1142 libris
3336 1087 3391 1141 in

1791 1191 1956 1231 unum
1996 1184 2107 1231 °ea
2131 1192 2250 1246 quae
2290 1176 2569 1231 venenatis
2623 1185 2948 1244 putaverunt
2994 1175 3392 1233 assertionibus

1789 1268 2197 1338 convenientia,
2230 1267 2584 1326 referserunt.
2630 1268 2843 1344 12$
2892 1270 2965 1326 Ita
2996 1268 3237 1327 Ecclesia
3270 1284 3391 1342 qum

1792 1380 1954 1422 unum
2000 1362 2354 1438 Evangelium
2398 1362 2593 1432 habet,
2652 1382 2815 1421 unum
2862 1367 3027 1420 Deum
3081 1366 3279 1422 docet:
3308 1365 3392 1421 illi

1787 1469 1968 1514 autem
1987 1459 2079 1530 qui
2099 1459 2263 1514 alium
2282 1458 2450 1513 Deum
2476 1458 2675 1513 veteris
2688 1456 3047 1525 Testamenti,
3066 1456 3230 1513 alium
3265 1458 3394 1513 novi

1789 1564 2064 1623 asserunt,
2089 1572 2153 1612 ex
2182 1554 2362 1612 multis
2387 1552 2693 1628 Evangeliis
2734 1568 2841 1611 non
2866 1570 3031 1611 unum
3063 1555 3268 1625 Deum,
3291 1555 3392 1612 sed

1789 1649 1971 1720 plures
1994 1647 2265 1705 fecerunt.

1859 1738 1913 1799 5.
1959 1742 2212 1812 Quoniam
2242 1743 2414 1807 multi,
2446 1741 2642 1814 inquit,
2672 1742 2845 1797 conati
2875 1750 3012 1797 sunt.
3062 1739 3257 1796 Cenati
3287 1741 3396 1796 uti-

1787 1848 1893 1907 que
1924 1835 1997 1891 illi
2022 1844 2181 1903 sunt,
2226 1838 2315 1907 qui
2348 1834 2577 1909 implere
2604 1835 2987 1907 nequiverunt.
3016 1832 3157 1905 Ergo
3186 1833 3390 1889 multos

1789 1929 2041 2000 cmpisse,
2063 1943 2162 1985 nec
2179 1928 2511 2002 implevisse,
2531 1931 2695 1986 etiam
2719 1937 2939 1985 sanctus
2957 1927 3129 1985 Lucas
3146 1930 3393 1984 testimo-

1788 2020 1878 2078 nio
1893 2016 2243 2093 locupletiore
2257 2030 2503 2088 testatur,
2525 2018 2710 2078 dicens
2726 2023 2987 2093 plurimos
2998 2034 3122 2077 esse
3135 2032 3384 2077 conatos.

1787 2116 1891 2186 Qui
1922 2113 2066 2173 enim
2110 2126 2337 2172 conatus
2362 2125 2448 2172 est
2494 2114 2769 2184 ordinare,
2802 2128 2902 2171 suo
2931 2114 3119 2173 labore
3159 2123 3388 2172 conatus

1789 2219 1898 2279 est,
1924 2220 2025 2267 nec
2052 2206 2321 2282 implevit.
2349 2208 2477 2266 Sine
2504 2214 2701 2266 conatu
2729 2220 2856 2265 sunt
2886 2208 3031 2266 enim
3063 2209 3391 2266 donationes

53 2303 250 2372 deret,
296 2316 467 2372 quam
513 2303 631 2361 veri
677 2304 938 2375 splendor
980 2304 1200 2360 luminis
1241 2304 1567 2360 resultaret:
1597 2302 1679 2360 sic
1708 2311 1756 2374 Β
1781 2315 1832 2363 et
1854 2305 2027 2378 gratia
2063 2304 2178 2374 Dei,
2210 2320 2331 2377 quae
2361 2304 2450 2361 ubi
2466 2316 2526 2360 se
2548 2300 2828 2371 infuderit,
2862 2304 3039 2375 rigare
3066 2302 3387 2371 consuevit;

55 2408 117 2456 et
144 2399 379 2455 nuncin
431 2413 574 2455 novo
619 2398 974 2456 Testamento
1018 2398 1173 2455 multi
1226 2399 1515 2469 Evangelia
1535 2397 1674 2453 scri-

57 2493 200 2551 bere
242 2494 429 2550 cona‘ti
456 2500 618 2562 sunt,
666 2511 789 2566 qua:
838 2490 968 2551 boni
1019 2494 1368 2550 nummularii
1407 2508 1515 2549 non
1548 2508 1680 2564 pro.

60 2586 293 2643 barunt.
353 2586 533 2645 Unum
558 2598 740 2643 autem
770 2586 1143 2643 tantummodo
1162 2587 1218 2642 in
1246 2596 1475 2659 quatuor
1507 2585 1679 2641 libros

62 2681 347 2754 digestum
369 2696 437 2738 ex
459 2680 709 2737 omnibus
737 2681 982 2738 arbitrati
1013 2689 1139 2738 sunt
1166 2680 1599 2751 intelligendum.

140 2775 200 2830 2.
243 2774 317 2831 Et
355 2773 505 2831 aliud
564 2774 784 2846 quidem
841 2774 1012 2830 fertur
1061 2774 1444 2844 Evangelium,
1484 2784 1506 2813 ο
1535 2768 1679 2844 quod

68 2864 368 2924 duodecim
401 2864 687 2937 scripsisse
744 2858 1017 2922 dicuntur.
1067 2864 1247 2921 Ausus
1276 2872 1359 2921 est
1384 2865 1548 2921 etiam
1580 2862 1683 2919 Ba—

70 2961 268 3020 silides
291 2960 645 3036 Evangelium
672 2962 936 3032 scribere,
970 2964 1113 3033 quod
1136 2960 1335 3020 dicitur
1380 2962 1679 3021 secundum

71 3056 400 3114 Basilidem.
453 3056 651 3113 Fertur
699 3050 863 3114 etiam
893 3056 1040 3114 aliud
1098 3057 1479 3130 Evangelium,
1532 3053 1678 3130 quod

76 3151 339 3207 scribitur
387 3149 690 3207 secundum
740 3148 1028 3206 Thomam.
1079 3141 1215 3208 Novi
1243 3150 1388 3207 aliud
1413 3153 1676 3222 scriptum

80 3241 380 3300 secundum
409 3239 710 3303 Matthiam.
753 3240 1009 3315 Legimus
1036 3242 1217 3316 aliqua
1241 3242 1404 3318 (υἱεῖ.
1435 3244 1528 3312 37,
1556 3259 1677 3315 cap.

88 3341 324 3413 Legionis
375 3340 599 3412 aliqua),
628 3354 699 3396 ne
740 3340 986 3411 legantur
1017 3356 1031 3396 :
1058 3339 1311 3411 legimus.
1346 3353 1415 3395 ne
1465 3339 1681 3411 ignore-

89 3449 247 3489 mus:
277 3434 499 3505 legimus
530 3446 637 3489 non
668 3440 726 3489 ut
747 3439 1051 3500 teaeamus,
1082 3431 1178 3489 sed
1204 3440 1263 3488 ut
1291 3430 1640 3505 repudiemus
1660 3474 1676 3502 ,

91 3535 146 3582 et
166 3538 223 3582 ut
253 3526 482 3583 sciamus
510 3527 688 3598 qualia
719 3524 831 3582 sint
856 3526 910 3582 in
940 3526 1134 3598 quibus
1167 3525 1439 3598 magnifici
1470 3526 1559 3581 isti
1585 3540 1681 3582 cor

93 3619 526 3676 exaltautsuum.
557 3616 664 3677 Sed
693 3617 959 3685 Ecclesia,
992 3628 1362 3690 ctnnquatuor
1396 3612 1678 3690 Evangelii

1781 2409 1966 2457 utnon
1988 2408 2166 2472 egeat,
2190 2398 2285 2456 sed
2310 2392 2578 2456 redundet
2602 2400 2885 2471 scriptoris
2918 2396 3219 2471 ingenium.
3263 2394 3411 2464 Non,

1780 2496 2005 2551 conatus
2038 2501 2123 2550 est
2151 2486 2458 2562 Malthaaus,
2499 2506 2609 2549 non
2639 2501 2868 2550 conatus
2892 2500 2977 2549 est
3007 2492 3243 2561 Marcus,
3273 2508 3384 2549 non

1780 2598 2006 2647 conatus
2033 2598 2120 2645 est
2159 2584 2432 2655 Joannes,
2481 2600 2586 2643 non
2646 2595 2875 2643 conatus
2918 2594 3003 2643 est
3034 2587 3209 2642 Lucas
3240 2605 3255 2641 :
3288 2582 3387 2643 sed

1781 2680 1966 2739 divino
1993 2678 2195 2751 Spiritu
2217 2680 2526 2737 ubertatem
2547 2674 2819 2736 dictorum
2837 2695 3128 2751 rerumque
3143 2680 3386 2736 omnium

1782 2774 2149 2842 ministrante,
2194 2766 2313 2831 sine
2338 2772 2449 2830 ullo
2478 2770 2762 2830 molimine
2800 2783 2979 2845 erepta
3019 2771 3381 2843 complerunt.

1782 2870 1854 2927 Ει
1880 2869 2003 2926 ideo
2035 2864 2161 2925 dicil
2200 2886 2213 2923 :

1856 2963 2113 3030 Quoniam
2140 2962 2288 3018 multi
2315 2961 2484 3018 conati
2508 2971 2627 3016 sunt
2656 2961 2901 3018 ordinare
2923 2961 3274 3017 narrationem
3304 2977 3389 3016 re-

1782 3073 1919 3124 rum,
1950 3068 2064 3128 qua:
2090 3054 2143 3111 in
2168 3055 2335 3124 nobis,
2370 3056 2638 3128 completa:
2664 3067 2805 3125 sunt,
2858 3055 2941 3113 vel
2968 3052 2989 3095 ί
3024 3072 3139 3128 qua
3156 3056 3211 3111 in
3239 3050 3385 3113 nobis

1781 3149 2094 3206 redundant.

1854 3244 1905 3301 ι.
1946 3234 2102 3314 Quod
2124 3243 2268 3299 enim
2310 3242 2599 3310 redundat,
2635 3241 2768 3298 nulli
2795 3238 2983 3299 delicit
3012 3260 3026 3298 :
3068 3240 3213 3298 etde
3234 3257 3385 3298 com-

1783 3340 1929 3412 pleto
1983 3346 2144 3395 nemo
2173 3334 2420 3405 dubitat,
2472 3354 2593 3393 cum
2626 3335 2788 3394 ﬁdem
2836 3336 3061 3394 effectus
3091 3334 3383 3406 'adstruat,

1780 3435 1963 3493 exitus
1998 3428 2212 3505 prodat.
2245 3433 2431 3505 Itaque
2478 3431 2829 3503 Evangelium
2888 3432 3220 3505 completum
3253 3440 3379 3501 est,

1779 3536 1836 3584 et
1900 3525 2170 3584 redundat
2228 3525 2480 3583 omnibus
2542 3541 2637 3597 per
2692 3524 3003 3582 universum
3073 3524 3264 3581 orbem
3316 3523 3384 3579 ii-

1782 3621 2028 3691 delibus,
2081 3626 2137 3677 et
2184 3624 2449 3681 timentes
2515 3620 2755 3676 omnimn
2806 3614 2980 3692 rigat,
3028 3623 3382 3691 animumque

98 3713 258 3769 libros
279 3713 491 3783 habeat,
518 3728 617 3787 per
638 3716 952 3772 universum
977 3713 1236 3771 mundum
1261 3711 1289 3752 ά
1320 3711 1678 3786 Evangeiistis
1706 3705 1753 3770 C
1783 3714 2086 3772 conﬁrmat.
2142 3704 2283 3782 Ergo
2351 3709 2607 3769 fundatus
2658 3712 2713 3769 in
2772 3720 2922 3786 petra
2948 3756 2964 3783 ,
3029 3722 3084 3769 et
3120 3710 3215 3785 qui
3266 3727 3386 3769 om-

172 3885 198 3913 “
224 3875 374 3931 Rom.
406 3873 562 3937 edit..
596 3882 747 3942 atque
782 3869 1137 3942 exemplorum
1161 3868 1321 3923 simili
1346 3883 1463 3942 uti.

171 3945 354 4003 bCave
379 3944 571 4001 credas
621 3937 761 3999 hanc
813 3937 1086 3997 Ambrosii
1133 3950 1370 3995 mentem
1407 3937 1599 4006 fuisse,
1628 3946 1688 3995 ut

107 4018 321 4089 singulis
357 4033 388 4072 e
412 4017 615 4088 pepulo
636 4012 945 4089 Judmorum
992 4026 1111 4089 eam
1166 4012 1391 4089 gratiam
1424 4010 1686 4065 attribue-

110 4081 215 4156 ritf
240 4106 350 4145 cum
375 4081 502 4159 ej'us’
514 4097 730 4159 partem
754 4084 926 4159 multo
957 4083 1245 4159 maximam
1281 4081 1440 4159 toties
1472 4096 1500 4135 a
1524 4094 1688 4151 pseu-

111 4151 441 4231 doprophetis
490 4151 771 4226 deceptam
801 4154 1172 4231 tradantsacri
1199 4151 1416 4231 codices
1446 4169 1460 4205 :
1490 4162 1546 4231 a_t
1567 4166 1687 4207 cre-

115 4223 318 4289 dibilius
345 4239 424 4287 est
469 4223 645 4299 ipsum
679 4232 816 4282 hanc
842 4226 1236 4299 prerogativam
1263 4224 1315 4299 ei
1342 4223 1688 4299 sacerdotum

117 4304 346 4374 Collegio,
372 4294 793 4374 quodsanedt'im
823 4294 1108 4374 vocabant,
1141 4294 1530 4374 adscripsissc;
1563 4309 1684 4349 cum

119 4374 181 4433 ad
225 4367 404 4430 eorum
432 4369 693 4442 judicium
726 4368 1063 4442 ingravibus
1090 4367 1689 4442 controversiisIecur‘

122 4461 233 4505 rere
258 4437 472 4517 populus
493 4443 757 4517 iubeatur
793 4440 951 4517 Deut.
985 4453 1116 4504 xvn,
1143 4437 1206 4517 9,⁸
1228 4446 1287 4517 e_t
1308 4451 1425 4517 seq.
1466 4437 1685 4517 _l"o_rsan

125 4508 271 4575 etiam
307 4508 402 4573 hoc
452 4508 660 4572 tantum
715 4513 1078 4585 signiﬁcatum
1124 4508 1322 4585 voluit,
1356 4509 1689 4581 benignitate

126 4591 288 4647 divina
311 4588 465 4660 fuisse
489 4582 791 4660 provisum;
824 4599 891 4639 ne
928 4597 1180 4654 umquam
1209 4582 1489 4660 universus
1517 4597 1688 4660 popli:

130 4646 204 4719 lus
241 4672 266 4718 a
304 4656 442 4715 falsis
488 4646 1231 4730 prophetis'pervertéretur,
1255 4659 1315 4708 ut
1340 4651 1474 4725 Reg.
1503 4646 1686 4720 t'tt,'i9

134 4744 350 4803 tempore
374 4732 558 4788 Achab
580 4730 788 4803 factum
808 4730 1055 4803 legimus.

200 4797 382 4861 cllum.
410 4803 539 4859 edit.
569 4803 708 4875 quod
756 4800 1028 4875 duodgdm
1071 4797 1478 4875 apostoli_:_q_uo
1521 4800 1686 4856 etiam

136 4877 364 4934 vocabulo
381 4868 738 4943 adulterinum
762 4877 864 4929 hoc
890 4868 1242 4943 Evangelium
1266 4869 1336 4925 ab
1359 4868 1686 4943 Hieronymo

138 4950 407 5006 nominatur
435 4946 704 5003 Prooemio
726 4940 779 5001 in
813 4940 1026 5007 Maltin;
1048 4940 1169 4997 'sed
1199 4956 1298 4994 vox
1331 4940 1572 5012 apostoli,
1596 4959 1689 4996 su-

140 5035 297 5086 pressa
317 5020 363 5074 in
379 5027 486 5074 vel.
508 5017 719 5074 edit.ac
741 5032 872 5072 mss.
902 5016 1035 5070 satis
1057 5029 1085 5086 a
1115 5016 1316 5069 lectore
1345 5010 1685 5081 intelligitur.

141 5085 262 5149 inira
288 5106 402 5145 vero
418 5090 515 5145 ubl‘
536 5104 727 5144 omnes
757 5089 890 5145 edit.
941 5095 999 5143 et
1034 5085 1217 5157 plures
1240 5099 1370 5157 mss.
1402 5085 1690 5141 secundum

1788 3876 1842 3923 et
1889 3866 1979 3923 alii
2009 3867 2264 3923 nonnulla
2310 3872 2382 3922 ex
2434 3866 2521 3922 his
2563 3866 2875 3923 insanorum
2908 3867 3382 3939 Evangelistarum

1787 3943 2112 4008 commentis
2142 3947 2470 4005 memorant,
2515 3954 2634 4008 qum
2682 3940 2873 4008 omnia,
2916 3940 3140 4008 conligit
3159 3940 3386 3999 decreto

1788 4024 1887 4080 suo
1927 4004 2206 4080 Gelasius,
2238 4021 2292 4063 et
2320 4000 2667 4080 Innocentius
2714 4010 2754 4074 l,
2792 4000 2949 4080 epist.
2971 4012 3027 4076 5,
3051 4000 3115 4065 ad
3144 4011 3381 4080 Exuper.

1789 4078 2095 4134 Notandum
2122 4088 2281 4148 pono
2299 4079 2441 4151 quod
2476 4080 2565 4151 hic
2591 4077 2803 4143 dicitur,
2822 4077 3068 4151 Legimus
3100 4077 3296 4151 aliqua,
3322 4099 3387 4136 ne

1789 4151 2060 4222 legantur;
2104 4152 2280 4205 innuit
2319 4148 2468 4205 enim
2500 4149 2586 4205 his
2607 4153 2789 4205 verbis
2810 4148 2868 4207 S.
2902 4148 3100 4207 Doctor
3121 4148 3384 4209 bonorum

1790 4223 2171 4294 episcoporum
2205 4237 2399 4277 munus
2424 4236 2566 4284 esse.
2597 4231 2655 4276 nt
2687 4237 2881 4290 pravos
2913 4223 3082 4279 libros
3126 4224 3228 4292 ipsi
3261 4240 3387 4294 per-

1790 4292 2073 4363 volventes
2096 4292 2331 4363 Adetecto
2365 4308 2548 4363 eorum
2580 4308 2791 4363 Veneno
2831 4294 2955 4363 illos
3005 4292 3272 4363 refellant,
3327 4306 3383 4353 et

1790 4362 1932 4437 plebi
1957 4378 2067 4421 sua:
2096 4358 2198 4437 hac
2222 4360 2474 4437 pestifera
2515 4358 2748 4437 lectione
2775 4356 3118 4422 interdicanl.
3257 4356 3271 4363 ⁷
3314 4376 3317 4379 ’

1861 4434 1888 4475 ά
1916 4437 2074 4491 Rom.
2107 4434 2264 4499 editL,
2302 4436 2600 4508 Euangeiiis
2628 4437 2901 4492 redundat.

1864 4520 1888 4549 ο
1922 4510 1999 4565 Ea
2027 4510 2335 4579 temeritate
2371 4509 2752 4579 corrumpendi
2770 4523 2957 4565 sacras
2995 4510 3215 4579 paginas
3242 4510 3383 4566 Mur-

1787 4576 2004 4637 cionem
2061 4574 2123 4651 iit
2147 4568 2437 4651 Evangelio
2481 4580 2540 4635 Β.
2566 4568 2725 4635 [Συρίη
2765 4596 2921 4635 usum
2950 4568 3217 4637 te'Stavntur
3245 4581 3377 4651 Ter-

1789 4652 1888 4708 tul.
1917 4652 1970 4708 in
2008 4648 2161 4709 libris
2187 4644 2449 4707 advérsus
2485 4652 2739 4724 eumdem
2795 4652 3130 4721 Itaarelicum,
3155 4665 3209 4707 et
3248 4646 3378 4724 Epi-

1788 4724 1953 4796 phan.
1988 4725 2122 4796 ιω.
2149 4725 2201 4778 Α.
2221 4724 2311 4796 lle
2355 4721 2772 4796 manicltzeorum
2817 4732 2994 4778 autem
3023 4724 3085 4796 in
3116 4721 3382 4795 conspnro

1789 4793 1979 4851 caudis
2009 4794 2163 4849 libris
2200 4793 2398 4867 divinis
2442 4794 2665 4850 audacia
2714 4795 2802 4850 hic
2851 4805 3037 4867 aperte
3060 4793 3384 4867 Ambrosius

1790 4878 1978 4923 noster
2000 4883 2103 4919 non
2123 4881 2282 4938 secus
2302 4881 2365 4921 ac
2376 4865 2486 4920 Leo
2511 4881 2671 4938 papa,
2683 4882 2848 4938 scrm.
2874 4865 2909 4921 Il
2930 4867 2997 4923 de
3017 4865 3235 4938 lﬂpiph.,
3252 4883 3384 4924 con-

1788 4942 2137 5010 queruntnr:
2170 4934 2249 4992 Ad
2292 4934 2601 5010 extremum
2642 4936 2894 5010 Gelasius
2944 4934 3383 5010 citato-decreto

1792 5009 2086 5083 Evangelia
2116 5009 2340 5083 Luciaul
2362 5018 2539 5083 atque
2565 5009 2762 5083 ilericii
2788 5013 3095 5083 apocrypha
3120 5009 3379 5083 declarat.

1790 5080 2060 5139 Caeterum
2086 5082 2187 5137 hoc
2207 5081 2330 5139 loco
2361 5081 2520 5139 liccat
2540 5081 2716 5137 obiter
2742 5080 3037 5139 admonere
3065 5081 3168 5137 hoc
3190 5082 3385 5139 decre-

144 5165 381 5245 Basiliden:
396 5179 423 5245 ί
436 5176 565 5215 mss.
589 5159 828 5245 quinque.
851 5151 1091 5245 melioris
1114 5166 1254 5245 nota:
1279 5156 1481 5245 ite-gnat,
1504 5172 1687 5245 facttn-
1711 5184 1766 5245 D
1792 5163 1903 5245 tum
1934 5153 2002 5238 de
2017 5153 2195 5245 Jlibris
2234 5151 2588 5245 lapocryl'pb'is,
2620 5152 2762 5245 quod
2806 5155 3137 5245 recentiqu
3165 5156 3383 5220 quidam

146 5234 250 5291 dum
274 5232 514 5304 praprium
540 5224 758 5304 nomen."
787 5230 859 5283 De
884 5231 977 5304 hoc
1014 5224 1263 5304 Basilidis
1288 5224 1577 5304 Evangelio
1606 5224 1684 5283 lo-

148 5299 298 5377 quitur
325 5299 673 5377 Hieronymus
699 5301 864 5377 citato
903 5300 1050 5377 loco,
1069 5308 1127 5355 et
1148 5300 1210 5377 in_
1230 5299 1351 5377 latri.
1385 5312 1682 5377 cap.__t.xtr,

150 5370 325 5435 tibialia
347 5370 597 5431 nonnulla
629 5373 934 5439 huiusmodi
955 5370 1261 5441 apocrypha
1280 5371 1567 5441 Evangelia
1584 5387 1684 5441 re-

152 5456 321 5506 censet.
362 5447 774 5518 Euangeliorum
804 5457 1019 5518 quoque
1064 5439 1288 5518 Thomas
1314 5452 1404 5518 _l_tc
1436 5439 1689 5518 “Manilia

152 5521 270 5577 idem
289 5511 630 5579 Hieronymus
655 5511 955 5572 memorato
973 5514 1208 5569 Priorem.
1233 5513 1285 5568 in
1314 5511 1501 5569 Matth.
1537 5526 1687 5568 meno

157 5595 320 5649 tionem
346 5579 490 5658 furit:
516 5588 658 5645 sicut
681 5596 739 5643 et
762 5586 1036 5657 Evangelii
1065 5584 1362 5640 secundum
1407 5579 1689 5658 Barthoio-

158 5676 334 5719 mmnm.
383 5656 622 5731 Denique
644 5658 885 5731 hmretici
922 5656 1004 5713 eo
1060 5670 1233 5725 usque
1283 5656 1688 5731 ampliltcarunt

162 5744 390 5790 numerum
408 5727 1042 5805 pscuiluevangeliorum,
1093 5738 1158 5805 ut
1172 5736 1327 5805 suum
1349 5729 1514 5805 e_tia_tn_
1533 5727 1687 5805 ludis

276 5807 374 5862 ituri
400 5798 786 5869 ascriberetur,
801 5800 1255 5873 quemadmodum
1267 5798 1336 5857 ab
1360 5799 1403 5856 E
1445 5800 1683 5871 iphsnto,

163 5806 322 5938 limat
337 5878 414 5938 δε.
439 5888 504 5935 ac
522 5875 883 5938 Theudor-ato.
902 5874 998 5933 lib.
1015 5890 1034 5933 ι
1056 5870 1256 5932 Horat.
1273 5816 1461 5938 mnf,
1475 5875 1683 5935 discere

199 5881 322 5937 tereti
337 5878 414 5946 δε,
439 5888 504 5935 ac
522 5870 883 5940 Theudor-ato.
902 5874 998 5933 lib.
1015 5890 1034 5933 ι
1056 5870 1256 5932 Horat.
1273 5870 1686 5947 [Ml.,discere

170 5961 250 6026 ett.
265 5952 515 6035 Origenes,
538 5949 694 6009 Hom.
719 5951 748 6018 l
770 5950 823 6008 in
843 5948 998 6031 Luc.,
1016 5945 1345 6008 Athanasius
1356 5945 1411 6004 in
1427 5947 1682 6024 Synopsl,

1792 5222 2092 5280 Hormisdae
2122 5220 2357 5294 βοειιίἰίοἱ
2386 5220 2704 5291 attribuunt,
2729 5239 2761 5278 a
2785 5224 2944 5278 nobis
2981 5224 3081 5281 sub
3120 5240 3384 5281 consueto

1789 5296 1990 5353 Gelasii
2019 5298 2174 5351 titulo
2212 5296 2455 5365 allegari,
2507 5297 2630 5366 quia
2678 5295 2807 5349 illud
2832 5295 2886 5349 in
2917 5308 3047 5351 mss.
3080 5305 3205 5351 ante
3233 5298 3383 5353 mille

1792 5384 1964 5423 annos
1990 5370 2225 5424 exaratis
2247 5369 2435 5440 eadem
2465 5367 2813 5440 inscriptione
2839 5377 3198 5440 pigenotatum
3226 5385 3387 5440 repe-

1789 5441 1980 5494 riatur.
2045 5439 2176 5494 \"ide
2225 5439 2427 5494 Mab’tll.
2482 5436 2730 5495 nostrum
2780 5438 2834 5493 in
2877 5436 3093 5495 Dium.
3125 5441 3190 5494 de
3213 5436 3384 5495 Cursu

1791 5508 1979 5584 Gallic.
2017 5510 2045 5584 ᾗ
2068 5510 2119 5578 l,
2148 5527 2293 5584 natu.
2316 5510 2371 5567 9.

1868 5584 1889 5622 ί
1921 5580 2110 5659 (ἷζξῷοθ
2142 5580 2675 5659 τιττπλπηροφορηδιιεέᾳθρωνΔ
2720 5582 2968 5659 ὼιὴμῖνε
3015 5583 3157 5653 quod
3214 5585 3381 5659 etiam

1790 5654 2037 5726 nonnulli
2066 5650 2603 5726 vertunt,qu'te'nobis
2625 5650 2828 5708 abunde
2848 5650 3082 5726 probati:
3103 5655 3390 5726 sunt.Vido

1789 5737 1976 5784 annot.
2006 5722 2250 5785 Corderii
2297 5722 2349 5782 in
2387 5725 2644 5781 Catenam
2681 5722 3101 5797 grtecJPalrum
3143 5725 3210 5780 ad
3236 5727 3384 5791 hunc

1788 5815 2024 5858 versum.

1861 5883 1888 5925 ε
1917 5871 2082 5933 Corb.
2113 5871 2236 5935 cod.
2268 5880 2324 5932 et
2343 5869 2435 5931 alii
2456 5882 2567 5929 non
2596 5867 2777 5949 pauci,
2810 5879 3001 5930 menter
3043 5868 3275 5939 omnium
3303 5885 3386 5937 ro-

1787 5948 1879 6023 9⁸⁸-
1979 6004 2024 6023 ...
