4156 6346
507 321 650 380 1535

1854 314 2101 374 SANGTI
2140 314 2466 373 AMBROSII

3676 316 3815 375 i536

506 458 634 500 nem
688 442 815 500 fidei
869 441 1167 514 sumpserit
1208 437 1620 513 plenitudinem,
1684 436 2112 492 ﬁrmamentum-
2138 452 2191 513 Α
2216 450 2314 492 cor
2341 449 2554 492 eorum.
2616 436 2735 508 Ipse
2778 453 2994 509 quoque
3026 453 3133 494 non
3162 438 3243 495 se'
3270 452 3430 510 posse
3456 453 3486 494 a
3509 436 3710 495 Iudaeis
3736 438 3821 493 vi-

504 552 613 608 que
664 536 1019 601 constantiae,
1074 542 1225 591 recte
1278 531 1463 588 dicit:
1500 529 1631 599 Qui:
1682 529 1738 584 in
1772 529 1918 584 nobis
1968 544 2109 584 com-

503 631 657 705 plette
690 638 844 698 sunt;
875 627 1133 702 quoniam
1183 641 1290 683 non
1318 626 1490 697 signis
1534 636 1590 681 et
1631 624 1924 696 prodigiis,
1953 632 1981 661 α
2010 622 2109 680 sed

506 725 679 783 verbo
708 740 835 781 vera
866 735 923 780 ct
972 723 1109 779 falsa
1139 720 1493 778 discriminan
1509 729 1549 784 t,
1579 719 1671 788 qui
1717 718 1974 774 salutaria
2008 718 2112 773 Do-

508 819 644 877 mini
688 827 840 891 gesta
873 816 1212 878 describunt.
1244 814 1331 871 vel
1371 814 1461 885 qui
1490 814 1731 868 animum
1773 810 2111 867 mirabilibus

510 912 628 984 ejus
651 909 957 968 intendunt.
1006 909 1145 977 Quid
1176 908 1321 965 enim
1349 920 1457 962 tam
1498 905 1843 974 rationabile,
1873 920 2035 977 quam
2055 914 2113 959 ut

509 1005 725 1073 credas,
753 1004 896 1074 quod
928 1004 1062 1076 legis
1087 1019 1150 1059 ea
1162 1013 1316 1075 gesta
1335 1018 1455 1075 quae
1476 1016 1639 1071 supra
1664 988 1937 1056 bomiuem
1962 1012 2110 1067 sunt,

512 1096 744 1171 potioris
792 1113 916 1154 esse
965 1107 1198 1164 naturae;
1250 1106 1304 1150 at
1351 1111 1483 1150 varo
1533 1111 1655 1151 cum
1689 1095 1822 1167 legis
1875 1109 1940 1150 ea
1992 1109 2114 1164 quac

511 1201 642 1249 sunt
686 1192 934 1255 moralia,
959 1190 1196 1261 suscepti
1235 1190 1429 1245 credas
1463 1189 1673 1263 1267
1703 1204 1826 1244 esse
1867 1188 2114 1258 corporis

446 1330 447 1333 η
510 1284 835 1354 passiones?
863 1282 938 1339 Ita
968 1283 1138 1340 verbo
1167 1290 1330 1354 atque
1368 1285 1603 1350 ratione,
1645 1297 1752 1337 non
1781 1280 1951 1352 signis
1980 1280 2115 1336 ﬁdes

512 1386 702 1433 nostra
725 1375 1004 1432 fundatur.

585 1468 767 1541 (Vers.
800 1468 882 1541 ἓ.)
918 1468 1066 1525 Sicut
1116 1468 1463 1535 tradiderunt,
1511 1468 1721 1541 inquit,
1749 1467 1894 1523 nobis
1939 1466 2028 1540 qui
2053 1467 2118 1521 ab

510 1557 662 1616 initio
690 1561 793 1631 ipsi
821 1561 1078 1625 uiderunt,
1102 1570 1150 1616 et
1176 1561 1397 1616 ministri
1419 1566 1627 1634 fuerunt
1658 1560 1829 1616 Verbi.

583 1655 639 1713 5.
681 1654 801 1711 Non
849 1653 1103 1727 congruit
1130 1656 1233 1711 ista
1266 1656 1504 1723 locutio,
1535 1666 1592 1712 ut
1620 1655 1649 1694 ι’
1678 1656 1849 1727 magis
1876 1655 2119 1711 ministe-

516 1750 658 1807 rium
682 1750 835 1807 verbi
862 1750 1036 1807 visum
1067 1766 1226 1822 quam
1251 1751 1495 1807 auditum
1520 1766 1645 1808 esse
1664 1751 1973 1807 credamus.
2008 1749 2118 1806 Sed

2213 529 2331 586 deri
2358 529 2678 588 testiﬁcatur
2702 530 2891 587 dicens
2922 550 2936 586 :
2981 529 3154 587 Duces
3191 534 3350 593 eieci.
3377 533 3634 603 liquautes
3683 531 3823 586 culi-

2214 644 2343 694 cem,
2391 628 2642 683 camelum
2687 638 2859 683 autem
2906 627 3181 700 glutientes
3218 626 3437 699 (Matth.
3490 640 3644 693 xum,
3698 623 3822 695 24).

2214 721 2330 778 Νοη
2352 720 2487 777 vidit
2512 737 2634 776 eum
2671 721 2875 777 Pilatus
2907 737 2920 774 :
2956 735 3064 776 non
3095 719 3349 775 viderunt
3374 718 3473 785 illi,
3496 717 3589 789 qui
3617 716 3826 773 clama-

2216 816 2348 873 bant
2401 836 2415 872 :
2462 816 2746 890 Cruciﬁge,
2802 816 3046 887 cruciﬁge
3089 832 3204 870 eum
3245 813 3428 887 (Joau.
3472 828 3591 878 xu,
3631 810 3718 883 6);
3773 808 3826 866 si

2216 912 2358 967 enim
2384 910 2673 976 vidissent,
2708 926 3001 981 numquam
3055 910 3341 965 Dominum
3373 906 3674 979 majestatis
3698 920 3831 962 cru-

2216 1005 2648 1075 ciﬁxiasentﬂui
2674 1021 2805 1077 ergo
2826 1005 2994 1060 Dcum
3026 1003 3183 1070 vidit,
3207 1002 3343 1059 vidit
3360 1000 3700 1065 Emmanuel,
3721 999 3830 1054 hoc

2216 1111 2327 1177 est,
2371 1098 2507 1155 vidit
2555 1099 2842 1154 nobiscum
2907 1098 3116 1152 Deum:
3158 1095 3253 1166 qui
3303 1103 3484 1151 autem
3537 1092 3829 1150 nobiscum

2219 1194 2388 1251 Deum
2425 1210 2532 1250 non
2563 1193 2717 1259 vidit,
2765 1209 2873 1248 non
2914 1193 3087 1264 potuit
3117 1190 3303 1247 videre
3352 1204 3515 1261 quem
3543 1188 3698 1258 virgo
3730 1200 3831 1258 pe-

2218 1288 2378 1360 perit.
2414 1288 2678 1358 Denique,
2708 1289 2800 1357 qui
2836 1300 2943 1340 non
2967 1283 3319 1341 crediderunt
3346 1281 3440 1338 Dei
3468 1280 3693 1348 Filium,
3724 1292 3832 1335 nec

2218 1379 2416 1436 Filium
2438 1379 2666 1450 virginis
2709 1377 3080 1434 crediderunt.

2292 1474 2346 1529 7.
2388 1472 2526 1541 Quid
2555 1483 2640 1527 est
2669 1487 2800 1543 ergo
2829 1471 3002 1527 Deum
3049 1469 3274 1527 videre?
3303 1468 3443 1525 Nolo
3475 1482 3562 1524 me
3589 1467 3829 1523 interro—

2220 1581 2337 1637 ges,
2386 1565 2739 1636 Evangelium
2772 1565 3070 1636 interroga,
3106 1564 3281 1635 ipsum
3324 1562 3611 1618 Dominum
3646 1562 3828 1617 inter-

2221 1673 2374 1730 roga,
2403 1656 2428 1696 ἀ
2456 1660 2621 1714 immo
2647 1658 2933 1715 docentem
2963 1657 3086 1714 audi
3118 1675 3132 1711 :
3163 1655 3431 1727 Philippe.
3458 1656 3546 1727 qui
3569 1653 3826 1724 videtme,

2224 1754 2387 1824 videt,
2423 1764 2471 1808 et
2501 1753 2715 1809 Patrem
2758 1753 2847 1824 qui
2895 1768 2976 1806 me
3025 1751 3187 1805 misit.
3232 1748 3502 1817 Quomodo
3549 1758 3604 1804 tu
3648 1748 3779 1803 dicis
3810 1763 3834 1802 :

515 1843 641 1913 quia
667 1856 772 1897 non
790 1843 1114 1912 prolativum
1144 1842 1393 1908 verbum,
1432 1843 1529 1898 sed
1558 1843 1912 1898 substantiale
1939 1844 2119 1915 signa-
2149 1861 2195 1923 Β
2227 1848 2451 1903 Ostende
2491 1847 2639 1902 nobis
2664 1845 2924 1902 Patrem?
2948 1842 3072 1899 Non
3095 1843 3261 1899 credis
3283 1843 3506 1913 quiaego
3533 1841 3588 1895 in
3614 1840 3832 1913 1263

515 1945 604 1991 tur
628 1933 867 1991 Verbum
893 1935 1026 1992 illud
1052 1934 1197 2007 quod
1225 1950 1356 1991 caro
1404 1936 1606 1993 factum
1633 1945 1740 2004 est,
1762 1947 1816 1993 et
1857 1936 2123 1992 habitavit

516 2027 572 2085 in
598 2027 755 2084 nobis
779 2046 793 2084 :
821 2042 929 2084 non
963 2028 1187 2099 vulgare
1213 2028 1460 2095 verbum,
1494 2029 1593 2083 sed
1624 2028 1756 2084 illud
1784 2028 2008 2085 caeleste
2038 2029 2121 2083 in-

514 2122 861 2194 telligamus,
906 2122 1273 2196 cui;Apostoli
1324 2126 1724 2182 ministrarunt.
1756 2125 1823 2182 Et
1851 2132 2032 2183 tamen
2064 2124 2120 2181 in

516 2214 710 2274 Exodo
742 2215 941 2273 lectum
977 2227 1085 2283 est,
1111 2220 1236 2289 quia
1265 2220 1500 2290 populus
1535 2219 1754 2277 videbat
1781 2235 1972 2276 vocem
2012 2220 2120 2275 Do-

516 2309 651 2363 mini
678 2307 875 2380 (Exod.
902 2325 995 2376 xx,
1045 2309 1132 2382 18)
1164 2330 1178 2365 :
1208 2321 1264 2367 et
1289 2312 1475 2384 utique
1501 2329 1603 2368 vox
1627 2328 1734 2370 non
1768 2314 2004 2381 videtur,
2026 2316 2121 2370 sed

515 2400 751 2459 auditur.
785 2401 903 2457 Vox
928 2403 1075 2458 enim
1099 2404 1227 2475 quid
1256 2414 1363 2474 est,
1398 2406 1501 2461 nisi
1533 2409 1707 2462 sonus
1736 2408 1829 2478 qui
1862 2423 1968 2462 non
1992 2422 2123 2463 ocu-

517 2494 587 2551 lis
613 2496 874 2561 cernitur,
906 2496 1004 2553 sed
1040 2512 1173 2554 aure
1220 2498 1556 2569 percipitur?
1610 2499 1807 2556 Verum
1855 2501 2122 2557 altissimo

519 2587 741 2658 ingenio
772 2586 947 2643 voluit
982 2588 1262 2646 declarare
1309 2591 1546 2663 Moyses,
1588 2592 1712 2663 quia
1760 2609 1861 2648 vox
1907 2594 2124 2650 videtur

520 2680 614 2736 Dei
638 2696 653 2745 ;
686 2680 965 2736 interioris
985 2683 1132 2739 enim
1161 2684 1359 2740 mentis
1380 2685 1594 2741 videtur
1614 2686 1807 2743 obtutu
1827 2701 1842 2749 ;
1868 2687 1920 2741 in
1947 2687 2123 2743 Evan-

514 2773 658 2845 gelio
681 2787 863 2829 autem
908 2790 1017 2831 non
1040 2790 1175 2842 vox,
1220 2778 1316 2834 sed
1351 2778 1480 2834 illud
1523 2781 1666 2850 quod
1699 2796 1833 2837 voce
1861 2796 2127 2853 praesran-

515 2869 623 2924 tius
653 2878 770 2935 est,
802 2867 1038 2925 Verbum
1070 2870 1305 2928 videtur.
1359 2871 1514 2929 Unde
1542 2885 1598 2930 et
1638 2874 1878 2931 Joannes
1905 2886 2125 2933 sanctus

516 2960 862 3031 EVangelista
894 2980 907 3014 :
942 2962 1094 3028 Quod
1114 2973 1249 3033 erat,
1270 2966 1468 3037 inquit,
1503 2966 1566 3021 ab
1599 2968 1772 3035 initio,
1806 2969 1948 3039 quod
1972 2972 2125 3027 audi-

516 3053 703 3120 vimus,
746 3063 794 3109 et
835 3055 973 3126 quod
998 3056 1241 3124 vidimus,
1267 3069 1314 3113 et
1336 3060 1500 3114 oculis
1522 3062 1712 3116 nostris
1743 3065 2120 3135 perspeximus,

515 3156 565 3202 et
602 3164 789 3204 manus
816 3159 1007 3205 nostra:
1032 3161 1274 3206 scrutata:
1294 3162 1414 3207 sunt
1437 3153 1501 3207 de
1537 3153 1707 3210 Verbo
1741 3157 1862 3211 vitae
1894 3174 1906 3210 :
1939 3168 1987 3212 et
2018 3159 2125 3212 vita

2222 1940 2406 2009 Patre,
2433 1950 2482 1995 et
2509 1938 2662 1995 Pater
2679 1940 2735 1994 in
2763 1954 2842 1994 me
2869 1949 2940 1993 est
2975 1936 3159 2010 (Joan.
3187 1951 3296 2003 XIV,
3331 1934 3365 1990 9
3392 1943 3438 1989 et
3471 1932 3601 2004 l0)?
3632 1931 3830 2001 Utique

2222 2049 2330 2091 non
2352 2048 2550 2105 corpus
2580 2032 2790 2089 videtur
2820 2034 2873 2086 in
2899 2044 3162 2103 corpore,
3205 2041 3307 2084 nec
3357 2024 3582 2096 spiritus
3619 2022 3837 2079 videtur

2223 2128 2277 2184 in
2306 2129 2499 2199 spiritu
2533 2126 2667 2184 :sed
2699 2125 2849 2182 solus
2885 2124 2975 2182 ille
3006 2123 3168 2180 Pater
3215 2122 3426 2177 videtur
3473 2122 3526 2175 in
3554 2118 3710 2184 Filio,
3739 2125 3837 2173 aut

2225 2222 2326 2277 iste
2352 2220 2525 2277 Filius
2546 2219 2764 2276 videtur
2794 2218 2847 2275 in
2888 2219 3067 2274 Patre.
3123 2215 3240 2272 Non
3271 2214 3416 2271 enim
3444 2211 3746 2270 dissimiles
3777 2214 3830 2268 in

2224 2316 2577 2373 diSsimilibus
2605 2314 2855 2370 videntur
2887 2329 2901 2368 :
2931 2313 3029 2370 sed
3072 2312 3159 2367 ubi
3182 2313 3365 2367 unitas
3389 2308 3726 2380 operationis
3746 2314 3835 2364 est

2225 2421 2387 2480 atque
2407 2409 2641 2476 virtutis,
2672 2418 2726 2464 et
2748 2407 2917 2463 Filius
2947 2406 3001 2461 in
3021 2405 3207 2472 Patre,
3255 2411 3313 2460 et
3339 2403 3503 2459 Pater
3521 2401 3734 2458 videtur
3776 2401 3832 2457 in

2226 2501 2386 2557 Filio.
2423 2500 2553 2568 Quae
2576 2516 2692 2571 ego,
2712 2500 2908 2572 inquit,
2939 2514 3097 2571 apera
3117 2496 3277 2568 facio,
3308 2505 3357 2552 et
3381 2496 3473 2551 ille
3497 2495 3625 2568 facit
3649 2491 3832 2568 (Joan.

2225 2611 2277 2660 v,
2307 2593 2421 2668 l9).
2454 2595 2511 2649 lu
2542 2594 2799 2663 operibus
2826 2592 3001 2648 Patris
3028 2590 3189 2649 Jesus
3219 2590 3454 2657 videtur,
3499 2590 3553 2646 in
3575 2589 3834 2662 operibus

2226 2686 2350 2742 Filii
2374 2694 2429 2743 et
2474 2686 2633 2742 Pater
2673 2688 2937 2741 cernitur.
2970 2684 3113 2740 Vidit
3153 2684 3341 2741 Jesum
3397 2684 3489 2756 qui
3543 2681 3829 2740 Galilteum

2226 2779 2359 2834 illud
2388 2779 2703 2851 mysterium
2728 2775 2908 2849 (Joau.
2937 2792 2995 2841 ιι,
3022 2776 3101 2848 9).
3135 2780 3160 2809 °
3184 2775 3238 2831 id
3267 2784 3373 2843 est,
3396 2790 3464 2831 ex
3491 2789 3629 2845 aqua
3649 2773 3832 2829 viuum

2227 2872 2426 2929 factum
2457 2872 2622 2938 vidit;
2663 2872 2803 2943 quod
2838 2886 2998 2928 nemo
3042 2879 3246 2940 posset,
3290 2870 3391 2926 nisi
3419 2869 3608 2925 mundi
3655 2869 3836 2924 Domi-

2229 2984 2331 3023 nus
2357 2969 2624 3024 elementa
2644 2974 2984 3022 convertere.
3041 2965 3208 3022 Video
3231 2964 3441 3031 Jesum,
3470 2962 3688 3035 quando
3715 2962 3836 3034 lego

2228 3063 2349 3135 quia
2378 3076 2524 3118 creco
2555 3061 2728 3117 linivit
2765 3075 2833 3118 oc
2853 3061 2954 3116 ilos
2983 3061 3117 3125 luto,
3145 3071 3200 3117 et
3228 3059 3468 3116 reddidit
3488 3060 3685 3115 visum.
3746 3058 3836 3130 lp-

2227 3169 2349 3210 sum
2379 3155 2523 3210 enim
2554 3169 2889 3225 recognosco
2917 3155 3011 3226 qni
3030 3154 3099 3209 de
3129 3155 3242 3210 luto
3271 3153 3424 3209 tinxit
3456 3152 3758 3221 hominem,
3780 3160 3840 3209 et

516 3243 784 3312 apparuit,
818 3253 866 3296 et
895 3243 1139 3309 vidimus,
1193 3255 1241 3298 et
1260 3254 1525 3313 testamur,
1558 3256 1609 3301 et
1637 3250 2010 3304 annuntiamus
2037 3267 2127 3305 vo—
2153 3258 2199 3323 C
2230 3250 2280 3305 ei
2324 3247 2539 3305 vivendi
2570 3247 2845 3318 spiritum,
2877 3257 2932 3303 et
2958 3247 3175 3303 videndi
3214 3248 3395 3303 lumen
3451 3244 3644 3301 infudit
3677 3244 3835 3319 (Gen.

517 3336 594 3390 bis
616 3335 679 3390 de
708 3336 839 3403 vita,
884 3353 1001 3408 qua
1037 3349 1144 3392 erat
1171 3339 1314 3407 apud
1345 3338 1573 3408 Patrem,
1618 3351 1670 3397 et
1710 3345 1954 3415 apparuit
1983 3348 2127 3401 nobis

516 3426 566 3499 (l
590 3427 749 3484 Joan.
781 3445 822 3495 ι,
858 3431 880 3485 l
913 3430 1060 3502 ετξ).
1094 3430 1259 3488 Vides
1290 3449 1421 3504 ergo
1472 3434 1615 3505 quod
1671 3435 1907 3492 Verbum
1955 3438 2050 3495 Dei
2074 3448 2130 3495 et

518 3526 696 3581 visum
726 3528 1115 3598 estapostolis,
1142 3539 1198 3584 et
1225 3530 1627 3587 auditum.Non
1657 3533 1832 3588 solum
1862 3535 2006 3590 enim
2036 3549 2127 3591 se-

516 3618 754 3675 cundum
792 3634 993 3690 corpus
1017 3621 1274 3678 viderunt
1318 3622 1609 3679 Dominum
1631 3667 1647 3689 ,
1676 3608 1795 3682 'sed
1849 3627 2013 3683 etiam
2044 3642 2132 3684 se-

516 3712 752 3769 cundum
782 3712 1054 3781 Verbum;
1105 3715 1357 3772 viderunt
1386 3717 1532 3773 enim
1583 3717 1851 3783 Verbum,
1879 3722 1970 3792 qui
2006 3737 2128 3777 cum

520 3805 709 3878 Moyse
743 3817 798 3863 et
828 3806 943 3863 Elia
991 3809 1250 3865 viderunt
1302 3810 1535 3882 gloriam
1564 3811 1730 3869 Verbi
1762 3812 1872 3886 (Cf.
1907 3816 2127 3886 August.

521 3900 696 3973 Epist.
748 3919 907 3958 nunc.
945 3902 1071 3972 148,
1100 3904 1174 3961 al.
1231 3906 1380 3978 Hi).
1441 3907 1535 3963 Isti
1585 3909 1730 3964 enim
1763 3909 2015 3967 viderunt
2045 3912 2134 3968 Je-

517 4011 660 4061 sum,
680 3997 770 4068 qui
790 4000 843 4052 in
869 4013 965 4052 sua
990 3992 1241 4055 viderunt
1258 4001 1464 4071 gloria;
1495 4002 1585 4057 alii
1613 4018 1720 4058 non
1744 4003 2015 4071 viderunt,
2039 4006 2132 4076 qui

519 4102 720 4159 corpus
770 4091 1150 4146 tantummodo
1191 4092 1375 4149 videre
1430 4103 1761 4162 potuerunt;
1823 4112 1930 4153 non
1986 4097 2132 4153 enim

522 4185 916 4254 corporalibus.
948 4188 1043 4243 sed
1063 4188 1399 4259 spiritalibus
1421 4191 1594 4245 oculis
1626 4191 1786 4247 Jesus
1815 4192 2050 4249 videtur.

596 4280 649 4337 6.
694 4280 938 4354 Denique
976 4282 1148 4339 Judaei
1185 4296 1207 4324 ο
1242 4300 1346 4340 non
1405 4285 1658 4341 viderunt
1678 4303 1800 4341 eum
1828 4303 1842 4353 ;
1870 4287 1992 4351 quia
2024 4302 2134 4343 non

526 4375 786 4432 videbant
809 4376 863 4432 in
891 4377 1107 4447 spiritu.
1136 4378 1285 4434 Vidit
1304 4380 1450 4434 enim
1475 4380 1782 4446 Abraham;
1810 4382 1937 4452 quia
1960 4383 2139 4452 scrip-

525 4475 641 4524 tum
673 4481 757 4525 est
789 4471 1092 4527 :Abraham
1135 4472 1273 4527 diem
1315 4490 1485 4528 meum
1540 4474 1692 4538 vidit,
1742 4483 1791 4529 et
1826 4476 2032 4548 gauisus
2060 4487 2137 4532 est

530 4561 713 4634 (Joan.
739 4580 856 4631 VIII,
900 4564 1018 4635 56).
1069 4554 1213 4624 Vidit
1233 4584 1363 4640 ergo
1390 4584 1515 4626 eum
1569 4569 1867 4638 Abraham,
1902 4571 1994 4642 qui
2027 4572 2135 4627 Do-

2231 3360 2293 3411 ll,
2318 3344 2395 3416 7).
2425 3341 2597 3398 Video
2622 3342 2831 3410 Jesum,
2858 3342 3075 3414 quando
3102 3352 3324 3414 peccata
3340 3341 3649 3405 condonat;
3680 3356 3841 3395 nemo

2232 3436 2376 3492 enim
2440 3444 2615 3507 potest
2664 3446 2881 3505 peccata
2948 3435 3263 3501 dimittere,
3323 3434 3427 3490 nisi
3495 3433 3646 3489 solus
3696 3433 3842 3490 Deus

2234 3531 2428 3606 (Mare.
2477 3549 2538 3598 ιι,
2584 3530 2690 3588 6et
2717 3533 2796 3603 7).
2844 3530 3018 3590 Video
3068 3531 3279 3599 Jesum,
3324 3530 3542 3603 quando
3573 3530 3841 3586 Lazarum

2233 3632 2583 3688 suscitatzet
2620 3645 2726 3685 non
2782 3629 3036 3686 viderunt
3063 3630 3157 3700 qui
3212 3629 3466 3685 viderunt
3516 3628 3697 3702 (Joan.
3756 3644 3842 3694 XI,

2234 3724 2348 3796 44).
2381 3723 2553 3778 Video
2576 3722 2783 3791 Jesum,
2809 3722 2968 3778 video
2996 3720 3432 3791 etiamDPatrem,
3465 3720 3682 3794 quando
3709 3735 3845 3775 ocu-

2236 3817 2318 3872 los
2357 3816 2423 3871 ad
2452 3816 2647 3871 caelum
2680 3817 2854 3886 erigo,
2901 3816 2969 3872 ad
2997 3816 3168 3872 maria
3193 3825 3478 3882 converto,
3528 3814 3595 3870 ad
3639 3824 3844 3870 terram

2236 3922 2528 3983 retorquet)
2564 3929 2576 3964 :
2615 3909 2905 3965 Invisibilia
2936 3912 3069 3964 enim
3098 3912 3229 3981 ejus,
3267 3927 3356 3978 per
3384 3926 3443 3964 ea
3472 3924 3590 3981 qua:
3616 3907 3845 3982 perfecta

2236 4017 2353 4061 sunt
2398 4005 2676 4070 intellecta,
2704 4004 3093 4074 conspiciuntur
3125 4002 3302 4076 (Rom.
3331 4019 3371 4070 ι,
3393 4002 3515 4073 20).

2309 4100 2363 4155 8.
2407 4098 2556 4153 Sicut
2584 4096 2905 4152 tradiderunt
2935 4097 3100 4162 nobis,
3131 4097 3221 4166 qui
3243 4097 3305 4149 ab
3341 4095 3489 4149 initio
3511 4095 3767 4158 viderunt,
3792 4103 3842 4148 et

2238 4192 2462 4246 ministri
2500 4194 2718 4264 fuerunt
2750 4188 2927 4244 Verbi.
2958 4188 3187 4245 Gemina
3236 4190 3407 4244 virtus
3433 4196 3519 4242 est
3543 4188 3597 4241 in
3625 4186 3846 4242 homine

2241 4284 2501 4355 perfecto,
2534 4292 2592 4337 ut
2611 4292 2666 4337 et
2696 4283 2926 4338 intentio
2954 4282 3048 4348 sit,
3074 4290 3130 4337 et
3156 4280 3320 4337 actio.
3358 4279 3656 4349 .Utramque
3683 4280 3848 4350 igitur

2239 4379 2493 4433 virtutem
2538 4387 2760 4433 sanctus
2786 4377 3139 4448 Evangelista
3190 4377 3454 4447 apostolis
3489 4373 3701 4440 defert;
3734 4390 3847 4431 non

2239 4470 2414 4526 solum
2462 4471 2607 4526 enim
2651 4471 2939 4537 viderunt,
2985 4472 3079 4525 sed
3120 4472 3283 4525 etiam
3343 4469 3603 4536 ministri,
3632 4468 3845 4540 inquit,

2247 4560 2402 4617 Verbi
2432 4566 2660 4634 fuerunt.
2686 4562 2920 4619 Intentio
2951 4563 3197 4625 visionis,
3224 4561 3459 4617 actionis
3482 4571 3567 4618 est
3596 4563 3854 4617 ministe-

530 4657 735 4713 minum
766 4657 952 4729 utique
979 4659 1033 4716 in
1060 4676 1294 4731 corpore
1320 4679 1427 4720 non
1460 4662 1678 4721 videbat
1713 4681 1726 4717 :
1757 4664 1854 4721 sed
1884 4665 1974 4735 qni
1997 4664 2131 4722 vidit
2156 4668 2212 4729 Ῑ)
2237 4660 2376 4713 rium
2410 4676 2424 4714 :
2457 4659 2580 4714 linis
2611 4670 2792 4714 autem
2841 4657 3159 4714 intentionis
3184 4665 3271 4714 est
3297 4658 3443 4715 actio
3475 4674 3489 4711 :
3520 4656 3847 4727 principium

531 4750 587 4807 in
616 4752 832 4821 spiritu,
863 4754 999 4810 vidit
1040 4754 1092 4811 in
1119 4771 1387 4828 corpore:
1420 4759 1511 4827 qui
1557 4767 1739 4815 autem
1764 4758 1901 4814 vidit
1929 4759 1981 4815 in
2013 4774 2136 4815 cor-

530 4859 684 4916 pore.
715 4855 771 4902 et
799 4863 904 4903 non
931 4847 1065 4904 vidit
1092 4849 1144 4904 in
1196 4852 1427 4919 spiritu;
1461 4866 1564 4907 nec
1615 4852 1670 4907 in
1703 4853 1821 4924 ipso
1846 4853 1981 4909 vidit
2006 4869 2130 4910 cor-

532 4954 686 5010 pore,
709 4941 853 5013 quod
910 4942 1153 5001 videbat.
1175 4944 1324 5001 Vidit
1372 4961 1497 5001 eum
1528 4945 1749 5013 Esaias;
1782 4958 1835 5003 et
1859 4949 1986 5020 quia
2005 4948 2139 5005 vidit

533 5032 588 5089 in
618 5034 835 5104 spiritu.
855 5034 989 5090 vidit
1018 5045 1075 5092 et
1096 5036 1147 5091 in
1174 5050 1428 5105 corpore.
1465 5037 1705 5109 Denique
1735 5037 1859 5094 Non
1896 5039 2132 5106 habebat,

532 5128 727 5199 inquit,
752 5130 970 5203 speciem
990 5148 1138 5186 suam
1159 5148 1320 5201 neque
1336 5130 1568 5188 decorem
1585 5130 1757 5204 (Esai.
1783 5148 1894 5193 LIII.
1919 5131 1999 5203 2).
2019 5131 2137 5188 Non

536 5225 788 5281 viderunt
813 5241 937 5281 cum
961 5225 1135 5283 Jndrei
1156 5242 1171 5291 ;
1196 5227 1527 5283 obcaecatum
1558 5228 1704 5284 enim
1726 5237 1846 5283 erat
1874 5227 2139 5298 insipiens

613 5396 641 5426 α
674 5386 835 5442 Rom.
860 5384 1018 5451 edit.,
1046 5385 1139 5441 sed
1164 5386 1313 5441 uerbo
1332 5396 1482 5457 atque
1510 5385 1712 5440 ratione
1730 5399 1874 5450 vera,
1900 5390 2005 5438 etc.

611 5476 641 5517 ι’
672 5478 764 5535 Sic
788 5477 920 5533 edit.
955 5492 1175 5544 omnes,
1225 5493 1288 5534 ac
1322 5495 1453 5535 mss.
1477 5478 1703 5550 aliquot.
1731 5475 1933 5550 Novem
1963 5484 2144 5530 tamen

541 5564 650 5607 non
682 5551 882 5605 inilmre
913 5560 1055 5605 noue
1079 5550 1262 5615 legunt
1296 5561 1350 5606 ut
1393 5548 1585 5623 magis;
1610 5565 1640 5604 e
1689 5548 1887 5621 quibus
1913 5558 2147 5623 quatuor

542 5624 734 5693 majus.
759 5623 1098 5677 ministerium
1122 5623 1279 5678 verbi.
1303 5639 1457 5693 quant
1476 5616 1690 5677 auditus
1709 5616 1738 5676 ἐ
1759 5637 1824 5674 ex
1853 5616 1959 5688 quo
1979 5616 2144 5693 etiam

542 5690 773 5765 numero
802 5694 1020 5762 quidam
1047 5694 1187 5751 forte
1214 5690 1405 5750 calami
1463 5695 1638 5765 lap.-u,
1689 5709 1842 5763 quam
1885 5690 2142 5746 auditum.

546 5764 656 5824 Sed
686 5766 739 5823 in
769 5766 877 5823 illis
907 5766 1158 5822 omnibus
1179 5766 1357 5835 deest,
1391 5764 1576 5824 visum.

620 5894 643 5923 ο
667 5868 791 5941 iiii.
831 5872 996 5943 Cori).
1023 5894 1076 5942 et
1107 5864 1199 5944 alii
1230 5882 1336 5944 non
1382 5865 1558 5960 pauci,
1608 5902 1710 5942 non
1739 5866 1975 5940 viderunt
2005 5892 2143 5956 eum,

2245 4752 2477 4808 actionis
2506 4753 2759 4808 intentio.
2791 4756 2969 4824 Atque
2998 4760 3059 4806 ut
3079 4752 3301 4823 proprio
3326 4752 3698 4818 apostolorum
3730 4760 3851 4805 uta-

2250 4864 2372 4901 tuttr
2400 4847 2670 4916 exemplo.
2723 4844 2953 4902 intentio
2981 4854 3089 4911 est,
3119 4844 3263 4913 quod
3291 4843 3483 4899 Petrus
3507 4851 3561 4897 et
3583 4842 3851 4898 Andrmas

2247 4940 2427 4998 audita
2460 4938 2669 4995 Domini
2689 4953 2823 4994 voce
2847 4936 3078 4993 dicentis
3105 4953 3120 4991 :
3155 4934 3175 4974 τ
3199 4931 3413 4990 Faciam
3435 4951 3520 4989 nos
3540 4934 3652 5005 ﬁeri
3676 4934 3852 5004 pisca-

2248 5045 2382 5091 tores
2409 5035 2673 5089 hominum
2704 5031 2917 5105 (Matth.
2974 5044 3052 5093 tv,
3088 5028 3205 5102 l9),
3237 5029 3357 5083 sine
3388 5028 3496 5082 ulla
3524 5022 3853 5098 compereno

2247 5129 2526 5184 dinatione
2549 5130 2891 5199 reliquerunt
2907 5116 3193 5188 scalmum,
3229 5121 3465 5178 Verbum
3488 5121 3661 5179 secuti
3692 5131 3849 5181 sunt.

2243 5225 2352 5283 Sed
2383 5241 2489 5281 non
2518 5225 2700 5279 statim
2732 5224 2785 5278 in
2830 5223 3132 5281 intentione
3174 5222 3318 5279 actio
3348 5235 3364 5275 :
3393 5235 3494 5275 nec
3524 5219 3598 5275 ibi
3624 5218 3845 5290 quidem

2246 5380 2335 5451 qui
2363 5374 2826 5451 uidebantsi’idit,
2855 5387 2961 5431 etc.
3002 5375 3126 5451 Non
3171 5374 3336 5442 male,
3377 5374 3422 5428 si
3473 5380 3595 5445 post
3623 5373 3849 5429 verbum

2256 5448 2513 5514 uidebant,
2539 5448 2974 5518 subintelligatur
2992 5450 3043 5502 in
3071 5463 3305 5516 corpore.

2326 5519 2353 5559 ά
2379 5520 2502 5576 Vet.
2527 5519 2660 5576 edit.
2684 5532 2734 5575 et
2761 5516 3003 5591 plerique
3025 5534 3157 5574 mss.
3178 5520 3336 5573 immo
3356 5516 3775 5591 dicentemAandi.

2328 5603 2353 5632 ο
2382 5591 2450 5646 Id
2468 5601 2566 5657 est,
2598 5609 2662 5648 ea:
2689 5587 2820 5663 aqua
2869 5587 3057 5663 vinum,
3086 5592 3317 5663 factum._
3358 5589 3481 5642 llzrc
3511 5587 3674 5663 verba
3727 5603 3849 5654 qua:

2255 5681 2362 5723 non
2392 5664 2493 5720 nisi
2534 5665 2587 5720 in
2614 5660 2784 5721 tribus
2815 5678 2947 5719 mss.
2967 5674 3019 5718 et
3046 5662 3100 5717 in
3128 5662 3258 5717 edit.
3286 5660 3443 5714 Rom.
3478 5660 3849 5730 reperiuntur,

2250 5754 2282 5796 e
2309 5738 2487 5809 glossa
2513 5738 2565 5792 in
2591 5746 2811 5809 textum,
2827 5735 3114 5809 irrepsisse
3134 5734 3291 5809 baud
3316 5731 3804 5809 itnproliabiIt-_est.

2331 5801 2353 5849 ἶ
2384 5809 2549 5868 Corb.
2569 5817 2627 5867 et
2645 5807 2739 5866 alii
2768 5801 2996 5879 aliquot,
3040 5808 3231 5879 faciam
3260 5818 3345 5861 vos
3369 5804 3649 5876 piscatores
3672 5801 3844 5859 homi-
3929 5820 3946 5828 ε

2251 5892 2321 5938 ποι
2330 5900 2393 5935 ut.
