4156 6346
295 304 403 365 1557
1244 284 1912 365 ΕΧΡΟδιίἰϋβΕνΔΝϐ.
1950 288 2102 347 SEC.
2142 287 2301 345 LUC.
2342 287 2476 345 LIB.
2520 286 2559 343 Ι.
3409 288 3547 348 1558

293 422 436 479 adhuc
456 415 606 479 actio,
638 412 733 468 sed
774 412 1005 468 intentio
1047 410 1136 467 ubi
1163 409 1296 466 dicit
1323 412 1515 467 Petrus
1544 428 1558 466 :
1583 406 1828 469 Domine.
1860 409 1913 469 A
1940 423 2035 478 per
2058 407 2107 462 id
2132 406 2272 477 quod
2307 406 2542 461 ministri
2568 404 2806 472 fuerunt,
2835 420 3026 461 eorum
3051 406 3197 462 actio
3214 406 3540 465 declaretur.

293 515 433 581 atare
454 526 542 564 non
579 524 785 576 possum
823 515 872 561 te
902 504 1044 567 seaui
1068 504 1260 559 modo?
1288 504 1529 559 Animam
1556 522 1719 561 meam
1747 523 1841 579 pro
2018 497 2199 570 (Vcrs.
2234 497 2312 569 5).
2357 497 2538 554 Visum
2554 509 2655 566 est,
2690 498 2886 568 inquit,
2917 508 2965 552 et
2986 497 3133 552 mihi.

291 618 329 661 te
358 617 519 676 ponam
560 601 745 671 (Joan.
777 614 905 664 χιιι,
934 598 1050 670 3'7).
1105 596 1239 652 Erat
1267 597 1413 652 enim
1444 598 1673 653 intentio
1719 613 1840 669 pas—
2020 591 2107 647 10.
2146 591 2343 648 Potest
2369 592 2533 648 etiam
2563 607 2672 647 non
2702 590 2805 645 soli
2839 591 3011 647 visum
3035 605 3177 661 esse,
3211 591 3354 664 quod
3376 596 3552 651 visum

288 696 444 761 sionis,
486 691 574 748 sed
599 690 838 747 nondum
871 700 989 747 erat
1014 691 1156 745 actio
1181 705 1196 755 ;
1224 688 1349 745 licet
1376 690 1430 744 in
1469 688 1693 760 jejuniis
1726 689 1841 761 jam
1945 687 2048 744 sibi
2073 702 2197 745 esse
2247 688 2510 745 declarat.
2561 688 2678 744 Non
2731 688 2876 745 enim
2907 690 3185 747 voluntate
3215 699 3422 747 tantum
3453 690 3554 747 Ιιιι-

288 800 406 850 esset
425 790 575 853 actio,
606 795 754 843 esset
780 789 831 841 in
873 785 1097 856 vigiliis,
1133 794 1280 841 esset
1304 783 1687 854 incontemptu
1715 799 1836 839 cor-
1948 797 2107 836 mana
2140 782 2314 836 visum
2357 793 2485 837 est:
2518 782 2614 838 sed
2665 784 2809 839 sicut
2842 783 3048 854 placuit
3101 783 3153 839 ei
3201 783 3294 854 qui
3335 785 3388 840 in
3428 799 3550 853 me,

287 883 510 957 ponlium
525 878 898 948 voluptatum;
929 879 1046 932 haec
1069 878 1215 932 enim
1240 885 1324 932 est
1352 876 1495 931 actio
1526 874 1839 931 Christiani.
1946 874 2139 945 inquit,
2167 874 2408 947 loquitur
2429 875 2712 942 Christus;
2743 877 2832 948 qui
2862 888 2923 932 ut
2946 877 2998 934 id
3037 877 3183 948 quod
3207 876 3410 933 bonum
3442 886 3549 946 est,

285 980 435 1051 Neque
477 975 618 1034 enim
661 976 712 1029 in
743 972 997 1030 omnibus
1036 972 1201 1028 rebus
1243 972 1403 1026 simul
1432 981 1486 1026 et
1509 971 1760 1033 intentio,
1788 978 1843 1026 et
1948 968 2107 1041 nobis
2129 984 2345 1040 quoque
2373 970 2575 1024 bonum
2623 970 2795 1026 videri
2827 970 3020 1041 possit,
3067 980 3357 1042 Operatur;
3389 987 3551 1043 quem

284 1073 401 1128 actio
440 1078 552 1126 est:
582 1066 678 1122 sed
728 1081 851 1122 cum
904 1066 975 1120 sit
1012 1064 1093 1121 rei
1136 1064 1358 1119 alterius
1396 1063 1575 1129 actio,
1616 1062 1843 1118 alterius
1947 1062 2090 1117 enim
2119 1061 2427 1127 miseratur,
2459 1072 2514 1119 et
2541 1073 2699 1118 vocat
2728 1062 2795 1136 (Il
2819 1061 2941 1119 Cor.
2969 1080 3086 1133 χιιι,
3110 1064 3190 1137 ὃ).
3221 1065 3288 1120 Et
3316 1064 3440 1122 ideo
3459 1067 3554 1137 qui

283 1167 429 1222 adhuc
462 1160 685 1217 intentio
711 1173 814 1215 est.
843 1158 977 1213 Nam
1018 1169 1072 1213 et
1098 1157 1213 1227 ipse
1244 1156 1438 1212 Petrus
1468 1165 1493 1193 α
1522 1171 1643 1211 cum
1675 1155 1842 1211 multa
1945 1153 2220 1210 Christum
2248 1156 2517 1227 sequitur,
2567 1165 2751 1226 potest
2798 1158 3163 1231 interrogatus
3189 1176 3286 1216 cur
3309 1176 3435 1217 esse
3460 1176 3560 1217 v0-

282 1256 538 1330 apostolica
568 1258 774 1310 virtute
823 1251 1036 1324 perpeti
1088 1250 1418 1322 peregisset;
1448 1258 1638 1321 postea
1664 1258 1843 1305 tamen
1948 1247 2494 1316 lueritChristianus,
2527 1252 2896 1322 respondere:
2921 1253 3101 1310 Visum
3124 1265 3211 1312 est
3231 1256 3556 1327 mihi.Quod

280 1351 462 1424 quando
498 1348 631 1405 dixit
651 1350 702 1402 ci
736 1348 993 1401 Dominus
1020 1362 1032 1399 :
1061 1342 1142 1397 Tu
1169 1359 1251 1396 me
1271 1357 1478 1413 sequere
1503 1341 1682 1411 (Joau.
1716 1354 1841 1407 χχι,
1949 1357 2073 1398 cum
2102 1342 2256 1407 dicit,
2290 1358 2396 1397 non
2446 1354 2607 1416 negat
2650 1344 2764 1402 Deo
2792 1343 3002 1413 visum;
3031 1363 3060 1402 a
3091 1348 3203 1404 Deo
3242 1350 3389 1405 enim
3418 1364 3559 1421 pra:-

281 1447 376 1519 2‘2),
400 1443 743 1499 tulitcrncem
766 1455 919 1496 suam
943 1448 997 1495 ct
1026 1447 1245 1495 secutus
1275 1446 1361 1494 est
1391 1435 1846 1507 Verbum,atque
1949 1446 2173 1506 paratur
2219 1436 2474 1493 voluntas
2520 1437 2822 1494 hominum.
2874 1439 2943 1497 Ut
2992 1444 3140 1498 enim
3183 1443 3327 1498 Deus
3384 1442 3560 1500 hono-

281 1538 513 1593 actionem
544 1534 712 1589 subiit
751 1529 1044 1604 passionis.
1074 1529 1182 1586 Sed
1231 1529 1480 1584 lueratin
1514 1527 1700 1595 Petro,
1732 1528 1846 1583 An-
1950 1532 2193 1588 rilicetur
2222 1547 2251 1586 a
2292 1542 2504 1599 sancto,
2562 1534 2661 1590 Dei
2702 1536 2874 1607 gratia
2903 1545 3006 1593 est.
3067 1538 3310 1610 Denique
3338 1539 3561 1611 plurimi

281 1631 405 1696 drca,
429 1629 666 1693 Joanne,
699 1634 755 1683 et
783 1624 996 1681 caeteris
1013 1622 1274 1695 apostolis
1320 1631 1375 1677 et
1428 1622 1767 1688 intentiOnis,
1790 1629 1847 1678 et
1952 1623 2499 1683 volueruntscribere
2523 1627 2877 1700 Evnngelium
2908 1648 2921 1684 :
2952 1631 3047 1686 sed
3071 1642 3304 1703 quatuor
3321 1641 3560 1690 tantum-

280 1723 476 1780 actionis
492 1721 797 1793 aequalitas.
1953 1718 2137 1783 modo,
2170 1720 2259 1789 qui
2283 1717 2522 1774 divinam
2565 1735 2885 1778 meruerunt
2904 1725 3158 1794 gratiam,
3180 1740 3309 1782 sunt
3328 1728 3556 1799 recepti.

335 1819 377 1873 9.
420 1818 504 1873 Est
545 1826 728 1871 autem
788 1826 1194 1883 nonnumquam
1259 1810 1380 1882 plus
1432 1809 1486 1865 in
1544 1808 1847 1867 intentione
1876 1834 1925 1896 Β
2032 1808 2214 1864 Visum
2236 1820 2333 1877 est,
2360 1811 2553 1882 inquit,
2578 1822 2628 1868 et
2667 1814 2797 1869 mihi
2840 1826 3075 1872 assecuta
3102 1833 3134 1870 ιι
3159 1817 3421 1889 principio
3448 1835 3562 1875 out-.-

277 1929 411 1987 quam
440 1912 490 1968 in
516 1912 875 1975 actione,‘aut
904 1910 1024 1979 plus
1051 1908 1104 1963 in
1127 1906 1365 1971 actione,
1394 1921 1555 1976 quam
1585 1905 1640 1961 in
1666 1904 1845 1962 inten-
1953 1903 2041 1958 uia
2064 1902 2093 1942 δ
2121 1904 2396 1975 diligenter
2421 1923 2488 1962 ea:
2507 1907 2709 1963 ordine.

281 2008 433 2071 tintie;
463 2012 521 2061 ut
548 2005 604 2060 in
650 2003 949 2076 Evangelio
980 2002 1261 2059 cernimus
1309 2000 1451 2056 inter
1473 2010 1717 2056 sanctam
1742 2000 1852 2055 Ma~
2029 2001 2119 2056 ll.
2150 2001 2511 2059 Prolixiot'em
2531 2002 2675 2059 hunc
2697 2004 2977 2075 Evangelii
2993 2005 3186 2063 librum
3210 2023 3370 2080 quam
3400 2018 3566 2066 caete-
3633 2068 3637 2072 _

279 2100 413 2167 riam,
438 2096 781 2155 etMartham
812 2097 979 2152 fuisse
1007 2094 1341 2151 distantiam.
1390 2092 1510 2149 Alia
1541 2094 1687 2149 enim
1711 2093 1841 2149 V’er-
1954 2110 2049 2152 ros
2074 2111 2197 2152 esse
2226 2112 2388 2152 nemo
2412 2097 2761 2156 dubitaverit.
2787 2100 2905 2157 Non
2935 2102 3059 2159 ideo
3075 2118 3181 2159 non
3205 2119 3268 2159 ea
3296 2104 3564 2176 quaefalsa

280 2192 388 2250 bum
432 2192 858 2249 audiebatzalia
903 2190 1199 2248 festinabat
1254 2189 1397 2245 circa
1453 2188 1849 2254 ministerium,
1958 2201 2107 2259 sunt,
2161 2191 2254 2248 sed
2304 2195 2722 2263 qumvera,sibi
2770 2195 3028 2253 vindicat.
3075 2198 3318 2268 Denique
3341 2200 3503 2255 etiam
3534 2215 3566 2267 ιι

280 2301 380 2357 qua:
401 2285 568 2354 stetit,
601 2293 659 2341 et
694 2283 770 2339 ait
801 2301 815 2337 :
846 2280 1091 2349 Domine,
1144 2297 1248 2337 non
1278 2290 1352 2336 est
1405 2280 1496 2335 tibi
1524 2296 1683 2349 curta,
1716 2281 1854 2351 quod
1958 2293 2148 2341 sancto
2176 2286 2424 2355 aposmlo
2442 2286 2613 2343 Paulo
2641 2289 3011 2345 testimonium
3038 2289 3565 2363 meruitdiligentite.

283 2380 520 2451 dereliquit
554 2394 639 2433 me
666 2393 814 2432 soror
835 2393 948 2431 mea
966 2376 1459 2430 solamministrare.
1483 2372 1583 2429 Dic
1604 2390 1724 2446 ergo
1749 2374 1853 2442 illi,
1960 2375 2051 2433 Sic
2078 2378 2222 2433 enim
2273 2379 2461 2435 laudat
2495 2380 2692 2437 Lucam
2727 2399 2741 2437 :
2770 2383 2933 2454 Cujus
2981 2388 3119 2451 laus,
3153 2384 3349 2456 inquit,
3395 2395 3471 2442 est
3512 2386 3569 2440 in

280 2473 644 2544 stmeadjuuet.
666 2469 736 2525 Et
756 2470 889 2525 dixit
906 2469 988 2523 illi
1006 2466 1552 2533 Dominus:Martha,
1574 2466 1855 2524 Martha...
1961 2468 2247 2544 Eva‘ugelio
2291 2490 2385 2547 per
2429 2492 2604 2530 omnes
2635 2474 2896 2532 Ecclesiae
2920 2478 2998 2550 (ll
3035 2477 3156 2534 Cor.
3212 2494 3328 2546 vm,
3352 2478 3468 2552 18).
3503 2479 3573 2537 Et

285 2563 701 2635 Hariaoptimam
729 2572 927 2636 partem
952 2562 1128 2634 elegit,
1159 2561 1507 2634 qute1269
1536 2578 1637 2616 non
1656 2562 1861 2632 aufere-
1960 2580 2092 2621 vere
2138 2566 2428 2622 laudabilis
2484 2578 2591 2637 est,
2649 2570 2741 2640 qui
2795 2572 2998 2626 meruit
3046 2587 3075 2627 a
3131 2579 3284 2627 tanto
3323 2573 3567 2645 gentium

285 2668 355 2714 tur
378 2661 435 2713 ab
473 2677 533 2716 ea
558 2657 716 2731 (Luc.
741 2674 797 2726 χ,
828 2653 1045 2729 40-42).
1074 2656 1214 2726 Ergo
1243 2657 1296 2711 in
1337 2657 1505 2711 altera
1540 2655 1860 2711 intentionis
1963 2655 2186 2711 doctore
2218 2656 2451 2713 laudari.
2500 2658 2823 2716 Assecutum
2863 2662 3049 2730 itaque
3078 2678 3140 2720 se
3166 2681 3273 2720 non
3298 2680 3467 2736 pauca
3492 2665 3577 2722 di-

284 2754 518 2816 studium.
545 2754 601 2809 in
626 2752 799 2808 altera
827 2750 1060 2806 actionis
1085 2750 1450 2806 ministerium
1481 2748 1858 2807 redundabat:
1964 2748 2060 2815 cit,
2085 2749 2181 2804 sed
2204 2751 2387 2805 omnia
2416 2772 2431 2808 :
2457 2761 2510 2806 et
2534 2763 2789 2809 assecnto
2813 2754 2995 2810 omnia
3023 2755 3199 2812 visum
3218 2765 3306 2814 est
3329 2758 3576 2816 scribere

285 2849 473 2919 utrique
492 2854 681 2903 tamen
714 2845 997 2917 utriusque
1022 2845 1236 2900 virtutis
1259 2844 1494 2899 studium
1514 2844 1859 2915 suppetebat.
1966 2856 2073 2895 non
2103 2842 2306 2908 omnia,
2338 2842 2434 2898 sed
2461 2858 2527 2899 ex
2561 2845 2836 2902 omnibus.
2883 2846 3001 2903 Non
3033 2850 3178 2905 enim
3206 2852 3428 2923 scripsit
3453 2868 3575 2908 om-

288 2940 544 3010 Siquidem
574 2950 633 2997 et
661 2939 894 3007 Martha,
925 2939 1030 2995 nisi
1052 2939 1293 2995 audisset
1328 2937 1587 3006 Verbum,
1619 2939 1867 2995 ministe-
1970 2933 2076 2998 ιιίἀι.
2104 2932 2199 2989 sed
2224 2943 2507 2991 aSSCCIIlIlS
2536 2945 2622 2992 est
2649 2938 2862 3007 omnia;
2891 2939 3014 3011 quia
3042 2957 3165 3011 Quae
3190 2940 3341 3007 fecit.
3374 2944 3572 3016 inquit,

287 3037 406 3093 rium
433 3054 537 3095 non
563 3038 849 3104 subiisset,
882 3036 1039 3107 cujus
1062 3038 1210 3093 actio
1236 3034 1555 3092 intentionis
1606 3034 1865 3090 indicium
1969 3022 2145 3091 JCSUS.
2174 3025 2219 3080 Si
2246 3026 2558 3083 scribantur
2584 3030 2791 3100 omnia,
2824 3047 2924 3088 nec
2981 3032 3157 3104 ipsum
3190 3049 3389 3106 capere
3418 3053 3578 3093 mun-

289 3140 479 3188 estzet
532 3130 706 3187 Maria
751 3138 959 3185 tantum
1010 3131 1199 3201 gratia:
1250 3129 1320 3184 de
1369 3128 1650 3200 utriusque
1684 3128 1870 3184 retulit
1971 3116 2098 3173 dum
2151 3119 2387 3174 arbitror
2416 3119 2598 3193 (Ιοαιι.
2633 3139 2751 3193 xxI,
2800 3123 2916 3198 25).
2950 3125 3204 3184 Advenis
3258 3129 3401 3185 enim
3430 3131 3576 3203 quod

287 3227 606 3297 perfectione
633 3225 879 3290 virtutis;
909 3231 970 3278 ut
992 3233 1213 3295 ungeret
1248 3221 1413 3293 pedes
1437 3221 1589 3286 lesu,
1614 3230 1671 3276 et
1693 3231 1868 3293 terge-
1897 3234 1943 3299 ρ
1975 3212 2223 3267 consulto
2252 3210 2414 3268 etiam
2438 3229 2501 3269 ea
2523 3230 2645 3286 qua:
2674 3216 2743 3273 ab
2764 3217 2891 3274 aliis
2915 3228 3045 3275 sunt
3064 3220 3263 3294 scripta
3281 3222 3577 3294 praeteriit,

290 3331 359 3375 πει
379 3319 609 3392 capillis,
633 3327 688 3373 ει
719 3326 887 3374 “nam
904 3317 1124 3372 domum
1152 3332 1263 3373 sum
1295 3307 1603 3371 ῃάθίοάόιοθ
1630 3317 1869 3384 compte-
1975 3314 2032 3359 ut
2053 3305 2267 3360 diversa
2301 3307 2353 3361 in
2386 3306 2683 3378 Evangelio
2719 3309 2892 3378 gratia
2921 3311 3237 3384 relulgeret,
3262 3323 3317 3371 et
3347 3316 3580 3388 propriis

289 3421 360 3469 ret
381 3410 566 3486 (Joan.
599 3427 705 3480 χιι,
736 3412 813 3480 3).
844 3411 942 3467 Est
983 3411 1146 3467 etiam
1176 3425 1579 3482 nonnumquam
1634 3410 1870 3465 maxima
1973 3397 2295 3469 (ιυῑὺυδίιιηη
2329 3399 2525 3471 Si“8"”
2561 3402 2772 3475 1270
2802 3402 2925 3459 miri
2972 3407 3358 3478 mYSlel'iorum
3388 3421 3581 3481 gesto-

290 3504 525 3574 ἰηιεηιίο,
559 3521 714 3562 cassa
741 3505 924 3572 actio;
954 3514 1014 3561 ιιι
1039 3505 1084 3561 si
1109 3504 1391 3561 medicina;
1412 3506 1652 3560 animum
1674 3504 1872 3576 aliquis
1975 3506 2207 3564 rumque
2239 3493 2515 3548 miraculis
2570 3507 2898 3553 etntnerent.
2952 3498 3261 3558 Βὶνίεειιιιιι
3290 3503 3435 3560 enim

290 3600 545 3667 intendat,
566 3608 623 3657 ει
648 3615 771 3656 cum
802 3600 988 3655 omnia
1019 3598 1275 3655 medendi
1310 3607 1574 3669 put-cepta
1602 3612 1873 3669 cognove.
1975 3587 2293 3642 vestimenta
2325 3586 2538 3642 Domini
2562 3588 2766 3646 milites
2792 3591 3016 3657 Christi,
3049 3592 3191 3665 quod
3211 3610 3312 3650 SUO
3325 3595 3448 3652 loco
3463 3596 3581 3668 ple-

292 3694 371 3759 rit,
395 3709 499 3750 non
528 3700 864 3762 exsequatur
881 3691 1059 3747 cilicia
1083 3708 1097 3745 :
1126 3699 1288 3762 atque
1314 3691 1384 3747 ita
1407 3691 1468 3746 lit
1496 3698 1557 3745 ut
1577 3691 1698 3761 quia
1720 3706 1874 3747 cassa

2021 3681 2099 3736 ius
2120 3680 2692 3756 explanabiturqura
2729 3684 2822 3740 lib.
2849 3701 2903 3749 χ,
2926 3685 2980 3740 in
2997 3704 3114 3759 cap.
3162 3703 3334 3757 χχιιι,
3359 3688 3584 3761 χχχιιι).

291 3788 443 3856 actio,
471 3803 632 3845 cassa
663 3787 827 3844 etiam
858 3786 1089 3842 intentio
1114 3787 1207 3842 sit.
1248 3785 1342 3841 Est
1364 3786 1523 3841 etiam
1556 3786 1609 3841 in
1640 3785 1877 3840 nonnul-

2054 3772 2144 3827 12.
2186 3771 2460 3844 Scriptum
2486 3782 2572 3830 est
2596 3787 2782 3832 autem
2828 3776 3184 3848 Evangelium
3215 3782 3281 3837 ad
3313 3782 3590 3855 'l‘heophi—

292 3881 352 3939 lis
396 3884 623 3941 uberior
653 3881 946 3952 aliquando
972 3881 1147 3948 actio,
1198 3880 1403 3937 exilior
1433 3878 1697 3944 intentio;
1745 3888 1803 3935 ut
1831 3878 1879 3933 si
1981 3866 2116 3941 lum.
2151 3866 2253 3923 hoc
2282 3868 2475 3936 εει.θά
2502 3884 2648 3935 eum.
2683 3880 2705 3909 ο
2729 3884 2888 3942 quem
2920 3871 3065 3929 Deus
3098 3874 3298 3945 diligit.
3333 3876 3391 3934 Si
3417 3877 3588 3934 Deum

294 3975 404 4046 quis
433 3974 692 4047 baptismi
722 3974 980 4029 salutaris
1008 3979 1349 4029 sacramenta
1392 3971 1678 4044 percipiat,
1707 3979 1763 4026 et
1789 3984 1883 4025 co-
1983 3960 2183 4033 diligis,
2217 3960 2284 4016 ad
2317 3973 2369 4016 te
2415 3963 2679 4034 scriptum
2712 3973 2797 4020 est
2832 3964 2922 4020 :si
2965 3965 3033 4022 ad
3071 3974 3126 4025 te
3171 3972 3436 4040 scriptum
3467 3979 3591 4039 est,

296 4067 614 4138 suoscendis
657 4066 929 4122 variarum
981 4066 1241 4121 virtutum
1299 4066 1590 4136 praeceptis
1640 4064 1880 4118 animum
1986 4056 2205 4125 suscipe
2232 4071 2427 4111 munus
2469 4057 2883 4127 Evangelistae:
2924 4060 3116 4131 pignus
3156 4062 3320 4118 amici
3350 4062 3597 4135 inpene-

298 4160 421 4217 nolit
449 4159 765 4228 intendere,
800 4160 859 4215 lit
888 4158 1210 4230 plerumque
1235 4168 1292 4213 ut
1320 4173 1418 4230 per
1445 4155 1764 4213 intentionis
1802 4154 1886 4210 in-
1990 4148 2219 4204 tralibus
2265 4149 2430 4205 animi
2480 4150 2770 4221 diligenter
2816 4151 3067 4210 adserva.
3142 4153 3347 4211 Bonum
3386 4157 3596 4229 deposi-

298 4256 492 4310 curiam
526 4255 764 4311 lructum
788 4253 1025 4324 actionis
1046 4252 1283 4309 amittat.
1305 4250 1431 4307 Ideo
1453 4265 1583 4323 ergo
1605 4249 1888 4324 utriusque
1990 4253 2100 4300 tum
2125 4243 2329 4299 custodi
2349 4261 2441 4316 per
2467 4244 2727 4316 Spiritum
2753 4257 3016 4313 sanctum,
3049 4250 3138 4322 qui
3162 4249 3316 4307 datus
3342 4263 3417 4309 est
3447 4252 3594 4309 nobis

296 4344 505 4403 virtutis
555 4345 842 4419 plenitudo
896 4319 1189 4417 quaerenda
1243 4352 1362 4410 est,
1410 4319 1572 4415 quam
1629 4319 1887 4412 consequi

2021 4335 2063 4393 ll
2091 4336 2225 4391 Tim.
2267 4353 2308 4405 ι,
2344 4336 2436 4411 14)
2464 4354 2477 4393 :
2510 4337 2829 4411 frequenter
2859 4319 3086 4413 inspice,
3119 4346 3322 4415 saepius
3365 4345 3595 4404 discute.

299 4449 589 4509 potuerunt
629 4439 894 4511 apostoli,
939 4438 1007 4494 de
1056 4438 1255 4509 quibus
1281 4436 1453 4492 dicit:
1489 4435 1591 4503 Qui
1636 4434 1699 4490 ab
1744 4434 1891 4489 initio
1997 4430 2158 4487 Fides
2220 4432 2431 4504 pignori
2497 4434 2673 4505 prima
2741 4434 2972 4493 debetur
3037 4454 3052 4492 :
3120 4438 3281 4496 ﬁdem
3355 4441 3604 4514 sequitur

299 4528 558 4601 viderunt,
589 4541 639 4586 et
691 4530 913 4586 ministri
961 4534 1168 4603 {uerunt
1196 4528 1389 4597 Verbi;
1420 4537 1479 4583 ut
1508 4542 1606 4598 per
1652 4526 1705 4583 id
1746 4523 1893 4599 quod
1997 4524 2308 4598 diligentia;
2340 4543 2408 4583 ne
2433 4530 2729 4585 commissa
2772 4530 2869 4585 tibi
2915 4530 3141 4603 pignora
3173 4542 3265 4590 aut
3317 4535 3481 4605 tinea,
3513 4544 3610 4593 aut

298 4623 583 4691 viderunt,
616 4623 821 4680 divinae
866 4622 1196 4695 cognitionis
1246 4622 1581 4693 intelligatur
1620 4619 1892 4677 intentio:
1922 4634 1976 4695 ι)
2002 4636 2187 4693 aerugo
2211 4631 2516 4678 consumat.
2538 4620 2567 4659 ἀ
2606 4623 2761 4692 Quod
2806 4627 2951 4681 enim
2986 4626 3081 4684 tibi
3110 4628 3466 4687 commissum
3499 4642 3607 4700 est,

368 4765 393 4793 ³
428 4759 590 4817 Rom.
626 4760 760 4816 edit.
809 4767 865 4817 et
897 4760 1053 4831 pauci
1085 4774 1216 4817 mss.
1264 4774 1382 4814 cum
1427 4759 1589 4815 multa
1615 4759 1902 4830 apostolica

304 4828 480 4904 tjirtute
529 4835 728 4903 perpeti
742 4828 1104 4904 ~prteelegisset
1150 4848 1169 4887 :
1214 4831 1322 4886 duo
1366 4847 1501 4885 mss.
1553 4828 1898 4904 perelegisset.

303 4901 433 4958 Alia!
460 4901 597 4960 edit.
626 4901 680 4960 et
705 4904 830 4960 cod.
864 4901 1049 4973 scripti
1081 4924 1092 4955 :
1126 4920 1242 4959 cum
1273 4904 1435 4958 multa
1485 4901 1774 4975 apestolica
1802 4903 1904 4955 vir-

307 4984 405 5048 tute
430 4978 633 5044 perpeti
658 4975 926 5048 (quidam,
954 4985 1179 5046 perpete.
1214 4975 1431 5047 quidam
1456 4991 1587 5031 vero
1619 4983 1907 5043 utrumque

309 5047 643 5121 omiserunt)
689 5049 987 5121 peregisset.
1037 5050 1196 5119 Atqui
1229 5062 1424 5102 sensus
1471 5049 1632 5121 docet
1662 5047 1905 5121 ultimam

308 5117 442 5172 hanc
498 5115 788 5175 lectionem
811 5115 1097 5186 'optimam
1126 5115 1208 5174 'ac
1246 5120 1582 5174 retinendam
1620 5132 1763 5174 esse.
1791 5115 1906 5173 Non

311 5192 449 5244 enim
493 5206 603 5245 vox
625 5233 638 5253 ,
681 5192 989 5261 apostolica,
1033 5191 1084 5245 in
1113 5203 1268 5246 sexto
1295 5207 1448 5257 casn,
1483 5191 1575 5245 sed
1601 5192 1656 5261 in
1683 5203 1907 5260 quarto,

312 5261 448 5316 sicut
488 5278 595 5318 nec
618 5259 815 5333 perpeti
856 5277 955 5333 pro
1004 5263 1204 5328 verbo,
1252 5262 1347 5318 sed
1399 5277 1495 5333 pro
1525 5259 1794 5332 adjectivo
1821 5275 1912 5315 su-

311 5335 507 5388 menda
528 5342 632 5389 est.

381 5403 410 5442 ι»
439 5406 535 5461 Sic
561 5421 693 5462 mss.
716 5420 932 5462 omnes.
958 5404 1193 5461 Addunt.
1223 5415 1331 5462 vet.
1372 5405 1528 5472 edit,
1560 5404 1652 5459 tibi
1676 5402 1914 5458 scribere.

314 5471 472 5531 Rom.
505 5487 692 5534 autem
721 5480 895 5533 locum
922 5478 993 5532 ita
1027 5477 1449 5535 decurtaverat:
1479 5471 1655 5532 omnia
1700 5476 1919 5547 diligen-

314 5557 407 5601 ter.
438 5547 512 5603 Et
544 5549 679 5614 ideo,
699 5562 805 5606 etc.

388 5632 413 5659 ο
449 5620 598 5676 Edit.
629 5621 813 5689 Rom,
838 5623 927 5694 qui
948 5619 1117 5677 Deum
1138 5621 1309 5694 diligit
1343 5621 1529 5694 :quod
1563 5619 1779 5694 quidem
1802 5634 1923 5675 cum

314 5690 418 5767 hoc
442 5696 723 5767 sequenti,
753 5696 798 5749 si
823 5690 994 5750 Deum
1018 5694 1218 5767 diligis,
1237 5690 1467 5750 videtur
1505 5690 1698 5750 melius
1728 5708 1926 5747 conre-

319 5766 435 5820 nire
470 5782 485 5818 :
518 5766 617 5821 sed
647 5765 772 5821 huic
804 5767 1021 5821 lectioni
1052 5765 1162 5822 vel.
1205 5781 1396 5821 omnes
1416 5767 1548 5822 cdit.
1578 5782 1641 5821 ac
1672 5779 1802 5820 mss.
1842 5779 1929 5819 re-

318 5835 634 5910 fragantur.
662 5835 930 5895 Caeterum
963 5839 1179 5896 videtur
1217 5839 1318 5895 hoc
1340 5840 1462 5896 loco
1488 5837 1805 5894 Ambrosius
1836 5851 1931 5907 per

2011 4757 2370 4831 Theophilum
2401 4772 2508 4831 non
2551 4758 2688 4831 certi
2715 4757 3015 4831 cujuspiam
3045 4763 3280 4820 hominis
3302 4780 3498 4824 nomen
3522 4766 3609 4824 in-

2013 4830 2280 4911 telligere,
2329 4829 2744 4911 sednquamdam
2786 4829 3028 4889 amnium
3054 4834 3485 4911 Christianorum
3508 4857 3607 4911 ap-

2012 4899 2383 4976 pellationem.
2411 4899 2766 4976 Communtor
2782 4913 2962 4959 tamen
2992 4907 3177 4976 opinio
3195 4920 3403 4965 certum
3430 4926 3495 4968 ac
3516 4899 3614 4969 (Ιέ-

2012 4972 2248 5049 linituur
2278 4972 2551 5049 hominem
2598 4990 2665 5029 eo
2708 4975 3003 5044 signiﬁcari
3030 4972 3367 5049 icontendit;
3415 4989 3474 5038 et
3511 4983 3617 5041 hoc

2013 5044 2284 5124 imprimis
2315 5045 2505 5098 nititur
2526 5055 2867 5124 argumento,
2902 5048 3043 5119 quod
3060 5048 3303 5124 honoris
3323 5044 3497 5124 gratia
3520 5072 3614 5124 0p-

2012 5118 2170 5171 timus
2208 5117 2505 5180 salutetur,
2537 5120 2627 5184 qui
2675 5119 2858 5174 titulus
2888 5117 2993 5175 non
3020 5119 3121 5176 nisi
3152 5121 3282 5177 viris
3313 5117 3614 5184 i'tlustribns

2016 5190 2177 5265 trilmi
2222 5196 2610 5265 consueverat.
2641 5188 2777 5265 Vide
2799 5190 2995 5246 Baron.
3021 5195 3087 5247 ad
3110 5209 3202 5249 an.
3229 5195 3320 5252 58.
3346 5212 3497 5252 num.
3525 5196 3619 5265 55,

2016 5272 2069 5315 et
2098 5259 2430 5341 interpretes
2460 5259 2513 5313 in
2540 5259 2684 5315 hunc
2704 5262 2901 5328 locum,
2935 5279 3170 5341 necnon
3194 5265 3407 5341 ingActa
3440 5259 3620 5341 opust.

2015 5346 2138 5404 cap.
2168 5348 2204 5404 t_,
2228 5346 2372 5404 vers.
2406 5333 2456 5398 l,
2479 5346 2600 5403 cap.
2632 5347 2791 5399 χχιιι,
2822 5349 2963 5391 vers.
2986 5335 3079 5404 26,
3108 5344 3164 5392 et
3187 5338 3339 5393 alibi.
3395 5386 3407 5399 .

2095 5400 2122 5438 ἀ
2158 5401 2311 5483 Quod
2332 5403 2467 5456 enim
2495 5400 2587 5458 tibi
2613 5405 2941 5483 commissum
2977 5400 3090 5483 εει,
3149 5412 3384 5483 consumi
3414 5422 3577 5483 potest
3610 5427 3630 5468 .'

2027 5471 2369 5547 Evangelium
2392 5477 2626 5551 consumi
2647 5494 2749 5551 non
2779 5487 2962 5545 potest.
2998 5471 3191 5535 Isllttec
3218 5482 3269 5535 in
3296 5471 3455 5538 lloui.
3491 5483 3631 5551 edit,

2030 5545 2368 5619 evanuerunt
2401 5563 2413 5598 :
2448 5562 2513 5619 eo
2538 5545 2794 5603 vide-licet
2848 5562 2916 5603 ne
2972 5563 3159 5619 parum
3190 5553 3519 5609 cohaerentia
3554 5545 3634 5609 lo;

2031 5617 2124 5689 qui
2149 5618 2428 5673 videretur
2448 5617 2807 5686 Ambrosius,
2844 5617 3152 5678 cum—nobis
3187 5628 3490 5681 cavendum
3513 5640 3637 5682 csse

2037 5689 2301 5764 praecipit,
2332 5698 2393 5764 ut
2418 5707 2507 5764 ne,
2529 5692 2581 5746 in
2604 5691 2787 5764 animo
2814 5695 3088 5762 corrumpi
3116 5695 3362 5753 sinamus
3384 5696 3640 5764 Evangeo

2038 5762 2189 5817 linm.
2233 5763 2340 5835 Sed
2382 5762 2515 5817 nihil
2564 5766 2615 5817 in
2642 5763 2747 5817 hoc
2768 5771 2854 5818 est
2877 5769 3269 5835 repugnantiar,
3293 5783 3415 5825 cum
3439 5762 3644 5827 veritas

2038 5835 2217 5891 omnis
2244 5834 2299 5890 in
2324 5848 2384 5889 se
2416 5834 2840 5907 incorruptibilis
2880 5834 3097 5894 maneat
3122 5834 3334 5899 licetin
3368 5839 3643 5905 mentibul
