4156 6346
547 250 684 319 tea)

540 377 788 435 consumi
833 384 1014 450 potest
1047 396 1060 435 :
1094 378 1446 451 Evangelium
1497 378 1748 437 consumi
1804 392 1913 434 non
1943 388 2143 451 potest.
2174 398 2223 471 Α

539 471 901 545 Evangelium
960 473 1164 529 bonum
1216 472 1407 544 pignus
1460 484 1543 529 est
1576 489 1590 526 :
1620 471 1718 529 sed
1761 472 1887 528 vide
1936 488 2005 529 ne
2062 473 2145 529 vel

540 569 595 623 in
626 572 808 629 animo
849 580 944 626 tuo
990 571 1117 626 illud
1160 582 1251 626 aut
1285 572 1428 626 tinea
1465 581 1556 624 attt
1606 584 1790 641 atrugo
1837 577 2142 633 consumat.

534 661 821 719 Consumit
845 665 1019 730 tinea,
1048 666 1093 721 si
1134 664 1280 738 quod
1323 665 1460 721 bene
1490 664 1708 737 legeris,
1745 664 1885 725 male
1926 663 2145 727 credas.

618 756 704 812 15.
746 756 918 813 Tinea
946 756 1237 817 bzereticus
1261 766 1372 826 est,
1408 758 1550 819 tinea
1577 756 1843 813 Photinus
1864 764 1969 822 est,
1999 758 2146 813 tinea

538 858 626 906 tua
660 853 847 908 Arrius
863 861 968 911 est.
1015 851 1227 913 Scindit
1277 854 1658 915 vestimentum
1682 894 1697 919 ,
1726 853 1815 927 qui
1844 860 2059 924 separat
2114 865 2146 907 a

542 945 655 1002 Deo
702 946 958 1003 Verbum.
1002 946 1213 1006 Scindit
1251 947 1634 1005 vestimentum
1684 946 1986 1014 Photinus,
2019 961 2144 1002 cum

534 1037 666 1108 legit
701 1056 715 1094 :
748 1038 816 1093 In
862 1040 1123 1112 principio
1177 1050 1288 1099 erat
1344 1039 1605 1105 Verbum,
1655 1050 1703 1095 et
1769 1037 1991 1093 Verbum
2036 1047 2145 1093 erat

537 1131 680 1201 apud
712 1131 898 1200 Deum,
918 1142 965 1188 et
986 1131 1129 1188 Deus
1151 1143 1260 1189 erat
1289 1132 1473 1204 (Joan.
1499 1149 1540 1201 ι,
1574 1132 1651 1205 1).
1694 1131 1967 1203 integrum
1999 1132 2145 1189 enim

537 1223 920 1280 vestimentum
963 1236 1080 1293 est,
1125 1226 1170 1283 si
1220 1224 1371 1297 legas
1404 1242 1418 1279 :
1451 1223 1521 1279 Et
1572 1221 1714 1279 Deus
1751 1232 1861 1277 erat
1896 1221 2141 1285 Verbum.

536 1312 728 1385 (Mitt)
759 1315 969 1371 Scindit
999 1317 1381 1379 vestimentum
1413 1318 1503 1389 qui
1536 1326 1755 1389 separat
1782 1332 1810 1371 a
1843 1317 1952 1372 Deo
1982 1315 2143 1372 Chri-

537 1414 703 1463 stum.
731 1407 943 1466 Scindit
970 1411 1355 1473 vestimentum
1378 1411 1471 1484 qui
1506 1410 1636 1485 legit
1666 1428 1680 1466 :
1718 1408 1845 1466 Hice
1872 1420 1946 1466 est
1974 1419 2143 1466 autem

538 1503 642 1556 vita
696 1513 926 1570 (eterna;
980 1513 1035 1558 ut
1084 1513 1400 1576 cognoscant
1448 1514 1498 1560 te
1536 1504 1706 1558 solum
1744 1519 1920 1558 verum
1976 1501 2143 1558 Deum

539 1593 719 1670 (Joau.
775 1613 909 1663 xvrt,
938 1596 1044 1669 5);
1075 1597 1180 1653 nisi
1223 1606 1520 1670 cognoscat
1566 1606 1621 1653 et
1664 1596 1964 1658 Christum.
2021 1594 2138 1651 Non

539 1692 685 1747 enim
736 1693 914 1748 solum
975 1692 1191 1748 Patrem
1248 1707 1378 1749 vere
1422 1692 1589 1747 Deum
1642 1706 1975 1764 cognoscere
2030 1691 2138 1746 vita

1879 259 2126 320 SANCTI
2164 250 2493 323 AMBROSII

3708 249 3849 327 tato

2252 381 2346 436 bus
2375 379 2636 436 mandatis
2668 387 2714 439 et
2738 378 3203 459 justiﬁcationibus
3239 376 3453 435 Domini
3482 378 3592 434 sine
3614 380 3847 450 querela.

2326 473 2412 529 l5.
2458 475 2626 532 Docet
2653 490 2753 530 nos
2778 474 3057 557 Scriptura
3096 473 3277 537 divina
3321 490 3430 535 non
3460 476 3637 529 solum
3668 488 3849 535 mores

2251 567 2307 623 in
2347 568 2413 625 iis
2465 570 2556 641 qui
2605 567 2986 645 praedicabiles
3041 578 3186 637 sunt,
3237 569 3335 633 sed
3374 569 3537 633 etiam
3593 578 3851 651 parentes

2250 675 2507 737 oportere
2556 667 2887 734 laudari;ut
2931 668 3095 727 voluti
3136 666 3459 731 tratumissa
3488 664 3855 729 immaculata:

2251 761 2507 838 puritatis
2551 759 2843 827 bmreditas
2887 761 2945 823 in
3000 762 3067 821 iis
3118 776 3258 842 quos
3307 761 3563 821 volumus
3607 759 3850 826 laudare,

2251 853 2547 924 praecellat.
2604 855 2738 929 Quae
2782 855 2925 915 enim
2958 853 3062 911 alia
3107 854 3336 913 intentio
3391 856 3495 917 hoc
3533 853 3658 915 loco
3677 850 3855 911 sancti

2251 945 2641 1023 Evangelistac,
2674 948 2778 1007 nisi
2803 957 2861 1005 ut
2889 959 3112 1009 sanctus
3136 948 3376 1009 Joannes
3424 946 3666 1023 Baptista
3697 947 3857 1005 nobi-

2251 1039 2437 1103 litetur
2496 1041 2849 1112 parentibus,
2899 1041 3215 1108 miraculis,
3266 1040 3547 1107 moribus,
3592 1055 3853 1109 munere,

2247 1131 2538 1213 passione?
2580 1133 2671 1189 Sic
2696 1137 2859 1195 etiam
2890 1134 3066 1197 sancti
3097 1134 3321 1193 Samuel
3351 1142 3524 1193 mater
3551 1133 3709 1195 Atina
3734 1134 3856 1189 lau-
3898 1159 3903 1163 ~

2247 1225 2410 1291 datur
2435 1243 2448 1281 :
2474 1226 2554 1291 sic
2576 1225 2723 1287 Isaac
2752 1241 2782 1282 a
2809 1227 3126 1299 parentibus
3147 1227 3488 1287 nobilitatem
3520 1227 3732 1297 pietatis
3763 1240 3857 1283 ac-

2246 1324 2595 1398 cepit,quatn
2620 1312 2861 1396 posteris
2886 1324 3200 1396 dereliquit.
3240 1322 3508 1383 Sacerdos
3537 1324 3722 1397 itaque
3748 1322 3856 1378 Za-

2245 1416 2483 1485 charias,
2508 1433 2608 1479 nec
2639 1418 2817 1479 solum
2841 1417 3123 1486 sacerdos,
3145 1417 3240 1476 scd
3274 1418 3438 1477 etiam
3464 1417 3533 1479 de
3554 1418 3671 1477 vice
3690 1416 3855 1483 Abiu,

2246 1510 2299 1569 id
2330 1521 2412 1568 est
2441 1512 2641 1575 nobilis
2669 1513 2813 1577 inter
2839 1512 3151 1588 superiores
3177 1511 3441 1577 familias.

2321 1607 2407 1662 16.
2449 1606 2694 1674 Etuxar,
2727 1607 2927 1680 inquit,
2980 1610 3093 1682 ejus
3139 1608 3203 1667 de
3250 1608 3459 1679 ﬁliabus
3482 1608 3677 1669 Aaron.
3730 1604 3854 1663 Non

2246 1698 2423 1754 solmn
2449 1699 2612 1770 igitur
2650 1714 2683 1754 a
2726 1700 3064 1770 parentibus,
3123 1698 3221 1756 sed
3260 1699 3423 1759 etiam
3453 1715 3485 1757 a
3547 1698 3853 1769 majoribus

536 1793 740 1841 aeterna
771 1795 894 1843 est:
925 1784 1024 1842 sed
1038 1786 1204 1842 etiam
1228 1793 1254 1824 τι
1280 1784 1557 1847 Christum
1589 1800 1924 1857 cognoscere
1953 1799 2138 1841 verum
2172 1792 2218 1861 Β
2246 1792 2421 1855 sancti
2479 1789 2706 1851 Joannis
2779 1791 3034 1848 nobilitas
3093 1800 3458 1869 propagatur;
3513 1808 3623 1853 non
3672 1807 3851 1849 saecu-

540 1878 731 1946 Deum,
763 1893 952 1935 verum
978 1878 1047 1934 de
1074 1893 1224 1945 vero,
1264 1878 1437 1934 Deum
1485 1877 1554 1934 de
1585 1877 1717 1949 Deo,
1750 1878 1857 1932 vita
1887 1886 1970 1933 est
1994 1891 2138 1932 sem-

539 1972 772 2043 piterna.
806 1970 975 2028 Tinea
1010 1980 1097 2028 est
1119 1970 1398 2027 Christum
1435 1984 1770 2041 cognoscere
1802 1969 1920 2026 sine
1944 1967 2141 2024 divini-

539 2063 668 2119 tatis
695 2062 822 2131 lide,
845 2073 942 2119 aut
967 2063 1214 2134 corporis
1236 2068 1608 2119 sacramento.
1627 2060 1795 2118 Tinca
1809 2071 1894 2117 est
1917 2062 2134 2130 Arrius,

537 2162 681 2214 tinea
707 2168 794 2215 est
823 2158 1119 2215 Sabellius.
1146 2157 1360 2214 Patitur
1385 2157 1483 2214 bas
1531 2158 1706 2213 tineas
1758 2157 1979 2227 spiritus
2006 2156 2140 2214 linc-

537 2253 804 2308 tuantium
836 2269 850 2306 :
884 2252 1087 2323 patitur
1111 2250 1210 2307 bas
1252 2251 1427 2307 tineas
1452 2251 1676 2321 spiritus
1705 2251 1799 2323 qui
1820 2265 1929 2307 non
1966 2250 2141 2306 credit

536 2343 661 2416 quia
698 2344 860 2402 Pater
893 2358 944 2401 et
970 2343 1144 2401 Filius
1186 2343 1466 2400 divinitate
1509 2358 1675 2399 unum
1722 2351 1893 2399 sunt:
1932 2342 2142 2403 Scindit

531 2438 678 2509 quod
707 2438 968 2511 scriptum
997 2449 1083 2496 est
1108 2454 1125 2495 :
1150 2437 1266 2512 Ego
1306 2449 1355 2494 et
1379 2436 1539 2493 Pater
1561 2455 1723 2493 unum
1751 2455 1925 2497 sanius
1952 2437 2136 2515 (Joan.

528 2547 585 2599 ι,
620 2531 734 2604 30),
770 2535 861 2605 qui
907 2549 1078 2590 unum
1110 2549 1207 2613 per
1251 2533 1521 2589 discretas
1555 2534 1892 2592 substantias
1922 2534 2139 2593 dividit.

533 2625 745 2681 Patitur
771 2627 909 2683 hanc
933 2629 1136 2683 tineam
1161 2624 1405 2698 spiritus,
1442 2625 1533 2695 qui
1564 2625 1748 2685 Jesum
1780 2626 2056 2687 Christum
2084 2628 2137 2685 in

533 2734 702 2776 carne
730 2721 944 2777 venisse
973 2739 1080 2777 non
1112 2723 1290 2781 credit
1324 2744 1337 2782 :
1370 2736 1423 2784 et
1455 2726 1571 2801 ipse
1597 2732 1681 2779 est
1706 2721 1883 2778 tinea:
1916 2722 2030 2792 ipse
2058 2727 2144 2776 est

532 2814 680 2869 enim
730 2814 1105 2874 antichristus.
1139 2818 1241 2887 Qui
1296 2828 1476 2877 autem
1531 2817 1600 2873 de
1638 2816 1751 2872 Deo
1799 2824 1946 2883 sunt,
1977 2813 2140 2869 [idem

536 2917 755 2977 tenent;
788 2922 843 2967 ct
891 2911 1014 2969 ideo
1055 2917 1258 2975 tineam
1309 2915 1423 2988 pati
1451 2932 1556 2970 non
1590 2921 1816 2986 queunt,
1849 2927 1971 2984 quae
2000 2911 2140 2967 divi-

531 3003 612 3058 dit
638 3007 1048 3065 vestimentum.
1105 3009 1278 3067 Omne
1330 3011 1476 3065 enim
1507 3008 1649 3081 quod
1673 3009 1818 3063 inter
1857 3021 1918 3062 se
1943 3004 2141 3061 dividi-

535 3106 643 3166 tur,
668 3101 1026 3158 sicutsatanae
1042 3120 1291 3176 regnum,
1317 3120 1425 3159 non
1445 3113 1623 3174 potest
1651 3118 1773 3160 esse
1793 3112 2132 3173 perpetuum.

2242 1886 2345 1950 lari
2401 1894 2674 1958 potestate
2722 1884 3000 1954 sublimis,
3050 1886 3146 1945 sed
3198 1886 3483 1961 religionis
3502 1889 3851 1945 successione

2242 1980 2590 2043 venerabilis.
2663 1980 2825 2043 Tales
2891 1982 3041 2043 enim
3094 1981 3340 2059 majores
3410 1982 3617 2043 habere
3662 1982 3853 2039 debuit

2243 2077 2582 2148 praenuntius
2633 2076 2877 2147 Christi;
2929 2086 2987 2139 ut
3035 2093 3146 2137 non
3203 2086 3439 2151 repente
3501 2085 3850 2150 conceptam,

2241 2168 2340 2227 scd
2388 2185 2418 2229 a
2471 2168 2768 2242 majoribus
2817 2178 3140 2243 acceptam,
3189 2179 3249 2227 et
3294 2172 3414 2243 ipso
3459 2167 3694 2229 infusam
3725 2169 3853 2242 jure

2242 2274 2453 2327 natura:
2503 2265 2802 2338 prmdicttre
2861 2264 3026 2325 ﬁdem
3088 2263 3359 2331 Dominici
3415 2262 3697 2325 videretur
3742 2262 3853 2321 ad-

2244 2368 2466 2423 ventus.

2316 2454 2407 2513 i'l.
2448 2452 2639 2529 Erant,
2663 2450 2862 2529 inquit,
2889 2451 3040 2508 ambo
3053 2451 3188 2525 justi
3208 2449 3502 2508 incedentes
3526 2450 3587 2507 in
3610 2449 3848 2506 omnibus

2253 2546 2517 2607 mandatis
2537 2555 2585 2603 et
2603 2544 3068 2629 justiﬁcationibsts
3089 2542 3302 2603 Domini
3321 2544 3432 2603 sine
3454 2542 3682 2617 querela.
3707 2543 3849 2612 Quid

2243 2640 2311 2699 ad
2356 2639 2460 2699 hoc
2491 2640 2740 2701 referunt
2769 2640 2862 2711 qui
2895 2639 3136 2710 peccatis
3185 2638 3299 2699 suis
3327 2638 3521 2707 solatia
3550 2638 3847 2710 praetereo.

2244 2742 2353 2799 tes,
2380 2734 2501 2793 sine
2529 2733 2769 2809 peccatis
2787 2731 3161 2806 frequentibus
3187 2730 3467 2795 hominem
3489 2740 3680 2803 putant
3720 2745 3847 2791 esse

2244 2844 2357 2887 non
2394 2841 2579 2899 posse,
2611 2836 2664 2883 et
2694 2835 2919 2883 utuntur
2955 2824 3263 2893 versiculo;
3315 2825 3440 2901 quia
3470 2825 3733 2899 scriptum
3762 2833 3845 2881 est

2242 2919 2297 2976 in
2345 2921 2488 2979 Job:
2521 2919 2691 2977 Nemo
2721 2918 2943 2975 mundus
2981 2936 3015 2975 α
3044 2918 3223 2984 sorde,
3279 2934 3372 2977 nec
3399 2918 3445 2975 si
3486 2933 3592 2977 una
3627 2917 3712 2979 die
3740 2918 3846 2974 vita

2243 3019 2358 3092 ejus
2384 3017 2448 3077 sit
2492 3015 2548 3070 in
2599 3025 2759 3080 terra,
2805 3014 3063 3073 numerosi
3101 3029 3302 3077 menses
3322 3015 3435 3079 eius
3460 3012 3525 3073 ab
3554 3013 3669 3084 ipso
3687 3009 3745 3086 (1
3749 3012 3836 3071 ob.

2242 3126 2359 3178 stv,
2388 3111 2423 3167 4
2450 3119 2499 3165 et
2525 3109 2617 3181 5)?
2641 3109 2851 3182 Quibus
2865 3108 3303 3180 respondendum
3329 3120 3437 3177 est,
3467 3108 3616 3179 prius
3640 3105 3844 3178 utquid

607 3193 696 3249 14.
740 3196 833 3252 Est
864 3198 1026 3254 etiam
1060 3216 1243 3272 aerugo
1275 3198 1465 3266 animi,
1501 3215 1624 3256 cum
1656 3197 2000 3254 saecularium
2019 3212 2140 3253 sor-
2165 3187 2211 3255 C
2244 3204 2315 3258 sit
2365 3202 2642 3261 hominem
2698 3205 2818 3259 sine
2870 3212 3099 3273 peccato
3144 3217 3267 3263 sese
3317 3200 3578 3259 deliniant
3609 3217 3626 3257 :
3663 3208 3842 3257 utrum

531 3289 694 3346 dibus
717 3291 1074 3365 cupiditatum
1115 3294 1386 3366 reiigiosm
1422 3295 1569 3354 acies
1610 3292 1927 3351 intentionis
1957 3290 2134 3348 obdu—

530 3384 695 3451 citur,
728 3394 825 3442 aut
871 3386 998 3443 ﬁdei
1027 3390 1234 3463 paritas
1285 3388 1635 3449 decoloratur
1681 3387 1824 3444 nube
1870 3387 2135 3458 perﬁdiae.

530 3476 737 3551 Aﬁrugo
786 3482 986 3537 mentis
1032 3491 1118 3547 est
1160 3483 1238 3539 rei
1282 3483 1551 3555 cupiditas
1594 3482 1919 3541 tamiliaris:
1951 3498 2137 3556 aerugo

533 3573 733 3629 mentis
757 3571 972 3630 incuria
1012 3584 1099 3630 est
1128 3592 1142 3628 :
1174 3591 1358 3647 terugo
1384 3576 1584 3633 mentis
1607 3584 1691 3635 est
1713 3575 1939 3635 ambitio
1960 3573 2138 3649 digni-

531 3674 724 3736 tatum,
755 3669 798 3722 si
824 3667 877 3722 in
907 3669 990 3723 bis
1022 3683 1232 3725 summa
1260 3685 1387 3740 spes
1413 3670 1543 3727 vitae
1587 3670 1873 3740 praesentis
1903 3669 2134 3727 locetur.

527 3758 734 3821 Etideo
761 3760 828 3817 ad
854 3760 1036 3817 divina
1062 3761 1337 3830 conversi,
1356 3777 1632 3821 .acuautus
1655 3762 1953 3837 ingenium,
1977 3778 2136 3818 exer-

525 3867 751 3916 ceamus
797 3854 1081 3922 allectum;
1114 3865 1172 3915 ut
1193 3856 1435 3927 gladium
1490 3855 1640 3913 illum
1664 3897 1681 3925 ,
1722 3870 1883 3926 quem
1916 3855 2132 3913 vendita
2164 3910 2181 3923 ,

528 3956 680 4004 veste
710 3947 864 4023 (Luc.
910 3965 1043 4029 sxtt,
1092 3948 1213 4021 56),
1243 3954 1355 4009 emi
1385 3950 1647 4005 Dominus
1667 3949 1843 4023 jubet,
1886 3959 2132 4027 paratum

524 4058 741 4115 semper
771 4055 825 4101 et
876 4044 1116 4100 lucidum
1147 4053 1421 4118 tamquam
1470 4046 1524 4105 iu
1552 4045 1742 4121 vagina
1786 4046 1985 4109 mentis
2030 4061 2134 4103 re-

525 4137 809 4195 conditum
848 4136 1053 4195 habere
1082 4141 1377 4210 possimus.
1428 4138 1595 4199 Arma
1624 4139 1773 4197 enim
1791 4138 2054 4211 spiritalia
2077 4148 2132 4196 et

524 4230 685 4287 fortia
710 4232 822 4288 Deo
844 4232 913 4287 ad
944 4230 1308 4289 destruendus
1334 4233 1669 4297 munitiones
1691 4232 1957 4297 militibus
1975 4230 2132 4288 Chri-

521 4327 589 4381 sti
623 4326 826 4383 debent
878 4340 1095 4396 semper
1123 4341 1257 4381 esse
1297 4326 1627 4395 praesentia;
1663 4341 1734 4391 ne
1762 4339 1885 4382 cum
1915 4326 2131 4389 verterit

522 4419 629 4481 dux
648 4419 888 4477 cmieStis
912 4419 1138 4485 militiae,
1176 4418 1387 4501 1271
1412 4418 1519 4477 situ
1543 4426 1860 4482 nostrorum
1890 4417 2130 4479 cliensns

522 4529 826 4579 armorum,
856 4529 886 4568 a
903 4514 1173 4586 legionum
1197 4528 1419 4577 suarum
1434 4529 1536 4579 nos
1563 4514 1828 4570 societate
1852 4521 2127 4575 secernat.

2239 3309 2538 3368 numquam
2578 3294 2805 3351 omnino
2855 3309 3145 3365 peccasse,
3182 3309 3253 3353 an
3290 3292 3524 3357 desiisse
3573 3290 3843 3370 peccare?

2238 3390 2295 3448 Si
2320 3391 2464 3447 enim
2498 3390 2598 3447 hoc
2621 3398 2811 3461 putant
2836 3386 2953 3444 sine
2983 3397 3207 3461 peccato
3234 3403 3380 3455 esse,
3404 3385 3432 3425 δ
3463 3386 3692 3447 desiisse
3719 3401 3842 3457 pec-

2238 3497 2367 3543 care
2400 3501 2413 3537 :
2454 3492 2510 3541 et
2540 3482 2656 3554 ipse
2681 3483 3001 3549 consentio;
3040 3481 3231 3539 Omnes
3257 3481 3394 3541 enim
3412 3490 3773 3559 peccauerunt,
3796 3488 3843 3539 et

2239 3584 2382 3647 egent
2425 3577 2594 3650 gloria
2624 3573 2721 3630 Dei
2753 3574 2932 3648 (Rom.
2962 3589 3041 3642 ut,
3067 3574 3185 3648 25).
3209 3574 3306 3635 Sin
3334 3584 3541 3641 autem.
3572 3589 3697 3633 eum
3747 3574 3843 3646 qui

2237 3678 2478 3728 veterem
2503 3685 2746 3729 errorem
2768 3669 3091 3737 correxerit,
3123 3677 3176 3726 et
3201 3668 3255 3724 in
3284 3683 3407 3727 eam
3430 3683 3493 3726 se
3514 3668 3638 3726 vita:
3666 3679 3843 3726 trans-

2237 3764 2553 3827 formaverit
2579 3764 2918 3836 qualitatem,
2944 3773 3004 3819 ut
3026 3772 3294 3835 temperet
3312 3779 3343 3820 a
3365 3771 3614 3835 peccato,
3637 3774 3839 3836 negant

2239 3856 2515 3915 abstinere
2561 3870 2594 3913 a
2617 3856 2869 3927 delictis,
2923 3872 3030 3912 non
3078 3871 3299 3927 possum
3328 3855 3386 3912 in
3411 3871 3606 3917 eorum
3636 3872 3840 3913 conve-

2238 3948 2357 4005 nire
2400 3948 2725 4007 sententiam
2757 3964 2772 4015 ;
2802 3964 2929 4009 cum
2967 3948 3213 4020 legamus
3245 3967 3261 4003 :
3289 3948 3425 4019 Quia
3476 3949 3553 4004 sic
3584 3947 3838 4004 Dominus

2235 4044 2416 4101 dilexit
2442 4042 2826 4099 Ecclesium...
2851 4053 2907 4097 ut
2933 4040 3165 4101 exhibeat
3191 4041 3291 4099 sibi
3319 4042 3431 4115 ipse
3457 4042 3762 4115 gloriosam,
3789 4050 3840 4099 et

2236 4153 2339 4192 non
2369 4136 2639 4195 habentem
2668 4135 2947 4202 maculam,
2996 4144 3084 4191 aut
3105 4151 3310 4207 rugam,
3356 4145 3446 4190 aut
3470 4134 3671 4206 aliquid
3698 4139 3839 4210 ejus-
3888 4170 3897 4177 -

2236 4232 2377 4287 modi
2404 4246 2423 4286 :
2450 4233 2542 4291 sed
2589 4239 2645 4291 ul.
2693 4231 2759 4285 sit
2802 4238 3017 4301 sancta,
3045 4238 3095 4289 et
3122 4228 3461 4287 immaculata
3505 4229 3732 4303 (Ephes.
3765 4245 3834 4300 v,

2234 4323 2307 4383 25
2336 4332 2384 4381 et
2413 4322 2529 4394 27).
2586 4321 2718 4383 Nam
2749 4338 2873 4381 cum
2921 4321 3168 4384 Ecclesia
3196 4337 3262 4379 ex
3294 4323 3570 4397 gentibus.
3605 4323 3706 4380 hoc
3730 4334 3837 4391 est,

2234 4431 2301 4474 ex
2329 4415 2708 4489 peccatoribus
2736 4426 3065 4491 congregata
3109 4418 3216 4485 sit,
3246 4416 3521 4491 quomodo
3554 4432 3623 4475 ex
3652 4433 3843 4475 macu—

2235 4510 2361 4566 iatis
2398 4509 2745 4569 immaculata
2791 4519 2970 4587 potest
3020 4525 3176 4575 esse;
3243 4509 3347 4571 nisi
3383 4510 3558 4585 primo
3613 4526 3709 4584 per
3742 4509 3839 4567 Dei

594 4608 775 4684 (Vere.
801 4606 855 4674 5,
883 4610 962 4682 6).
1009 4608 1157 4678 Fuit,
1201 4610 1398 4683 inquit,
1444 4610 1500 4664 in
1529 4608 1708 4670 diebus
1738 4607 1965 4669 Herodis
1991 4609 2126 4679 regis
2154 4591 2204 4655 D
2233 4602 2501 4673 gratiam.
2558 4601 2702 4675 quod
2748 4602 2928 4665 abluta
2976 4618 3009 4659 ει
3057 4602 3260 4665 delicto
3314 4602 3388 4666 sit
3420 4620 3435 4657 :
3466 4602 3667 4665 deinde
3690 4603 3838 4676 quod

519 4695 740 4770 ludicre,
774 4702 1016 4758 sacerdos
1068 4703 1282 4774 quidam
1333 4704 1542 4758 nomine
1590 4700 1875 4757 Zacharias
1926 4702 1990 4753 de
2018 4700 2127 4754 vice

520 4795 657 4851 Allia
679 4812 699 4851 :
728 4806 782 4851 et
808 4812 940 4851 uxor
994 4797 1107 4873 ejus
1137 4796 1203 4850 de
1231 4796 1447 4867 ﬁliabus
1481 4797 1683 4857 Aaron.
1733 4806 1783 4851 et
1809 4810 1994 4850 nomen
2016 4795 2129 4866 ejus

521 4887 813 4946 Elizabetlt.
852 4884 924 4943 Et
957 4898 1104 4945 erant
1130 4888 1282 4944 ambo
1315 4889 1484 4967 justi,
1515 4889 1809 4951 incedentes
1858 4889 1915 4944 in
1961 4887 2130 4965 omni-

518 5097 885 5169 plurimorttm
906 5095 1188 5157 hominum
1224 5090 1493 5151 mendacii
1536 5088 1927 5153 commixtione
1956 5085 2114 5144 adul-

520 5178 875 5299 mruml‘t’ahvet.
904 5240 1038 5301 edit.
1072 5240 1267 5309 quibus
1321 5234 1512 5309 scripti
1559 5233 1682 5295 cod.
1739 5230 2115 5309 consentiunt.

515 5314 662 5371 Edit.
695 5329 826 5373 vero
880 5315 1036 5368 Rom.
1091 5300 1271 5369 locum
1299 5300 1719 5382 inter'polaverat
1758 5305 1863 5360 hoc
1905 5300 2112 5382 modo:

514 5386 778 5443 Christum
806 5401 1110 5456 coquoscere
1163 5382 1332 5439 Deum
1376 5376 1609 5447 de'Deo,
1654 5392 1831 5434 verum
1881 5376 1946 5433 de
1974 5389 2115 5441 vero,

514 5458 621 5515 vita
647 5469 720 5515 est
740 5461 1071 5531 scatpiterna.

587 5551 615 5592 δ
643 5552 803 5611 Rom.
827 5552 988 5620 edit.,
1014 5564 1297 5626 numquam
1322 5546 1533 5605 omnino
1550 5558 1809 5626 peccasse.
1865 5538 2120 5626 Caeteros,

517 5639 581 5681 ac
624 5641 756 5685 mss.
791 5612 1005 5688 omnes,
1039 5612 1252 5696 desiisse
1272 5634 1507 5696 peccare,
1527 5612 1607 5696 ex
1633 5616 1830 5696 quibus
1858 5612 2041 5671 verbis
2060 5619 2123 5696 ut

515 5679 1371 5773 ᾷέρέῑιιίιυὶαὲέίυίξιιξιέειοοῖιιη
1411 5679 1793 5773 inmundum
1819 5679 2119 5773 ξαξιξξξξὲί

518 5755 701 5833 dicant
722 5755 846 5831 eum
866 5755 1025 5841 esse?
1037 5755 1406 5841 siuepeccato
1420 5802 1443 5841 ,_
1480 5759 1573 5832 qui
1592 5755 2123 5841 'pecca_re_desierit,

518 5841 590 5911 tle
618 5826 717 5907 hac
737 5826 1058 5909 deﬁnitione
1081 5826 1218 5915 ipsis,
1242 5826 1535 5904 assentior,
1565 5826 1691 5893 etim
1730 5830 1834 5889 alia
1864 5828 1917 5885 in
1944 5826 2125 5885 homi-

2237 4713 2335 4766 per
2379 4694 2699 4766 qualitatem
2752 4711 2859 4750 non
2918 4694 3175 4767 peccandi
3230 4696 3840 4754 abstineatadelictis?

2232 4789 2311 4845 ita
2331 4804 2432 4847 nec
2454 4789 2523 4845 ab
2546 4788 2701 4845 initio
2734 4790 3108 4857 immaculata;
3143 4790 3391 4847 humanae
3421 4792 3566 4847 enim
3604 4789 3709 4847 hoc
3733 4791 3838 4847 im-

2237 4883 2499 4957 possibile
2526 4894 2611 4943 est
2653 4893 2860 4943 natura:
2895 4902 2911 4945 :
2941 4883 3039 4947 sed
3070 4899 3168 4959 per
3194 4882 3290 4942 Dei
3336 4885 3568 4957 gratiam
3594 4893 3653 4943 et
3695 4900 3836 4958 qua-

2224 5099 2325 5159 nes
2348 5083 2621 5159 quadrare
2667 5093 2923 5159 nequeat.
2966 5081 3075 5140 Sed
3114 5084 3163 5139 si
3192 5091 3454 5159 prmterca
3500 5086 3835 5145 contendant

2222 5157 2314 5226 qui
2348 5156 2638 5227 recesserit
2664 5170 2694 5209 a
2738 5155 3011 5225 prioribus
3061 5155 3299 5227 peccatis
3323 5198 3337 5224 ,
3365 5158 3418 5214 in
3447 5168 3719 5227 posterum
3762 5160 3832 5221 ab

2222 5229 2413 5302 iisdem
2435 5239 2534 5302 aut
2551 5226 2673 5281 aliis
2702 5228 2990 5302 abstinere
3013 5226 3120 5284 nun
3156 5244 3345 5302 posse,
3370 5229 3420 5289 id
3456 5245 3584 5287 vero
3614 5232 3828 5302 penitus

2225 5299 2458 5355 inlicior.
2496 5297 2719 5373 Certum
2745 5314 2852 5353 non
2889 5299 3027 5354 levia
3061 5311 3115 5355 et
3142 5297 3478 5369 quotidiana,
3518 5297 3831 5373 sed'gravia

2224 5382 2467 5447 peccata,
2492 5372 2672 5447 qualia
2705 5379 2833 5447 sunt
2886 5387 3007 5447 qua:
3038 5373 3464 5447 sanctilicantem
3489 5372 3713 5447 gratiam
3734 5391 3833 5430 ex-

2222 5441 2468 5520 cludunt,
2501 5441 2587 5496 hic
2625 5441 2973 5520 intelligenda
3001 5457 3124 5520 esse
3168 5441 3515 5520 manifestum
3539 5457 3656 5513 est;
3704 5461 3831 5503 cum

2225 5516 2342 5591 ipse
2352 5513 2610 5591 miseram
2626 5513 2784 5568 "hanc
2806 5513 3086 5591 peccandi,
3115 5515 3292 5591 quoad
3318 5523 3419 5570 isto
3432 5531 3663 5591 corpore
3683 5534 3830 5575 mor-

2227 5587 2625 5651 tislibcremur,
2651 5585 3033 5658 necessitatem
3060 5586 3257 5658 passim
3281 5585 3561 5658 agnoscat.
3596 5589 3663 5645 Et
3677 5598 3829 5646 certe

2225 5658 2645 5741 quampulcltre.
2675 5657 2778 5741 ipsi
2814 5673 2939 5741 cum
2970 5656 3277 5741 Augustino
3300 5656 3401 5721 bac
3424 5657 3479 5717 in
3508 5671 3662 5733 parte
3689 5677 3827 5719 con-

2228 5728 2429 5801 veniat,
2463 5743 2494 5784 a
2521 5729 2680 5789 nobis
2699 5728 2815 5805 iam
2848 5728 2949 5786 ibit
2970 5728 3340 5787 observatum.
