  <div class='ocr_page' id='page_1' title='image "/cluster/home/n/w/nwhite01/storage/ocr_20150623/15/hvd.32044015471311/185.png"; bbox 0 0 4156 6346; ppageno 0'>
   <div class='ocr_carea' id='block_1_1' title="bbox 527 285 671 343">
    <p class='ocr_par' dir='ltr' id='par_1_1' title="bbox 527 285 671 343">
     <span class='ocr_line' id='line_1_1' title="bbox 527 285 671 343; baseline -0.007 0"><span class='ocrx_word' id='word_1_1' title='bbox 527 285 671 343; x_wconf 75' lang='grc'><strong>1515</strong></span> 
     </span>
    </p>
   </div>
   <div class='ocr_carea' id='block_1_2' title="bbox 1879 281 2497 341">
    <p class='ocr_par' dir='ltr' id='par_1_2' title="bbox 1879 281 2497 341">
     <span class='ocr_line' id='line_1_2' title="bbox 1879 281 2497 341; baseline 0 -1"><span class='ocrx_word' id='word_1_2' title='bbox 1879 281 2128 340; x_wconf 77' lang='lat' dir='ltr'><strong>SANCTI</strong></span> <span class='ocrx_word' id='word_1_3' title='bbox 2166 283 2497 341; x_wconf 80' lang='lat' dir='ltr'><strong>AMBROSII</strong></span> 
     </span>
    </p>
   </div>
   <div class='ocr_carea' id='block_1_3' title="bbox 3702 287 3841 348">
    <p class='ocr_par' dir='ltr' id='par_1_3' title="bbox 3702 287 3841 348">
     <span class='ocr_line' id='line_1_3' title="bbox 3702 287 3841 348; baseline -0.007 -1"><span class='ocrx_word' id='word_1_4' title='bbox 3702 287 3841 348; x_wconf 67' lang='grc'><strong>1541</strong></span> 
     </span>
    </p>
   </div>
   <div class='ocr_carea' id='block_1_4' title="bbox 524 399 3839 477">
    <p class='ocr_par' dir='ltr' id='par_1_4' title="bbox 524 399 3839 477">
     <span class='ocr_line' id='line_1_4' title="bbox 524 399 3839 477; baseline 0 -17"><span class='ocrx_word' id='word_1_5' title='bbox 524 404 854 461; x_wconf 85' lang='lat' dir='ltr'><strong>sacrificaret</strong></span> <span class='ocrx_word' id='word_1_6' title='bbox 888 417 985 474; x_wconf 87' lang='lat' dir='ltr'><strong>pro</strong></span> <span class='ocrx_word' id='word_1_7' title='bbox 1031 402 1223 470; x_wconf 88' lang='lat' dir='ltr'><strong>nobis,</strong></span> <span class='ocrx_word' id='word_1_8' title='bbox 1273 402 1369 460; x_wconf 92' lang='lat' dir='ltr'><strong>sed</strong></span> <span class='ocrx_word' id='word_1_9' title='bbox 1418 401 1470 458; x_wconf 91' lang='lat' dir='ltr'><strong>in</strong></span> <span class='ocrx_word' id='word_1_10' title='bbox 1518 401 1601 456; x_wconf 90' lang='lat' dir='ltr'><strong>sui</strong></span> <span class='ocrx_word' id='word_1_11' title='bbox 1646 400 1896 470; x_wconf 86' lang='lat' dir='ltr'><strong>corporis</strong></span> <span class='ocrx_word' id='word_1_12' title='bbox 1925 401 2128 471; x_wconf 87' lang='lat' dir='ltr'><strong>templo</strong></span> <span class='ocrx_word' id='word_1_13' title='bbox 2155 409 2206 469; x_wconf 78' lang='grc' dir='ltr'>Α</span> <span class='ocrx_word' id='word_1_14' title='bbox 2234 411 2316 456; x_wconf 89' lang='lat' dir='ltr'><strong>tus</strong></span> <span class='ocrx_word' id='word_1_15' title='bbox 2339 399 2512 456; x_wconf 83' lang='lat' dir='ltr'><strong>Filius</strong></span> <span class='ocrx_word' id='word_1_16' title='bbox 2533 401 2620 473; x_wconf 83' lang='lat' dir='ltr'><strong>qui</strong></span> <span class='ocrx_word' id='word_1_17' title='bbox 2643 410 2720 457; x_wconf 87' lang='lat' dir='ltr'><strong>est</strong></span> <span class='ocrx_word' id='word_1_18' title='bbox 2740 401 2794 457; x_wconf 90' lang='lat' dir='ltr'><strong>in</strong></span> <span class='ocrx_word' id='word_1_19' title='bbox 2817 401 2939 458; x_wconf 89' lang='lat' dir='ltr'><strong>sinu</strong></span> <span class='ocrx_word' id='word_1_20' title='bbox 2966 403 3168 471; x_wconf 84' lang='lat' dir='ltr'><strong>Patris,</strong></span> <span class='ocrx_word' id='word_1_21' title='bbox 3193 405 3307 477; x_wconf 88' lang='lat' dir='ltr'><strong>ipse</strong></span> <span class='ocrx_word' id='word_1_22' title='bbox 3330 406 3593 462; x_wconf 75' lang='lat' dir='ltr'><strong>enarravit</strong></span> <span class='ocrx_word' id='word_1_23' title='bbox 3623 404 3839 476; x_wconf 68' lang='lat' dir='ltr'><strong>(Ibid).</strong></span> 
     </span>
    </p>
   </div>
   <div class='ocr_carea' id='block_1_5' title="bbox 526 495 2136 566">
    <p class='ocr_par' dir='ltr' id='par_1_5' title="bbox 526 495 2136 566">
     <span class='ocr_line' id='line_1_5' title="bbox 526 495 2136 566; baseline -0.003 -15"><span class='ocrx_word' id='word_1_24' title='bbox 526 505 712 552; x_wconf 79' lang='lat' dir='ltr'><strong>nostra</strong></span> <span class='ocrx_word' id='word_1_25' title='bbox 743 506 962 566; x_wconf 89' lang='lat' dir='ltr'><strong>peccata</strong></span> <span class='ocrx_word' id='word_1_26' title='bbox 1002 504 1274 551; x_wconf 88' lang='lat' dir='ltr'><strong>vacuaret.</strong></span> <span class='ocrx_word' id='word_1_27' title='bbox 1307 495 1470 552; x_wconf 98' lang='lat' dir='ltr'><strong>Sorte</strong></span> <span class='ocrx_word' id='word_1_28' title='bbox 1509 509 1639 564; x_wconf 83' lang='lat' dir='ltr'><strong>ergo</strong></span> <span class='ocrx_word' id='word_1_29' title='bbox 1677 496 2022 560; x_wconf 69' lang='lat' dir='ltr'><strong>qumrebatur</strong></span> <span class='ocrx_word' id='word_1_30' title='bbox 2049 508 2136 547; x_wconf 88' lang='lat' dir='ltr'><strong>sa-</strong></span> 
     </span>
    </p>
   </div>
   <div class='ocr_carea' id='block_1_6' title="bbox 527 588 2132 646">
    <p class='ocr_par' dir='ltr' id='par_1_6' title="bbox 527 588 2132 646">
     <span class='ocr_line' id='line_1_6' title="bbox 527 588 2132 646; baseline -0.002 0"><span class='ocrx_word' id='word_1_31' title='bbox 527 589 746 646; x_wconf 87' lang='lat' dir='ltr'><strong>cerdos.</strong></span> <span class='ocrx_word' id='word_1_32' title='bbox 786 589 915 645; x_wconf 90' lang='lat' dir='ltr'><strong>ldeo</strong></span> <span class='ocrx_word' id='word_1_33' title='bbox 942 589 1176 645; x_wconf 78' lang='lat' dir='ltr'><strong>fortasse</strong></span> <span class='ocrx_word' id='word_1_34' title='bbox 1220 597 1276 644; x_wconf 90' lang='lat' dir='ltr'><strong>et</strong></span> <span class='ocrx_word' id='word_1_35' title='bbox 1314 588 1516 644; x_wconf 77' lang='lat' dir='ltr'><strong>milites</strong></span> <span class='ocrx_word' id='word_1_36' title='bbox 1553 588 1871 644; x_wconf 78' lang='lat' dir='ltr'><strong>vestimenta</strong></span> <span class='ocrx_word' id='word_1_37' title='bbox 1919 588 2132 643; x_wconf 86' lang='lat' dir='ltr'><strong>Domini</strong></span> 
     </span>
    </p>
   </div>
   <div class='ocr_carea' id='block_1_7' title="bbox 527 680 2134 756">
    <p class='ocr_par' dir='ltr' id='par_1_7' title="bbox 527 680 2134 756">
     <span class='ocr_line' id='line_1_7' title="bbox 527 680 2134 756; baseline -0.001 -17"><span class='ocrx_word' id='word_1_38' title='bbox 527 683 900 739; x_wconf 84' lang='lat' dir='ltr'><strong>sortiebantur</strong></span> <span class='ocrx_word' id='word_1_39' title='bbox 942 680 1123 756; x_wconf 84' lang='lat' dir='ltr'><strong>(Joan.</strong></span> <span class='ocrx_word' id='word_1_40' title='bbox 1156 699 1280 747; x_wconf 74' lang='lat' dir='ltr'><strong>nx,</strong></span> <span class='ocrx_word' id='word_1_41' title='bbox 1319 681 1437 754; x_wconf 67' lang='grc'><strong>24),</strong></span> <span class='ocrx_word' id='word_1_42' title='bbox 1471 693 1528 737; x_wconf 92' lang='lat' dir='ltr'><strong>ut</strong></span> <span class='ocrx_word' id='word_1_43' title='bbox 1567 683 1821 752; x_wconf 89' lang='lat' dir='ltr'><strong>quoniam</strong></span> <span class='ocrx_word' id='word_1_44' title='bbox 1850 683 1901 738; x_wconf 89' lang='lat' dir='ltr'><strong>in</strong></span> <span class='ocrx_word' id='word_1_45' title='bbox 1935 683 2134 753; x_wconf 90' lang='lat' dir='ltr'><strong>templo</strong></span> 
     </span>
    </p>
   </div>
   <div class='ocr_carea' id='block_1_8' title="bbox 527 776 2134 850">
    <p class='ocr_par' dir='ltr' id='par_1_8' title="bbox 527 776 2134 850">
     <span class='ocr_line' id='line_1_8' title="bbox 527 776 2134 850; baseline 0 -17"><span class='ocrx_word' id='word_1_46' title='bbox 527 792 628 833; x_wconf 89' lang='lat' dir='ltr'><strong>suo</strong></span> <span class='ocrx_word' id='word_1_47' title='bbox 659 793 756 848; x_wconf 92' lang='lat' dir='ltr'><strong>pro</strong></span> <span class='ocrx_word' id='word_1_48' title='bbox 783 776 941 833; x_wconf 87' lang='lat' dir='ltr'><strong>nobis</strong></span> <span class='ocrx_word' id='word_1_49' title='bbox 975 778 1235 834; x_wconf 84' lang='lat' dir='ltr'><strong>Dominus</strong></span> <span class='ocrx_word' id='word_1_50' title='bbox 1260 776 1477 833; x_wconf 80' lang='lat' dir='ltr'><strong>deferre</strong></span> <span class='ocrx_word' id='word_1_51' title='bbox 1505 777 1834 832; x_wconf 89' lang='lat' dir='ltr'><strong>sacrificium</strong></span> <span class='ocrx_word' id='word_1_52' title='bbox 1865 792 2134 850; x_wconf 70' lang='lat' dir='ltr'><strong>priepara-</strong></span> 
     </span>
    </p>
   </div>
   <div class='ocr_carea' id='block_1_9' title="bbox 524 869 2132 942">
    <p class='ocr_par' dir='ltr' id='par_1_9' title="bbox 524 869 2132 942">
     <span class='ocr_line' id='line_1_9' title="bbox 524 869 2132 942; baseline 0.001 -17"><span class='ocrx_word' id='word_1_53' title='bbox 524 869 638 935; x_wconf 86' lang='lat' dir='ltr'><strong>bat,</strong></span> <span class='ocrx_word' id='word_1_54' title='bbox 669 878 694 906; x_wconf 75' lang='grc' dir='ltr'>α</span> <span class='ocrx_word' id='word_1_55' title='bbox 721 870 864 924; x_wconf 88' lang='lat' dir='ltr'><strong>circa</strong></span> <span class='ocrx_word' id='word_1_56' title='bbox 899 871 1075 939; x_wconf 86' lang='lat' dir='ltr'><strong>ipsum</strong></span> <span class='ocrx_word' id='word_1_57' title='bbox 1107 887 1323 942; x_wconf 86' lang='lat' dir='ltr'><strong>quoque</strong></span> <span class='ocrx_word' id='word_1_58' title='bbox 1349 871 1517 926; x_wconf 78' lang='lat' dir='ltr'><strong>sortis</strong></span> <span class='ocrx_word' id='word_1_59' title='bbox 1544 871 1768 942; x_wconf 76' lang='lat' dir='ltr'><strong>agitatio</strong></span> <span class='ocrx_word' id='word_1_60' title='bbox 1801 881 2132 941; x_wconf 58' lang='lat' dir='ltr'><strong>praeceptum</strong></span> 
     </span>
    </p>
   </div>
   <div class='ocr_carea' id='block_1_10' title="bbox 527 963 2134 1040">
    <p class='ocr_par' dir='ltr' id='par_1_10' title="bbox 527 963 2134 1040">
     <span class='ocr_line' id='line_1_10' title="bbox 527 963 2134 1040; baseline 0.001 -20"><span class='ocrx_word' id='word_1_61' title='bbox 527 963 687 1036; x_wconf 80' lang='lat' dir='ltr'><strong>Legis</strong></span> <span class='ocrx_word' id='word_1_62' title='bbox 729 964 997 1034; x_wconf 83' lang='lat' dir='ltr'><strong>impleret.</strong></span> <span class='ocrx_word' id='word_1_63' title='bbox 1048 965 1278 1036; x_wconf 79' lang='lat' dir='ltr'><strong>Propter</strong></span> <span class='ocrx_word' id='word_1_64' title='bbox 1311 966 1455 1036; x_wconf 90' lang='lat' dir='ltr'><strong>quod</strong></span> <span class='ocrx_word' id='word_1_65' title='bbox 1495 966 1570 1021; x_wconf 91' lang='lat' dir='ltr'><strong>ait</strong></span> <span class='ocrx_word' id='word_1_66' title='bbox 1599 983 1612 1020; x_wconf 89' lang='lat'>:</span> <span class='ocrx_word' id='word_1_67' title='bbox 1647 965 1772 1021; x_wconf 90' lang='lat' dir='ltr'><strong>Non</strong></span> <span class='ocrx_word' id='word_1_68' title='bbox 1809 968 1923 1022; x_wconf 85' lang='lat' dir='ltr'><strong>veni</strong></span> <span class='ocrx_word' id='word_1_69' title='bbox 1951 966 2134 1040; x_wconf 83' lang='lat' dir='ltr'><strong>Legem</strong></span> 
     </span>
    </p>
   </div>
   <div class='ocr_carea' id='block_1_11' title="bbox 528 1058 2135 1134">
    <p class='ocr_par' dir='ltr' id='par_1_11' title="bbox 528 1058 2135 1134">
     <span class='ocr_line' id='line_1_11' title="bbox 528 1058 2135 1134; baseline 0.002 -21"><span class='ocrx_word' id='word_1_70' title='bbox 528 1060 745 1120; x_wconf 82' lang='lat' dir='ltr'><strong>solvere,</strong></span> <span class='ocrx_word' id='word_1_71' title='bbox 772 1058 863 1112; x_wconf 86' lang='lat' dir='ltr'><strong>sed</strong></span> <span class='ocrx_word' id='word_1_72' title='bbox 889 1058 1180 1129; x_wconf 81' lang='lat' dir='ltr'><strong>adimplere</strong></span> <span class='ocrx_word' id='word_1_73' title='bbox 1207 1059 1423 1130; x_wconf 80' lang='lat' dir='ltr'><strong>(Matth.</strong></span> <span class='ocrx_word' id='word_1_74' title='bbox 1449 1076 1503 1128; x_wconf 92' lang='lat' dir='ltr'><strong>v,</strong></span> <span class='ocrx_word' id='word_1_75' title='bbox 1538 1060 1612 1130; x_wconf 88' lang='grc'><strong>7).</strong></span> <span class='ocrx_word' id='word_1_76' title='bbox 1648 1059 1863 1134; x_wconf 64' lang='grc'><strong>1274</strong></span> <span class='ocrx_word' id='word_1_77' title='bbox 1884 1061 2048 1117; x_wconf 86' lang='lat' dir='ltr'><strong>Certe</strong></span> <span class='ocrx_word' id='word_1_78' title='bbox 2077 1069 2135 1116; x_wconf 91' lang='lat' dir='ltr'><strong>ut</strong></span> 
     </span>
    </p>
   </div>
   <div class='ocr_carea' id='block_1_12' title="bbox 527 1149 2130 1223">
    <p class='ocr_par' dir='ltr' id='par_1_12' title="bbox 527 1149 2130 1223">
     <span class='ocr_line' id='line_1_12' title="bbox 527 1149 2130 1223; baseline 0.002 -18"><span class='ocrx_word' id='word_1_79' title='bbox 527 1149 644 1221; x_wconf 84' lang='lat' dir='ltr'><strong>ipSe</strong></span> <span class='ocrx_word' id='word_1_80' title='bbox 681 1160 860 1218; x_wconf 83' lang='lat' dir='ltr'><strong>esset,</strong></span> <span class='ocrx_word' id='word_1_81' title='bbox 891 1151 980 1221; x_wconf 90' lang='lat' dir='ltr'><strong>qui</strong></span> <span class='ocrx_word' id='word_1_82' title='bbox 1012 1161 1068 1206; x_wconf 91' lang='lat' dir='ltr'><strong>et</strong></span> <span class='ocrx_word' id='word_1_83' title='bbox 1091 1161 1439 1221; x_wconf 74' lang='lat' dir='ltr'><strong>exspectatus</strong></span> <span class='ocrx_word' id='word_1_84' title='bbox 1479 1152 1531 1207; x_wconf 92' lang='lat' dir='ltr'><strong>in</strong></span> <span class='ocrx_word' id='word_1_85' title='bbox 1558 1153 1732 1208; x_wconf 89' lang='lat' dir='ltr'><strong>veteri</strong></span> <span class='ocrx_word' id='word_1_86' title='bbox 1759 1153 2130 1223; x_wconf 84' lang='lat' dir='ltr'><strong>Testamento,</strong></span> 
     </span>
    </p>
   </div>
   <div class='ocr_carea' id='block_1_13' title="bbox 526 1246 2133 1321">
    <p class='ocr_par' dir='ltr' id='par_1_13' title="bbox 526 1246 2133 1321">
     <span class='ocr_line' id='line_1_13' title="bbox 526 1246 2133 1321; baseline 0.002 -19"><span class='ocrx_word' id='word_1_87' title='bbox 526 1255 583 1302; x_wconf 86' lang='lat' dir='ltr'><strong>et</strong></span> <span class='ocrx_word' id='word_1_88' title='bbox 614 1246 870 1301; x_wconf 89' lang='lat' dir='ltr'><strong>mandato</strong></span> <span class='ocrx_word' id='word_1_89' title='bbox 903 1248 996 1303; x_wconf 91' lang='lat' dir='ltr'><strong>Dei</strong></span> <span class='ocrx_word' id='word_1_90' title='bbox 1041 1247 1319 1304; x_wconf 84' lang='lat' dir='ltr'><strong>videretur</strong></span> <span class='ocrx_word' id='word_1_91' title='bbox 1343 1249 1570 1306; x_wconf 89' lang='lat' dir='ltr'><strong>electus.</strong></span> <span class='ocrx_word' id='word_1_92' title='bbox 1611 1250 1856 1321; x_wconf 85' lang='lat' dir='ltr'><strong>Denique</strong></span> <span class='ocrx_word' id='word_1_93' title='bbox 1886 1259 1943 1306; x_wconf 93' lang='lat' dir='ltr'><strong>et</strong></span> <span class='ocrx_word' id='word_1_94' title='bbox 1969 1265 2133 1321; x_wconf 85' lang='lat' dir='ltr'><strong>super</strong></span> 
     </span>
    </p>
   </div>
   <div class='ocr_carea' id='block_1_14' title="bbox 527 1338 2133 1414">
    <p class='ocr_par' dir='ltr' id='par_1_14' title="bbox 527 1338 2133 1414">
     <span class='ocr_line' id='line_1_14' title="bbox 527 1338 2133 1414; baseline 0.003 -21"><span class='ocrx_word' id='word_1_95' title='bbox 527 1339 831 1409; x_wconf 82' lang='lat' dir='ltr'><strong>apostolum</strong></span> <span class='ocrx_word' id='word_1_96' title='bbox 868 1338 1147 1394; x_wconf 77' lang='lat' dir='ltr'><strong>Matthiam</strong></span> <span class='ocrx_word' id='word_1_97' title='bbox 1179 1339 1206 1379; x_wconf 70' lang='grc' dir='ltr'><strong>ιι</strong></span> <span class='ocrx_word' id='word_1_98' title='bbox 1233 1355 1356 1396; x_wconf 91' lang='lat' dir='ltr'><strong>sors</strong></span> <span class='ocrx_word' id='word_1_99' title='bbox 1388 1341 1586 1397; x_wconf 89' lang='lat' dir='ltr'><strong>cecidit</strong></span> <span class='ocrx_word' id='word_1_100' title='bbox 1616 1340 1754 1412; x_wconf 77' lang='lat' dir='ltr'><strong>(Art.</strong></span> <span class='ocrx_word' id='word_1_101' title='bbox 1786 1358 1834 1409; x_wconf 84' lang='lat'><strong>1,</strong></span> <span class='ocrx_word' id='word_1_102' title='bbox 1866 1342 1979 1414; x_wconf 77' lang='lat'><strong>26),</strong></span> <span class='ocrx_word' id='word_1_103' title='bbox 2012 1353 2033 1380; x_wconf 79' lang='grc' dir='ltr'><strong>ο</strong></span> <span class='ocrx_word' id='word_1_104' title='bbox 2065 1356 2133 1398; x_wconf 90' lang='lat' dir='ltr'><strong>ne</strong></span> 
     </span>
    </p>
   </div>
   <div class='ocr_carea' id='block_1_15' title="bbox 525 1433 2132 1509">
    <p class='ocr_par' dir='ltr' id='par_1_15' title="bbox 525 1433 2132 1509">
     <span class='ocr_line' id='line_1_15' title="bbox 525 1433 2132 1509; baseline 0.003 -21"><span class='ocrx_word' id='word_1_105' title='bbox 525 1433 754 1506; x_wconf 77' lang='lat' dir='ltr'><strong>apostoli</strong></span> <span class='ocrx_word' id='word_1_106' title='bbox 794 1433 994 1490; x_wconf 86' lang='lat' dir='ltr'><strong>electio</strong></span> <span class='ocrx_word' id='word_1_107' title='bbox 1034 1449 1065 1489; x_wconf 89' lang='lat' dir='ltr'><strong>a</strong></span> <span class='ocrx_word' id='word_1_108' title='bbox 1097 1435 1353 1491; x_wconf 85' lang='lat' dir='ltr'><strong>mandato</strong></span> <span class='ocrx_word' id='word_1_109' title='bbox 1396 1437 1708 1508; x_wconf 84' lang='lat' dir='ltr'><strong>discrepare</strong></span> <span class='ocrx_word' id='word_1_110' title='bbox 1755 1437 1888 1509; x_wconf 89' lang='lat' dir='ltr'><strong>legis</strong></span> <span class='ocrx_word' id='word_1_111' title='bbox 1932 1436 2132 1493; x_wconf 90' lang='lat' dir='ltr'><strong>veteris</strong></span> 
     </span>
    </p>
   </div>
   <div class='ocr_carea' id='block_1_16' title="bbox 526 1526 829 1582">
    <p class='ocr_par' dir='ltr' id='par_1_16' title="bbox 526 1526 829 1582">
     <span class='ocr_line' id='line_1_16' title="bbox 526 1526 829 1582; baseline 0 -2"><span class='ocrx_word' id='word_1_112' title='bbox 526 1526 829 1582; x_wconf 83' lang='lat' dir='ltr'><strong>videretur.</strong></span> 
     </span>
    </p>
   </div>
   <div class='ocr_carea' id='block_1_17' title="bbox 597 1616 2133 1694">
    <p class='ocr_par' dir='ltr' id='par_1_17' title="bbox 597 1616 2133 1694">
     <span class='ocr_line' id='line_1_17' title="bbox 597 1616 2133 1694; baseline 0.002 -21"><span class='ocrx_word' id='word_1_113' title='bbox 597 1616 778 1689; x_wconf 82' lang='lat' dir='ltr'><strong>(Vcrs.</strong></span> <span class='ocrx_word' id='word_1_114' title='bbox 826 1617 941 1690; x_wconf 91' lang='grc'><strong>11.)</strong></span> <span class='ocrx_word' id='word_1_115' title='bbox 987 1619 1247 1690; x_wconf 78' lang='lat' dir='ltr'><strong>Apparuit</strong></span> <span class='ocrx_word' id='word_1_116' title='bbox 1288 1628 1460 1676; x_wconf 90' lang='lat' dir='ltr'><strong>autem</strong></span> <span class='ocrx_word' id='word_1_117' title='bbox 1506 1621 1590 1676; x_wconf 89' lang='lat' dir='ltr'><strong>illi</strong></span> <span class='ocrx_word' id='word_1_118' title='bbox 1634 1619 1860 1694; x_wconf 80' lang='lat' dir='ltr'><strong>Angelus</strong></span> <span class='ocrx_word' id='word_1_119' title='bbox 1919 1619 2133 1676; x_wconf 84' lang='lat' dir='ltr'><strong>Domini</strong></span> 
     </span>
    </p>
   </div>
   <div class='ocr_carea' id='block_1_18' title="bbox 522 1713 1393 1770">
    <p class='ocr_par' dir='ltr' id='par_1_18' title="bbox 522 1713 1393 1770">
     <span class='ocr_line' id='line_1_18' title="bbox 522 1713 1393 1770; baseline 0 -2"><span class='ocrx_word' id='word_1_120' title='bbox 522 1722 665 1768; x_wconf 82' lang='lat' dir='ltr'><strong>stans</strong></span> <span class='ocrx_word' id='word_1_121' title='bbox 691 1729 722 1767; x_wconf 93' lang='lat' dir='ltr'><strong>a</strong></span> <span class='ocrx_word' id='word_1_122' title='bbox 745 1714 938 1768; x_wconf 76' lang='lat' dir='ltr'><strong>dextris</strong></span> <span class='ocrx_word' id='word_1_123' title='bbox 966 1713 1153 1768; x_wconf 85' lang='lat' dir='ltr'><strong>altaris</strong></span> <span class='ocrx_word' id='word_1_124' title='bbox 1176 1715 1393 1770; x_wconf 78' lang='lat' dir='ltr'><strong>incensi.</strong></span> 
     </span>
    </p>
   </div>
   <div class='ocr_carea' id='block_1_19' title="bbox 594 1804 2127 1880">
    <p class='ocr_par' dir='ltr' id='par_1_19' title="bbox 594 1804 2127 1880">
     <span class='ocr_line' id='line_1_19' title="bbox 594 1804 2127 1880; baseline 0.003 -20"><span class='ocrx_word' id='word_1_125' title='bbox 594 1805 684 1860; x_wconf 72' lang='grc'><strong>24.</strong></span> <span class='ocrx_word' id='word_1_126' title='bbox 728 1804 845 1861; x_wconf 86' lang='lat' dir='ltr'><strong>Non</strong></span> <span class='ocrx_word' id='word_1_127' title='bbox 872 1807 1145 1862; x_wconf 90' lang='lat' dir='ltr'><strong>immerito</strong></span> <span class='ocrx_word' id='word_1_128' title='bbox 1165 1809 1392 1878; x_wconf 79' lang='lat' dir='ltr'><strong>angelus</strong></span> <span class='ocrx_word' id='word_1_129' title='bbox 1415 1807 1630 1864; x_wconf 89' lang='lat' dir='ltr'><strong>videtur</strong></span> <span class='ocrx_word' id='word_1_130' title='bbox 1654 1809 1707 1864; x_wconf 91' lang='lat' dir='ltr'><strong>in</strong></span> <span class='ocrx_word' id='word_1_131' title='bbox 1735 1808 1968 1880; x_wconf 90' lang='lat' dir='ltr'><strong>templo;</strong></span> <span class='ocrx_word' id='word_1_132' title='bbox 2000 1809 2127 1878; x_wconf 87' lang='lat' dir='ltr'><strong>quia</strong></span> 
     </span>
    </p>
   </div>
   <div class='ocr_carea' id='block_1_20' title="bbox 521 1899 2127 1967">
    <p class='ocr_par' dir='ltr' id='par_1_20' title="bbox 521 1899 2127 1967">
     <span class='ocr_line' id='line_1_20' title="bbox 521 1899 2127 1967; baseline 0.002 -12"><span class='ocrx_word' id='word_1_133' title='bbox 521 1899 638 1955; x_wconf 85' lang='lat' dir='ltr'><strong>veri</strong></span> <span class='ocrx_word' id='word_1_134' title='bbox 664 1899 976 1954; x_wconf 80' lang='lat' dir='ltr'><strong>Sacerdotis</strong></span> <span class='ocrx_word' id='word_1_135' title='bbox 998 1899 1110 1967; x_wconf 91' lang='lat' dir='ltr'><strong>jam</strong></span> <span class='ocrx_word' id='word_1_136' title='bbox 1140 1902 1487 1957; x_wconf 85' lang='lat' dir='ltr'><strong>nuntiabatur</strong></span> <span class='ocrx_word' id='word_1_137' title='bbox 1515 1901 1802 1966; x_wconf 85' lang='lat' dir='ltr'><strong>adventus,</strong></span> <span class='ocrx_word' id='word_1_138' title='bbox 1828 1910 1884 1957; x_wconf 90' lang='lat' dir='ltr'><strong>et</strong></span> <span class='ocrx_word' id='word_1_139' title='bbox 1905 1903 2127 1959; x_wconf 60' lang='lat' dir='ltr'><strong>caeleste</strong></span> 
     </span>
    </p>
   </div>
   <div class='ocr_carea' id='block_1_21' title="bbox 520 1992 2129 2067">
    <p class='ocr_par' dir='ltr' id='par_1_21' title="bbox 520 1992 2129 2067">
     <span class='ocr_line' id='line_1_21' title="bbox 520 1992 2129 2067; baseline 0.004 -20"><span class='ocrx_word' id='word_1_140' title='bbox 520 1992 848 2047; x_wconf 61' lang='lat' dir='ltr'><strong>sacrificium</strong></span> <span class='ocrx_word' id='word_1_141' title='bbox 897 1992 1214 2064; x_wconf 82' lang='lat' dir='ltr'><strong>parabatur,</strong></span> <span class='ocrx_word' id='word_1_142' title='bbox 1268 1994 1321 2050; x_wconf 92' lang='lat' dir='ltr'><strong>in</strong></span> <span class='ocrx_word' id='word_1_143' title='bbox 1367 2011 1476 2066; x_wconf 89' lang='lat' dir='ltr'><strong>quo</strong></span> <span class='ocrx_word' id='word_1_144' title='bbox 1528 1996 1706 2067; x_wconf 84' lang='lat' dir='ltr'><strong>angeli</strong></span> <span class='ocrx_word' id='word_1_145' title='bbox 1759 1998 2129 2054; x_wconf 87' lang='lat' dir='ltr'><strong>ministrarent</strong></span> 
     </span>
    </p>
   </div>
   <div class='ocr_carea' id='block_1_22' title="bbox 521 2082 2126 2161">
    <p class='ocr_par' dir='ltr' id='par_1_22' title="bbox 521 2082 2126 2161">
     <span class='ocr_line' id='line_1_22' title="bbox 521 2082 2126 2161; baseline 0.003 -21"><span class='ocrx_word' id='word_1_146' title='bbox 521 2082 630 2157; x_wconf 77' lang='lat' dir='ltr'><strong>(Cf.</strong></span> <span class='ocrx_word' id='word_1_147' title='bbox 657 2086 796 2158; x_wconf 87' lang='lat' dir='ltr'><strong>Aug.</strong></span> <span class='ocrx_word' id='word_1_148' title='bbox 825 2087 975 2157; x_wconf 87' lang='lat' dir='ltr'><strong>epist.</strong></span> <span class='ocrx_word' id='word_1_149' title='bbox 1003 2085 1130 2155; x_wconf 70' lang='grc'><strong>148,</strong></span> <span class='ocrx_word' id='word_1_150' title='bbox 1158 2089 1232 2142; x_wconf 91' lang='lat' dir='ltr'><strong>al.</strong></span> <span class='ocrx_word' id='word_1_151' title='bbox 1260 2088 1385 2152; x_wconf 93' lang='grc'><strong>111,</strong></span> <span class='ocrx_word' id='word_1_152' title='bbox 1415 2099 1463 2142; x_wconf 84' lang='lat' dir='ltr'><strong>et</strong></span> <span class='ocrx_word' id='word_1_153' title='bbox 1493 2089 1663 2161; x_wconf 83' lang='lat' dir='ltr'><strong>alibi).</strong></span> <span class='ocrx_word' id='word_1_154' title='bbox 1697 2088 1766 2144; x_wconf 91' lang='lat' dir='ltr'><strong>Et</strong></span> <span class='ocrx_word' id='word_1_155' title='bbox 1792 2090 1930 2146; x_wconf 82' lang='lat' dir='ltr'><strong>bene</strong></span> <span class='ocrx_word' id='word_1_156' title='bbox 1956 2105 2126 2160; x_wconf 88' lang='lat' dir='ltr'><strong>appa-</strong></span> 
     </span>
    </p>
   </div>
   <div class='ocr_carea' id='block_1_23' title="bbox 520 2175 2129 2252">
    <p class='ocr_par' dir='ltr' id='par_1_23' title="bbox 520 2175 2129 2252">
     <span class='ocr_line' id='line_1_23' title="bbox 520 2175 2129 2252; baseline 0.003 -20"><span class='ocrx_word' id='word_1_157' title='bbox 520 2175 698 2232; x_wconf 88' lang='lat' dir='ltr'><strong>ruisse</strong></span> <span class='ocrx_word' id='word_1_158' title='bbox 722 2176 921 2233; x_wconf 87' lang='lat' dir='ltr'><strong>dicitur</strong></span> <span class='ocrx_word' id='word_1_159' title='bbox 946 2177 1030 2245; x_wconf 90' lang='lat' dir='ltr'><strong>ei,</strong></span> <span class='ocrx_word' id='word_1_160' title='bbox 1062 2179 1156 2249; x_wconf 92' lang='lat' dir='ltr'><strong>qui</strong></span> <span class='ocrx_word' id='word_1_161' title='bbox 1183 2195 1306 2234; x_wconf 93' lang='lat' dir='ltr'><strong>eum</strong></span> <span class='ocrx_word' id='word_1_162' title='bbox 1343 2190 1568 2251; x_wconf 84' lang='lat' dir='ltr'><strong>repente</strong></span> <span class='ocrx_word' id='word_1_163' title='bbox 1594 2183 1904 2252; x_wconf 84' lang='lat' dir='ltr'><strong>conspexit.</strong></span> <span class='ocrx_word' id='word_1_164' title='bbox 1933 2182 1999 2236; x_wconf 89' lang='lat' dir='ltr'><strong>Et</strong></span> <span class='ocrx_word' id='word_1_165' title='bbox 2026 2181 2129 2237; x_wconf 91' lang='lat' dir='ltr'><strong>hoc</strong></span> 
     </span>
    </p>
   </div>
   <div class='ocr_carea' id='block_1_24' title="bbox 519 2270 2126 2345">
    <p class='ocr_par' dir='ltr' id='par_1_24' title="bbox 519 2270 2126 2345">
     <span class='ocr_line' id='line_1_24' title="bbox 519 2270 2126 2345; baseline 0.003 -21"><span class='ocrx_word' id='word_1_166' title='bbox 519 2270 831 2338; x_wconf 80' lang='lat' dir='ltr'><strong>specialiter</strong></span> <span class='ocrx_word' id='word_1_167' title='bbox 860 2281 953 2326; x_wconf 90' lang='lat' dir='ltr'><strong>aut</strong></span> <span class='ocrx_word' id='word_1_168' title='bbox 982 2272 1052 2328; x_wconf 90' lang='lat' dir='ltr'><strong>de</strong></span> <span class='ocrx_word' id='word_1_169' title='bbox 1079 2272 1321 2342; x_wconf 83' lang='lat' dir='ltr'><strong>angelis,</strong></span> <span class='ocrx_word' id='word_1_170' title='bbox 1351 2282 1445 2328; x_wconf 90' lang='lat' dir='ltr'><strong>aut</strong></span> <span class='ocrx_word' id='word_1_171' title='bbox 1482 2273 1551 2330; x_wconf 92' lang='lat' dir='ltr'><strong>de</strong></span> <span class='ocrx_word' id='word_1_172' title='bbox 1595 2275 1706 2329; x_wconf 89' lang='lat' dir='ltr'><strong>Deo</strong></span> <span class='ocrx_word' id='word_1_173' title='bbox 1733 2273 2015 2345; x_wconf 88' lang='lat' dir='ltr'><strong>Scriptura</strong></span> <span class='ocrx_word' id='word_1_174' title='bbox 2041 2275 2126 2329; x_wconf 83' lang='lat' dir='ltr'><strong>di-</strong></span> 
     </span>
    </p>
   </div>
   <div class='ocr_carea' id='block_1_25' title="bbox 521 2362 2126 2441">
    <p class='ocr_par' dir='ltr' id='par_1_25' title="bbox 521 2362 2126 2441">
     <span class='ocr_line' id='line_1_25' title="bbox 521 2362 2126 2441; baseline 0.005 -24"><span class='ocrx_word' id='word_1_175' title='bbox 521 2362 647 2418; x_wconf 89' lang='lat' dir='ltr'><strong>vina</strong></span> <span class='ocrx_word' id='word_1_176' title='bbox 675 2374 862 2422; x_wconf 90' lang='lat' dir='ltr'><strong>tenere</strong></span> <span class='ocrx_word' id='word_1_177' title='bbox 887 2368 1198 2434; x_wconf 85' lang='lat' dir='ltr'><strong>consuevit;</strong></span> <span class='ocrx_word' id='word_1_178' title='bbox 1233 2375 1294 2422; x_wconf 91' lang='lat' dir='ltr'><strong>ut</strong></span> <span class='ocrx_word' id='word_1_179' title='bbox 1313 2367 1457 2438; x_wconf 90' lang='lat' dir='ltr'><strong>quod</strong></span> <span class='ocrx_word' id='word_1_180' title='bbox 1484 2385 1590 2423; x_wconf 91' lang='lat' dir='ltr'><strong>non</strong></span> <span class='ocrx_word' id='word_1_181' title='bbox 1618 2377 1797 2439; x_wconf 89' lang='lat' dir='ltr'><strong>potest</strong></span> <span class='ocrx_word' id='word_1_182' title='bbox 1820 2369 2126 2441; x_wconf 68' lang='lat' dir='ltr'><strong>prtevideri,</strong></span> 
     </span>
    </p>
   </div>
   <div class='ocr_carea' id='block_1_26' title="bbox 518 2457 2130 2532">
    <p class='ocr_par' dir='ltr' id='par_1_26' title="bbox 518 2457 2130 2532">
     <span class='ocr_line' id='line_1_26' title="bbox 518 2457 2130 2532; baseline 0.005 -23"><span class='ocrx_word' id='word_1_183' title='bbox 518 2469 782 2526; x_wconf 86' lang='lat' dir='ltr'><strong>apparere</strong></span> <span class='ocrx_word' id='word_1_184' title='bbox 823 2457 1065 2524; x_wconf 88' lang='lat' dir='ltr'><strong>dicatur;</strong></span> <span class='ocrx_word' id='word_1_185' title='bbox 1113 2457 1192 2514; x_wconf 90' lang='lat' dir='ltr'><strong>sic</strong></span> <span class='ocrx_word' id='word_1_186' title='bbox 1233 2458 1376 2514; x_wconf 89' lang='lat' dir='ltr'><strong>enim</strong></span> <span class='ocrx_word' id='word_1_187' title='bbox 1425 2459 1593 2514; x_wconf 83' lang='lat' dir='ltr'><strong>habes</strong></span> <span class='ocrx_word' id='word_1_188' title='bbox 1636 2480 1650 2514; x_wconf 84' lang='lat'><strong>:</strong></span> <span class='ocrx_word' id='word_1_189' title='bbox 1691 2461 1951 2532; x_wconf 81' lang='lat' dir='ltr'><strong>Apparuit</strong></span> <span class='ocrx_word' id='word_1_190' title='bbox 1991 2461 2130 2517; x_wconf 87' lang='lat' dir='ltr'><strong>Deus</strong></span> 
     </span>
    </p>
   </div>
   <div class='ocr_carea' id='block_1_27' title="bbox 519 2547 2126 2624">
    <p class='ocr_par' dir='ltr' id='par_1_27' title="bbox 519 2547 2126 2624">
     <span class='ocr_line' id='line_1_27' title="bbox 519 2547 2126 2624; baseline 0.004 -21"><span class='ocrx_word' id='word_1_191' title='bbox 519 2547 745 2604; x_wconf 80' lang='lat' dir='ltr'><strong>Abralue</strong></span> <span class='ocrx_word' id='word_1_192' title='bbox 769 2551 836 2603; x_wconf 87' lang='lat' dir='ltr'><strong>ad</strong></span> <span class='ocrx_word' id='word_1_193' title='bbox 860 2550 1032 2604; x_wconf 87' lang='lat' dir='ltr'><strong>ilicem</strong></span> <span class='ocrx_word' id='word_1_194' title='bbox 1066 2550 1301 2606; x_wconf 75' lang='lat' dir='ltr'><strong>Mambre</strong></span> <span class='ocrx_word' id='word_1_195' title='bbox 1331 2550 1489 2623; x_wconf 86' lang='lat' dir='ltr'><strong>(Gen.</strong></span> <span class='ocrx_word' id='word_1_196' title='bbox 1513 2568 1642 2608; x_wconf 81' lang='lat' dir='ltr'><strong>xvm</strong></span> <span class='ocrx_word' id='word_1_197' title='bbox 1664 2594 1680 2620; x_wconf 86' lang='lat'><strong>,</strong></span> <span class='ocrx_word' id='word_1_198' title='bbox 1715 2555 1793 2623; x_wconf 94' lang='grc'><strong>1).</strong></span> <span class='ocrx_word' id='word_1_199' title='bbox 1821 2553 1956 2610; x_wconf 88' lang='lat' dir='ltr'><strong>Nam</strong></span> <span class='ocrx_word' id='word_1_200' title='bbox 1982 2555 2072 2624; x_wconf 87' lang='lat' dir='ltr'><strong>qui</strong></span> <span class='ocrx_word' id='word_1_201' title='bbox 2100 2552 2126 2591; x_wconf 71' lang='grc' dir='ltr'>ἀ</span> 
     </span>
    </p>
   </div>
   <div class='ocr_carea' id='block_1_28' title="bbox 517 2647 2125 2719">
    <p class='ocr_par' dir='ltr' id='par_1_28' title="bbox 517 2647 2125 2719">
     <span class='ocr_line' id='line_1_28' title="bbox 517 2647 2125 2719; baseline 0.002 -21"><span class='ocrx_word' id='word_1_202' title='bbox 517 2655 646 2699; x_wconf 89' lang='lat' dir='ltr'><strong>ante</strong></span> <span class='ocrx_word' id='word_1_203' title='bbox 671 2659 777 2700; x_wconf 89' lang='lat' dir='ltr'><strong>non</strong></span> <span class='ocrx_word' id='word_1_204' title='bbox 801 2647 1172 2716; x_wconf 71' lang='lat' dir='ltr'><strong>prmsentitur,</strong></span> <span class='ocrx_word' id='word_1_205' title='bbox 1201 2647 1298 2702; x_wconf 89' lang='lat' dir='ltr'><strong>sed</strong></span> <span class='ocrx_word' id='word_1_206' title='bbox 1322 2647 1612 2716; x_wconf 90' lang='lat' dir='ltr'><strong>repentino</strong></span> <span class='ocrx_word' id='word_1_207' title='bbox 1639 2647 1855 2704; x_wconf 89' lang='lat' dir='ltr'><strong>videtur</strong></span> <span class='ocrx_word' id='word_1_208' title='bbox 1879 2658 2125 2719; x_wconf 89' lang='lat' dir='ltr'><strong>aspectu,</strong></span> 
     </span>
    </p>
   </div>
   <div class='ocr_carea' id='block_1_29' title="bbox 515 2738 2128 2806">
    <p class='ocr_par' dir='ltr' id='par_1_29' title="bbox 515 2738 2128 2806">
     <span class='ocr_line' id='line_1_29' title="bbox 515 2738 2128 2806; baseline 0.004 -16"><span class='ocrx_word' id='word_1_209' title='bbox 515 2750 782 2806; x_wconf 89' lang='lat' dir='ltr'><strong>apparere</strong></span> <span class='ocrx_word' id='word_1_210' title='bbox 824 2748 1178 2796; x_wconf 88' lang='lat' dir='ltr'><strong>memoratur.</strong></span> <span class='ocrx_word' id='word_1_211' title='bbox 1208 2738 1328 2796; x_wconf 86' lang='lat' dir='ltr'><strong>Non</strong></span> <span class='ocrx_word' id='word_1_212' title='bbox 1367 2741 1512 2795; x_wconf 88' lang='lat' dir='ltr'><strong>enim</strong></span> <span class='ocrx_word' id='word_1_213' title='bbox 1556 2741 1811 2796; x_wconf 89' lang='lat' dir='ltr'><strong>similiter</strong></span> <span class='ocrx_word' id='word_1_214' title='bbox 1841 2741 2128 2797; x_wconf 90' lang='lat' dir='ltr'><strong>seusibilia</strong></span> 
     </span>
    </p>
   </div>
   <div class='ocr_carea' id='block_1_30' title="bbox 516 2829 2126 2904">
    <p class='ocr_par' dir='ltr' id='par_1_30' title="bbox 516 2829 2126 2904">
     <span class='ocr_line' id='line_1_30' title="bbox 516 2829 2126 2904; baseline 0.004 -21"><span class='ocrx_word' id='word_1_215' title='bbox 516 2829 788 2896; x_wconf 88' lang='lat' dir='ltr'><strong>videntur,</strong></span> <span class='ocrx_word' id='word_1_216' title='bbox 817 2841 871 2888; x_wconf 93' lang='lat' dir='ltr'><strong>et</strong></span> <span class='ocrx_word' id='word_1_217' title='bbox 899 2833 944 2887; x_wconf 94' lang='lat' dir='ltr'><strong>is</strong></span> <span class='ocrx_word' id='word_1_218' title='bbox 972 2832 1028 2888; x_wconf 91' lang='lat' dir='ltr'><strong>in</strong></span> <span class='ocrx_word' id='word_1_219' title='bbox 1058 2833 1212 2904; x_wconf 86' lang='lat' dir='ltr'><strong>cujus</strong></span> <span class='ocrx_word' id='word_1_220' title='bbox 1240 2832 1522 2888; x_wconf 89' lang='lat' dir='ltr'><strong>voluutate</strong></span> <span class='ocrx_word' id='word_1_221' title='bbox 1551 2843 1574 2870; x_wconf 76' lang='grc' dir='ltr'>θ</span> <span class='ocrx_word' id='word_1_222' title='bbox 1613 2833 1780 2888; x_wconf 89' lang='lat' dir='ltr'><strong>situm</strong></span> <span class='ocrx_word' id='word_1_223' title='bbox 1821 2844 1907 2890; x_wconf 87' lang='lat' dir='ltr'><strong>est</strong></span> <span class='ocrx_word' id='word_1_224' title='bbox 1931 2835 2126 2898; x_wconf 92' lang='lat' dir='ltr'><strong>videri,</strong></span> 
     </span>
    </p>
   </div>
   <div class='ocr_carea' id='block_1_31' title="bbox 518 2926 2126 2998">
    <p class='ocr_par' dir='ltr' id='par_1_31' title="bbox 518 2926 2126 2998">
     <span class='ocr_line' id='line_1_31' title="bbox 518 2926 2126 2998; baseline 0.002 -17"><span class='ocrx_word' id='word_1_225' title='bbox 518 2933 576 2981; x_wconf 87' lang='lat' dir='ltr'><strong>et</strong></span> <span class='ocrx_word' id='word_1_226' title='bbox 622 2926 778 2998; x_wconf 84' lang='lat' dir='ltr'><strong>cujus</strong></span> <span class='ocrx_word' id='word_1_227' title='bbox 829 2937 1034 2983; x_wconf 78' lang='lat' dir='ltr'><strong>naturze</strong></span> <span class='ocrx_word' id='word_1_228' title='bbox 1085 2937 1171 2985; x_wconf 89' lang='lat' dir='ltr'><strong>est</strong></span> <span class='ocrx_word' id='word_1_229' title='bbox 1208 2943 1317 2984; x_wconf 92' lang='lat' dir='ltr'><strong>non</strong></span> <span class='ocrx_word' id='word_1_230' title='bbox 1345 2928 1555 2994; x_wconf 89' lang='lat' dir='ltr'><strong>videri,</strong></span> <span class='ocrx_word' id='word_1_231' title='bbox 1603 2927 1898 2984; x_wconf 87' lang='lat' dir='ltr'><strong>voluntatis</strong></span> <span class='ocrx_word' id='word_1_232' title='bbox 1925 2928 2126 2985; x_wconf 90' lang='lat' dir='ltr'><strong>videri.</strong></span> 
     </span>
    </p>
   </div>
   <div class='ocr_carea' id='block_1_32' title="bbox 517 3019 2130 3096">
    <p class='ocr_par' dir='ltr' id='par_1_32' title="bbox 517 3019 2130 3096">
     <span class='ocr_line' id='line_1_32' title="bbox 517 3019 2130 3096; baseline 0.003 -20"><span class='ocrx_word' id='word_1_233' title='bbox 517 3019 653 3078; x_wconf 84' lang='lat' dir='ltr'><strong>Nam</strong></span> <span class='ocrx_word' id='word_1_234' title='bbox 697 3021 742 3077; x_wconf 93' lang='lat' dir='ltr'><strong>si</strong></span> <span class='ocrx_word' id='word_1_235' title='bbox 769 3037 879 3078; x_wconf 92' lang='lat' dir='ltr'><strong>non</strong></span> <span class='ocrx_word' id='word_1_236' title='bbox 905 3023 1050 3090; x_wconf 87' lang='lat' dir='ltr'><strong>vult,</strong></span> <span class='ocrx_word' id='word_1_237' title='bbox 1079 3039 1185 3078; x_wconf 92' lang='lat' dir='ltr'><strong>non</strong></span> <span class='ocrx_word' id='word_1_238' title='bbox 1218 3025 1470 3080; x_wconf 89' lang='lat' dir='ltr'><strong>videtur:</strong></span> <span class='ocrx_word' id='word_1_239' title='bbox 1499 3025 1544 3079; x_wconf 92' lang='lat' dir='ltr'><strong>si</strong></span> <span class='ocrx_word' id='word_1_240' title='bbox 1573 3024 1722 3091; x_wconf 89' lang='lat' dir='ltr'><strong>vult,</strong></span> <span class='ocrx_word' id='word_1_241' title='bbox 1748 3026 1986 3080; x_wconf 90' lang='lat' dir='ltr'><strong>videtur.</strong></span> <span class='ocrx_word' id='word_1_242' title='bbox 2015 3026 2130 3096; x_wconf 86' lang='lat' dir='ltr'><strong>Ap-</strong></span> 
     </span>
    </p>
   </div>
   <div class='ocr_carea' id='block_1_33' title="bbox 516 3115 2128 3190">
    <p class='ocr_par' dir='ltr' id='par_1_33' title="bbox 516 3115 2128 3190">
     <span class='ocr_line' id='line_1_33' title="bbox 516 3115 2128 3190; baseline 0.002 -22"><span class='ocrx_word' id='word_1_243' title='bbox 516 3115 698 3186; x_wconf 84' lang='lat' dir='ltr'><strong>paruit</strong></span> <span class='ocrx_word' id='word_1_244' title='bbox 740 3118 886 3172; x_wconf 90' lang='lat' dir='ltr'><strong>enim</strong></span> <span class='ocrx_word' id='word_1_245' title='bbox 933 3117 1075 3172; x_wconf 89' lang='lat' dir='ltr'><strong>Deus</strong></span> <span class='ocrx_word' id='word_1_246' title='bbox 1110 3117 1382 3185; x_wconf 66' lang='lat' dir='ltr'><strong>Abrahae,</strong></span> <span class='ocrx_word' id='word_1_247' title='bbox 1419 3120 1544 3190; x_wconf 90' lang='lat' dir='ltr'><strong>quia</strong></span> <span class='ocrx_word' id='word_1_248' title='bbox 1577 3119 1752 3174; x_wconf 88' lang='lat' dir='ltr'><strong>voluit</strong></span> <span class='ocrx_word' id='word_1_249' title='bbox 1794 3135 1808 3174; x_wconf 74' lang='grc' dir='ltr'>ε</span> <span class='ocrx_word' id='word_1_250' title='bbox 1843 3119 1974 3184; x_wconf 92' lang='lat' dir='ltr'><strong>alii,</strong></span> <span class='ocrx_word' id='word_1_251' title='bbox 2001 3119 2128 3189; x_wconf 85' lang='lat' dir='ltr'><strong>quia</strong></span> 
     </span>
    </p>
   </div>
   <div class='ocr_carea' id='block_1_34' title="bbox 516 3190 2198 3284">
    <p class='ocr_par' dir='ltr' id='par_1_34' title="bbox 516 3190 2198 3284">
     <span class='ocr_line' id='line_1_34' title="bbox 516 3190 2198 3284; baseline 0.003 -20"><span class='ocrx_word' id='word_1_252' title='bbox 516 3209 727 3277; x_wconf 90' lang='lat' dir='ltr'><strong>noluit,</strong></span> <span class='ocrx_word' id='word_1_253' title='bbox 776 3227 884 3266; x_wconf 92' lang='lat' dir='ltr'><strong>non</strong></span> <span class='ocrx_word' id='word_1_254' title='bbox 932 3214 1206 3283; x_wconf 88' lang='lat' dir='ltr'><strong>apparuit.</strong></span> <span class='ocrx_word' id='word_1_255' title='bbox 1240 3214 1428 3270; x_wconf 80' lang='lat' dir='ltr'><strong>Visum</strong></span> <span class='ocrx_word' id='word_1_256' title='bbox 1477 3223 1564 3269; x_wconf 92' lang='lat' dir='ltr'><strong>est</strong></span> <span class='ocrx_word' id='word_1_257' title='bbox 1609 3214 1773 3268; x_wconf 90' lang='lat' dir='ltr'><strong>etiam</strong></span> <span class='ocrx_word' id='word_1_258' title='bbox 1820 3212 2118 3284; x_wconf 84' lang='lat' dir='ltr'><strong>Stephano,</strong></span> <span class='ocrx_word' id='word_1_259' title='bbox 2151 3190 2198 3254; x_wconf 78' lang='lat' dir='ltr'>C</span> 
     </span>
    </p>
   </div>
   <div class='ocr_carea' id='block_1_35' title="bbox 517 3303 2124 3377">
    <p class='ocr_par' dir='ltr' id='par_1_35' title="bbox 517 3303 2124 3377">
     <span class='ocr_line' id='line_1_35' title="bbox 517 3303 2124 3377; baseline 0.002 -18"><span class='ocrx_word' id='word_1_260' title='bbox 517 3318 640 3359; x_wconf 87' lang='lat' dir='ltr'><strong>cum</strong></span> <span class='ocrx_word' id='word_1_261' title='bbox 683 3303 1016 3374; x_wconf 89' lang='lat' dir='ltr'><strong>lapidaretur</strong></span> <span class='ocrx_word' id='word_1_262' title='bbox 1049 3320 1078 3360; x_wconf 90' lang='lat' dir='ltr'><strong>a</strong></span> <span class='ocrx_word' id='word_1_263' title='bbox 1115 3307 1336 3376; x_wconf 87' lang='lat' dir='ltr'><strong>populo,</strong></span> <span class='ocrx_word' id='word_1_264' title='bbox 1366 3305 1568 3377; x_wconf 87' lang='lat' dir='ltr'><strong>aperiri</strong></span> <span class='ocrx_word' id='word_1_265' title='bbox 1593 3307 1792 3364; x_wconf 63' lang='lat' dir='ltr'><strong>calum</strong></span> <span class='ocrx_word' id='word_1_266' title='bbox 1823 3323 1837 3360; x_wconf 90' lang='lat'><strong>:</strong></span> <span class='ocrx_word' id='word_1_267' title='bbox 1865 3306 2012 3361; x_wconf 91' lang='lat' dir='ltr'><strong>visus</strong></span> <span class='ocrx_word' id='word_1_268' title='bbox 2039 3317 2124 3362; x_wconf 86' lang='lat' dir='ltr'><strong>est</strong></span> 
     </span>
    </p>
   </div>
   <div class='ocr_carea' id='block_1_36' title="bbox 513 3398 2121 3465">
    <p class='ocr_par' dir='ltr' id='par_1_36' title="bbox 513 3398 2121 3465">
     <span class='ocr_line' id='line_1_36' title="bbox 513 3398 2121 3465; baseline 0.001 -10"><span class='ocrx_word' id='word_1_269' title='bbox 513 3401 679 3455; x_wconf 87' lang='lat' dir='ltr'><strong>etiam</strong></span> <span class='ocrx_word' id='word_1_270' title='bbox 709 3398 868 3455; x_wconf 84' lang='lat' dir='ltr'><strong>.lesus</strong></span> <span class='ocrx_word' id='word_1_271' title='bbox 895 3408 1048 3455; x_wconf 88' lang='lat' dir='ltr'><strong>stans</strong></span> <span class='ocrx_word' id='word_1_272' title='bbox 1071 3399 1138 3455; x_wconf 89' lang='lat' dir='ltr'><strong>ad</strong></span> <span class='ocrx_word' id='word_1_273' title='bbox 1167 3400 1447 3456; x_wconf 77' lang='lat' dir='ltr'><strong>dexteram</strong></span> <span class='ocrx_word' id='word_1_274' title='bbox 1482 3400 1609 3465; x_wconf 91' lang='lat' dir='ltr'><strong>Dei;</strong></span> <span class='ocrx_word' id='word_1_275' title='bbox 1643 3411 1698 3456; x_wconf 89' lang='lat' dir='ltr'><strong>et</strong></span> <span class='ocrx_word' id='word_1_276' title='bbox 1726 3417 1831 3455; x_wconf 91' lang='lat' dir='ltr'><strong>non</strong></span> <span class='ocrx_word' id='word_1_277' title='bbox 1863 3409 1946 3455; x_wconf 90' lang='lat' dir='ltr'><strong>est</strong></span> <span class='ocrx_word' id='word_1_278' title='bbox 1975 3399 2121 3456; x_wconf 87' lang='lat' dir='ltr'><strong>visus</strong></span> 
     </span>
    </p>
   </div>
   <div class='ocr_carea' id='block_1_37' title="bbox 512 3494 2118 3567">
    <p class='ocr_par' dir='ltr' id='par_1_37' title="bbox 512 3494 2118 3567">
     <span class='ocr_line' id='line_1_37' title="bbox 512 3494 2118 3567; baseline 0 -17"><span class='ocrx_word' id='word_1_279' title='bbox 512 3510 542 3550; x_wconf 89' lang='lat' dir='ltr'><strong>a</strong></span> <span class='ocrx_word' id='word_1_280' title='bbox 587 3494 786 3567; x_wconf 90' lang='lat' dir='ltr'><strong>populo</strong></span> <span class='ocrx_word' id='word_1_281' title='bbox 822 3495 959 3565; x_wconf 83' lang='lat' dir='ltr'><strong>(Act.</strong></span> <span class='ocrx_word' id='word_1_282' title='bbox 987 3511 1098 3560; x_wconf 85' lang='lat' dir='ltr'><strong>vn,</strong></span> <span class='ocrx_word' id='word_1_283' title='bbox 1127 3496 1243 3566; x_wconf 82' lang='lat'><strong>55).</strong></span> <span class='ocrx_word' id='word_1_284' title='bbox 1280 3496 1426 3552; x_wconf 87' lang='lat' dir='ltr'><strong>Vidit</strong></span> <span class='ocrx_word' id='word_1_285' title='bbox 1465 3496 1656 3553; x_wconf 86' lang='lat' dir='ltr'><strong>Esaias</strong></span> <span class='ocrx_word' id='word_1_286' title='bbox 1701 3497 1989 3553; x_wconf 91' lang='lat' dir='ltr'><strong>Dominum</strong></span> <span class='ocrx_word' id='word_1_287' title='bbox 2019 3497 2118 3554; x_wconf 88' lang='lat' dir='ltr'><strong>Sa-</strong></span> 
     </span>
    </p>
   </div>
   <div class='ocr_carea' id='block_1_38' title="bbox 514 3587 2116 3662">
    <p class='ocr_par' dir='ltr' id='par_1_38' title="bbox 514 3587 2116 3662">
     <span class='ocr_line' id='line_1_38' title="bbox 514 3587 2116 3662; baseline 0.001 -18"><span class='ocrx_word' id='word_1_288' title='bbox 514 3587 704 3652; x_wconf 88' lang='lat' dir='ltr'><strong>baoth,</strong></span> <span class='ocrx_word' id='word_1_289' title='bbox 734 3587 828 3643; x_wconf 89' lang='lat' dir='ltr'><strong>sed</strong></span> <span class='ocrx_word' id='word_1_290' title='bbox 855 3589 996 3644; x_wconf 89' lang='lat' dir='ltr'><strong>alius</strong></span> <span class='ocrx_word' id='word_1_291' title='bbox 1022 3588 1216 3645; x_wconf 89' lang='lat' dir='ltr'><strong>videre</strong></span> <span class='ocrx_word' id='word_1_292' title='bbox 1242 3605 1350 3646; x_wconf 91' lang='lat' dir='ltr'><strong>non</strong></span> <span class='ocrx_word' id='word_1_293' title='bbox 1379 3590 1587 3661; x_wconf 88' lang='lat' dir='ltr'><strong>potuit;</strong></span> <span class='ocrx_word' id='word_1_294' title='bbox 1614 3590 1740 3661; x_wconf 89' lang='lat' dir='ltr'><strong>quia</strong></span> <span class='ocrx_word' id='word_1_295' title='bbox 1769 3590 1858 3646; x_wconf 91' lang='lat' dir='ltr'><strong>cui</strong></span> <span class='ocrx_word' id='word_1_296' title='bbox 1885 3591 2116 3662; x_wconf 89' lang='lat' dir='ltr'><strong>placuit,</strong></span> 
     </span>
    </p>
   </div>
   <div class='ocr_carea' id='block_1_39' title="bbox 514 3679 1184 3753">
    <p class='ocr_par' dir='ltr' id='par_1_39' title="bbox 514 3679 1184 3753">
     <span class='ocr_line' id='line_1_39' title="bbox 514 3679 1184 3753; baseline 0.004 -18"><span class='ocrx_word' id='word_1_297' title='bbox 514 3679 766 3752; x_wconf 89' lang='lat' dir='ltr'><strong>apparuit</strong></span> <span class='ocrx_word' id='word_1_298' title='bbox 798 3679 970 3752; x_wconf 84' lang='lat' dir='ltr'><strong>(Esai.</strong></span> <span class='ocrx_word' id='word_1_299' title='bbox 1000 3696 1075 3748; x_wconf 76' lang='lat' dir='ltr'><strong>vr,</strong></span> <span class='ocrx_word' id='word_1_300' title='bbox 1109 3681 1184 3753; x_wconf 93' lang='grc'><strong>1).</strong></span> 
     </span>
    </p>
   </div>
   <div class='ocr_carea' id='block_1_40' title="bbox 585 3773 2114 3848">
    <p class='ocr_par' dir='ltr' id='par_1_40' title="bbox 585 3773 2114 3848">
     <span class='ocr_line' id='line_1_40' title="bbox 585 3773 2114 3848; baseline 0.005 -22"><span class='ocrx_word' id='word_1_301' title='bbox 585 3773 678 3828; x_wconf 77' lang='grc'><strong>25.</strong></span> <span class='ocrx_word' id='word_1_302' title='bbox 713 3773 782 3828; x_wconf 85' lang='grc' dir='ltr'><strong>Ει</strong></span> <span class='ocrx_word' id='word_1_303' title='bbox 806 3773 937 3845; x_wconf 90' lang='lat' dir='ltr'><strong>quid</strong></span> <span class='ocrx_word' id='word_1_304' title='bbox 977 3773 1047 3830; x_wconf 90' lang='lat' dir='ltr'><strong>de</strong></span> <span class='ocrx_word' id='word_1_305' title='bbox 1075 3773 1390 3832; x_wconf 88' lang='lat' dir='ltr'><strong>hominibus</strong></span> <span class='ocrx_word' id='word_1_306' title='bbox 1416 3775 1712 3848; x_wconf 89' lang='lat' dir='ltr'><strong>loquimur,</strong></span> <span class='ocrx_word' id='word_1_307' title='bbox 1738 3793 1860 3835; x_wconf 90' lang='lat' dir='ltr'><strong>cum</strong></span> <span class='ocrx_word' id='word_1_308' title='bbox 1898 3780 2059 3834; x_wconf 90' lang='lat' dir='ltr'><strong>etiam</strong></span> <span class='ocrx_word' id='word_1_309' title='bbox 2095 3777 2114 3818; x_wconf 68' lang='grc' dir='ltr'>ί</span> 
     </span>
    </p>
   </div>
   <div class='ocr_carea' id='block_1_41' title="bbox 513 3864 2115 3942">
    <p class='ocr_par' dir='ltr' id='par_1_41' title="bbox 513 3864 2115 3942">
     <span class='ocr_line' id='line_1_41' title="bbox 513 3864 2115 3942; baseline 0.004 -21"><span class='ocrx_word' id='word_1_310' title='bbox 513 3864 584 3922; x_wconf 89' lang='lat' dir='ltr'><strong>de</strong></span> <span class='ocrx_word' id='word_1_311' title='bbox 611 3866 747 3937; x_wconf 89' lang='lat' dir='ltr'><strong>ipsis</strong></span> <span class='ocrx_word' id='word_1_312' title='bbox 770 3865 1089 3923; x_wconf 61' lang='lat' dir='ltr'><strong>caelestibus</strong></span> <span class='ocrx_word' id='word_1_313' title='bbox 1111 3868 1406 3924; x_wconf 89' lang='lat' dir='ltr'><strong>virtutibus</strong></span> <span class='ocrx_word' id='word_1_314' title='bbox 1433 3879 1488 3924; x_wconf 91' lang='lat' dir='ltr'><strong>et</strong></span> <span class='ocrx_word' id='word_1_315' title='bbox 1527 3870 1887 3940; x_wconf 84' lang='lat' dir='ltr'><strong>potestatibus</strong></span> <span class='ocrx_word' id='word_1_316' title='bbox 1915 3871 2115 3942; x_wconf 88' lang='lat' dir='ltr'><strong>legeri-</strong></span> 
     </span>
    </p>
   </div>
   <div class='ocr_carea' id='block_1_42' title="bbox 513 3957 2119 4037">
    <p class='ocr_par' dir='ltr' id='par_1_42' title="bbox 513 3957 2119 4037">
     <span class='ocr_line' id='line_1_42' title="bbox 513 3957 2119 4037; baseline 0.006 -24"><span class='ocrx_word' id='word_1_317' title='bbox 513 3971 656 4023; x_wconf 87' lang='lat' dir='ltr'><strong>mus,</strong></span> <span class='ocrx_word' id='word_1_318' title='bbox 679 3958 802 4030; x_wconf 90' lang='lat' dir='ltr'><strong>quia</strong></span> <span class='ocrx_word' id='word_1_319' title='bbox 828 3957 996 4014; x_wconf 88' lang='lat' dir='ltr'><strong>Deum</strong></span> <span class='ocrx_word' id='word_1_320' title='bbox 1020 3976 1166 4015; x_wconf 89' lang='lat' dir='ltr'><strong>nemo</strong></span> <span class='ocrx_word' id='word_1_321' title='bbox 1192 3960 1320 4015; x_wconf 80' lang='lat' dir='ltr'><strong>vidit</strong></span> <span class='ocrx_word' id='word_1_322' title='bbox 1348 3978 1592 4033; x_wconf 85' lang='lat' dir='ltr'><strong>umquam</strong></span> <span class='ocrx_word' id='word_1_323' title='bbox 1614 3961 1794 4029; x_wconf 87' lang='lat' dir='ltr'><strong>(Joan.</strong></span> <span class='ocrx_word' id='word_1_324' title='bbox 1826 3981 1865 4030; x_wconf 74' lang='grc' dir='ltr'><strong>ι,</strong></span> <span class='ocrx_word' id='word_1_325' title='bbox 1898 3965 2024 4037; x_wconf 73' lang='lat'><strong>18)?</strong></span> <span class='ocrx_word' id='word_1_326' title='bbox 2052 3965 2119 4022; x_wconf 89' lang='lat' dir='ltr'><strong>Et</strong></span> 
     </span>
    </p>
   </div>
   <div class='ocr_carea' id='block_1_43' title="bbox 509 4051 2116 4131">
    <p class='ocr_par' dir='ltr' id='par_1_43' title="bbox 509 4051 2116 4131">
     <span class='ocr_line' id='line_1_43' title="bbox 509 4051 2116 4131; baseline 0.004 -23"><span class='ocrx_word' id='word_1_327' title='bbox 509 4051 738 4122; x_wconf 86' lang='lat' dir='ltr'><strong>addidit,</strong></span> <span class='ocrx_word' id='word_1_328' title='bbox 766 4052 912 4126; x_wconf 92' lang='lat' dir='ltr'><strong>quod</strong></span> <span class='ocrx_word' id='word_1_329' title='bbox 939 4055 1078 4111; x_wconf 89' lang='lat' dir='ltr'><strong>ultra</strong></span> <span class='ocrx_word' id='word_1_330' title='bbox 1104 4056 1360 4113; x_wconf 66' lang='lat' dir='ltr'><strong>caelestes</strong></span> <span class='ocrx_word' id='word_1_331' title='bbox 1383 4064 1469 4112; x_wconf 93' lang='lat' dir='ltr'><strong>est</strong></span> <span class='ocrx_word' id='word_1_332' title='bbox 1491 4067 1787 4128; x_wconf 85' lang='lat' dir='ltr'><strong>potestates</strong></span> <span class='ocrx_word' id='word_1_333' title='bbox 1819 4077 1832 4113; x_wconf 89' lang='lat'><strong>:</strong></span> <span class='ocrx_word' id='word_1_334' title='bbox 1865 4056 2116 4131; x_wconf 84' lang='lat' dir='ltr'><strong>Unigeni—</strong></span> 
     </span>
    </p>
   </div>
   <div class='ocr_carea' id='block_1_44' title="bbox 584 4233 2117 4309">
    <p class='ocr_par' dir='ltr' id='par_1_44' title="bbox 584 4233 2117 4309">
     <span class='ocr_line' id='line_1_44' title="bbox 584 4233 2117 4309; baseline 0.004 -20"><span class='ocrx_word' id='word_1_335' title='bbox 584 4241 612 4270; x_wconf 74' lang='grc' dir='ltr'>ι</span> <span class='ocrx_word' id='word_1_336' title='bbox 651 4233 810 4290; x_wconf 83' lang='lat' dir='ltr'><strong>Rom.</strong></span> <span class='ocrx_word' id='word_1_337' title='bbox 843 4233 1002 4309; x_wconf 63' lang='lat' dir='ltr'><strong>edin,</strong></span> <span class='ocrx_word' id='word_1_338' title='bbox 1031 4237 1171 4309; x_wconf 84' lang='lat' dir='ltr'><strong>circa</strong></span> <span class='ocrx_word' id='word_1_339' title='bbox 1192 4237 1357 4309; x_wconf 83' lang='lat' dir='ltr'><strong>ipsam</strong></span> <span class='ocrx_word' id='word_1_340' title='bbox 1380 4252 1578 4309; x_wconf 70' lang='lat' dir='ltr'><strong>quoque</strong></span> <span class='ocrx_word' id='word_1_341' title='bbox 1597 4237 1753 4291; x_wconf 86' lang='lat' dir='ltr'><strong>sortis</strong></span> <span class='ocrx_word' id='word_1_342' title='bbox 1780 4237 2117 4308; x_wconf 85' lang='lat' dir='ltr'><strong>agitationem</strong></span> 
     </span>
    </p>
   </div>
   <div class='ocr_carea' id='block_1_45' title="bbox 511 4305 1892 4378">
    <p class='ocr_par' dir='ltr' id='par_1_45' title="bbox 511 4305 1892 4378">
     <span class='ocr_line' id='line_1_45' title="bbox 511 4305 1892 4378; baseline 0.001 -18"><span class='ocrx_word' id='word_1_343' title='bbox 511 4317 826 4376; x_wconf 65' lang='lat' dir='ltr'><strong>praceptum</strong></span> <span class='ocrx_word' id='word_1_344' title='bbox 853 4305 1004 4378; x_wconf 87' lang='lat' dir='ltr'><strong>Legis</strong></span> <span class='ocrx_word' id='word_1_345' title='bbox 1029 4305 1349 4378; x_wconf 78' lang='lat' dir='ltr'><strong>impleretur.</strong></span> <span class='ocrx_word' id='word_1_346' title='bbox 1380 4305 1606 4378; x_wconf 81' lang='lat' dir='ltr'><strong>Propter</strong></span> <span class='ocrx_word' id='word_1_347' title='bbox 1633 4309 1771 4374; x_wconf 88' lang='lat' dir='ltr'><strong>quod</strong></span> <span class='ocrx_word' id='word_1_348' title='bbox 1796 4305 1892 4364; x_wconf 76' lang='lat' dir='ltr'><strong>dit.</strong></span> 
     </span>
    </p>
   </div>
   <div class='ocr_carea' id='block_1_46' title="bbox 582 4397 2110 4472">
    <p class='ocr_par' dir='ltr' id='par_1_46' title="bbox 582 4397 2110 4472">
     <span class='ocr_line' id='line_1_46' title="bbox 582 4397 2110 4472; baseline 0.005 -22"><span class='ocrx_word' id='word_1_349' title='bbox 582 4397 612 4437; x_wconf 73' lang='grc' dir='ltr'><strong>ιι</strong></span> <span class='ocrx_word' id='word_1_350' title='bbox 651 4401 888 4454; x_wconf 74' lang='lat' dir='ltr'><strong>Sortium</strong></span> <span class='ocrx_word' id='word_1_351' title='bbox 923 4414 1078 4456; x_wconf 90' lang='lat' dir='ltr'><strong>usum</strong></span> <span class='ocrx_word' id='word_1_352' title='bbox 1107 4399 1160 4454; x_wconf 92' lang='lat' dir='ltr'><strong>iu</strong></span> <span class='ocrx_word' id='word_1_353' title='bbox 1193 4400 1363 4472; x_wconf 85' lang='lat' dir='ltr'><strong>veteri</strong></span> <span class='ocrx_word' id='word_1_354' title='bbox 1394 4399 1744 4472; x_wconf 84' lang='lat' dir='ltr'><strong>Testamento</strong></span> <span class='ocrx_word' id='word_1_355' title='bbox 1768 4402 2110 4472; x_wconf 91' lang='lat' dir='ltr'><strong>frequentem</strong></span> 
     </span>
    </p>
   </div>
   <div class='ocr_carea' id='block_1_47' title="bbox 512 4467 2108 4540">
    <p class='ocr_par' dir='ltr' id='par_1_47' title="bbox 512 4467 2108 4540">
     <span class='ocr_line' id='line_1_47' title="bbox 512 4467 2108 4540; baseline 0.004 -16"><span class='ocrx_word' id='word_1_356' title='bbox 512 4467 681 4526; x_wconf 66' lang='lat' dir='ltr'><strong>fuisse</strong></span> <span class='ocrx_word' id='word_1_357' title='bbox 725 4473 934 4539; x_wconf 84' lang='lat' dir='ltr'><strong>ignorat</strong></span> <span class='ocrx_word' id='word_1_358' title='bbox 983 4486 1164 4526; x_wconf 84' lang='lat' dir='ltr'><strong>nemo.</strong></span> <span class='ocrx_word' id='word_1_359' title='bbox 1193 4471 1299 4525; x_wconf 69' lang='lat' dir='ltr'><strong>Sed</strong></span> <span class='ocrx_word' id='word_1_360' title='bbox 1325 4485 1426 4526; x_wconf 86' lang='lat' dir='ltr'><strong>nec</strong></span> <span class='ocrx_word' id='word_1_361' title='bbox 1462 4471 1532 4526; x_wconf 89' lang='lat' dir='ltr'><strong>ah</strong></span> <span class='ocrx_word' id='word_1_362' title='bbox 1561 4472 1788 4540; x_wconf 77' lang='lat' dir='ltr'><strong>August.</strong></span> <span class='ocrx_word' id='word_1_363' title='bbox 1834 4467 1996 4539; x_wconf 73' lang='lat' dir='ltr'><strong>epist.</strong></span> <span class='ocrx_word' id='word_1_364' title='bbox 2035 4475 2108 4530; x_wconf 92' lang='lat' dir='ltr'><strong>al.</strong></span> 
     </span>
    </p>
   </div>
   <div class='ocr_carea' id='block_1_48' title="bbox 2239 493 3844 567">
    <p class='ocr_par' dir='ltr' id='par_1_48' title="bbox 2239 493 3844 567">
     <span class='ocr_line' id='line_1_48' title="bbox 2239 493 3844 567; baseline 0.004 -20"><span class='ocrx_word' id='word_1_365' title='bbox 2239 495 2344 547; x_wconf 77' lang='lat' dir='ltr'><strong>Aut</strong></span> <span class='ocrx_word' id='word_1_366' title='bbox 2369 493 2750 564; x_wconf 88' lang='lat' dir='ltr'><strong>adquiescatur</strong></span> <span class='ocrx_word' id='word_1_367' title='bbox 2774 495 2939 567; x_wconf 91' lang='lat' dir='ltr'><strong>igitur</strong></span> <span class='ocrx_word' id='word_1_368' title='bbox 2965 512 3192 554; x_wconf 89' lang='lat' dir='ltr'><strong>necesse</strong></span> <span class='ocrx_word' id='word_1_369' title='bbox 3215 508 3318 564; x_wconf 89' lang='lat' dir='ltr'><strong>est,</strong></span> <span class='ocrx_word' id='word_1_370' title='bbox 3351 499 3397 555; x_wconf 90' lang='lat' dir='ltr'><strong>si</strong></span> <span class='ocrx_word' id='word_1_371' title='bbox 3425 500 3594 555; x_wconf 91' lang='lat' dir='ltr'><strong>Deum</strong></span> <span class='ocrx_word' id='word_1_372' title='bbox 3625 499 3844 555; x_wconf 84' lang='lat' dir='ltr'><strong>Patrem</strong></span> 
     </span>
    </p>
   </div>
   <div class='ocr_carea' id='block_1_49' title="bbox 2237 585 3845 658">
    <p class='ocr_par' dir='ltr' id='par_1_49' title="bbox 2237 585 3845 658">
     <span class='ocr_line' id='line_1_49' title="bbox 2237 585 3845 658; baseline 0.004 -19"><span class='ocrx_word' id='word_1_373' title='bbox 2237 599 2400 640; x_wconf 90' lang='lat' dir='ltr'><strong>nemo</strong></span> <span class='ocrx_word' id='word_1_374' title='bbox 2445 585 2582 641; x_wconf 90' lang='lat' dir='ltr'><strong>vidit</strong></span> <span class='ocrx_word' id='word_1_375' title='bbox 2627 602 2916 658; x_wconf 88' lang='lat' dir='ltr'><strong>umquam,</strong></span> <span class='ocrx_word' id='word_1_376' title='bbox 2959 588 3160 646; x_wconf 89' lang='lat' dir='ltr'><strong>Filium</strong></span> <span class='ocrx_word' id='word_1_377' title='bbox 3202 590 3377 646; x_wconf 91' lang='lat' dir='ltr'><strong>visum</strong></span> <span class='ocrx_word' id='word_1_378' title='bbox 3422 606 3547 648; x_wconf 89' lang='lat' dir='ltr'><strong>esse</strong></span> <span class='ocrx_word' id='word_1_379' title='bbox 3590 591 3642 647; x_wconf 89' lang='lat' dir='ltr'><strong>in</strong></span> <span class='ocrx_word' id='word_1_380' title='bbox 3669 589 3845 647; x_wconf 88' lang='lat' dir='ltr'><strong>veteri</strong></span> 
     </span>
    </p>
   </div>
   <div class='ocr_carea' id='block_1_50' title="bbox 2238 675 3846 755">
    <p class='ocr_par' dir='ltr' id='par_1_50' title="bbox 2238 675 3846 755">
     <span class='ocr_line' id='line_1_50' title="bbox 2238 675 3846 755; baseline 0.005 -24"><span class='ocrx_word' id='word_1_381' title='bbox 2238 675 2625 746; x_wconf 88' lang='lat' dir='ltr'><strong>Testamento;</strong></span> <span class='ocrx_word' id='word_1_382' title='bbox 2654 690 2711 736; x_wconf 90' lang='lat' dir='ltr'><strong>et</strong></span> <span class='ocrx_word' id='word_1_383' title='bbox 2738 681 2993 738; x_wconf 87' lang='lat' dir='ltr'><strong>desinant</strong></span> <span class='ocrx_word' id='word_1_384' title='bbox 3021 682 3262 739; x_wconf 60' lang='lat' dir='ltr'><strong>haeretici</strong></span> <span class='ocrx_word' id='word_1_385' title='bbox 3285 698 3353 741; x_wconf 83' lang='lat' dir='ltr'><strong>ex</strong></span> <span class='ocrx_word' id='word_1_386' title='bbox 3378 683 3601 755; x_wconf 79' lang='lat' dir='ltr'><strong>Virgine</strong></span> <span class='ocrx_word' id='word_1_387' title='bbox 3622 685 3670 739; x_wconf 89' lang='lat' dir='ltr'><strong>ei</strong></span> <span class='ocrx_word' id='word_1_388' title='bbox 3695 682 3846 754; x_wconf 76' lang='lat' dir='ltr'><strong>prin-</strong></span> 
     </span>
    </p>
   </div>
   <div class='ocr_carea' id='block_1_51' title="bbox 2237 769 3843 848">
    <p class='ocr_par' dir='ltr' id='par_1_51' title="bbox 2237 769 3843 848">
     <span class='ocr_line' id='line_1_51' title="bbox 2237 769 3843 848; baseline 0.005 -23"><span class='ocrx_word' id='word_1_389' title='bbox 2237 769 2435 841; x_wconf 88' lang='lat' dir='ltr'><strong>cipium</strong></span> <span class='ocrx_word' id='word_1_390' title='bbox 2481 770 2612 827; x_wconf 89' lang='lat' dir='ltr'><strong>dare</strong></span> <span class='ocrx_word' id='word_1_391' title='bbox 2631 813 2644 837; x_wconf 93' lang='lat'><strong>,</strong></span> <span class='ocrx_word' id='word_1_392' title='bbox 2690 773 2781 845; x_wconf 90' lang='lat' dir='ltr'><strong>qui</strong></span> <span class='ocrx_word' id='word_1_393' title='bbox 2812 783 3103 846; x_wconf 88' lang='lat' dir='ltr'><strong>antequam</strong></span> <span class='ocrx_word' id='word_1_394' title='bbox 3141 786 3460 833; x_wconf 88' lang='lat' dir='ltr'><strong>nasceretur</strong></span> <span class='ocrx_word' id='word_1_395' title='bbox 3483 792 3550 833; x_wconf 85' lang='lat' dir='ltr'><strong>ex</strong></span> <span class='ocrx_word' id='word_1_396' title='bbox 3579 775 3802 848; x_wconf 77' lang='lat' dir='ltr'><strong>Virgine</strong></span> <span class='ocrx_word' id='word_1_397' title='bbox 3823 817 3843 845; x_wconf 88' lang='lat'><strong>,</strong></span> 
     </span>
    </p>
   </div>
   <div class='ocr_carea' id='block_1_52' title="bbox 2235 864 3841 942">
    <p class='ocr_par' dir='ltr' id='par_1_52' title="bbox 2235 864 3841 942">
     <span class='ocr_line' id='line_1_52' title="bbox 2235 864 3841 942; baseline 0.005 -24"><span class='ocrx_word' id='word_1_398' title='bbox 2235 864 2520 920; x_wconf 88' lang='lat' dir='ltr'><strong>videbatur</strong></span> <span class='ocrx_word' id='word_1_399' title='bbox 2546 884 2558 921; x_wconf 94' lang='lat'><strong>:</strong></span> <span class='ocrx_word' id='word_1_400' title='bbox 2593 879 2683 922; x_wconf 90' lang='lat' dir='ltr'><strong>aut</strong></span> <span class='ocrx_word' id='word_1_401' title='bbox 2722 877 2872 924; x_wconf 87' lang='lat' dir='ltr'><strong>certe</strong></span> <span class='ocrx_word' id='word_1_402' title='bbox 2900 869 3074 925; x_wconf 81' lang='lat' dir='ltr'><strong>refelli</strong></span> <span class='ocrx_word' id='word_1_403' title='bbox 3105 885 3210 926; x_wconf 92' lang='lat' dir='ltr'><strong>non</strong></span> <span class='ocrx_word' id='word_1_404' title='bbox 3235 879 3448 942; x_wconf 90' lang='lat' dir='ltr'><strong>potest,</strong></span> <span class='ocrx_word' id='word_1_405' title='bbox 3473 871 3557 927; x_wconf 92' lang='lat' dir='ltr'><strong>vel</strong></span> <span class='ocrx_word' id='word_1_406' title='bbox 3586 870 3801 927; x_wconf 86' lang='lat' dir='ltr'><strong>Patrem</strong></span> <span class='ocrx_word' id='word_1_407' title='bbox 3822 911 3841 939; x_wconf 86' lang='lat'><strong>,</strong></span> 
     </span>
    </p>
   </div>
   <div class='ocr_carea' id='block_1_53' title="bbox 2235 957 3844 1034">
    <p class='ocr_par' dir='ltr' id='par_1_53' title="bbox 2235 957 3844 1034">
     <span class='ocr_line' id='line_1_53' title="bbox 2235 957 3844 1034; baseline 0.007 -24"><span class='ocrx_word' id='word_1_408' title='bbox 2235 957 2320 1013; x_wconf 90' lang='lat' dir='ltr'><strong>vel</strong></span> <span class='ocrx_word' id='word_1_409' title='bbox 2347 957 2542 1015; x_wconf 85' lang='lat' dir='ltr'><strong>Filium</strong></span> <span class='ocrx_word' id='word_1_410' title='bbox 2565 1000 2580 1025; x_wconf 90' lang='lat'><strong>,</strong></span> <span class='ocrx_word' id='word_1_411' title='bbox 2613 961 2697 1016; x_wconf 87' lang='lat' dir='ltr'><strong>vel</strong></span> <span class='ocrx_word' id='word_1_412' title='bbox 2745 971 2896 1017; x_wconf 88' lang='lat' dir='ltr'><strong>certe</strong></span> <span class='ocrx_word' id='word_1_413' title='bbox 2924 963 3185 1034; x_wconf 83' lang='lat' dir='ltr'><strong>Spiritum</strong></span> <span class='ocrx_word' id='word_1_414' title='bbox 3216 974 3497 1032; x_wconf 88' lang='lat' dir='ltr'><strong>sanctum,</strong></span> <span class='ocrx_word' id='word_1_415' title='bbox 3530 975 3556 1013; x_wconf 75' lang='grc' dir='ltr'><strong><em>Β</em></strong></span> <span class='ocrx_word' id='word_1_416' title='bbox 3589 964 3634 1020; x_wconf 86' lang='lat' dir='ltr'><strong>si</strong></span> <span class='ocrx_word' id='word_1_417' title='bbox 3663 976 3844 1021; x_wconf 88' lang='lat' dir='ltr'><strong>tamen</strong></span> 
     </span>
    </p>
   </div>
   <div class='ocr_carea' id='block_1_54' title="bbox 2236 1054 3844 1133">
    <p class='ocr_par' dir='ltr' id='par_1_54' title="bbox 2236 1054 3844 1133">
     <span class='ocr_line' id='line_1_54' title="bbox 2236 1054 3844 1133; baseline 0.006 -25"><span class='ocrx_word' id='word_1_418' title='bbox 2236 1064 2320 1109; x_wconf 89' lang='lat' dir='ltr'><strong>est</strong></span> <span class='ocrx_word' id='word_1_419' title='bbox 2361 1054 2598 1126; x_wconf 86' lang='lat' dir='ltr'><strong>Spiritus</strong></span> <span class='ocrx_word' id='word_1_420' title='bbox 2626 1059 2798 1113; x_wconf 87' lang='lat' dir='ltr'><strong>sancti</strong></span> <span class='ocrx_word' id='word_1_421' title='bbox 2830 1057 2969 1114; x_wconf 81' lang='lat' dir='ltr'><strong>visio</strong></span> <span class='ocrx_word' id='word_1_422' title='bbox 2996 1059 3156 1133; x_wconf 82' lang='lat' dir='ltr'><strong>(Aug.</strong></span> <span class='ocrx_word' id='word_1_423' title='bbox 3191 1061 3306 1115; x_wconf 88' lang='lat' dir='ltr'><strong>loco</strong></span> <span class='ocrx_word' id='word_1_424' title='bbox 3334 1061 3538 1132; x_wconf 87' lang='lat' dir='ltr'><strong>citato),</strong></span> <span class='ocrx_word' id='word_1_425' title='bbox 3569 1076 3631 1117; x_wconf 90' lang='lat' dir='ltr'><strong>ea</strong></span> <span class='ocrx_word' id='word_1_426' title='bbox 3661 1061 3844 1132; x_wconf 87' lang='lat' dir='ltr'><strong>specie</strong></span> 
     </span>
    </p>
   </div>
   <div class='ocr_carea' id='block_1_55' title="bbox 2235 1148 3846 1226">
    <p class='ocr_par' dir='ltr' id='par_1_55' title="bbox 2235 1148 3846 1226">
     <span class='ocr_line' id='line_1_55' title="bbox 2235 1148 3846 1226; baseline 0.006 -23"><span class='ocrx_word' id='word_1_427' title='bbox 2235 1148 2433 1215; x_wconf 88' lang='lat' dir='ltr'><strong>videri,</strong></span> <span class='ocrx_word' id='word_1_428' title='bbox 2466 1165 2628 1222; x_wconf 89' lang='lat' dir='ltr'><strong>quam</strong></span> <span class='ocrx_word' id='word_1_429' title='bbox 2660 1153 2912 1208; x_wconf 86' lang='lat' dir='ltr'><strong>voluntas</strong></span> <span class='ocrx_word' id='word_1_430' title='bbox 2934 1153 3187 1226; x_wconf 90' lang='lat' dir='ltr'><strong>elegerit,</strong></span> <span class='ocrx_word' id='word_1_431' title='bbox 3220 1170 3326 1211; x_wconf 92' lang='lat' dir='ltr'><strong>non</strong></span> <span class='ocrx_word' id='word_1_432' title='bbox 3357 1166 3548 1211; x_wconf 90' lang='lat' dir='ltr'><strong>natura</strong></span> <span class='ocrx_word' id='word_1_433' title='bbox 3579 1157 3846 1213; x_wconf 70' lang='lat' dir='ltr'><strong>format-e-</strong></span> 
     </span>
    </p>
   </div>
   <div class='ocr_carea' id='block_1_56' title="bbox 2233 1241 3841 1321">
    <p class='ocr_par' dir='ltr' id='par_1_56' title="bbox 2233 1241 3841 1321">
     <span class='ocr_line' id='line_1_56' title="bbox 2233 1241 3841 1321; baseline 0.005 -23"><span class='ocrx_word' id='word_1_434' title='bbox 2233 1241 2339 1308; x_wconf 90' lang='lat' dir='ltr'><strong>rit;</strong></span> <span class='ocrx_word' id='word_1_435' title='bbox 2369 1245 2626 1314; x_wconf 91' lang='lat' dir='ltr'><strong>quoniam</strong></span> <span class='ocrx_word' id='word_1_436' title='bbox 2659 1246 2925 1317; x_wconf 89' lang='lat' dir='ltr'><strong>Spiritum</strong></span> <span class='ocrx_word' id='word_1_437' title='bbox 2964 1266 3180 1321; x_wconf 84' lang='lat' dir='ltr'><strong>quoque</strong></span> <span class='ocrx_word' id='word_1_438' title='bbox 3205 1251 3378 1305; x_wconf 91' lang='lat' dir='ltr'><strong>visum</strong></span> <span class='ocrx_word' id='word_1_439' title='bbox 3426 1251 3740 1320; x_wconf 87' lang='lat' dir='ltr'><strong>accepimus</strong></span> <span class='ocrx_word' id='word_1_440' title='bbox 3786 1251 3841 1306; x_wconf 92' lang='lat' dir='ltr'><strong>in</strong></span> 
     </span>
    </p>
   </div>
   <div class='ocr_carea' id='block_1_57' title="bbox 2235 1337 3842 1418">
    <p class='ocr_par' dir='ltr' id='par_1_57' title="bbox 2235 1337 3842 1418">
     <span class='ocr_line' id='line_1_57' title="bbox 2235 1337 3842 1418; baseline 0.007 -27"><span class='ocrx_word' id='word_1_441' title='bbox 2235 1337 2510 1392; x_wconf 88' lang='lat' dir='ltr'><strong>columba.</strong></span> <span class='ocrx_word' id='word_1_442' title='bbox 2548 1341 2611 1394; x_wconf 89' lang='lat' dir='ltr'><strong>Et</strong></span> <span class='ocrx_word' id='word_1_443' title='bbox 2641 1340 2767 1396; x_wconf 90' lang='lat' dir='ltr'><strong>ideo</strong></span> <span class='ocrx_word' id='word_1_444' title='bbox 2801 1343 2969 1398; x_wconf 89' lang='lat' dir='ltr'><strong>Deum</strong></span> <span class='ocrx_word' id='word_1_445' title='bbox 3015 1360 3175 1400; x_wconf 86' lang='lat' dir='ltr'><strong>nemo</strong></span> <span class='ocrx_word' id='word_1_446' title='bbox 3215 1345 3350 1401; x_wconf 87' lang='lat' dir='ltr'><strong>vidit</strong></span> <span class='ocrx_word' id='word_1_447' title='bbox 3385 1361 3674 1418; x_wconf 87' lang='lat' dir='ltr'><strong>umquam;</strong></span> <span class='ocrx_word' id='word_1_448' title='bbox 3717 1347 3842 1416; x_wconf 89' lang='lat' dir='ltr'><strong>quia</strong></span> 
     </span>
    </p>
   </div>
   <div class='ocr_carea' id='block_1_58' title="bbox 2232 1435 3844 1507">
    <p class='ocr_par' dir='ltr' id='par_1_58' title="bbox 2232 1435 3844 1507">
     <span class='ocr_line' id='line_1_58' title="bbox 2232 1435 3844 1507; baseline 0.006 -19"><span class='ocrx_word' id='word_1_449' title='bbox 2232 1445 2352 1488; x_wconf 88' lang='lat' dir='ltr'><strong>eam</strong></span> <span class='ocrx_word' id='word_1_450' title='bbox 2377 1447 2496 1503; x_wconf 66' lang='lat' dir='ltr'><strong>qua:</strong></span> <span class='ocrx_word' id='word_1_451' title='bbox 2514 1435 2567 1488; x_wconf 89' lang='lat' dir='ltr'><strong>in</strong></span> <span class='ocrx_word' id='word_1_452' title='bbox 2588 1435 2698 1491; x_wconf 93' lang='lat' dir='ltr'><strong>Deo</strong></span> <span class='ocrx_word' id='word_1_453' title='bbox 2723 1437 3333 1507; x_wconf 86' lang='lat' dir='ltr'><strong>habitatplenitudinem</strong></span> <span class='ocrx_word' id='word_1_454' title='bbox 3357 1439 3658 1497; x_wconf 85' lang='lat' dir='ltr'><strong>divinitatis</strong></span> <span class='ocrx_word' id='word_1_455' title='bbox 3680 1456 3844 1498; x_wconf 89' lang='lat' dir='ltr'><strong>nemo</strong></span> 
     </span>
    </p>
   </div>
   <div class='ocr_carea' id='block_1_59' title="bbox 2233 1531 3837 1607">
    <p class='ocr_par' dir='ltr' id='par_1_59' title="bbox 2233 1531 3837 1607">
     <span class='ocr_line' id='line_1_59' title="bbox 2233 1531 3837 1607; baseline 0.004 -23"><span class='ocrx_word' id='word_1_456' title='bbox 2233 1531 2556 1600; x_wconf 78' lang='lat' dir='ltr'><strong>conspexit,</strong></span> <span class='ocrx_word' id='word_1_457' title='bbox 2608 1547 2771 1588; x_wconf 89' lang='lat' dir='ltr'><strong>nemo</strong></span> <span class='ocrx_word' id='word_1_458' title='bbox 2815 1543 2995 1590; x_wconf 89' lang='lat' dir='ltr'><strong>mente</strong></span> <span class='ocrx_word' id='word_1_459' title='bbox 3039 1543 3134 1590; x_wconf 91' lang='lat' dir='ltr'><strong>aut</strong></span> <span class='ocrx_word' id='word_1_460' title='bbox 3175 1535 3350 1591; x_wconf 92' lang='lat' dir='ltr'><strong>oculis</strong></span> <span class='ocrx_word' id='word_1_461' title='bbox 3400 1535 3837 1607; x_wconf 89' lang='lat' dir='ltr'><strong>comprehendit.</strong></span> 
     </span>
    </p>
   </div>
   <div class='ocr_carea' id='block_1_60' title="bbox 2241 1621 3842 1702">
    <p class='ocr_par' dir='ltr' id='par_1_60' title="bbox 2241 1621 3842 1702">
     <span class='ocr_line' id='line_1_60' title="bbox 2241 1621 3842 1702; baseline 0.007 -27"><span class='ocrx_word' id='word_1_462' title='bbox 2241 1621 2384 1677; x_wconf 82' lang='lat' dir='ltr'><strong>Vidit</strong></span> <span class='ocrx_word' id='word_1_463' title='bbox 2412 1624 2557 1680; x_wconf 89' lang='lat' dir='ltr'><strong>enim</strong></span> <span class='ocrx_word' id='word_1_464' title='bbox 2581 1626 2649 1681; x_wconf 90' lang='lat' dir='ltr'><strong>ad</strong></span> <span class='ocrx_word' id='word_1_465' title='bbox 2675 1637 2964 1698; x_wconf 89' lang='lat' dir='ltr'><strong>utrumque</strong></span> <span class='ocrx_word' id='word_1_466' title='bbox 2996 1629 3206 1702; x_wconf 72' lang='lat'><strong>1275</strong></span> <span class='ocrx_word' id='word_1_467' title='bbox 3232 1629 3580 1686; x_wconf 89' lang='lat' dir='ltr'><strong>referendum</strong></span> <span class='ocrx_word' id='word_1_468' title='bbox 3605 1641 3708 1687; x_wconf 89' lang='lat' dir='ltr'><strong>est.</strong></span> <span class='ocrx_word' id='word_1_469' title='bbox 3737 1629 3842 1687; x_wconf 86' lang='lat' dir='ltr'><strong>De-</strong></span> 
     </span>
    </p>
   </div>
   <div class='ocr_carea' id='block_1_61' title="bbox 2233 1717 3836 1794">
    <p class='ocr_par' dir='ltr' id='par_1_61' title="bbox 2233 1717 3836 1794">
     <span class='ocr_line' id='line_1_61' title="bbox 2233 1717 3836 1794; baseline 0.004 -23"><span class='ocrx_word' id='word_1_470' title='bbox 2233 1717 2401 1787; x_wconf 85' lang='lat' dir='ltr'><strong>nique</strong></span> <span class='ocrx_word' id='word_1_471' title='bbox 2431 1733 2554 1775; x_wconf 91' lang='lat' dir='ltr'><strong>cum</strong></span> <span class='ocrx_word' id='word_1_472' title='bbox 2582 1719 2800 1777; x_wconf 87' lang='lat' dir='ltr'><strong>additur</strong></span> <span class='ocrx_word' id='word_1_473' title='bbox 2828 1739 2841 1777; x_wconf 92' lang='lat'><strong>:</strong></span> <span class='ocrx_word' id='word_1_474' title='bbox 2874 1721 3182 1794; x_wconf 81' lang='lat' dir='ltr'><strong>Unigenitus</strong></span> <span class='ocrx_word' id='word_1_475' title='bbox 3212 1723 3386 1778; x_wconf 86' lang='lat' dir='ltr'><strong>Filius</strong></span> <span class='ocrx_word' id='word_1_476' title='bbox 3411 1726 3524 1793; x_wconf 86' lang='lat' dir='ltr'><strong>ipse</strong></span> <span class='ocrx_word' id='word_1_477' title='bbox 3544 1725 3836 1790; x_wconf 79' lang='lat' dir='ltr'><strong>enarravit,</strong></span> 
     </span>
    </p>
   </div>
   <div class='ocr_carea' id='block_1_62' title="bbox 2231 1811 3832 1885">
    <p class='ocr_par' dir='ltr' id='par_1_62' title="bbox 2231 1811 3832 1885">
     <span class='ocr_line' id='line_1_62' title="bbox 2231 1811 3832 1885; baseline 0.004 -18"><span class='ocrx_word' id='word_1_478' title='bbox 2231 1811 2500 1869; x_wconf 90' lang='lat' dir='ltr'><strong>mentium</strong></span> <span class='ocrx_word' id='word_1_479' title='bbox 2551 1814 2726 1885; x_wconf 86' lang='lat' dir='ltr'><strong>magis</strong></span> <span class='ocrx_word' id='word_1_480' title='bbox 2773 1830 2933 1885; x_wconf 88' lang='lat' dir='ltr'><strong>quam</strong></span> <span class='ocrx_word' id='word_1_481' title='bbox 2980 1816 3263 1872; x_wconf 90' lang='lat' dir='ltr'><strong>oculorum</strong></span> <span class='ocrx_word' id='word_1_482' title='bbox 3313 1817 3452 1874; x_wconf 86' lang='lat' dir='ltr'><strong>visio</strong></span> <span class='ocrx_word' id='word_1_483' title='bbox 3494 1816 3832 1884; x_wconf 83' lang='lat' dir='ltr'><strong>declaratur;</strong></span> 
     </span>
    </p>
   </div>
   <div class='ocr_carea' id='block_1_63' title="bbox 2233 1907 3839 1977">
    <p class='ocr_par' dir='ltr' id='par_1_63' title="bbox 2233 1907 3839 1977">
     <span class='ocr_line' id='line_1_63' title="bbox 2233 1907 3839 1977; baseline 0.003 -15"><span class='ocrx_word' id='word_1_484' title='bbox 2233 1908 2451 1977; x_wconf 79' lang='lat' dir='ltr'><strong>Species</strong></span> <span class='ocrx_word' id='word_1_485' title='bbox 2476 1907 2622 1964; x_wconf 91' lang='lat' dir='ltr'><strong>enim</strong></span> <span class='ocrx_word' id='word_1_486' title='bbox 2651 1909 2886 1974; x_wconf 86' lang='lat' dir='ltr'><strong>videtur,</strong></span> <span class='ocrx_word' id='word_1_487' title='bbox 2911 1909 3081 1966; x_wconf 90' lang='lat' dir='ltr'><strong>virtus</strong></span> <span class='ocrx_word' id='word_1_488' title='bbox 3111 1925 3242 1966; x_wconf 89' lang='lat' dir='ltr'><strong>vero</strong></span> <span class='ocrx_word' id='word_1_489' title='bbox 3263 1919 3515 1967; x_wconf 86' lang='lat' dir='ltr'><strong>narratur</strong></span> <span class='ocrx_word' id='word_1_490' title='bbox 3544 1929 3558 1966; x_wconf 92' lang='lat'><strong>:</strong></span> <span class='ocrx_word' id='word_1_491' title='bbox 3590 1911 3678 1967; x_wconf 89' lang='lat' dir='ltr'><strong>illa</strong></span> <span class='ocrx_word' id='word_1_492' title='bbox 3704 1926 3839 1967; x_wconf 90' lang='lat' dir='ltr'><strong>ocu-</strong></span> 
     </span>
    </p>
   </div>
   <div class='ocr_carea' id='block_1_64' title="bbox 2231 1998 3228 2072">
    <p class='ocr_par' dir='ltr' id='par_1_64' title="bbox 2231 1998 3228 2072">
     <span class='ocr_line' id='line_1_64' title="bbox 2231 1998 3228 2072; baseline 0.004 -19"><span class='ocrx_word' id='word_1_493' title='bbox 2231 1998 2322 2064; x_wconf 91' lang='lat' dir='ltr'><strong>lis,</strong></span> <span class='ocrx_word' id='word_1_494' title='bbox 2363 1999 2480 2054; x_wconf 65' lang='lat' dir='ltr'><strong>biee</strong></span> <span class='ocrx_word' id='word_1_495' title='bbox 2508 2010 2690 2056; x_wconf 90' lang='lat' dir='ltr'><strong>mente</strong></span> <span class='ocrx_word' id='word_1_496' title='bbox 2727 2000 3228 2072; x_wconf 85' lang='lat' dir='ltr'><strong>comprehenditur.</strong></span> 
     </span>
    </p>
   </div>
   <div class='ocr_carea' id='block_1_65' title="bbox 2301 2094 3839 2168">
    <p class='ocr_par' dir='ltr' id='par_1_65' title="bbox 2301 2094 3839 2168">
     <span class='ocr_line' id='line_1_65' title="bbox 2301 2094 3839 2168; baseline 0.001 -17"><span class='ocrx_word' id='word_1_497' title='bbox 2301 2095 2392 2151; x_wconf 73' lang='lat'><strong>26.</strong></span> <span class='ocrx_word' id='word_1_498' title='bbox 2430 2094 2537 2152; x_wconf 91' lang='lat' dir='ltr'><strong>Sed</strong></span> <span class='ocrx_word' id='word_1_499' title='bbox 2555 2095 2680 2167; x_wconf 88' lang='lat' dir='ltr'><strong>quid</strong></span> <span class='ocrx_word' id='word_1_500' title='bbox 2701 2097 2769 2152; x_wconf 87' lang='lat' dir='ltr'><strong>de</strong></span> <span class='ocrx_word' id='word_1_501' title='bbox 2789 2096 3056 2152; x_wconf 90' lang='lat' dir='ltr'><strong>Trinitate</strong></span> <span class='ocrx_word' id='word_1_502' title='bbox 3077 2095 3291 2152; x_wconf 85' lang='lat' dir='ltr'><strong>dicam?</strong></span> <span class='ocrx_word' id='word_1_503' title='bbox 3309 2095 3596 2168; x_wconf 90' lang='lat' dir='ltr'><strong>Seraphim</strong></span> <span class='ocrx_word' id='word_1_504' title='bbox 3618 2095 3839 2167; x_wconf 89' lang='lat' dir='ltr'><strong>quando</strong></span> 
     </span>
    </p>
   </div>
   <div class='ocr_carea' id='block_1_66' title="bbox 2229 2187 3842 2259">
    <p class='ocr_par' dir='ltr' id='par_1_66' title="bbox 2229 2187 3842 2259">
     <span class='ocr_line' id='line_1_66' title="bbox 2229 2187 3842 2259; baseline 0.002 -17"><span class='ocrx_word' id='word_1_505' title='bbox 2229 2187 2437 2254; x_wconf 90' lang='lat' dir='ltr'><strong>voluit,</strong></span> <span class='ocrx_word' id='word_1_506' title='bbox 2466 2189 2753 2259; x_wconf 88' lang='lat' dir='ltr'><strong>apparuit,</strong></span> <span class='ocrx_word' id='word_1_507' title='bbox 2787 2197 2844 2245; x_wconf 91' lang='lat' dir='ltr'><strong>et</strong></span> <span class='ocrx_word' id='word_1_508' title='bbox 2868 2204 3058 2245; x_wconf 90' lang='lat' dir='ltr'><strong>vocem</strong></span> <span class='ocrx_word' id='word_1_509' title='bbox 3095 2187 3217 2259; x_wconf 90' lang='lat' dir='ltr'><strong>ejus</strong></span> <span class='ocrx_word' id='word_1_510' title='bbox 3243 2188 3431 2245; x_wconf 85' lang='lat' dir='ltr'><strong>Esaias</strong></span> <span class='ocrx_word' id='word_1_511' title='bbox 3454 2189 3603 2244; x_wconf 88' lang='lat' dir='ltr'><strong>solus</strong></span> <span class='ocrx_word' id='word_1_512' title='bbox 3630 2189 3842 2245; x_wconf 88' lang='lat' dir='ltr'><strong>audivit</strong></span> 
     </span>
    </p>
   </div>
   <div class='ocr_carea' id='block_1_67' title="bbox 2231 2280 3838 2356">
    <p class='ocr_par' dir='ltr' id='par_1_67' title="bbox 2231 2280 3838 2356">
     <span class='ocr_line' id='line_1_67' title="bbox 2231 2280 3838 2356; baseline 0.002 -22"><span class='ocrx_word' id='word_1_513' title='bbox 2231 2280 2405 2356; x_wconf 83' lang='lat' dir='ltr'><strong>(Esai.</strong></span> <span class='ocrx_word' id='word_1_514' title='bbox 2439 2297 2516 2348; x_wconf 84' lang='lat' dir='ltr'><strong>vt,</strong></span> <span class='ocrx_word' id='word_1_515' title='bbox 2545 2281 2622 2355; x_wconf 87' lang='lat'><strong>6).</strong></span> <span class='ocrx_word' id='word_1_516' title='bbox 2653 2281 2920 2353; x_wconf 85' lang='lat' dir='ltr'><strong>Apparuit</strong></span> <span class='ocrx_word' id='word_1_517' title='bbox 2949 2282 3175 2354; x_wconf 82' lang='lat' dir='ltr'><strong>angelus</strong></span> <span class='ocrx_word' id='word_1_518' title='bbox 3197 2324 3212 2349; x_wconf 96' lang='lat'><strong>,</strong></span> <span class='ocrx_word' id='word_1_519' title='bbox 3247 2290 3302 2337; x_wconf 89' lang='lat' dir='ltr'><strong>et</strong></span> <span class='ocrx_word' id='word_1_520' title='bbox 3331 2297 3473 2337; x_wconf 89' lang='lat' dir='ltr'><strong>nunc</strong></span> <span class='ocrx_word' id='word_1_521' title='bbox 3501 2290 3703 2353; x_wconf 65' lang='lat' dir='ltr'><strong>priesto</strong></span> <span class='ocrx_word' id='word_1_522' title='bbox 3732 2289 3838 2350; x_wconf 86' lang='lat' dir='ltr'><strong>est,</strong></span> 
     </span>
    </p>
   </div>
   <div class='ocr_carea' id='block_1_68' title="bbox 2229 2373 3840 2446">
    <p class='ocr_par' dir='ltr' id='par_1_68' title="bbox 2229 2373 3840 2446">
     <span class='ocr_line' id='line_1_68' title="bbox 2229 2373 3840 2446; baseline 0.001 -18"><span class='ocrx_word' id='word_1_523' title='bbox 2229 2373 2324 2429; x_wconf 90' lang='lat' dir='ltr'><strong>sed</strong></span> <span class='ocrx_word' id='word_1_524' title='bbox 2354 2389 2462 2429; x_wconf 93' lang='lat' dir='ltr'><strong>non</strong></span> <span class='ocrx_word' id='word_1_525' title='bbox 2487 2374 2734 2442; x_wconf 89' lang='lat' dir='ltr'><strong>videtur;</strong></span> <span class='ocrx_word' id='word_1_526' title='bbox 2766 2390 2941 2446; x_wconf 91' lang='lat' dir='ltr'><strong>neque</strong></span> <span class='ocrx_word' id='word_1_527' title='bbox 2965 2376 3130 2431; x_wconf 90' lang='lat' dir='ltr'><strong>etiam</strong></span> <span class='ocrx_word' id='word_1_528' title='bbox 3159 2376 3211 2430; x_wconf 92' lang='lat' dir='ltr'><strong>in</strong></span> <span class='ocrx_word' id='word_1_529' title='bbox 3239 2383 3509 2444; x_wconf 88' lang='lat' dir='ltr'><strong>potestate</strong></span> <span class='ocrx_word' id='word_1_530' title='bbox 3537 2385 3723 2430; x_wconf 89' lang='lat' dir='ltr'><strong>nostra</strong></span> <span class='ocrx_word' id='word_1_531' title='bbox 3755 2384 3840 2430; x_wconf 89' lang='lat' dir='ltr'><strong>est</strong></span> 
     </span>
    </p>
   </div>
   <div class='ocr_carea' id='block_1_69' title="bbox 2231 2467 3838 2540">
    <p class='ocr_par' dir='ltr' id='par_1_69' title="bbox 2231 2467 3838 2540">
     <span class='ocr_line' id='line_1_69' title="bbox 2231 2467 3838 2540; baseline 0 -18"><span class='ocrx_word' id='word_1_532' title='bbox 2231 2468 2441 2532; x_wconf 89' lang='lat' dir='ltr'><strong>videre,</strong></span> <span class='ocrx_word' id='word_1_533' title='bbox 2471 2469 2567 2524; x_wconf 90' lang='lat' dir='ltr'><strong>sed</strong></span> <span class='ocrx_word' id='word_1_534' title='bbox 2598 2470 2650 2525; x_wconf 90' lang='lat' dir='ltr'><strong>in</strong></span> <span class='ocrx_word' id='word_1_535' title='bbox 2680 2477 2949 2540; x_wconf 90' lang='lat' dir='ltr'><strong>potestate</strong></span> <span class='ocrx_word' id='word_1_536' title='bbox 2980 2469 3128 2525; x_wconf 88' lang='lat' dir='ltr'><strong>illius</strong></span> <span class='ocrx_word' id='word_1_537' title='bbox 3157 2485 3445 2540; x_wconf 88' lang='lat' dir='ltr'><strong>apparere.</strong></span> <span class='ocrx_word' id='word_1_538' title='bbox 3477 2468 3709 2535; x_wconf 87' lang='lat' dir='ltr'><strong>Tamen,</strong></span> <span class='ocrx_word' id='word_1_539' title='bbox 3735 2467 3838 2524; x_wconf 90' lang='lat' dir='ltr'><strong>etsi</strong></span> 
     </span>
    </p>
   </div>
   <div class='ocr_carea' id='block_1_70' title="bbox 2231 2563 3838 2635">
    <p class='ocr_par' dir='ltr' id='par_1_70' title="bbox 2231 2563 3838 2635">
     <span class='ocr_line' id='line_1_70' title="bbox 2231 2563 3838 2635; baseline 0 -15"><span class='ocrx_word' id='word_1_540' title='bbox 2231 2574 2478 2635; x_wconf 87' lang='lat' dir='ltr'><strong>potestas</strong></span> <span class='ocrx_word' id='word_1_541' title='bbox 2522 2579 2630 2620; x_wconf 92' lang='lat' dir='ltr'><strong>non</strong></span> <span class='ocrx_word' id='word_1_542' title='bbox 2672 2578 2755 2621; x_wconf 72' lang='grc' dir='ltr'><strong>εει</strong></span> <span class='ocrx_word' id='word_1_543' title='bbox 2781 2563 3028 2632; x_wconf 84' lang='lat' dir='ltr'><strong>videndi,</strong></span> <span class='ocrx_word' id='word_1_544' title='bbox 3075 2575 3159 2620; x_wconf 91' lang='lat' dir='ltr'><strong>est</strong></span> <span class='ocrx_word' id='word_1_545' title='bbox 3201 2565 3376 2635; x_wconf 88' lang='lat' dir='ltr'><strong>gratia</strong></span> <span class='ocrx_word' id='word_1_546' title='bbox 3405 2563 3748 2634; x_wconf 87' lang='lat' dir='ltr'><strong>promerendi</strong></span> <span class='ocrx_word' id='word_1_547' title='bbox 3779 2573 3838 2620; x_wconf 91' lang='lat' dir='ltr'><strong>ut</strong></span> 
     </span>
    </p>
   </div>
   <div class='ocr_carea' id='block_1_71' title="bbox 2229 2657 3839 2730">
    <p class='ocr_par' dir='ltr' id='par_1_71' title="bbox 2229 2657 3839 2730">
     <span class='ocr_line' id='line_1_71' title="bbox 2229 2657 3839 2730; baseline 0 -16"><span class='ocrx_word' id='word_1_548' title='bbox 2229 2659 2418 2714; x_wconf 90' lang='lat' dir='ltr'><strong>videre</strong></span> <span class='ocrx_word' id='word_1_549' title='bbox 2451 2658 2743 2730; x_wconf 83' lang='lat' dir='ltr'><strong>possimus.</strong></span> <span class='ocrx_word' id='word_1_550' title='bbox 2769 2658 2838 2714; x_wconf 86' lang='lat' dir='ltr'><strong>Et</strong></span> <span class='ocrx_word' id='word_1_551' title='bbox 2870 2657 2993 2714; x_wconf 92' lang='lat' dir='ltr'><strong>ideo</strong></span> <span class='ocrx_word' id='word_1_552' title='bbox 3011 2659 3111 2730; x_wconf 91' lang='lat' dir='ltr'><strong>.qui</strong></span> <span class='ocrx_word' id='word_1_553' title='bbox 3140 2659 3326 2715; x_wconf 87' lang='lat' dir='ltr'><strong>habuit</strong></span> <span class='ocrx_word' id='word_1_554' title='bbox 3352 2660 3604 2730; x_wconf 82' lang='lat' dir='ltr'><strong>gratiam,</strong></span> <span class='ocrx_word' id='word_1_555' title='bbox 3638 2662 3839 2720; x_wconf 86' lang='lat' dir='ltr'><strong>meruit</strong></span> 
     </span>
    </p>
   </div>
   <div class='ocr_carea' id='block_1_72' title="bbox 2230 2751 3837 2824">
    <p class='ocr_par' dir='ltr' id='par_1_72' title="bbox 2230 2751 3837 2824">
     <span class='ocr_line' id='line_1_72' title="bbox 2230 2751 3837 2824; baseline 0 -16"><span class='ocrx_word' id='word_1_556' title='bbox 2230 2751 2440 2822; x_wconf 88' lang='lat' dir='ltr'><strong>copiam</strong></span> <span class='ocrx_word' id='word_1_557' title='bbox 2477 2769 2491 2806; x_wconf 89' lang='lat'><strong>:</strong></span> <span class='ocrx_word' id='word_1_558' title='bbox 2535 2767 2635 2805; x_wconf 89' lang='lat' dir='ltr'><strong>nos</strong></span> <span class='ocrx_word' id='word_1_559' title='bbox 2675 2751 2887 2822; x_wconf 87' lang='lat' dir='ltr'><strong>copiam</strong></span> <span class='ocrx_word' id='word_1_560' title='bbox 2916 2767 3025 2807; x_wconf 91' lang='lat' dir='ltr'><strong>non</strong></span> <span class='ocrx_word' id='word_1_561' title='bbox 3066 2767 3364 2819; x_wconf 89' lang='lat' dir='ltr'><strong>meremur,</strong></span> <span class='ocrx_word' id='word_1_562' title='bbox 3397 2753 3520 2824; x_wconf 91' lang='lat' dir='ltr'><strong>quia</strong></span> <span class='ocrx_word' id='word_1_563' title='bbox 3554 2752 3721 2808; x_wconf 93' lang='lat' dir='ltr'><strong>Deum</strong></span> <span class='ocrx_word' id='word_1_564' title='bbox 3753 2752 3837 2808; x_wconf 89' lang='lat' dir='ltr'><strong>vi-</strong></span> 
     </span>
    </p>
   </div>
   <div class='ocr_carea' id='block_1_73' title="bbox 2229 2843 3094 2914">
    <p class='ocr_par' dir='ltr' id='par_1_73' title="bbox 2229 2843 3094 2914">
     <span class='ocr_line' id='line_1_73' title="bbox 2229 2843 3094 2914; baseline 0.001 -15"><span class='ocrx_word' id='word_1_565' title='bbox 2229 2843 2396 2900; x_wconf 89' lang='lat' dir='ltr'><strong>dendi</strong></span> <span class='ocrx_word' id='word_1_566' title='bbox 2421 2844 2648 2914; x_wconf 82' lang='lat' dir='ltr'><strong>gratiam</strong></span> <span class='ocrx_word' id='word_1_567' title='bbox 2674 2859 2783 2899; x_wconf 92' lang='lat' dir='ltr'><strong>non</strong></span> <span class='ocrx_word' id='word_1_568' title='bbox 2809 2843 3094 2901; x_wconf 86' lang='lat' dir='ltr'><strong>habemus.</strong></span> 
     </span>
    </p>
   </div>
   <div class='ocr_carea' id='block_1_74' title="bbox 2299 2935 3837 3010">
    <p class='ocr_par' dir='ltr' id='par_1_74' title="bbox 2299 2935 3837 3010">
     <span class='ocr_line' id='line_1_74' title="bbox 2299 2935 3837 3010; baseline 0.004 -20"><span class='ocrx_word' id='word_1_569' title='bbox 2299 2936 2394 2991; x_wconf 72' lang='lat'><strong>27.</strong></span> <span class='ocrx_word' id='word_1_570' title='bbox 2437 2935 2508 2991; x_wconf 89' lang='lat' dir='ltr'><strong>Et</strong></span> <span class='ocrx_word' id='word_1_571' title='bbox 2551 2935 2678 3007; x_wconf 92' lang='lat' dir='ltr'><strong>quid</strong></span> <span class='ocrx_word' id='word_1_572' title='bbox 2728 2937 2923 2992; x_wconf 92' lang='lat' dir='ltr'><strong>mirum</strong></span> <span class='ocrx_word' id='word_1_573' title='bbox 2956 2937 3000 2992; x_wconf 90' lang='lat' dir='ltr'><strong>si</strong></span> <span class='ocrx_word' id='word_1_574' title='bbox 3050 2939 3102 2994; x_wconf 93' lang='lat' dir='ltr'><strong>in</strong></span> <span class='ocrx_word' id='word_1_575' title='bbox 3146 2937 3401 3010; x_wconf 85' lang='lat' dir='ltr'><strong>praesenti</strong></span> <span class='ocrx_word' id='word_1_576' title='bbox 3445 2938 3682 3005; x_wconf 71' lang='lat' dir='ltr'><strong>saaculo,</strong></span> <span class='ocrx_word' id='word_1_577' title='bbox 3733 2937 3837 2996; x_wconf 88' lang='lat' dir='ltr'><strong>nisi</strong></span> 
     </span>
    </p>
   </div>
   <div class='ocr_carea' id='block_1_75' title="bbox 2229 3028 3836 3104">
    <p class='ocr_par' dir='ltr' id='par_1_75' title="bbox 2229 3028 3836 3104">
     <span class='ocr_line' id='line_1_75' title="bbox 2229 3028 3836 3104; baseline 0.003 -20"><span class='ocrx_word' id='word_1_578' title='bbox 2229 3028 2448 3100; x_wconf 87' lang='lat' dir='ltr'><strong>quando</strong></span> <span class='ocrx_word' id='word_1_579' title='bbox 2473 3030 2622 3097; x_wconf 89' lang='lat' dir='ltr'><strong>vult,</strong></span> <span class='ocrx_word' id='word_1_580' title='bbox 2671 3029 2936 3087; x_wconf 85' lang='lat' dir='ltr'><strong>Dominus</strong></span> <span class='ocrx_word' id='word_1_581' title='bbox 2967 3047 3073 3088; x_wconf 90' lang='lat' dir='ltr'><strong>non</strong></span> <span class='ocrx_word' id='word_1_582' title='bbox 3103 3032 3352 3088; x_wconf 88' lang='lat' dir='ltr'><strong>videtur?</strong></span> <span class='ocrx_word' id='word_1_583' title='bbox 3381 3030 3438 3086; x_wconf 86' lang='lat' dir='ltr'><strong>In</strong></span> <span class='ocrx_word' id='word_1_584' title='bbox 3464 3032 3576 3102; x_wconf 91' lang='lat' dir='ltr'><strong>ipsa</strong></span> <span class='ocrx_word' id='word_1_585' title='bbox 3619 3047 3836 3104; x_wconf 88' lang='lat' dir='ltr'><strong>quoque</strong></span> 
     </span>
    </p>
   </div>
   <div class='ocr_carea' id='block_1_76' title="bbox 2230 3124 3833 3198">
    <p class='ocr_par' dir='ltr' id='par_1_76' title="bbox 2230 3124 3833 3198">
     <span class='ocr_line' id='line_1_76' title="bbox 2230 3124 3833 3198; baseline 0.002 -19"><span class='ocrx_word' id='word_1_586' title='bbox 2230 3124 2638 3181; x_wconf 89' lang='lat' dir='ltr'><strong>resurrectione</strong></span> <span class='ocrx_word' id='word_1_587' title='bbox 2667 3141 2774 3181; x_wconf 90' lang='lat' dir='ltr'><strong>non</strong></span> <span class='ocrx_word' id='word_1_588' title='bbox 2804 3126 2961 3182; x_wconf 80' lang='lat' dir='ltr'><strong>facile</strong></span> <span class='ocrx_word' id='word_1_589' title='bbox 2986 3137 3069 3183; x_wconf 89' lang='lat' dir='ltr'><strong>est</strong></span> <span class='ocrx_word' id='word_1_590' title='bbox 3094 3127 3266 3183; x_wconf 89' lang='lat' dir='ltr'><strong>Deum</strong></span> <span class='ocrx_word' id='word_1_591' title='bbox 3292 3126 3496 3193; x_wconf 91' lang='lat' dir='ltr'><strong>videre,</strong></span> <span class='ocrx_word' id='word_1_592' title='bbox 3525 3126 3627 3182; x_wconf 89' lang='lat' dir='ltr'><strong>nisi</strong></span> <span class='ocrx_word' id='word_1_593' title='bbox 3654 3127 3721 3181; x_wconf 83' lang='lat' dir='ltr'><strong>iis</strong></span> <span class='ocrx_word' id='word_1_594' title='bbox 3741 3127 3833 3198; x_wconf 89' lang='lat' dir='ltr'><strong>qui</strong></span> 
     </span>
    </p>
   </div>
   <div class='ocr_carea' id='block_1_77' title="bbox 2227 3218 3833 3287">
    <p class='ocr_par' dir='ltr' id='par_1_77' title="bbox 2227 3218 3833 3287">
     <span class='ocr_line' id='line_1_77' title="bbox 2227 3218 3833 3287; baseline 0.001 -14"><span class='ocrx_word' id='word_1_595' title='bbox 2227 3218 2396 3274; x_wconf 86' lang='lat' dir='ltr'><strong>corde</strong></span> <span class='ocrx_word' id='word_1_596' title='bbox 2421 3228 2547 3273; x_wconf 90' lang='lat' dir='ltr'><strong>sunt</strong></span> <span class='ocrx_word' id='word_1_597' title='bbox 2576 3220 2794 3274; x_wconf 88' lang='lat' dir='ltr'><strong>mundo.</strong></span> <span class='ocrx_word' id='word_1_598' title='bbox 2832 3219 2901 3275; x_wconf 86' lang='lat' dir='ltr'><strong>Et</strong></span> <span class='ocrx_word' id='word_1_599' title='bbox 2943 3219 3067 3276; x_wconf 91' lang='lat' dir='ltr'><strong>ideo</strong></span> <span class='ocrx_word' id='word_1_600' title='bbox 3093 3221 3169 3274; x_wconf 90' lang='lat' dir='ltr'><strong>ait</strong></span> <span class='ocrx_word' id='word_1_601' title='bbox 3200 3237 3214 3273; x_wconf 88' lang='lat'><strong>:</strong></span> <span class='ocrx_word' id='word_1_602' title='bbox 3245 3218 3395 3274; x_wconf 85' lang='lat' dir='ltr'><strong>Beati</strong></span> <span class='ocrx_word' id='word_1_603' title='bbox 3428 3218 3623 3274; x_wconf 87' lang='lat' dir='ltr'><strong>mundo</strong></span> <span class='ocrx_word' id='word_1_604' title='bbox 3646 3220 3833 3287; x_wconf 84' lang='lat' dir='ltr'><strong>corde;</strong></span> 
     </span>
    </p>
   </div>
   <div class='ocr_carea' id='block_1_78' title="bbox 2227 3310 3834 3383">
    <p class='ocr_par' dir='ltr' id='par_1_78' title="bbox 2227 3310 3834 3383">
     <span class='ocr_line' id='line_1_78' title="bbox 2227 3310 3834 3383; baseline 0.001 -18"><span class='ocrx_word' id='word_1_605' title='bbox 2227 3310 2330 3380; x_wconf 83' lang='lat' dir='ltr'><strong>ipsi</strong></span> <span class='ocrx_word' id='word_1_606' title='bbox 2354 3311 2490 3365; x_wconf 90' lang='lat' dir='ltr'><strong>enim</strong></span> <span class='ocrx_word' id='word_1_607' title='bbox 2521 3311 2685 3368; x_wconf 87' lang='lat' dir='ltr'><strong>Deum</strong></span> <span class='ocrx_word' id='word_1_608' title='bbox 2723 3311 2966 3366; x_wconf 85' lang='lat' dir='ltr'><strong>videbunt</strong></span> <span class='ocrx_word' id='word_1_609' title='bbox 2993 3311 3211 3383; x_wconf 78' lang='lat' dir='ltr'><strong>(Matth.</strong></span> <span class='ocrx_word' id='word_1_610' title='bbox 3241 3328 3294 3377; x_wconf 95' lang='lat' dir='ltr'><strong>v,</strong></span> <span class='ocrx_word' id='word_1_611' title='bbox 3321 3311 3399 3382; x_wconf 90' lang='lat'><strong>8).</strong></span> <span class='ocrx_word' id='word_1_612' title='bbox 3431 3312 3676 3378; x_wconf 84' lang='lat' dir='ltr'><strong>Quantos</strong></span> <span class='ocrx_word' id='word_1_613' title='bbox 3704 3312 3834 3367; x_wconf 88' lang='lat' dir='ltr'><strong>bea-</strong></span> 
     </span>
    </p>
   </div>
   <div class='ocr_carea' id='block_1_79' title="bbox 2229 3405 3830 3474">
    <p class='ocr_par' dir='ltr' id='par_1_79' title="bbox 2229 3405 3830 3474">
     <span class='ocr_line' id='line_1_79' title="bbox 2229 3405 3830 3474; baseline 0.001 -14"><span class='ocrx_word' id='word_1_614' title='bbox 2229 3413 2313 3460; x_wconf 90' lang='lat' dir='ltr'><strong>tos</strong></span> <span class='ocrx_word' id='word_1_615' title='bbox 2358 3405 2464 3474; x_wconf 82' lang='lat' dir='ltr'><strong>iam</strong></span> <span class='ocrx_word' id='word_1_616' title='bbox 2513 3416 2927 3472; x_wconf 87' lang='lat' dir='ltr'><strong>numeraverat,</strong></span> <span class='ocrx_word' id='word_1_617' title='bbox 2959 3414 3015 3460; x_wconf 87' lang='lat' dir='ltr'><strong>et</strong></span> <span class='ocrx_word' id='word_1_618' title='bbox 3059 3415 3240 3460; x_wconf 89' lang='lat' dir='ltr'><strong>tamen</strong></span> <span class='ocrx_word' id='word_1_619' title='bbox 3287 3405 3506 3461; x_wconf 89' lang='lat' dir='ltr'><strong>videndi</strong></span> <span class='ocrx_word' id='word_1_620' title='bbox 3541 3405 3626 3460; x_wconf 86' lang='lat' dir='ltr'><strong>his</strong></span> <span class='ocrx_word' id='word_1_621' title='bbox 3658 3405 3830 3462; x_wconf 91' lang='lat' dir='ltr'><strong>Deum</strong></span> 
     </span>
    </p>
   </div>
   <div class='ocr_carea' id='block_1_80' title="bbox 2227 3503 3832 3576">
    <p class='ocr_par' dir='ltr' id='par_1_80' title="bbox 2227 3503 3832 3576">
     <span class='ocr_line' id='line_1_80' title="bbox 2227 3503 3832 3576; baseline 0.002 -20"><span class='ocrx_word' id='word_1_622' title='bbox 2227 3516 2336 3556; x_wconf 91' lang='lat' dir='ltr'><strong>non</strong></span> <span class='ocrx_word' id='word_1_623' title='bbox 2385 3503 2711 3572; x_wconf 89' lang='lat' dir='ltr'><strong>promiserat</strong></span> <span class='ocrx_word' id='word_1_624' title='bbox 2752 3503 3095 3558; x_wconf 78' lang='lat' dir='ltr'><strong>facultatem!</strong></span> <span class='ocrx_word' id='word_1_625' title='bbox 3151 3504 3206 3560; x_wconf 91' lang='lat' dir='ltr'><strong>Si</strong></span> <span class='ocrx_word' id='word_1_626' title='bbox 3256 3518 3388 3576; x_wconf 89' lang='lat' dir='ltr'><strong>ergo</strong></span> <span class='ocrx_word' id='word_1_627' title='bbox 3433 3503 3469 3559; x_wconf 93' lang='lat' dir='ltr'><strong>ii</strong></span> <span class='ocrx_word' id='word_1_628' title='bbox 3495 3504 3585 3576; x_wconf 91' lang='lat' dir='ltr'><strong>qui</strong></span> <span class='ocrx_word' id='word_1_629' title='bbox 3629 3503 3832 3560; x_wconf 90' lang='lat' dir='ltr'><strong>mundo</strong></span> 
     </span>
    </p>
   </div>
   <div class='ocr_carea' id='block_1_81' title="bbox 2227 3595 3828 3666">
    <p class='ocr_par' dir='ltr' id='par_1_81' title="bbox 2227 3595 3828 3666">
     <span class='ocr_line' id='line_1_81' title="bbox 2227 3595 3828 3666; baseline 0.001 -15"><span class='ocrx_word' id='word_1_630' title='bbox 2227 3605 2355 3652; x_wconf 88' lang='lat' dir='ltr'><strong>sunt</strong></span> <span class='ocrx_word' id='word_1_631' title='bbox 2401 3595 2597 3664; x_wconf 89' lang='lat' dir='ltr'><strong>corde,</strong></span> <span class='ocrx_word' id='word_1_632' title='bbox 2649 3595 2820 3651; x_wconf 91' lang='lat' dir='ltr'><strong>Deum</strong></span> <span class='ocrx_word' id='word_1_633' title='bbox 2850 3595 3144 3661; x_wconf 89' lang='lat' dir='ltr'><strong>videbunt;</strong></span> <span class='ocrx_word' id='word_1_634' title='bbox 3178 3597 3364 3666; x_wconf 88' lang='lat' dir='ltr'><strong>utique</strong></span> <span class='ocrx_word' id='word_1_635' title='bbox 3398 3595 3490 3650; x_wconf 89' lang='lat' dir='ltr'><strong>alii</strong></span> <span class='ocrx_word' id='word_1_636' title='bbox 3538 3612 3646 3652; x_wconf 92' lang='lat' dir='ltr'><strong>non</strong></span> <span class='ocrx_word' id='word_1_637' title='bbox 3675 3596 3828 3653; x_wconf 86' lang='lat' dir='ltr'><strong>vide-</strong></span> 
     </span>
    </p>
   </div>
   <div class='ocr_carea' id='block_1_82' title="bbox 2224 3687 3828 3764">
    <p class='ocr_par' dir='ltr' id='par_1_82' title="bbox 2224 3687 3828 3764">
     <span class='ocr_line' id='line_1_82' title="bbox 2224 3687 3828 3764; baseline 0.004 -22"><span class='ocrx_word' id='word_1_638' title='bbox 2224 3687 2379 3744; x_wconf 90' lang='lat' dir='ltr'><strong>bunt.</strong></span> <span class='ocrx_word' id='word_1_639' title='bbox 2411 3688 2598 3762; x_wconf 85' lang='lat' dir='ltr'><strong>Neque</strong></span> <span class='ocrx_word' id='word_1_640' title='bbox 2625 3691 2773 3746; x_wconf 88' lang='lat' dir='ltr'><strong>enim</strong></span> <span class='ocrx_word' id='word_1_641' title='bbox 2801 3689 3007 3761; x_wconf 89' lang='lat' dir='ltr'><strong>indigni</strong></span> <span class='ocrx_word' id='word_1_642' title='bbox 3055 3691 3220 3746; x_wconf 92' lang='lat' dir='ltr'><strong>Deum</strong></span> <span class='ocrx_word' id='word_1_643' title='bbox 3250 3690 3542 3758; x_wconf 89' lang='lat' dir='ltr'><strong>videbunt,</strong></span> <span class='ocrx_word' id='word_1_644' title='bbox 3579 3706 3756 3764; x_wconf 91' lang='lat' dir='ltr'><strong>neque</strong></span> <span class='ocrx_word' id='word_1_645' title='bbox 3783 3693 3828 3748; x_wconf 90' lang='lat' dir='ltr'><strong>is</strong></span> 
     </span>
    </p>
   </div>
   <div class='ocr_carea' id='block_1_83' title="bbox 2219 3784 3830 3856">
    <p class='ocr_par' dir='ltr' id='par_1_83' title="bbox 2219 3784 3830 3856">
     <span class='ocr_line' id='line_1_83' title="bbox 2219 3784 3830 3856; baseline 0.001 -16"><span class='ocrx_word' id='word_1_646' title='bbox 2219 3785 2309 3856; x_wconf 90' lang='lat' dir='ltr'><strong>qui</strong></span> <span class='ocrx_word' id='word_1_647' title='bbox 2341 3786 2510 3840; x_wconf 91' lang='lat' dir='ltr'><strong>Deum</strong></span> <span class='ocrx_word' id='word_1_648' title='bbox 2537 3785 2720 3841; x_wconf 90' lang='lat' dir='ltr'><strong>videre</strong></span> <span class='ocrx_word' id='word_1_649' title='bbox 2750 3785 3018 3851; x_wconf 90' lang='lat' dir='ltr'><strong>noluerit,</strong></span> <span class='ocrx_word' id='word_1_650' title='bbox 3051 3794 3232 3856; x_wconf 88' lang='lat' dir='ltr'><strong>potest</strong></span> <span class='ocrx_word' id='word_1_651' title='bbox 3263 3786 3436 3841; x_wconf 92' lang='lat' dir='ltr'><strong>Deum</strong></span> <span class='ocrx_word' id='word_1_652' title='bbox 3475 3784 3684 3842; x_wconf 84' lang='lat' dir='ltr'><strong>videre.</strong></span> <span class='ocrx_word' id='word_1_653' title='bbox 3715 3785 3830 3842; x_wconf 79' lang='lat' dir='ltr'><strong>Nec</strong></span> 
     </span>
    </p>
   </div>
   <div class='ocr_carea' id='block_1_84' title="bbox 2171 3875 3829 3952">
    <p class='ocr_par' dir='ltr' id='par_1_84' title="bbox 2171 3875 3829 3952">
     <span class='ocr_line' id='line_1_84' title="bbox 2171 3875 3829 3952; baseline 0.005 -23"><span class='ocrx_word' id='word_1_654' title='bbox 2171 3921 2182 3929; x_wconf 89' lang='lat'><strong>.</strong></span> <span class='ocrx_word' id='word_1_655' title='bbox 2220 3875 2274 3930; x_wconf 92' lang='lat' dir='ltr'><strong>in</strong></span> <span class='ocrx_word' id='word_1_656' title='bbox 2307 3878 2428 3933; x_wconf 87' lang='lat' dir='ltr'><strong>loco</strong></span> <span class='ocrx_word' id='word_1_657' title='bbox 2457 3878 2599 3934; x_wconf 92' lang='lat' dir='ltr'><strong>Deus</strong></span> <span class='ocrx_word' id='word_1_658' title='bbox 2631 3877 2866 3946; x_wconf 84' lang='lat' dir='ltr'><strong>videtur,</strong></span> <span class='ocrx_word' id='word_1_659' title='bbox 2894 3879 2989 3934; x_wconf 92' lang='lat' dir='ltr'><strong>sed</strong></span> <span class='ocrx_word' id='word_1_660' title='bbox 3022 3879 3226 3935; x_wconf 88' lang='lat' dir='ltr'><strong>mundo</strong></span> <span class='ocrx_word' id='word_1_661' title='bbox 3255 3880 3422 3936; x_wconf 88' lang='lat' dir='ltr'><strong>corde</strong></span> <span class='ocrx_word' id='word_1_662' title='bbox 3451 3899 3464 3934; x_wconf 89' lang='lat'><strong>:</strong></span> <span class='ocrx_word' id='word_1_663' title='bbox 3499 3895 3602 3937; x_wconf 87' lang='lat' dir='ltr'><strong>nec</strong></span> <span class='ocrx_word' id='word_1_664' title='bbox 3633 3895 3829 3952; x_wconf 88' lang='lat' dir='ltr'><strong>corpo-</strong></span> 
     </span>
    </p>
   </div>
   <div class='ocr_carea' id='block_1_85' title="bbox 2221 3969 3829 4044">
    <p class='ocr_par' dir='ltr' id='par_1_85' title="bbox 2221 3969 3829 4044">
     <span class='ocr_line' id='line_1_85' title="bbox 2221 3969 3829 4044; baseline 0.004 -20"><span class='ocrx_word' id='word_1_665' title='bbox 2221 3971 2427 4027; x_wconf 88' lang='lat' dir='ltr'><strong>ralibus</strong></span> <span class='ocrx_word' id='word_1_666' title='bbox 2474 3972 2649 4028; x_wconf 89' lang='lat' dir='ltr'><strong>oculis</strong></span> <span class='ocrx_word' id='word_1_667' title='bbox 2695 3971 2837 4028; x_wconf 90' lang='lat' dir='ltr'><strong>Deus</strong></span> <span class='ocrx_word' id='word_1_668' title='bbox 2882 3969 3168 4044; x_wconf 65' lang='lat' dir='ltr'><strong>quaeritur,</strong></span> <span class='ocrx_word' id='word_1_669' title='bbox 3213 3986 3312 4028; x_wconf 89' lang='lat' dir='ltr'><strong>nec</strong></span> <span class='ocrx_word' id='word_1_670' title='bbox 3361 3972 3829 4030; x_wconf 89' lang='lat' dir='ltr'><strong>circumscribitur</strong></span> 
     </span>
    </p>
   </div>
   <div class='ocr_carea' id='block_1_86' title="bbox 2217 4067 3825 4135">
    <p class='ocr_par' dir='ltr' id='par_1_86' title="bbox 2217 4067 3825 4135">
     <span class='ocr_line' id='line_1_86' title="bbox 2217 4067 3825 4135; baseline 0.003 -15"><span class='ocrx_word' id='word_1_671' title='bbox 2217 4067 2364 4132; x_wconf 90' lang='lat' dir='ltr'><strong>visu,</strong></span> <span class='ocrx_word' id='word_1_672' title='bbox 2395 4082 2500 4124; x_wconf 91' lang='lat' dir='ltr'><strong>nec</strong></span> <span class='ocrx_word' id='word_1_673' title='bbox 2528 4074 2671 4124; x_wconf 87' lang='lat' dir='ltr'><strong>tactu</strong></span> <span class='ocrx_word' id='word_1_674' title='bbox 2697 4075 2938 4133; x_wconf 89' lang='lat' dir='ltr'><strong>tenetur,</strong></span> <span class='ocrx_word' id='word_1_675' title='bbox 2970 4081 3068 4124; x_wconf 89' lang='lat' dir='ltr'><strong>nec</strong></span> <span class='ocrx_word' id='word_1_676' title='bbox 3091 4067 3306 4123; x_wconf 90' lang='lat' dir='ltr'><strong>auditur</strong></span> <span class='ocrx_word' id='word_1_677' title='bbox 3335 4067 3533 4135; x_wconf 78' lang='lat' dir='ltr'><strong>affatu,</strong></span> <span class='ocrx_word' id='word_1_678' title='bbox 3567 4083 3669 4125; x_wconf 88' lang='lat' dir='ltr'><strong>nec</strong></span> <span class='ocrx_word' id='word_1_679' title='bbox 3693 4083 3825 4125; x_wconf 81' lang='lat' dir='ltr'><strong>scn-</strong></span> 
     </span>
    </p>
   </div>
   <div class='ocr_carea' id='block_1_87' title="bbox 2218 4248 3818 4322">
    <p class='ocr_par' dir='ltr' id='par_1_87' title="bbox 2218 4248 3818 4322">
     <span class='ocr_line' id='line_1_87' title="bbox 2218 4248 3818 4322; baseline 0.006 -21"><span class='ocrx_word' id='word_1_680' title='bbox 2218 4260 2435 4303; x_wconf 89' lang='lat' dir='ltr'><strong>causam</strong></span> <span class='ocrx_word' id='word_1_681' title='bbox 2465 4248 2696 4307; x_wconf 85' lang='lat' dir='ltr'><strong>Actuum</strong></span> <span class='ocrx_word' id='word_1_682' title='bbox 2725 4267 2814 4307; x_wconf 78' lang='lat' dir='ltr'><strong>xw</strong></span> <span class='ocrx_word' id='word_1_683' title='bbox 2849 4259 3106 4306; x_wconf 86' lang='lat' dir='ltr'><strong>narratur</strong></span> <span class='ocrx_word' id='word_1_684' title='bbox 3144 4248 3439 4322; x_wconf 80' lang='lat' dir='ltr'><strong>Apostolus</strong></span> <span class='ocrx_word' id='word_1_685' title='bbox 3465 4252 3818 4311; x_wconf 89' lang='lat' dir='ltr'><strong>Timotheum</strong></span> 
     </span>
    </p>
   </div>
   <div class='ocr_carea' id='block_1_88' title="bbox 2218 4323 3825 4392">
    <p class='ocr_par' dir='ltr' id='par_1_88' title="bbox 2218 4323 3825 4392">
     <span class='ocr_line' id='line_1_88' title="bbox 2218 4323 3825 4392; baseline 0.007 -22"><span class='ocrx_word' id='word_1_686' title='bbox 2218 4330 2373 4392; x_wconf 80' lang='lat' dir='ltr'><strong>patre</strong></span> <span class='ocrx_word' id='word_1_687' title='bbox 2413 4323 2602 4392; x_wconf 82' lang='lat' dir='ltr'><strong>gentili</strong></span> <span class='ocrx_word' id='word_1_688' title='bbox 2635 4333 2820 4378; x_wconf 86' lang='lat' dir='ltr'><strong>natum</strong></span> <span class='ocrx_word' id='word_1_689' title='bbox 2862 4323 3289 4378; x_wconf 87' lang='lat' dir='ltr'><strong>circumcidisse.</strong></span> <span class='ocrx_word' id='word_1_690' title='bbox 3321 4323 3424 4379; x_wconf 87' lang='lat' dir='ltr'><strong>Adi</strong></span> <span class='ocrx_word' id='word_1_691' title='bbox 3454 4324 3530 4380; x_wconf 87' lang='lat' dir='ltr'><strong>sis</strong></span> <span class='ocrx_word' id='word_1_692' title='bbox 3556 4324 3825 4383; x_wconf 83' lang='lat' dir='ltr'><strong>Thomas-</strong></span> 
     </span>
    </p>
   </div>
   <div class='ocr_carea' id='block_1_89' title="bbox 2216 4390 3324 4464">
    <p class='ocr_par' dir='ltr' id='par_1_89' title="bbox 2216 4390 3324 4464">
     <span class='ocr_line' id='line_1_89' title="bbox 2216 4390 3324 4464; baseline 0.005 -19"><span class='ocrx_word' id='word_1_693' title='bbox 2216 4390 2394 4464; x_wconf 86' lang='lat' dir='ltr'><strong>siuum</strong></span> <span class='ocrx_word' id='word_1_694' title='bbox 2419 4390 2644 4463; x_wconf 82' lang='lat' dir='ltr'><strong>Discipl.</strong></span> <span class='ocrx_word' id='word_1_695' title='bbox 2685 4395 2832 4451; x_wconf 79' lang='lat' dir='ltr'><strong>Eccl.</strong></span> <span class='ocrx_word' id='word_1_696' title='bbox 2865 4395 2957 4448; x_wconf 89' lang='lat' dir='ltr'><strong>lih.</strong></span> <span class='ocrx_word' id='word_1_697' title='bbox 2987 4410 3046 4459; x_wconf 89' lang='lat' dir='ltr'><strong>ll,</strong></span> <span class='ocrx_word' id='word_1_698' title='bbox 3078 4409 3200 4464; x_wconf 86' lang='lat' dir='ltr'><strong>cap.</strong></span> <span class='ocrx_word' id='word_1_699' title='bbox 3237 4396 3324 4450; x_wconf 82' lang='grc'><strong>14.</strong></span> 
     </span>
    </p>
   </div>
   <div class='ocr_carea' id='block_1_90' title="bbox 2292 4463 3824 4542">
    <p class='ocr_par' dir='ltr' id='par_1_90' title="bbox 2292 4463 3824 4542">
     <span class='ocr_line' id='line_1_90' title="bbox 2292 4463 3824 4542; baseline 0.005 -24"><span class='ocrx_word' id='word_1_700' title='bbox 2292 4474 2311 4501; x_wconf 71' lang='grc' dir='ltr'><strong>’τ</strong></span> <span class='ocrx_word' id='word_1_701' title='bbox 2355 4463 2516 4522; x_wconf 89' lang='lat' dir='ltr'><strong>Corb.</strong></span> <span class='ocrx_word' id='word_1_702' title='bbox 2544 4465 2696 4535; x_wconf 87' lang='lat' dir='ltr'><strong>cod.,</strong></span> <span class='ocrx_word' id='word_1_703' title='bbox 2725 4477 2781 4521; x_wconf 87' lang='lat' dir='ltr'><strong>ut</strong></span> <span class='ocrx_word' id='word_1_704' title='bbox 2800 4468 3023 4537; x_wconf 78' lang='lat' dir='ltr'><strong>apostoli</strong></span> <span class='ocrx_word' id='word_1_705' title='bbox 3042 4463 3222 4522; x_wconf 85' lang='lat' dir='ltr'><strong>electio</strong></span> <span class='ocrx_word' id='word_1_706' title='bbox 3242 4485 3275 4522; x_wconf 88' lang='lat' dir='ltr'><strong>a</strong></span> <span class='ocrx_word' id='word_1_707' title='bbox 3301 4467 3545 4524; x_wconf 84' lang='lat' dir='ltr'><strong>mandato</strong></span> <span class='ocrx_word' id='word_1_708' title='bbox 3568 4469 3723 4542; x_wconf 84' lang='lat' dir='ltr'><strong>Legis</strong></span> <span class='ocrx_word' id='word_1_709' title='bbox 3746 4472 3824 4526; x_wconf 84' lang='lat' dir='ltr'><strong>ri-</strong></span> 
     </span>
    </p>
   </div>
   <div class='ocr_carea' id='block_1_91' title="bbox 511 4533 2119 4613">
    <p class='ocr_par' dir='ltr' id='par_1_91' title="bbox 511 4533 2105 4613">
     <span class='ocr_line' id='line_1_91' title="bbox 511 4533 2105 4613; baseline 0.002 -16"><span class='ocrx_word' id='word_1_710' title='bbox 511 4543 640 4607; x_wconf 88' lang='grc'><strong>180,</strong></span> <span class='ocrx_word' id='word_1_711' title='bbox 676 4533 817 4598; x_wconf 72' lang='lat' dir='ltr'><strong>nunc</strong></span> <span class='ocrx_word' id='word_1_712' title='bbox 844 4542 969 4613; x_wconf 71' lang='lat'><strong>228,</strong></span> <span class='ocrx_word' id='word_1_713' title='bbox 1005 4543 1147 4598; x_wconf 90' lang='lat' dir='ltr'><strong>idem</strong></span> <span class='ocrx_word' id='word_1_714' title='bbox 1176 4558 1304 4596; x_wconf 90' lang='lat' dir='ltr'><strong>usus</strong></span> <span class='ocrx_word' id='word_1_715' title='bbox 1336 4544 1387 4596; x_wconf 91' lang='lat' dir='ltr'><strong>in</strong></span> <span class='ocrx_word' id='word_1_716' title='bbox 1417 4557 1557 4596; x_wconf 79' lang='lat' dir='ltr'><strong>uovo</strong></span> <span class='ocrx_word' id='word_1_717' title='bbox 1583 4533 1739 4611; x_wconf 55' lang='lat' dir='ltr'><strong>plu&#39;ne</strong></span> <span class='ocrx_word' id='word_1_718' title='bbox 1771 4533 2105 4613; x_wconf 84' lang='lat' dir='ltr'><strong>repudiatur,</strong></span> 
     </span>
    </p>
   </div>
   <div class='ocr_carea' id='block_1_92' title="bbox 2223 4533 2441 4613">
    <p class='ocr_par' dir='ltr' id='par_1_92' title="bbox 2223 4533 2441 4613">
     <span class='ocr_line' id='line_1_92' title="bbox 2223 4533 2441 4613; baseline 0.023 -26"><span class='ocrx_word' id='word_1_719' title='bbox 2223 4533 2441 4613; x_wconf 71' lang='lat' dir='ltr'><strong>deretur.</strong></span> 
     </span>
    </p>
   </div>
   <div class='ocr_carea' id='block_1_93' title="bbox 511 4612 2106 4684">
    <p class='ocr_par' dir='ltr' id='par_1_93' title="bbox 511 4612 2106 4684">
     <span class='ocr_line' id='line_1_93' title="bbox 511 4612 2106 4684; baseline 0 -16"><span class='ocrx_word' id='word_1_720' title='bbox 511 4622 567 4668; x_wconf 88' lang='lat' dir='ltr'><strong>et</strong></span> <span class='ocrx_word' id='word_1_721' title='bbox 607 4615 658 4684; x_wconf 84' lang='lat' dir='ltr'><strong>in</strong></span> <span class='ocrx_word' id='word_1_722' title='bbox 684 4613 854 4668; x_wconf 83' lang='lat' dir='ltr'><strong>Cone.</strong></span> <span class='ocrx_word' id='word_1_723' title='bbox 888 4612 1096 4669; x_wconf 87' lang='lat' dir='ltr'><strong>Bareel.</strong></span> <span class='ocrx_word' id='word_1_724' title='bbox 1127 4630 1255 4669; x_wconf 89' lang='lat' dir='ltr'><strong>anu.</strong></span> <span class='ocrx_word' id='word_1_725' title='bbox 1293 4615 1420 4678; x_wconf 84' lang='lat'><strong>599.</strong></span> <span class='ocrx_word' id='word_1_726' title='bbox 1453 4629 1573 4668; x_wconf 88' lang='lat' dir='ltr'><strong>can.</strong></span> <span class='ocrx_word' id='word_1_727' title='bbox 1611 4615 1666 4677; x_wconf 80' lang='lat'><strong>5.</strong></span> <span class='ocrx_word' id='word_1_728' title='bbox 1700 4612 2106 4684; x_wconf 82' lang='lat' dir='ltr'><strong>comprobatur.</strong></span> 
     </span>
    </p>
   </div>
   <div class='ocr_carea' id='block_1_94' title="bbox 511 4683 2110 4756">
    <p class='ocr_par' dir='ltr' id='par_1_94' title="bbox 511 4683 2110 4756">
     <span class='ocr_line' id='line_1_94' title="bbox 511 4683 2110 4756; baseline 0.001 -17"><span class='ocrx_word' id='word_1_729' title='bbox 511 4686 583 4739; x_wconf 82' lang='lat' dir='ltr'><strong>At</strong></span> <span class='ocrx_word' id='word_1_730' title='bbox 610 4683 750 4740; x_wconf 85' lang='lat' dir='ltr'><strong>forte</strong></span> <span class='ocrx_word' id='word_1_731' title='bbox 782 4686 1067 4740; x_wconf 81' lang='lat' dir='ltr'><strong>mirabitur</strong></span> <span class='ocrx_word' id='word_1_732' title='bbox 1093 4686 1292 4756; x_wconf 87' lang='lat' dir='ltr'><strong>aliquis</strong></span> <span class='ocrx_word' id='word_1_733' title='bbox 1318 4687 1603 4756; x_wconf 84' lang='lat' dir='ltr'><strong>scripsisse</strong></span> <span class='ocrx_word' id='word_1_734' title='bbox 1632 4683 1979 4743; x_wconf 81' lang='lat' dir='ltr'><strong>Ambrosium</strong></span> <span class='ocrx_word' id='word_1_735' title='bbox 2013 4705 2110 4742; x_wconf 85' lang='lat' dir='ltr'><strong>Itu-</strong></span> 
     </span>
    </p>
   </div>
   <div class='ocr_carea' id='block_1_95' title="bbox 510 4756 2109 4826">
    <p class='ocr_par' dir='ltr' id='par_1_95' title="bbox 510 4756 2109 4826">
     <span class='ocr_line' id='line_1_95' title="bbox 510 4756 2109 4826; baseline 0.004 -16"><span class='ocrx_word' id='word_1_736' title='bbox 510 4765 684 4810; x_wconf 89' lang='lat' dir='ltr'><strong>strum</strong></span> <span class='ocrx_word' id='word_1_737' title='bbox 713 4770 918 4811; x_wconf 83' lang='lat' dir='ltr'><strong>sortem</strong></span> <span class='ocrx_word' id='word_1_738' title='bbox 943 4756 1145 4811; x_wconf 78' lang='lat' dir='ltr'><strong>ideirco</strong></span> <span class='ocrx_word' id='word_1_739' title='bbox 1171 4758 1278 4812; x_wconf 92' lang='lat' dir='ltr'><strong>illic</strong></span> <span class='ocrx_word' id='word_1_740' title='bbox 1300 4756 1598 4811; x_wconf 81' lang='lat' dir='ltr'><strong>adhibitam</strong></span> <span class='ocrx_word' id='word_1_741' title='bbox 1621 4773 1763 4822; x_wconf 88' lang='lat' dir='ltr'><strong>esse,</strong></span> <span class='ocrx_word' id='word_1_742' title='bbox 1798 4775 1860 4812; x_wconf 86' lang='lat' dir='ltr'><strong>ne</strong></span> <span class='ocrx_word' id='word_1_743' title='bbox 1886 4762 2109 4826; x_wconf 86' lang='lat' dir='ltr'><strong>apostoli</strong></span> 
     </span>
    </p>
   </div>
   <div class='ocr_carea' id='block_1_96' title="bbox 510 4827 2103 4898">
    <p class='ocr_par' dir='ltr' id='par_1_96' title="bbox 510 4827 2103 4898">
     <span class='ocr_line' id='line_1_96' title="bbox 510 4827 2103 4898; baseline 0.003 -16"><span class='ocrx_word' id='word_1_744' title='bbox 510 4827 688 4898; x_wconf 71' lang='lat' dir='ltr'><strong>electio</strong></span> <span class='ocrx_word' id='word_1_745' title='bbox 728 4845 760 4882; x_wconf 89' lang='lat' dir='ltr'><strong>a</strong></span> <span class='ocrx_word' id='word_1_746' title='bbox 800 4828 1043 4882; x_wconf 87' lang='lat' dir='ltr'><strong>mandato</strong></span> <span class='ocrx_word' id='word_1_747' title='bbox 1092 4828 1387 4897; x_wconf 84' lang='lat' dir='ltr'><strong>discrepare</strong></span> <span class='ocrx_word' id='word_1_748' title='bbox 1425 4829 1551 4898; x_wconf 82' lang='lat' dir='ltr'><strong>legis</strong></span> <span class='ocrx_word' id='word_1_749' title='bbox 1599 4830 1776 4883; x_wconf 83' lang='lat' dir='ltr'><strong>veteris</strong></span> <span class='ocrx_word' id='word_1_750' title='bbox 1824 4830 2103 4886; x_wconf 83' lang='lat' dir='ltr'><strong>videretur.</strong></span> 
     </span>
    </p>
   </div>
   <div class='ocr_carea' id='block_1_97' title="bbox 511 4897 2104 4970">
    <p class='ocr_par' dir='ltr' id='par_1_97' title="bbox 511 4897 2104 4970">
     <span class='ocr_line' id='line_1_97' title="bbox 511 4897 2104 4970; baseline 0.003 -17"><span class='ocrx_word' id='word_1_751' title='bbox 511 4897 812 4970; x_wconf 81' lang='lat' dir='ltr'><strong>Difficultas</strong></span> <span class='ocrx_word' id='word_1_752' title='bbox 839 4910 1019 4954; x_wconf 79' lang='lat' dir='ltr'><strong>autent</strong></span> <span class='ocrx_word' id='word_1_753' title='bbox 1053 4899 1177 4954; x_wconf 91' lang='lat' dir='ltr'><strong>inde</strong></span> <span class='ocrx_word' id='word_1_754' title='bbox 1207 4900 1400 4963; x_wconf 87' lang='lat' dir='ltr'><strong>oritur,</strong></span> <span class='ocrx_word' id='word_1_755' title='bbox 1438 4897 1579 4968; x_wconf 82' lang='lat' dir='ltr'><strong>quod</strong></span> <span class='ocrx_word' id='word_1_756' title='bbox 1609 4899 1721 4970; x_wconf 88' lang='lat' dir='ltr'><strong>jam</strong></span> <span class='ocrx_word' id='word_1_757' title='bbox 1757 4910 1883 4956; x_wconf 89' lang='lat' dir='ltr'><strong>tunc</strong></span> <span class='ocrx_word' id='word_1_758' title='bbox 1916 4903 2104 4970; x_wconf 87' lang='lat' dir='ltr'><strong>hujus-</strong></span> 
     </span>
    </p>
   </div>
   <div class='ocr_carea' id='block_1_98' title="bbox 509 4969 2104 5042">
    <p class='ocr_par' dir='ltr' id='par_1_98' title="bbox 509 4969 2104 5042">
     <span class='ocr_line' id='line_1_98' title="bbox 509 4969 2104 5042; baseline 0.005 -19"><span class='ocrx_word' id='word_1_759' title='bbox 509 4969 656 5024; x_wconf 82' lang='lat' dir='ltr'><strong>modi</strong></span> <span class='ocrx_word' id='word_1_760' title='bbox 688 4971 888 5042; x_wconf 71' lang='lat' dir='ltr'><strong>legales</strong></span> <span class='ocrx_word' id='word_1_761' title='bbox 919 4971 1330 5042; x_wconf 76' lang='lat' dir='ltr'><strong>observationes</strong></span> <span class='ocrx_word' id='word_1_762' title='bbox 1373 4971 1424 5025; x_wconf 90' lang='lat' dir='ltr'><strong>in</strong></span> <span class='ocrx_word' id='word_1_763' title='bbox 1463 4971 1871 5042; x_wconf 73' lang='lat' dir='ltr'><strong>desuetudinem</strong></span> <span class='ocrx_word' id='word_1_764' title='bbox 1906 4969 2104 5031; x_wconf 84' lang='lat' dir='ltr'><strong>abiisse</strong></span> 
     </span>
    </p>
   </div>
   <div class='ocr_carea' id='block_1_99' title="bbox 508 5041 2102 5108">
    <p class='ocr_par' dir='ltr' id='par_1_99' title="bbox 508 5041 2102 5108">
     <span class='ocr_line' id='line_1_99' title="bbox 508 5041 2102 5108; baseline 0.002 -12"><span class='ocrx_word' id='word_1_765' title='bbox 508 5041 856 5097; x_wconf 74' lang='lat' dir='ltr'><strong>censeantur.</strong></span> <span class='ocrx_word' id='word_1_766' title='bbox 889 5043 962 5098; x_wconf 86' lang='lat' dir='ltr'><strong>At</strong></span> <span class='ocrx_word' id='word_1_767' title='bbox 987 5044 1156 5097; x_wconf 87' lang='lat' dir='ltr'><strong>relato</strong></span> <span class='ocrx_word' id='word_1_768' title='bbox 1180 5043 1282 5096; x_wconf 89' lang='lat' dir='ltr'><strong>hoc</strong></span> <span class='ocrx_word' id='word_1_769' title='bbox 1303 5041 1423 5108; x_wconf 89' lang='lat' dir='ltr'><strong>ipso</strong></span> <span class='ocrx_word' id='word_1_770' title='bbox 1454 5043 1573 5096; x_wconf 87' lang='lat' dir='ltr'><strong>loco</strong></span> <span class='ocrx_word' id='word_1_771' title='bbox 1599 5041 1932 5098; x_wconf 87' lang='lat' dir='ltr'><strong>Venerabilis</strong></span> <span class='ocrx_word' id='word_1_772' title='bbox 1959 5045 2102 5101; x_wconf 77' lang='lat' dir='ltr'><strong>Beda</strong></span> 
     </span>
    </p>
   </div>
   <div class='ocr_carea' id='block_1_100' title="bbox 507 5111 2107 5182">
    <p class='ocr_par' dir='ltr' id='par_1_100' title="bbox 507 5111 2107 5182">
     <span class='ocr_line' id='line_1_100' title="bbox 507 5111 2107 5182; baseline 0.003 -16"><span class='ocrx_word' id='word_1_773' title='bbox 507 5111 563 5166; x_wconf 89' lang='lat' dir='ltr'><strong>in</strong></span> <span class='ocrx_word' id='word_1_774' title='bbox 595 5113 728 5168; x_wconf 71' lang='lat' dir='ltr'><strong>Arta</strong></span> <span class='ocrx_word' id='word_1_775' title='bbox 759 5117 1128 5178; x_wconf 78' lang='lat' dir='ltr'><strong>apostolorum</strong></span> <span class='ocrx_word' id='word_1_776' title='bbox 1159 5113 1448 5182; x_wconf 79' lang='lat' dir='ltr'><strong>olijectioni</strong></span> <span class='ocrx_word' id='word_1_777' title='bbox 1477 5114 1716 5168; x_wconf 86' lang='lat' dir='ltr'><strong>occurrit</strong></span> <span class='ocrx_word' id='word_1_778' title='bbox 1742 5114 1808 5166; x_wconf 90' lang='lat' dir='ltr'><strong>ad</strong></span> <span class='ocrx_word' id='word_1_779' title='bbox 1840 5131 1960 5171; x_wconf 86' lang='lat' dir='ltr'><strong>eum</strong></span> <span class='ocrx_word' id='word_1_780' title='bbox 1991 5134 2107 5170; x_wconf 83' lang='lat' dir='ltr'><strong>ino-</strong></span> 
     </span>
    </p>
   </div>
   <div class='ocr_carea' id='block_1_101' title="bbox 507 5182 2105 5256">
    <p class='ocr_par' dir='ltr' id='par_1_101' title="bbox 507 5182 2105 5256">
     <span class='ocr_line' id='line_1_101' title="bbox 507 5182 2105 5256; baseline 0.004 -20"><span class='ocrx_word' id='word_1_781' title='bbox 507 5182 635 5237; x_wconf 90' lang='lat' dir='ltr'><strong>dum</strong></span> <span class='ocrx_word' id='word_1_782' title='bbox 675 5206 686 5238; x_wconf 89' lang='lat'>:</span> <span class='ocrx_word' id='word_1_783' title='bbox 733 5183 982 5240; x_wconf 77' lang='lat' dir='ltr'><strong>Matt/tios</strong></span> <span class='ocrx_word' id='word_1_784' title='bbox 1028 5195 1147 5239; x_wconf 85' lang='lat' dir='ltr'><strong>ante</strong></span> <span class='ocrx_word' id='word_1_785' title='bbox 1185 5193 1538 5256; x_wconf 75' lang='lat' dir='ltr'><strong>pentecosten,</strong></span> <span class='ocrx_word' id='word_1_786' title='bbox 1586 5185 1789 5254; x_wconf 87' lang='lat' dir='ltr'><strong>inquit,</strong></span> <span class='ocrx_word' id='word_1_787' title='bbox 1839 5188 2105 5243; x_wconf 85' lang='lat' dir='ltr'><strong>ordinatus</strong></span> 
     </span>
    </p>
   </div>
   <div class='ocr_carea' id='block_1_102' title="bbox 504 5256 2104 5326">
    <p class='ocr_par' dir='ltr' id='par_1_102' title="bbox 504 5256 2104 5326">
     <span class='ocr_line' id='line_1_102' title="bbox 504 5256 2104 5326; baseline 0.004 -19"><span class='ocrx_word' id='word_1_788' title='bbox 504 5265 644 5326; x_wconf 62' lang='lat' dir='ltr'><strong>sorte</strong></span> <span class='ocrx_word' id='word_1_789' title='bbox 686 5261 966 5322; x_wconf 72' lang='lat' dir='ltr'><strong>quwritur;</strong></span> <span class='ocrx_word' id='word_1_790' title='bbox 1005 5259 1132 5326; x_wconf 86' lang='lat' dir='ltr'><strong>quia</strong></span> <span class='ocrx_word' id='word_1_791' title='bbox 1174 5257 1368 5311; x_wconf 87' lang='lat' dir='ltr'><strong>scilicet</strong></span> <span class='ocrx_word' id='word_1_792' title='bbox 1411 5256 1640 5310; x_wconf 86' lang='lat' dir='ltr'><strong>nondum</strong></span> <span class='ocrx_word' id='word_1_793' title='bbox 1680 5267 1788 5311; x_wconf 86' lang='lat' dir='ltr'><strong>erat</strong></span> <span class='ocrx_word' id='word_1_794' title='bbox 1838 5259 2104 5326; x_wconf 85' lang='lat' dir='ltr'><strong>plenitudo</strong></span> 
     </span>
    </p>
   </div>
   <div class='ocr_carea' id='block_1_103' title="bbox 504 5323 2106 5397">
    <p class='ocr_par' dir='ltr' id='par_1_103' title="bbox 504 5323 2106 5397">
     <span class='ocr_line' id='line_1_103' title="bbox 504 5323 2106 5397; baseline 0.004 -17"><span class='ocrx_word' id='word_1_795' title='bbox 504 5323 737 5392; x_wconf 79' lang='lat' dir='ltr'><strong>Spiritus</strong></span> <span class='ocrx_word' id='word_1_796' title='bbox 757 5331 923 5383; x_wconf 86' lang='lat' dir='ltr'><strong>sancti</strong></span> <span class='ocrx_word' id='word_1_797' title='bbox 945 5323 1127 5397; x_wconf 74' lang='lat' dir='ltr'><strong>effusa.</strong></span> <span class='ocrx_word' id='word_1_798' title='bbox 1167 5327 1320 5384; x_wconf 83' lang='lat' dir='ltr'><strong>Unde</strong></span> <span class='ocrx_word' id='word_1_799' title='bbox 1349 5329 1427 5384; x_wconf 91' lang='lat' dir='ltr'><strong>sic</strong></span> <span class='ocrx_word' id='word_1_800' title='bbox 1448 5330 1652 5397; x_wconf 78' lang='lat' dir='ltr'><strong>colligit</strong></span> <span class='ocrx_word' id='word_1_801' title='bbox 1679 5345 1691 5378; x_wconf 88' lang='lat'><strong>:</strong></span> <span class='ocrx_word' id='word_1_802' title='bbox 1726 5323 1898 5385; x_wconf 81' lang='lat' dir='ltr'><strong>Donec</strong></span> <span class='ocrx_word' id='word_1_803' title='bbox 1919 5332 2106 5386; x_wconf 80' lang='lat' dir='ltr'><strong>veritas</strong></span> 
     </span>
    </p>
   </div>
   <div class='ocr_carea' id='block_1_104' title="bbox 501 5398 2104 5474">
    <p class='ocr_par' dir='ltr' id='par_1_104' title="bbox 501 5398 2104 5474">
     <span class='ocr_line' id='line_1_104' title="bbox 501 5398 2104 5474; baseline 0.005 -25"><span class='ocrx_word' id='word_1_804' title='bbox 501 5400 873 5474; x_wconf 59' lang='lat' dir='ltr'><strong>complentur,</strong></span> <span class='ocrx_word' id='word_1_805' title='bbox 913 5402 1136 5472; x_wconf 77' lang='lat' dir='ltr'><strong>ﬁguram</strong></span> <span class='ocrx_word' id='word_1_806' title='bbox 1183 5401 1326 5456; x_wconf 87' lang='lat' dir='ltr'><strong>licuit</strong></span> <span class='ocrx_word' id='word_1_807' title='bbox 1371 5403 1613 5474; x_wconf 74' lang='lat' dir='ltr'><strong>exerceri.</strong></span> <span class='ocrx_word' id='word_1_808' title='bbox 1672 5398 1804 5455; x_wconf 82' lang='lat' dir='ltr'><strong>Inde</strong></span> <span class='ocrx_word' id='word_1_809' title='bbox 1849 5412 1922 5456; x_wconf 84' lang='lat' dir='ltr'><strong>est</strong></span> <span class='ocrx_word' id='word_1_810' title='bbox 1964 5406 2104 5474; x_wconf 87' lang='lat' dir='ltr'><strong>quod</strong></span> 
     </span>
    </p>
   </div>
   <div class='ocr_carea' id='block_1_105' title="bbox 503 5465 2100 5544">
    <p class='ocr_par' dir='ltr' id='par_1_105' title="bbox 503 5465 2100 5544">
     <span class='ocr_line' id='line_1_105' title="bbox 503 5465 2100 5544; baseline 0.006 -24"><span class='ocrx_word' id='word_1_811' title='bbox 503 5465 753 5544; x_wconf 74' lang='lat' dir='ltr'><strong>Mattliias</strong></span> <span class='ocrx_word' id='word_1_812' title='bbox 787 5473 875 5535; x_wconf 88' lang='lat' dir='ltr'><strong>qui</strong></span> <span class='ocrx_word' id='word_1_813' title='bbox 913 5465 1033 5528; x_wconf 75' lang='lat' dir='ltr'><strong>ante</strong></span> <span class='ocrx_word' id='word_1_814' title='bbox 1057 5482 1380 5542; x_wconf 84' lang='lat' dir='ltr'><strong>pentecosten</strong></span> <span class='ocrx_word' id='word_1_815' title='bbox 1418 5473 1712 5538; x_wconf 85' lang='lat' dir='ltr'><strong>ordinatur,</strong></span> <span class='ocrx_word' id='word_1_816' title='bbox 1742 5483 1876 5528; x_wconf 88' lang='lat' dir='ltr'><strong>sorte</strong></span> <span class='ocrx_word' id='word_1_817' title='bbox 1913 5465 2100 5544; x_wconf 48' lang='lat' dir='ltr'><strong>quieri-</strong></span> 
     </span>
    </p>
   </div>
   <div class='ocr_carea' id='block_1_106' title="bbox 499 5543 2095 5616">
    <p class='ocr_par' dir='ltr' id='par_1_106' title="bbox 499 5543 2095 5616">
     <span class='ocr_line' id='line_1_106' title="bbox 499 5543 2095 5616; baseline 0.006 -23"><span class='ocrx_word' id='word_1_818' title='bbox 499 5548 608 5596; x_wconf 66' lang='grc' dir='ltr'><strong>την.</strong></span> <span class='ocrx_word' id='word_1_819' title='bbox 655 5543 723 5598; x_wconf 85' lang='grc' dir='ltr'><strong>ΕΙ.</strong></span> <span class='ocrx_word' id='word_1_820' title='bbox 771 5548 873 5599; x_wconf 84' lang='lat' dir='ltr'><strong>ltuc</strong></span> <span class='ocrx_word' id='word_1_821' title='bbox 916 5546 971 5599; x_wconf 89' lang='lat' dir='ltr'><strong>in</strong></span> <span class='ocrx_word' id='word_1_822' title='bbox 1018 5545 1414 5616; x_wconf 79' lang='lat' dir='ltr'><strong>pOslerioribus</strong></span> <span class='ocrx_word' id='word_1_823' title='bbox 1464 5561 1530 5600; x_wconf 85' lang='lat' dir='ltr'><strong>eo</strong></span> <span class='ocrx_word' id='word_1_824' title='bbox 1579 5543 2095 5616; x_wconf 13' lang='lat' dir='ltr'><strong>Conlirtuat,rquod</strong></span> 
     </span>
    </p>
   </div>
   <div class='ocr_carea' id='block_1_107' title="bbox 498 5616 2096 5684">
    <p class='ocr_par' dir='ltr' id='par_1_107' title="bbox 498 5616 2096 5684">
     <span class='ocr_line' id='line_1_107' title="bbox 498 5616 2096 5684; baseline 0.003 -15"><span class='ocrx_word' id='word_1_825' title='bbox 498 5625 687 5684; x_wconf 78' lang='lat' dir='ltr'><strong>pOSIea</strong></span> <span class='ocrx_word' id='word_1_826' title='bbox 720 5616 772 5670; x_wconf 86' lang='lat' dir='ltr'><strong>in</strong></span> <span class='ocrx_word' id='word_1_827' title='bbox 798 5616 1070 5672; x_wconf 89' lang='lat' dir='ltr'><strong>electione</strong></span> <span class='ocrx_word' id='word_1_828' title='bbox 1106 5617 1458 5672; x_wconf 71' lang='lat' dir='ltr'><strong>diaconorum</strong></span> <span class='ocrx_word' id='word_1_829' title='bbox 1493 5617 1641 5671; x_wconf 88' lang='lat' dir='ltr'><strong>nulla</strong></span> <span class='ocrx_word' id='word_1_830' title='bbox 1673 5631 1790 5672; x_wconf 89' lang='lat' dir='ltr'><strong>sors</strong></span> <span class='ocrx_word' id='word_1_831' title='bbox 1823 5633 2096 5672; x_wconf 88' lang='lat' dir='ltr'><strong>memore-</strong></span> 
     </span>
    </p>
   </div>
   <div class='ocr_carea' id='block_1_108' title="bbox 499 5687 2096 5758">
    <p class='ocr_par' dir='ltr' id='par_1_108' title="bbox 499 5687 2096 5758">
     <span class='ocr_line' id='line_1_108' title="bbox 499 5687 2096 5758; baseline 0.002 -19"><span class='ocrx_word' id='word_1_832' title='bbox 499 5694 588 5740; x_wconf 90' lang='lat' dir='ltr'><strong>lur</strong></span> <span class='ocrx_word' id='word_1_833' title='bbox 614 5689 992 5744; x_wconf 83' lang='lat' dir='ltr'><strong>intervenisse.</strong></span> <span class='ocrx_word' id='word_1_834' title='bbox 1024 5688 1161 5747; x_wconf 78' lang='lat' dir='ltr'><strong>Addi</strong></span> <span class='ocrx_word' id='word_1_835' title='bbox 1188 5690 1351 5744; x_wconf 81' lang='lat' dir='ltr'><strong>etiam</strong></span> <span class='ocrx_word' id='word_1_836' title='bbox 1387 5697 1565 5758; x_wconf 87' lang='lat' dir='ltr'><strong>potest</strong></span> <span class='ocrx_word' id='word_1_837' title='bbox 1591 5689 1640 5741; x_wconf 90' lang='lat' dir='ltr'><strong>id</strong></span> <span class='ocrx_word' id='word_1_838' title='bbox 1670 5687 1811 5742; x_wconf 87' lang='lat' dir='ltr'><strong>forte</strong></span> <span class='ocrx_word' id='word_1_839' title='bbox 1839 5703 1906 5742; x_wconf 90' lang='lat' dir='ltr'><strong>eo</strong></span> <span class='ocrx_word' id='word_1_840' title='bbox 1933 5689 2096 5743; x_wconf 91' lang='lat' dir='ltr'><strong>modo</strong></span> 
     </span>
    </p>
   </div>
   <div class='ocr_carea' id='block_1_109' title="bbox 497 5759 2096 5828">
    <p class='ocr_par' dir='ltr' id='par_1_109' title="bbox 497 5759 2096 5828">
     <span class='ocr_line' id='line_1_109' title="bbox 497 5759 2096 5828; baseline 0.003 -16"><span class='ocrx_word' id='word_1_841' title='bbox 497 5769 776 5826; x_wconf 87' lang='lat' dir='ltr'><strong>peractum</strong></span> <span class='ocrx_word' id='word_1_842' title='bbox 807 5775 963 5828; x_wconf 82' lang='lat' dir='ltr'><strong>esse,</strong></span> <span class='ocrx_word' id='word_1_843' title='bbox 1012 5771 1066 5815; x_wconf 92' lang='lat' dir='ltr'><strong>ut</strong></span> <span class='ocrx_word' id='word_1_844' title='bbox 1102 5776 1169 5816; x_wconf 92' lang='lat' dir='ltr'><strong>nc</strong></span> <span class='ocrx_word' id='word_1_845' title='bbox 1200 5759 1403 5815; x_wconf 74' lang='lat' dir='ltr'><strong>Judmis</strong></span> <span class='ocrx_word' id='word_1_846' title='bbox 1447 5775 1638 5814; x_wconf 77' lang='lat' dir='ltr'><strong>recens</strong></span> <span class='ocrx_word' id='word_1_847' title='bbox 1664 5759 1732 5814; x_wconf 90' lang='lat' dir='ltr'><strong>ad</strong></span> <span class='ocrx_word' id='word_1_848' title='bbox 1778 5760 1936 5814; x_wconf 79' lang='lat' dir='ltr'><strong>(idem</strong></span> <span class='ocrx_word' id='word_1_849' title='bbox 1964 5775 2096 5816; x_wconf 78' lang='lat' dir='ltr'><strong>con-</strong></span> 
     </span>
    </p>
   </div>
   <div class='ocr_carea' id='block_1_110' title="bbox 491 5831 2092 5901">
    <p class='ocr_par' dir='ltr' id='par_1_110' title="bbox 491 5831 2092 5901">
     <span class='ocr_line' id='line_1_110' title="bbox 491 5831 2092 5901; baseline 0.003 -18"><span class='ocrx_word' id='word_1_850' title='bbox 491 5832 667 5887; x_wconf 79' lang='lat' dir='ltr'><strong>versis</strong></span> <span class='ocrx_word' id='word_1_851' title='bbox 693 5831 1009 5889; x_wconf 76' lang='lat' dir='ltr'><strong>offettsiouis</strong></span> <span class='ocrx_word' id='word_1_852' title='bbox 1053 5832 1276 5889; x_wconf 85' lang='lat' dir='ltr'><strong>daretur</strong></span> <span class='ocrx_word' id='word_1_853' title='bbox 1305 5832 1552 5898; x_wconf 83' lang='lat' dir='ltr'><strong>occasio,</strong></span> <span class='ocrx_word' id='word_1_854' title='bbox 1605 5845 1765 5900; x_wconf 89' lang='lat' dir='ltr'><strong>quam</strong></span> <span class='ocrx_word' id='word_1_855' title='bbox 1811 5831 1981 5901; x_wconf 83' lang='lat' dir='ltr'><strong>ipsam</strong></span> <span class='ocrx_word' id='word_1_856' title='bbox 2022 5833 2092 5888; x_wconf 89' lang='lat' dir='ltr'><strong>ob</strong></span> 
     </span>
    </p>
   </div>
   <div class='ocr_carea' id='block_1_111' title="bbox 2284 4604 3820 4685">
    <p class='ocr_par' dir='ltr' id='par_1_111' title="bbox 2284 4604 3820 4685">
     <span class='ocr_line' id='line_1_111' title="bbox 2284 4604 3820 4685; baseline 0.007 -25"><span class='ocrx_word' id='word_1_857' title='bbox 2284 4604 2312 4643; x_wconf 76' lang='grc' dir='ltr'>ἀ</span> <span class='ocrx_word' id='word_1_858' title='bbox 2368 4608 2513 4665; x_wconf 88' lang='lat' dir='ltr'><strong>Idem</strong></span> <span class='ocrx_word' id='word_1_859' title='bbox 2569 4609 2733 4665; x_wconf 88' lang='lat' dir='ltr'><strong>Corb.</strong></span> <span class='ocrx_word' id='word_1_860' title='bbox 2789 4621 2844 4668; x_wconf 90' lang='lat' dir='ltr'><strong>et</strong></span> <span class='ocrx_word' id='word_1_861' title='bbox 2897 4610 2993 4666; x_wconf 90' lang='lat' dir='ltr'><strong>alii</strong></span> <span class='ocrx_word' id='word_1_862' title='bbox 3050 4611 3298 4682; x_wconf 88' lang='lat' dir='ltr'><strong>aliquot,</strong></span> <span class='ocrx_word' id='word_1_863' title='bbox 3357 4621 3476 4667; x_wconf 90' lang='lat' dir='ltr'><strong>ante</strong></span> <span class='ocrx_word' id='word_1_864' title='bbox 3524 4628 3627 4668; x_wconf 90' lang='lat' dir='ltr'><strong>non</strong></span> <span class='ocrx_word' id='word_1_865' title='bbox 3684 4630 3820 4685; x_wconf 79' lang='lat' dir='ltr'><strong>pra:-</strong></span> 
     </span>
    </p>
   </div>
   <div class='ocr_carea' id='block_1_112' title="bbox 2212 4690 2466 4737">
    <p class='ocr_par' dir='ltr' id='par_1_112' title="bbox 2212 4690 2466 4737">
     <span class='ocr_line' id='line_1_112' title="bbox 2212 4690 2466 4737; baseline 0.016 -4"><span class='ocrx_word' id='word_1_866' title='bbox 2212 4690 2466 4737; x_wconf 86' lang='lat' dir='ltr'><strong>sentotur.</strong></span> 
     </span>
    </p>
   </div>
   <div class='ocr_carea' id='block_1_113' title="bbox 2287 4751 3814 4813">
    <p class='ocr_par' dir='ltr' id='par_1_113' title="bbox 2287 4751 3814 4813">
     <span class='ocr_line' id='line_1_113' title="bbox 2287 4751 3814 4813; baseline 0.003 -5"><span class='ocrx_word' id='word_1_867' title='bbox 2287 4759 2311 4787; x_wconf 82' lang='lat'><strong><em>°</em></strong></span> <span class='ocrx_word' id='word_1_868' title='bbox 2349 4751 2440 4808; x_wconf 92' lang='lat' dir='ltr'><strong>Sic</strong></span> <span class='ocrx_word' id='word_1_869' title='bbox 2475 4769 2666 4808; x_wconf 91' lang='lat' dir='ltr'><strong>omnes</strong></span> <span class='ocrx_word' id='word_1_870' title='bbox 2699 4768 2831 4810; x_wconf 88' lang='lat' dir='ltr'><strong>mss.</strong></span> <span class='ocrx_word' id='word_1_871' title='bbox 2863 4768 2926 4810; x_wconf 89' lang='lat' dir='ltr'><strong>ac</strong></span> <span class='ocrx_word' id='word_1_872' title='bbox 2951 4763 3061 4809; x_wconf 92' lang='lat' dir='ltr'><strong>vet.</strong></span> <span class='ocrx_word' id='word_1_873' title='bbox 3095 4753 3229 4809; x_wconf 88' lang='lat' dir='ltr'><strong>edit.</strong></span> <span class='ocrx_word' id='word_1_874' title='bbox 3270 4753 3595 4813; x_wconf 70' lang='lat' dir='ltr'><strong>Rom.‘vero</strong></span> <span class='ocrx_word' id='word_1_875' title='bbox 3635 4755 3814 4813; x_wconf 86' lang='lat' dir='ltr'><strong>locum</strong></span> 
     </span>
    </p>
   </div>
   <div class='ocr_carea' id='block_1_114' title="bbox 2210 4825 3816 4896">
    <p class='ocr_par' dir='ltr' id='par_1_114' title="bbox 2210 4825 3816 4896">
     <span class='ocr_line' id='line_1_114' title="bbox 2210 4825 3816 4896; baseline 0.005 -19"><span class='ocrx_word' id='word_1_876' title='bbox 2210 4826 2482 4879; x_wconf 82' lang='lat' dir='ltr'><strong>contraxit</strong></span> <span class='ocrx_word' id='word_1_877' title='bbox 2511 4825 2560 4880; x_wconf 93' lang='lat' dir='ltr'><strong>iu</strong></span> <span class='ocrx_word' id='word_1_878' title='bbox 2594 4826 2734 4880; x_wconf 88' lang='lat' dir='ltr'><strong>hanc</strong></span> <span class='ocrx_word' id='word_1_879' title='bbox 2763 4825 2991 4881; x_wconf 84' lang='lat' dir='ltr'><strong>formam</strong></span> <span class='ocrx_word' id='word_1_880' title='bbox 3011 4867 3028 4892; x_wconf 88' lang='lat'><strong>,</strong></span> <span class='ocrx_word' id='word_1_881' title='bbox 3058 4827 3216 4881; x_wconf 88' lang='lat' dir='ltr'><strong>situm</strong></span> <span class='ocrx_word' id='word_1_882' title='bbox 3253 4835 3326 4880; x_wconf 89' lang='lat' dir='ltr'><strong>est</strong></span> <span class='ocrx_word' id='word_1_883' title='bbox 3366 4826 3563 4896; x_wconf 82' lang='lat' dir='ltr'><strong>videri,</strong></span> <span class='ocrx_word' id='word_1_884' title='bbox 3612 4840 3816 4886; x_wconf 64' lang='lat' dir='ltr'><strong>natura</strong></span> 
     </span>
    </p>
   </div>
   <div class='ocr_carea' id='block_1_115' title="bbox 2209 4897 2771 4952">
    <p class='ocr_par' dir='ltr' id='par_1_115' title="bbox 2209 4897 2771 4952">
     <span class='ocr_line' id='line_1_115' title="bbox 2209 4897 2771 4952; baseline 0.007 -5"><span class='ocrx_word' id='word_1_885' title='bbox 2209 4911 2328 4948; x_wconf 81' lang='lat' dir='ltr'><strong>vero</strong></span> <span class='ocrx_word' id='word_1_886' title='bbox 2353 4906 2427 4950; x_wconf 80' lang='lat' dir='ltr'><strong>est</strong></span> <span class='ocrx_word' id='word_1_887' title='bbox 2455 4914 2557 4951; x_wconf 90' lang='lat' dir='ltr'><strong>non</strong></span> <span class='ocrx_word' id='word_1_888' title='bbox 2592 4897 2771 4952; x_wconf 76' lang='lat' dir='ltr'><strong>videri.</strong></span> 
     </span>
    </p>
   </div>
   <div class='ocr_carea' id='block_1_116' title="bbox 2287 4965 3812 5043">
    <p class='ocr_par' dir='ltr' id='par_1_116' title="bbox 2287 4965 3812 5043">
     <span class='ocr_line' id='line_1_116' title="bbox 2287 4965 3812 5043; baseline 0.007 -24"><span class='ocrx_word' id='word_1_889' title='bbox 2287 4965 2306 5005; x_wconf 67' lang='grc' dir='ltr'><em>ι</em></span> <span class='ocrx_word' id='word_1_890' title='bbox 2342 4968 2484 5043; x_wconf 65' lang='lat' dir='ltr'><strong>tium</strong></span> <span class='ocrx_word' id='word_1_891' title='bbox 2539 4984 2698 5043; x_wconf 85' lang='lat' dir='ltr'><strong>nemo</strong></span> <span class='ocrx_word' id='word_1_892' title='bbox 2747 4970 3048 5043; x_wconf 86' lang='lat' dir='ltr'><strong>catholicus</strong></span> <span class='ocrx_word' id='word_1_893' title='bbox 3095 4969 3392 5043; x_wconf 68' lang='lat' dir='ltr'><strong>ambigere</strong></span> <span class='ocrx_word' id='word_1_894' title='bbox 3416 4970 3628 5039; x_wconf 87' lang='lat' dir='ltr'><strong>possit,</strong></span> <span class='ocrx_word' id='word_1_895' title='bbox 3679 4972 3812 5043; x_wconf 87' lang='lat' dir='ltr'><strong>quin</strong></span> 
     </span>
    </p>
   </div>
   <div class='ocr_carea' id='block_1_117' title="bbox 2209 5037 3812 5111">
    <p class='ocr_par' dir='ltr' id='par_1_117' title="bbox 2209 5037 3812 5111">
     <span class='ocr_line' id='line_1_117' title="bbox 2209 5037 3812 5111; baseline 0.002 -16"><span class='ocrx_word' id='word_1_896' title='bbox 2209 5037 2356 5095; x_wconf 83' lang='lat' dir='ltr'><strong>beati</strong></span> <span class='ocrx_word' id='word_1_897' title='bbox 2402 5039 2595 5111; x_wconf 87' lang='lat' dir='ltr'><strong>Augcli</strong></span> <span class='ocrx_word' id='word_1_898' title='bbox 2645 5058 2862 5111; x_wconf 88' lang='lat' dir='ltr'><strong>semper</strong></span> <span class='ocrx_word' id='word_1_899' title='bbox 2891 5042 3110 5096; x_wconf 89' lang='lat' dir='ltr'><strong>videant</strong></span> <span class='ocrx_word' id='word_1_900' title='bbox 3139 5037 3329 5097; x_wconf 61' lang='lat' dir='ltr'><strong>facii-m</strong></span> <span class='ocrx_word' id='word_1_901' title='bbox 3374 5037 3577 5106; x_wconf 79' lang='lat' dir='ltr'><strong>Patris,</strong></span> <span class='ocrx_word' id='word_1_902' title='bbox 3609 5037 3812 5099; x_wconf 77' lang='lat' dir='ltr'><strong>intelli-</strong></span> 
     </span>
    </p>
   </div>
   <div class='ocr_carea' id='block_1_118' title="bbox 2210 5112 3811 5184">
    <p class='ocr_par' dir='ltr' id='par_1_118' title="bbox 2210 5112 3811 5184">
     <span class='ocr_line' id='line_1_118' title="bbox 2210 5112 3811 5184; baseline 0.006 -21"><span class='ocrx_word' id='word_1_903' title='bbox 2210 5112 2419 5184; x_wconf 8' lang='lat' dir='ltr'><strong>gﬁcndus</strong></span> <span class='ocrx_word' id='word_1_904' title='bbox 2445 5114 2531 5169; x_wconf 90' lang='lat' dir='ltr'><strong>hic</strong></span> <span class='ocrx_word' id='word_1_905' title='bbox 2557 5113 2709 5170; x_wconf 72' lang='lat' dir='ltr'><strong>locus</strong></span> <span class='ocrx_word' id='word_1_906' title='bbox 2745 5114 2814 5168; x_wconf 87' lang='lat' dir='ltr'><strong>de</strong></span> <span class='ocrx_word' id='word_1_907' title='bbox 2839 5114 3073 5184; x_wconf 83' lang='lat' dir='ltr'><strong>visione,</strong></span> <span class='ocrx_word' id='word_1_908' title='bbox 3108 5121 3164 5166; x_wconf 91' lang='lat' dir='ltr'><strong>ut</strong></span> <span class='ocrx_word' id='word_1_909' title='bbox 3194 5120 3424 5178; x_wconf 90' lang='lat' dir='ltr'><strong>vocant,</strong></span> <span class='ocrx_word' id='word_1_910' title='bbox 3451 5116 3811 5184; x_wconf 81' lang='lat' dir='ltr'><strong>comprehen-</strong></span> 
     </span>
    </p>
   </div>
   <div class='ocr_carea' id='block_1_119' title="bbox 2210 5183 3808 5256">
    <p class='ocr_par' dir='ltr' id='par_1_119' title="bbox 2210 5183 3808 5256">
     <span class='ocr_line' id='line_1_119' title="bbox 2210 5183 3808 5256; baseline 0.003 -20"><span class='ocrx_word' id='word_1_911' title='bbox 2210 5183 2345 5256; x_wconf 84' lang='lat' dir='ltr'><strong>siva.</strong></span> <span class='ocrx_word' id='word_1_912' title='bbox 2371 5185 2522 5251; x_wconf 79' lang='lat' dir='ltr'><strong>Quod</strong></span> <span class='ocrx_word' id='word_1_913' title='bbox 2550 5185 2766 5253; x_wconf 86' lang='lat' dir='ltr'><strong>quidem</strong></span> <span class='ocrx_word' id='word_1_914' title='bbox 2795 5185 2910 5251; x_wconf 82' lang='lat' dir='ltr'><strong>ip-e</strong></span> <span class='ocrx_word' id='word_1_915' title='bbox 2937 5183 3137 5256; x_wconf 81' lang='lat' dir='ltr'><strong>Doctor</strong></span> <span class='ocrx_word' id='word_1_916' title='bbox 3158 5186 3288 5239; x_wconf 87' lang='lat' dir='ltr'><strong>satis</strong></span> <span class='ocrx_word' id='word_1_917' title='bbox 3311 5197 3500 5252; x_wconf 80' lang='lat' dir='ltr'><strong>aperte</strong></span> <span class='ocrx_word' id='word_1_918' title='bbox 3521 5183 3808 5256; x_wconf 72' lang='lat' dir='ltr'><strong>significat,</strong></span> 
     </span>
    </p>
   </div>
   <div class='ocr_carea' id='block_1_120' title="bbox 2209 5254 3812 5330">
    <p class='ocr_par' dir='ltr' id='par_1_120' title="bbox 2209 5254 3812 5330">
     <span class='ocr_line' id='line_1_120' title="bbox 2209 5254 3812 5330; baseline 0.003 -22"><span class='ocrx_word' id='word_1_919' title='bbox 2209 5254 2339 5330; x_wconf 81' lang='lat' dir='ltr'><strong>dum</strong></span> <span class='ocrx_word' id='word_1_920' title='bbox 2362 5257 2496 5310; x_wconf 91' lang='lat' dir='ltr'><strong>infra</strong></span> <span class='ocrx_word' id='word_1_921' title='bbox 2515 5258 2719 5321; x_wconf 82' lang='lat' dir='ltr'><strong>subdit,</strong></span> <span class='ocrx_word' id='word_1_922' title='bbox 2736 5255 3104 5330; x_wconf 81' lang='lat' dir='ltr'><strong>plenitudinem</strong></span> <span class='ocrx_word' id='word_1_923' title='bbox 3125 5257 3406 5330; x_wconf 82' lang='lat' dir='ltr'><strong>diuinitatis</strong></span> <span class='ocrx_word' id='word_1_924' title='bbox 3429 5254 3812 5330; x_wconf 24' lang='lat' dir='ltr'><strong>neino‘conspe-</strong></span> 
     </span>
    </p>
   </div>
   <div class='ocr_carea' id='block_1_121' title="bbox 2207 5327 3809 5400">
    <p class='ocr_par' dir='ltr' id='par_1_121' title="bbox 2207 5327 3809 5400">
     <span class='ocr_line' id='line_1_121' title="bbox 2207 5327 3809 5400; baseline 0.004 -20"><span class='ocrx_word' id='word_1_925' title='bbox 2207 5327 2285 5400; x_wconf 72' lang='lat' dir='ltr'><strong>xit</strong></span> <span class='ocrx_word' id='word_1_926' title='bbox 2307 5368 2320 5390; x_wconf 92' lang='lat'><strong>,</strong></span> <span class='ocrx_word' id='word_1_927' title='bbox 2351 5344 2501 5382; x_wconf 83' lang='lat' dir='ltr'><strong>nemo</strong></span> <span class='ocrx_word' id='word_1_928' title='bbox 2522 5338 2686 5382; x_wconf 86' lang='lat' dir='ltr'><strong>mente</strong></span> <span class='ocrx_word' id='word_1_929' title='bbox 2708 5337 2798 5382; x_wconf 89' lang='lat' dir='ltr'><strong>aut</strong></span> <span class='ocrx_word' id='word_1_930' title='bbox 2823 5329 2988 5381; x_wconf 85' lang='lat' dir='ltr'><strong>oculis</strong></span> <span class='ocrx_word' id='word_1_931' title='bbox 3023 5328 3426 5400; x_wconf 52' lang='lat' dir='ltr'><strong>(erupre/tendit.</strong></span> <span class='ocrx_word' id='word_1_932' title='bbox 3464 5328 3649 5400; x_wconf 81' lang='lat' dir='ltr'><strong>Neque</strong></span> <span class='ocrx_word' id='word_1_933' title='bbox 3680 5327 3809 5387; x_wconf 76' lang='lat' dir='ltr'><strong>vero</strong></span> 
     </span>
    </p>
   </div>
   <div class='ocr_carea' id='block_1_122' title="bbox 2208 5397 3804 5470">
    <p class='ocr_par' dir='ltr' id='par_1_122' title="bbox 2208 5397 3804 5470">
     <span class='ocr_line' id='line_1_122' title="bbox 2208 5397 3804 5470; baseline 0.005 -20"><span class='ocrx_word' id='word_1_934' title='bbox 2208 5397 2366 5452; x_wconf 89' lang='lat' dir='ltr'><strong>aliter</strong></span> <span class='ocrx_word' id='word_1_935' title='bbox 2386 5400 2766 5470; x_wconf 83' lang='lat' dir='ltr'><strong>accipiendum</strong></span> <span class='ocrx_word' id='word_1_936' title='bbox 2795 5407 2880 5453; x_wconf 85' lang='lat' dir='ltr'><strong>est</strong></span> <span class='ocrx_word' id='word_1_937' title='bbox 2907 5398 3050 5468; x_wconf 86' lang='lat' dir='ltr'><strong>quod</strong></span> <span class='ocrx_word' id='word_1_938' title='bbox 3081 5400 3151 5451; x_wconf 86' lang='lat' dir='ltr'><strong>ait</strong></span> <span class='ocrx_word' id='word_1_939' title='bbox 3175 5397 3597 5470; x_wconf 57' lang='lat' dir='ltr'><strong>Chrysostomu&#39;s</strong></span> <span class='ocrx_word' id='word_1_940' title='bbox 3625 5401 3804 5458; x_wconf 77' lang='grc' dir='ltr'><strong>εἐπεὶ</strong></span> 
     </span>
    </p>
   </div>
   <div class='ocr_carea' id='block_1_123' title="bbox 2209 5469 3803 5549">
    <p class='ocr_par' dir='ltr' id='par_1_123' title="bbox 2209 5469 3803 5549">
     <span class='ocr_line' id='line_1_123' title="bbox 2209 5469 3803 5549; baseline 0.001 -22"><span class='ocrx_word' id='word_1_941' title='bbox 2209 5469 2713 5549; x_wconf 29' lang='grc' dir='ltr'><strong>ἕῦτόλὸπερηέστὶνῤ</strong></span> <span class='ocrx_word' id='word_1_942' title='bbox 2743 5471 2866 5549; x_wconf 53' lang='grc' dir='ltr'><strong>Θεὸς</strong></span> <span class='ocrx_word' id='word_1_943' title='bbox 2901 5472 2961 5549; x_wconf 66' lang='lat' dir='ltr'><strong>ot}</strong></span> <span class='ocrx_word' id='word_1_944' title='bbox 3004 5469 3480 5549; x_wconf 50' lang='grc' dir='ltr'><strong>μόνονλτροφῆται,</strong></span> <span class='ocrx_word' id='word_1_945' title='bbox 3519 5472 3642 5527; x_wconf 77' lang='grc' dir='ltr'><strong>ἀλλὰ</strong></span> <span class='ocrx_word' id='word_1_946' title='bbox 3683 5471 3803 5549; x_wconf 53' lang='lat' dir='ltr'><strong>aii-cc</strong></span> 
     </span>
    </p>
   </div>
   <div class='ocr_carea' id='block_1_124' title="bbox 2208 5539 3801 5619">
    <p class='ocr_par' dir='ltr' id='par_1_124' title="bbox 2208 5539 3801 5619">
     <span class='ocr_line' id='line_1_124' title="bbox 2208 5539 3801 5619; baseline -0.001 -23"><span class='ocrx_word' id='word_1_947' title='bbox 2208 5541 2414 5619; x_wconf 64' lang='grc' dir='ltr'><strong>ᾇγγελοι</strong></span> <span class='ocrx_word' id='word_1_948' title='bbox 2455 5539 2738 5619; x_wconf 40' lang='grc' dir='ltr'><strong>ἒῖᾃον-οὔτι</strong></span> <span class='ocrx_word' id='word_1_949' title='bbox 2771 5539 3117 5619; x_wconf 66' lang='grc' dir='ltr'><strong>ἀρχάγγὲλοι.</strong></span> <span class='ocrx_word' id='word_1_950' title='bbox 3164 5539 3311 5619; x_wconf 55' lang='lat' dir='ltr'><strong>Na&#39;nt&#39;</strong></span> <span class='ocrx_word' id='word_1_951' title='bbox 3348 5544 3400 5596; x_wconf 88' lang='lat' dir='ltr'><strong>iu</strong></span> <span class='ocrx_word' id='word_1_952' title='bbox 3426 5547 3801 5619; x_wconf 56' lang='lat' dir='ltr'><strong>sequi-utilius</strong></span> 
     </span>
    </p>
   </div>
   <div class='ocr_carea' id='block_1_125' title="bbox 2205 5613 3803 5683">
    <p class='ocr_par' dir='ltr' id='par_1_125' title="bbox 2205 5613 3803 5683">
     <span class='ocr_line' id='line_1_125' title="bbox 2205 5613 3803 5683; baseline 0.002 -16"><span class='ocrx_word' id='word_1_953' title='bbox 2205 5613 2347 5668; x_wconf 73' lang='lat' dir='ltr'><strong>haud</strong></span> <span class='ocrx_word' id='word_1_954' title='bbox 2375 5614 2642 5683; x_wconf 75' lang='lat' dir='ltr'><strong>ambiguis</strong></span> <span class='ocrx_word' id='word_1_955' title='bbox 2669 5613 2936 5670; x_wconf 35' lang='lat' dir='ltr'><strong>veriu&#39;sIe</strong></span> <span class='ocrx_word' id='word_1_956' title='bbox 2969 5613 3082 5682; x_wconf 80' lang='lat' dir='ltr'><strong>ipse</strong></span> <span class='ocrx_word' id='word_1_957' title='bbox 3103 5616 3355 5682; x_wconf 82' lang='lat' dir='ltr'><strong>exponit,</strong></span> <span class='ocrx_word' id='word_1_958' title='bbox 3387 5615 3475 5668; x_wconf 83' lang='lat' dir='ltr'><strong>ulii</strong></span> <span class='ocrx_word' id='word_1_959' title='bbox 3501 5613 3666 5674; x_wconf 87' lang='lat' dir='ltr'><strong>dicit.</strong></span> <span class='ocrx_word' id='word_1_960' title='bbox 3694 5617 3803 5671; x_wconf 74' lang='grc' dir='ltr'>ἀλλ’</span> 
     </span>
    </p>
   </div>
   <div class='ocr_carea' id='block_1_126' title="bbox 2202 5682 3801 5748">
    <p class='ocr_par' dir='ltr' id='par_1_126' title="bbox 2202 5682 3801 5748">
     <span class='ocr_line' id='line_1_126' title="bbox 2202 5682 3801 5748; baseline -0.001 -6"><span class='ocrx_word' id='word_1_961' title='bbox 2202 5686 2366 5747; x_wconf 73' lang='grc' dir='ltr'>οὕτως</span> <span class='ocrx_word' id='word_1_962' title='bbox 2387 5682 2550 5748; x_wconf 54' lang='grc' dir='ltr'><strong>οὐδεὶς⁹</strong></span> <span class='ocrx_word' id='word_1_963' title='bbox 2584 5682 2713 5742; x_wconf 82' lang='grc' dir='ltr'>οἶδεν</span> <span class='ocrx_word' id='word_1_964' title='bbox 2741 5689 2810 5748; x_wconf 81' lang='grc' dir='ltr'><em>ὡς</em></span> <span class='ocrx_word' id='word_1_965' title='bbox 2837 5685 2864 5741; x_wconf 83' lang='grc' dir='ltr'>ὁ</span> <span class='ocrx_word' id='word_1_966' title='bbox 2892 5688 3026 5748; x_wconf 80' lang='grc' dir='ltr'><strong>Υἱὸς.</strong></span> <span class='ocrx_word' id='word_1_967' title='bbox 3063 5684 3124 5738; x_wconf 84' lang='lat' dir='ltr'><strong>Et</strong></span> <span class='ocrx_word' id='word_1_968' title='bbox 3157 5683 3294 5739; x_wconf 77' lang='lat' dir='ltr'><strong>infra</strong></span> <span class='ocrx_word' id='word_1_969' title='bbox 3321 5686 3496 5742; x_wconf 85' lang='lat' dir='ltr'><strong>eidem</strong></span> <span class='ocrx_word' id='word_1_970' title='bbox 3530 5684 3666 5743; x_wconf 83' lang='lat' dir='ltr'><strong>Filio</strong></span> <span class='ocrx_word' id='word_1_971' title='bbox 3697 5688 3801 5742; x_wconf 77' lang='lat' dir='ltr'><strong>tri-</strong></span> 
     </span>
    </p>
   </div>
   <div class='ocr_carea' id='block_1_127' title="bbox 2203 5755 3352 5834">
    <p class='ocr_par' dir='ltr' id='par_1_127' title="bbox 2203 5755 3352 5834">
     <span class='ocr_line' id='line_1_127' title="bbox 2203 5755 3352 5834; baseline 0 -20"><span class='ocrx_word' id='word_1_972' title='bbox 2203 5760 2319 5815; x_wconf 86' lang='lat' dir='ltr'><strong>huit</strong></span> <span class='ocrx_word' id='word_1_973' title='bbox 2341 5759 2466 5834; x_wconf 66' lang='lat' dir='ltr'><strong>soli,</strong></span> <span class='ocrx_word' id='word_1_974' title='bbox 2499 5759 2682 5834; x_wconf 67' lang='grc' dir='ltr'><strong>ἀκριϐῆ</strong></span> <span class='ocrx_word' id='word_1_975' title='bbox 2705 5765 2798 5834; x_wconf 74' lang='grc' dir='ltr'><strong>τ’ρῦ</strong></span> <span class='ocrx_word' id='word_1_976' title='bbox 2828 5760 3025 5834; x_wconf 62' lang='lat' dir='ltr'><strong>Harpe:</strong></span> <span class='ocrx_word' id='word_1_977' title='bbox 3051 5755 3352 5834; x_wconf 57' lang='grc' dir='ltr'><strong>κατάληψιν.</strong></span> 
     </span>
    </p>
   </div>
   <div class='ocr_carea' id='block_1_128' title="bbox 2277 5827 3800 5900">
    <p class='ocr_par' dir='ltr' id='par_1_128' title="bbox 2277 5827 3800 5900">
     <span class='ocr_line' id='line_1_128' title="bbox 2277 5827 3800 5900; baseline 0.001 -15"><span class='ocrx_word' id='word_1_978' title='bbox 2277 5840 2298 5878; x_wconf 70' lang='grc' dir='ltr'>ε</span> <span class='ocrx_word' id='word_1_979' title='bbox 2343 5828 2502 5885; x_wconf 79' lang='lat' dir='ltr'><strong>Rom.</strong></span> <span class='ocrx_word' id='word_1_980' title='bbox 2525 5827 2656 5887; x_wconf 81' lang='lat' dir='ltr'><strong>edit.</strong></span> <span class='ocrx_word' id='word_1_981' title='bbox 2681 5831 2817 5899; x_wconf 89' lang='lat' dir='ltr'><strong>sola,</strong></span> <span class='ocrx_word' id='word_1_982' title='bbox 2836 5831 2880 5884; x_wconf 85' lang='lat' dir='ltr'><strong>si</strong></span> <span class='ocrx_word' id='word_1_983' title='bbox 2905 5827 3072 5884; x_wconf 75' lang='lat' dir='ltr'><strong>tiuneu</strong></span> <span class='ocrx_word' id='word_1_984' title='bbox 3101 5836 3148 5882; x_wconf 89' lang='lat' dir='ltr'><strong>et</strong></span> <span class='ocrx_word' id='word_1_985' title='bbox 3175 5827 3406 5900; x_wconf 84' lang='lat' dir='ltr'><strong>Spiritus</strong></span> <span class='ocrx_word' id='word_1_986' title='bbox 3429 5838 3634 5887; x_wconf 84' lang='lat' dir='ltr'><strong>sanctus</strong></span> <span class='ocrx_word' id='word_1_987' title='bbox 3657 5830 3800 5887; x_wconf 82' lang='lat' dir='ltr'><strong>visus</strong></span> 
     </span>
    </p>
   </div>
  </div>
