4156 6346
337 277 467 332 lii-£5

1337 292 1704 353 EXPOSITID
1745 297 1996 358 EVANG.
2039 303 2188 364 SEC.
2232 306 2387 367 LUC.
2431 310 2561 369 LIB.
2602 316 2641 370 ι.

3475 332 3614 392 1546

331 394 452 449 titur
491 396 725 456 incessu.
768 401 841 458 Et
882 418 1003 459 cum
1052 407 1249 463 absens
1293 420 1531 480 putatur,
1572 415 1820 471 videtur:
1854 428 1908 473 et
1934 420 1986 479 A
2086 421 2178 479 50.
2220 423 2602 485 Admonentur
2622 431 2784 487 etiam
2815 446 3068 504 parentes
3094 441 3297 508 gratias
3322 457 3482 515 agere
3508 465 3615 505 non

326 501 441 541 cum
468 504 707 559 praesens
730 503 848 562 est,
879 512 985 553 non
1013 500 1250 556 videtur.
1284 504 1523 576 Denique
1556 523 1654 562 nec
1683 510 1912 580 apostoli

325 594 505 637 omnes
528 582 804 643 Christum
838 590 1129 658 videbant;
1179 604 1235 650 et
1273 596 1399 653 ideo
1442 600 1559 655 ait:
1592 600 1757 658 Tanto
1786 612 1914 659 tem-

325 688 440 740 pore
461 676 715 733 uobiscum
741 698 877 749 sum,
900 696 949 740 et
970 685 1145 741 adhuc
1165 705 1246 743 me
1264 706 1369 745 non
1389 695 1697 766 cognouistis
1723 694 1906 766 (Joan.

322 781 424 833 xtv,
457 766 543 839 9)!
576 770 679 841 Qui
710 776 856 832 enim
885 781 1143 849 cognovit
1167 798 1289 852 quae
1316 784 1390 840 sit
1420 785 1682 856 latitudo,
1712 798 1767 845 et
1792 791 1912 846 lon-

318 863 518 933 gitudo,
552 875 609 923 et
636 868 892 939 altitudo,
922 882 979 929 et
1008 875 1367 945 profundum,
1399 889 1454 935 et
1499 884 1911 951 supereminen-

319 964 419 1012 tcm
454 958 697 1016 scientia:
722 962 1051 1023 cbaritatem
1074 967 1314 1036 Christi,
1353 971 1488 1027 vidit
1510 982 1566 1029 et
1589 973 1872 1032 Christum
1891 1017 1907 1044 ,

317 1052 443 1107 vidit
470 1062 525 1108 et
564 1053 806 1113 Patrem.
837 1058 950 1116 Nos
995 1064 1140 1118 enim
1184 1063 1298 1135 jam
1342 1067 1644 1124 secundum
1688 1084 1907 1126 carnem

316 1162 418 1201 non
442 1148 691 1205 novimus
714 1148 1013 1221 Christum,
1044 1156 1139 1212 sed
1164 1159 1459 1215 secundum
1492 1162 1773 1232 spiritum;
1800 1165 1911 1236 spi-

314 1240 445 1297 ritus
480 1242 627 1299 enim
669 1254 800 1301 ante
832 1246 1023 1303 faciem
1056 1261 1296 1307 nostram
1329 1253 1578 1311 Chrisms
1609 1256 1870 1313 Dominus
1891 1299 1905 1322 ,

311 1337 396 1405 qui
426 1352 526 1393 nos
552 1339 605 1392 in
629 1354 847 1397 omnem
873 1342 1267 1412 plenitudinem
1289 1346 1385 1401 Dei
1413 1348 1787 1407 misericordia
1810 1367 1907 1407 sua

312 1430 535 1502 implere
565 1431 851 1503 dignetur;
883 1444 941 1492 ut
970 1437 1143 1493 videri
1168 1440 1343 1511 possit
1363 1456 1393 1496 a
1422 1441 1598 1499 nobis.
1620 1443 1753 1499 Ideo
1778 1460 1909 1516 ergo

310 1523 552 1594 apparuit
614 1524 891 1582 Zachariae
966 1530 1206 1602 angelus
1252 1548 1282 1587 a
1338 1533 1545 1590 dextris
1593 1536 1782 1591 altaris
1826 1537 1908 1593 in-

310 1615 474 1680 censi,
503 1617 633 1686 quia
656 1624 911 1689 apparuit
934 1635 1057 1677 cum
1086 1623 1278 1693 voluit,
1308 1640 1416 1681 non
1442 1628 1693 1698 apparuit
1719 1644 1911 1699 quam-

310 1707 395 1764 diu
426 1708 623 1767 noluit.

2016 516 2197 573 minus
2240 534 2337 590 pro
2386 531 2526 592 ortu,
2575 541 2736 597 quam
2784 544 2882 599 pro
2927 533 3138 591 meritis
3180 535 3455 606 ﬁliorum;
3507 558 3615 600 non

2014 610 2161 665 enim
2208 613 2485 673 mediocre
2514 633 2708 675 munus
2738 631 2821 677 est
2855 623 2985 692 Dei,
3017 625 3149 682 dare
3178 628 3378 687 liberos
3412 648 3613 704 ιιι-ορα-

2012 713 2232 775 gatores
2260 710 2512 779 generis,
2545 715 2908 773 successionis
2954 719 3222 778 lneredes.
3267 726 3407 796 Lege
3441 728 3616 787 Jacob

2013 794 2300 854 duodecim
2335 800 2568 858 filiorum
2594 808 2949 875 generatione
2986 813 3224 883 gaudere
3263 794 3414 889 (Gen.
3445 834 3571 877 ηις
3597 863 3611 887 ,

2011 888 2127 961 es).
2159 891 2394 948 Abrahae
2435 895 2578 953 filius
2620 900 2780 957 datur
2830 901 2987 974 (Gen.
3027 922 3148 975 χχι,
3192 888 3279 980 2);
3318 910 3617 970 Zacharias

2012 984 2319 1042 exauditur.
2348 988 2596 1045 Divinum
2626 993 2788 1063 igitur
2822 1012 3040 1067 munus,
3070 999 3377 1061 fecunditas
3406 1016 3489 1063 est
3521 1022 3613 1077 pa-

2012 1076 2205 1133 rentis.
2242 1080 2420 1151 Agant
2458 1082 2637 1153 itaque
2680 1096 2863 1154 patres
2886 1092 3087 1159 gratias
3108 1135 3123 1160 ,
3152 1097 3277 1165 quia
3307 1076 3610 1167 generave-

2013 1178 2139 1223 runt
2168 1187 2181 1225 :
2218 1170 2314 1227 ﬁlii
2334 1215 2348 1239 ,
2378 1174 2499 1244 quia
2530 1180 2773 1248 generati
2804 1193 2930 1238 sunt
2958 1201 2971 1239 :
3005 1195 3227 1255 matres,
3260 1190 3382 1260 quia
3413 1193 3611 1263 conju-

2010 1262 2081 1332 gii
2110 1265 2347 1334 praemiis
2374 1266 2748 1338 honorantur;
2784 1264 3052 1345 stipendia
3083 1280 3225 1334 enim
3256 1282 3466 1338 militia:
3498 1262 3613 1341 sua:

2013 1354 2108 1409 lilii
2140 1366 2285 1411 sunt.
2320 1357 2523 1417 Vernet
2554 1360 2605 1416 in
2633 1363 2729 1420 Dei
2756 1364 2972 1423 laudem
3005 1379 3177 1439 terra,
3219 1375 3342 1444 quia
3373 1377 3610 1433 colitur:

2012 1447 2263 1515 mundus,
2288 1451 2411 1522 quia
2429 1456 2812 1524 cognoscitur:
2841 1458 3103 1528 Ecclesia,
3128 1465 3252 1534 quia
3274 1466 3489 1525 devoue
3514 1486 3612 1527 nu-

2011 1555 2163 1597 mero
2191 1544 2366 1615 plebis
2401 1560 2651 1619 augetur.
2684 1551 2797 1609 Nec
2832 1556 3011 1613 otiose
3042 1558 3095 1613 in
3141 1561 3410 1635 principio
3456 1564 3611 1637 (Gen.

2010 1648 2068 1699 ιι,
2101 1634 2195 1706 24)
2240 1638 2422 1694 statim
2449 1640 2682 1699 Genesis
2710 1646 2805 1702 Dei
2851 1648 3007 1719 jussu
3038 1634 3351 1726 coniugium
3395 1634 3620 1730 copula-

2009 1734 2119 1792 tur,
2144 1728 2245 1784 nisi
2274 1740 2331 1786 ut
2358 1732 2585 1792 haeresis
2608 1737 2939 1797 destruatur.
2967 1743 3059 1801 Sic
3080 1746 3225 1801 enim
3251 1748 3398 1807 Deus
3420 1728 3604 1824 conjuc

373 1804 462 1858 28.
508 1805 979 1876 Apparuitautetu
1002 1824 1032 1864 a
1058 1811 1271 1868 dextris
1292 1812 1481 1870 altaris
1506 1815 1748 1883 incensi;
1782 1818 1907 1890 quia
1938 1824 1987 1885 B
2011 1817 2157 1889 gium
2196 1823 2462 1891 probavit,
2500 1837 2557 1883 ut
2580 1828 2836 1901 jungeret
2865 1851 2878 1887 :
2910 1836 2989 1891 sic
3015 1804 3402 1898 remuneratus
3427 1804 3542 1910 est:
3558 1853 3620 1901 ut

306 1897 503 1955 divina:
551 1899 767 1973 insigne
812 1904 1206 1961 misericordiae
1260 1906 1541 1965 deferebat
1584 1928 1597 1965 :
1649 1910 1909 1970 Dominus

304 1992 443 2048 enim
471 2012 511 2048 a
538 1994 739 2051 dextris
765 2007 838 2051 est
866 1997 1014 2066 mihi,
1047 2016 1109 2054 ne
1136 2018 1458 2059 commoveor
1488 2004 1662 2077 (Psal.
1698 2023 1793 2073 xv,
1824 2008 1905 2081 8).

305 2082 369 2140 Et
394 2086 527 2142 alibi
560 2106 573 2141 :
610 2086 865 2145 Dominus
885 2094 1137 2164 protectio
1161 2104 1251 2150 tua
1276 2113 1435 2168 super
1454 2115 1664 2153 manum
1681 2101 1907 2157 dextera

303 2188 400 2234 tute
436 2180 623 2253 (Psal.
653 2198 760 2238 cxx
782 2228 798 2252 ,
832 2182 910 2257 5).
959 2186 1138 2258 Atque
1169 2193 1375 2245 utinam
1424 2191 1580 2247 nobis
1627 2208 1845 2266 quoque
1878 2205 1904 2233 ἰ

302 2271 648 2331 adolentibus
676 2276 892 2345 altaria,
922 2279 1251 2336 sacriﬁcium
1278 2281 1654 2341 deferentibus
1682 2286 1906 2342 assistat

300 2368 548 2439 angelus,
582 2370 750 2426 immo
776 2372 1018 2443 praebeat
1044 2388 1103 2430 se
1132 2375 1450 2432 videndum.
1477 2377 1598 2433 Non
1630 2379 1776 2435 enim
1804 2379 1905 2435 du-

300 2464 433 2523 bites
485 2467 755 2525 assistere
798 2469 1050 2540 angelum
1074 2510 1087 2532 .
1134 2470 1354 2542 quando
1377 2471 1627 2529 Christus
1654 2474 1899 2542 assistit,

299 2561 516 2629 quando
547 2560 801 2618 Christus
829 2562 1164 2619 immolatur.
1198 2562 1404 2619 Etenim
1441 2566 1637 2637 pascha
1667 2576 1903 2623 nostrum

300 2655 599 2712 immolatus
628 2667 703 2712 est
737 2656 971 2714 Christus
1000 2657 1049 2727 (Ι
1077 2656 1200 2714 Cor.
1229 2674 1284 2725 v,
1318 2656 1394 2729 7).
1418 2658 1530 2715 Nec
1555 2660 1804 2717 verearis
1833 2677 1904 2718 ne

299 2750 547 2806 turbetur
562 2765 662 2806 cor
683 2759 833 2807 tuum
866 2750 1046 2821 angeli
1069 2752 1279 2806 visione
1304 2750 1709 2822 (perturbamur
1728 2753 1898 2821 enim,

296 2851 350 2899 et
385 2860 415 2900 a
446 2852 644 2899 nostro
686 2844 991 2900 alienamur
1020 2842 1252 2911 aﬂ‘ectu,
1303 2844 1522 2914 quando
1562 2845 1901 2916 praestringi-

296 2937 662 3009 muralicujus
681 2937 983 3008 superioris
997 2938 1281 3008 potestatis
1301 2936 1576 3009 occursu),
1593 2937 1735 2993 idem
1754 2938 1899 2994 enim

296 3033 517 3104 angelus
558 3032 650 3103 qui
674 3030 973 3088 occurrerit
997 3030 1182 3100 nobis,
1200 3029 1528 3088 conﬁrmare
1550 3045 1649 3087 nos
1676 3032 1897 3102 poterit,

293 3130 428 3185 sicut
460 3128 746 3186 turbatum
774 3137 899 3186 ante
926 3127 1207 3185 Zachariae
1234 3127 1477 3183 ﬁrmavit
1512 3126 1787 3193 animum,
1818 3124 1897 3182 di-

293 3240 415 3280 cens
451 3242 466 3281 Ξ

360 3318 549 3389 (Vers.
584 3317 675 3385 15,
708 3316 823 3389 l4.)
865 3317 949 3372 Ne
975 3318 1154 3372 timeas
1183 3316 1476 3382 Zacharia,
1508 3316 1759 3385 quoniam
1784 3331 1899 3372 ecce

292 3412 449 3468 oratio
482 3421 583 3467 tua
606 3412 852 3467 exaudita
887 3412 1100 3484 1276
1126 3421 1241 3467 est:
1269 3419 1312 3467 et
1343 3427 1474 3465 uxor
1507 3421 1598 3465 tua
1626 3409 1895 3466 Elizabeth

290 3508 448 3574 pariet
473 3507 684 3577 ﬁlium,
715 3515 761 3561 et
785 3506 989 3561 vocabis
1027 3522 1211 3561 nomen
1241 3510 1355 3579 ejus
1400 3506 1656 3561 Joannem
1681 3521 1699 3556 :
1726 3517 1771 3561 et
1798 3506 1897 3561 erit

288 3599 533 3669 gaudium
559 3598 650 3653 tibi
678 3614 696 3655 :
731 3609 778 3654 et
798 3598 950 3653 multi
984 3598 1038 3653 in
1068 3598 1338 3653 natiuitate
1357 3600 1469 3670 ejus
1498 3599 1818 3671 gaudebunt.

352 3692 443 3748 29.
473 3692 649 3749 Plena
681 3707 924 3763 semper,
957 3700 1013 3747 et
1039 3690 1401 3749 redundantia
1431 3701 1556 3748 sunt
1589 3692 1770 3748 divina
1800 3692 1896 3749 be-

287 3786 474 3843 nelicia
512 3804 526 3841 :
567 3801 673 3842 non
713 3789 909 3860 exiguo
939 3787 1237 3843 constricta
1282 3802 1543 3854 numero,
1591 3786 1689 3843 sed
1733 3784 1891 3842 uberi

288 3881 559 3939 bonorum
588 3891 915 3938 coacervata
951 3889 1249 3953 congestu;
1282 3891 1341 3937 ut
1379 3881 1467 3937 hic
1498 3880 1673 3951 primo
1704 3895 1895 3951 preca-

288 3975 443 4031 tionis
466 3977 711 4044 t'ructus,
745 3975 944 4032 deinde
970 3974 1174 4031 sterilis
1212 3985 1402 4045 partus
1428 3974 1635 4039 uxoris,
1664 3984 1777 4029 tum
1799 3974 1893 4029 lte-

289 4069 395 4124 titia
437 4069 844 4141 plurimorum,
887 4078 941 4126 et
983 4067 1296 4139 magnitudo
1336 4068 1575 4124 virtutis.
1621 4067 1891 4124 Altissimi

287 4179 497 4236 quoque
529 4164 801 4235 propheta
844 4162 1223 4235 promittitur:
1257 4162 1387 4233 quin
1431 4162 1627 4228 etiam,
1676 4178 1746 4217 ne
1785 4176 1892 4232 qua

286 4268 423 4314 esset
442 4258 746 4325 dubitatio,
772 4258 937 4313 futuri
963 4272 1179 4329 quoque
1200 4256 1527 4312 vocabulum
1549 4255 1886 4327 designatur.

285 4350 469 4408 Tantis
499 4353 670 4425 igitur
696 4368 862 4424 supra
889 4362 1074 4408 votum
1118 4351 1446 4418 ﬂuentibus,
1477 4366 1583 4407 non
1611 4350 1890 4407 immerito

286 4446 604 4504 difﬁdentia:
636 4462 793 4517 pinna
825 4446 1102 4502 silentium
1144 4454 1229 4501 est
1257 4462 1272 4501 :
1304 4443 1448 4515 quod
1477 4445 1528 4499 in
1565 4443 1889 4515 posteriori-

285 4539 379 4596 bus
400 4540 847 4612 explanabimus.
868 4539 1141 4597 Solemnis
1167 4546 1348 4594 autem
1373 4537 1558 4594 laetitia
1581 4548 1666 4594 est
1686 4539 1739 4594 in
1764 4547 1887 4594 ortu

1921 3223 1968 3286 (ς
2001 3219 2045 3272 Α
2081 3222 2352 3293 juventule

2011 1910 2209 1981 quibus
2237 1917 2501 1976 sterilitas
2532 1921 2673 1980 ﬁlios
2697 1924 3043 1998 denegasset,
3078 1931 3249 2001 pietas
3276 1933 3455 1992 divina
3484 1952 3617 1995 con-

2010 2004 2252 2064 cederet.

2080 2097 2263 2169 (Vers.
2292 2103 2411 2175 15.)
2452 2104 2522 2162 Et
2546 2111 2645 2163 erit
2672 2128 2891 2183 magnus
2919 2132 3094 2173 coram
3121 2119 3365 2179 Domino.

2078 2190 2170 2246 51.
2211 2192 2330 2250 Non
2370 2200 2620 2270 corporis
2648 2201 2771 2271 hic,
2813 2206 2908 2261 sed
2955 2210 3150 2267 animm
3180 2215 3610 2284 magnitudinem

2006 2281 2326 2344 declaravit.
2376 2288 2476 2345 Est
2516 2307 2701 2351 coram
2749 2297 2976 2356 Domino
3020 2281 3339 2375 magnitudo
3378 2310 3607 2377 animus,

2005 2378 2324 2449 magnitudo
2353 2384 2570 2441 virtutis
2612 2405 2627 2442 :
2671 2398 2755 2445 est
2796 2392 2960 2448 etiam
2992 2400 3232 2467 parvitas
3277 2402 3510 2472 animae,
3557 2415 3613 2463 et

2006 2471 2242 2541 pueritia
2273 2476 2512 2534 virtutis.
2542 2480 2702 2538 Juxta
2730 2485 2873 2541 enim
2906 2488 3103 2545 animm
3139 2502 3193 2548 et
3234 2500 3614 2568 corporisuu-

2007 2580 2281 2624 meramus
2305 2579 2515 2637 aetates,
2547 2590 2655 2630 non
2686 2593 2786 2646 pro
2814 2582 3027 2637 ratione
3065 2588 3359 2657 temporis,
3390 2590 3486 2646 sed
3517 2607 3615 2662 pro

2003 2658 2266 2727 qualitate
2294 2662 2540 2731 virtutis;
2584 2676 2643 2721 ut
2681 2669 2764 2724 vir
2792 2671 3070 2740 perfectus
3113 2676 3205 2734 ille
3246 2679 3485 2749 dicatur,
3517 2658 3609 2753 qui

2003 2765 2189 2811 careat
2233 2772 2423 2817 errore
2472 2762 2757 2831 pueritiae,
2804 2776 2860 2822 et
2901 2767 3171 2826 lubricum
3224 2774 3611 2834 adolescentia:

2003 2847 2170 2904 animi
2207 2852 2520 2909 maturitate
2560 2870 2668 2911 non
2709 2858 2912 2915 sentiat
2942 2879 2955 2916 :
2989 2864 3220 2932 pusillus
3268 2877 3487 2937 autem,
3519 2874 3610 2941 qui

2004 2940 2210 2997 nullum
2242 2942 2419 3000 adhuc
2445 2945 2663 3003 virtutis
2690 2949 2941 3008 videatur
2979 2954 3234 3015 habuisse
3263 2940 3605 3030 processum.

2005 3029 2159 3089 Unde
2190 3034 2324 3091 illud
2367 3036 2421 3092 in
2456 3038 2735 3097 Hieremia
2756 3083 2770 3106 .
2809 3058 2933 3099 cum
2963 3046 3323 3107 misereretur
3348 3052 3612 3112 Dominus

2004 3123 2255 3183 deﬂentis
2285 3128 2562 3201 prratm,
2586 3132 2613 3172 ι)
2639 3144 2695 3190 et
2723 3145 2943 3206 peccata
2978 3142 3193 3211 propria
3218 3143 3566 3216 deprecantis
3594 3167 3605 3201 :

2398 3265 2412 3289 ,
2462 3226 2673 3298 inquit,
2728 3246 2842 3285 mea
2888 3232 3111 3290 dilectus
3168 3239 3297 3294 milii
3344 3251 3419 3295 est
3464 3244 3611 3311 ﬁlius

1999 3310 2267 3385 Ephrazm,
2298 3332 2427 3386 puer
2462 3318 2516 3373 in
2545 3318 2746 3376 deliciis
2774 3320 2989 3393 (Jerem.
3023 3343 3179 3396 χχχι,
3209 3330 3323 3402 20).
3357 3332 3415 3389 Si
3458 3310 3605 3392 enim

2001 3420 2106 3461 non
2138 3406 2331 3465 luisset
2357 3426 2497 3482 puer
2538 3412 2591 3468 in
2620 3412 2863 3485 deliciis,
2904 3434 3198 3491 numquam
3242 3428 3601 3495 peccavisset.

1998 3498 2068 3555 Et
2094 3500 2235 3558 bene
2267 3511 2560 3577 utrumque
2599 3506 2760 3577 dixit,
2806 3522 2861 3567 et
2891 3512 2945 3568 in
2990 3515 3231 3585 deliciis,
3262 3529 3317 3575 et
3346 3536 3605 3591 puerum;

1997 3604 2082 3650 cst
2109 3596 2253 3652 enim
2304 3614 2461 3669 puer,
2507 3600 2601 3672 qui
2642 3618 2752 3659 non
2801 3616 2991 3675 peccat
3027 3625 3041 3663 :
3088 3609 3225 3666 Ecce
3266 3630 3396 3684 puer
3425 3632 3605 3682 meus,

1996 3705 2148 3759 quem
2189 3691 2319 3765 elegi
2353 3690 2523 3765 (Esai.
2558 3710 2710 3762 ant,
2740 3696 2853 3769 10).
2887 3698 2991 3756 l’er
3017 3700 3244 3759 delicias
3272 3705 3456 3777 itaque
3480 3724 3605 3778 pec-

1996 3783 2158 3851 cavit,
2194 3794 2215 3823 ο
2249 3785 2339 3856 qui
2369 3786 2444 3843 ita
2462 3797 2582 3843 erat
2603 3788 2928 3847 informatus
2953 3810 2983 3848 a
3012 3795 3267 3865 Domino,
3298 3808 3357 3856 ut
3385 3804 3603 3862 nescius

1997 3888 2142 3935 esset
2168 3880 2391 3936 erroris.
2426 3881 2573 3953 Ergo
2598 3894 2653 3939 et
2682 3885 2726 3941 si
2751 3902 2886 3956 puer
2916 3887 2969 3942 in
3001 3889 3212 3949 deliciis
3246 3910 3352 3949 non
3384 3894 3599 3965 fuisset,

1996 3981 2053 4028 et
2080 3972 2127 4029 si
2155 3972 2209 4027 in
2237 3973 2413 4029 virum
2444 3975 2743 4044 perfectum
2775 3979 2990 4036 virtutis
3018 3984 3377 4052 processisset
3404 3999 3564 4045 aztate
3583 4034 3597 4057 ,

1995 4084 2289 4141 numquam
2313 4069 2498 4141 lapsus
2518 4071 2743 4139 fuisset;
2769 4082 2829 4129 ut
2852 4075 2929 4131 illi
2956 4092 3181 4135 necesse
3204 4090 3355 4138 esset
3383 4084 3597 4139 veniam

1993 4177 2216 4219 suorum
2248 4172 2437 4235 petere
2474 4168 2683 4240 1277
2708 4168 3052 4241 delictorum,
3083 4190 3207 4230 cum
3238 4178 3410 4249 magis
3436 4184 3600 4237 meri-

1994 4263 2171 4312 torum
2202 4258 2425 4328 praamia
2447 4274 2672 4329 sperare
2698 4260 2944 4319 deberet.
2981 4264 3119 4333 Quid
3146 4266 3308 4323 etiam
3334 4269 3598 4331 Dominus

1992 4359 2180 4405 noster
2207 4350 2260 4405 in
2292 4349 2591 4423 Evangelia
2624 4353 2838 4412 videtur
2867 4358 3212 4429 exprimere,
3259 4378 3382 4418 cum
3414 4365 3547 4423 dicit
3580 4387 3593 4423 :

1993 4441 2176 4498 Nolite
2206 4454 2528 4500 contemnere
2550 4463 2712 4502 unum
2740 4466 2803 4505 ex
2826 4451 3030 4523 pusillis
3057 4453 3169 4509 istis
3192 4454 3406 4526 (Matth.
3439 4476 3591 4530 xvm,

1994 4536 2105 4610 10).
2148 4536 2255 4594 Sed
2304 4538 2428 4595 loco
2465 4555 2569 4596 suo
2615 4543 2771 4612 plura
2817 4556 3123 4603 serventur.
3175 4547 3321 4622 Ergo
3364 4554 3595 4621 pusillus

285 4641 335 4688 et
360 4632 721 4705 generatione
761 4641 1111 4697 sanctorum;
1143 4640 1366 4687 sanctus
1394 4631 1539 4687 enim
1567 4646 1675 4687 non
1706 4631 1885 4687 solum
1914 4631 1965 4691 Ι)
1991 4628 2299 4686 contrarius
2325 4641 2411 4686 est
2439 4648 2655 4704 magno.
2688 4634 2754 4689 Et
2793 4636 2870 4702 si,
2896 4636 3049 4707 juxta
3081 4640 3435 4716 Apostolum,
3462 4663 3591 4720 par-

287 4738 569 4795 parentum
606 4725 811 4798 gratia,
843 4725 941 4781 sed
981 4726 1145 4782 etiam
1190 4724 1339 4782 salus
1383 4733 1469 4780 est
1498 4724 1881 4796 plurimorum.

285 4817 433 4878 Unde
460 4820 826 4877 admonemur
874 4819 976 4876 hoc
1016 4819 1139 4875 loco
1179 4828 1497 4875 sanctorum
1530 4818 1888 4890 generatione

286 4911 397 4967 laeta
407 4913 474 4969 ri.

288 5068 376 5112 est.
423 5056 482 5112 ld
529 5065 712 5113 autem
761 5065 1105 5112 autumamus
1148 5070 1216 5112 eo
1257 5070 1422 5111 sensu
1465 5053 1878 5125 intelligendum

284 5145 383 5209 quo
414 5129 474 5187 S.
505 5128 703 5209 '_l_’hnm.
738 5144 753 5183 ι
789 5139 925 5209 part:
960 5136 1152 5209 quaest:
1186 5128 1277 5209 τιὸ,
1309 5136 1415 5209 art.
1444 5128 1498 5209 7,
1536 5126 1601 5182 ad
1628 5126 1682 5188 6.
1719 5134 1882 5209 negat

284 5200 333 5255 in
363 5213 475 5256 vet.
505 5199 859 5256 Testamento
899 5198 1093 5255 factam
1126 5200 1293 5254 fuisse
1319 5198 1556 5265 Spiritus
1586 5198 1756 5252 sancti
1796 5198 1879 5251 vi-

283 5271 494 5327 sibilem
525 5272 861 5352 missionem.
891 5272 1323 5352 Alioquinenim
1344 5278 1456 5352 tres
1481 5268 1870 5352 personassS.

282 5342 563 5398 Trinitatis
604 5343 913 5398 Abrahamo
948 5343 1263 5412 apparuisse
1290 5341 1496 5411 liquido
1535 5341 1588 5395 in
1636 5341 1789 5396 libris
1810 5342 1879 5397 de

283 5416 472 5469 eodem
518 5414 860 5481 Patriarcha,
909 5422 965 5469 et
1011 5413 1141 5469 alibi
1177 5412 1343 5468 tradit
1388 5414 1477 5471 hic
1516 5421 1704 5469 noster
1748 5416 1879 5468 Am-

283 5483 522 5541 brasius.

351 5567 376 5595 ⁸
419 5558 592 5623 llnjus
619 5557 723 5612 loci
751 5556 1062 5612 testimonio
1092 5556 1261 5612 utitur
1289 5556 1448 5612 Card.
1486 5556 1653 5612 Bona.
1686 5556 1881 5612 Rerum

282 5627 486 5700 Liturg.
518 5629 607 5684 lib.
636 5645 674 5693 ι,
702 5644 824 5713 cap.
848 5628 942 5713 ἓξ,
969 5645 1116 5713 num.
1153 5630 1208 5694 9,
1250 5640 1307 5683 ut
1338 5628 1759 5713 thurilieatinnis
1784 5646 1881 5713 an:

284 5699 584 5765 tiquitatem
638 5700 845 5763 probet.
890 5699 995 5755 Sed
1044 5716 1110 5755 eo
1141 5716 1247 5755 non
1292 5699 1472 5755 minus
1511 5700 1879 5756 demonstrari

284 5781 459 5836 potest
507 5771 803 5857 admissum
850 5772 919 5829 ab
960 5772 1199 5857 antiquis
1243 5772 1587 5857 Datribus‘jn
1633 5773 1879 5857 Ecclesia

283 5858 470 5901 verum
514 5843 868 5908 sacriﬁcium,
914 5859 1015 5913 qua
1051 5843 1117 5898 de
1155 5859 1216 5898 re
1248 5844 1520 5905 Ambrosii
1553 5852 1746 5904 extant
1774 5844 1881 5903 loci

802 5944 1077 6006 PATROL.
1116 5940 1257 6004 XV.

1990 4724 2154 4780 vulus
2177 4725 2279 4781 sub
2304 4726 2591 4783 elementis
2615 4736 2700 4785 est
2729 4745 2743 4783 :
2778 4728 2910 4785 Cum
2938 4733 3081 4789 enim
3110 4752 3337 4795 essemus
3366 4747 3587 4815 parvuli,

1990 4819 2086 4875 sub
2131 4819 2394 4878 elementis
2432 4821 2587 4890 huius
2626 4824 2808 4879 mundi
2835 4842 3041 4882 eramus
3089 4829 3301 4903 (Galat.
3344 4852 3423 4906 tv,
3457 4841 3590 4912 10):

1993 4927 2126 4986 ergo
2152 4929 2381 4987 magnus
2411 4931 2574 4990 supra
2605 4918 2877 4975 elementa
2902 4921 3088 4978 mundi
3114 4933 3215 4982 est.

1982 5055 2320 5127 complures,
2344 5067 2402 5115 ut
2423 5057 2536 5129 jam
2565 5058 2694 5116 alibi
2722 5060 3151 5119 observavimus.

2054 5176 2084 5217 δ
2123 5176 2202 5235 lla
2232 5178 2367 5236 edit.
2414 5178 2637 5254 Ame_rb.
2686 5180 2738 5235 in
2779 5196 3032 5254 corpore.
3068 5183 3195 5240 Era.
3244 5197 3300 5242 ct
3345 5191 3471 5246 Gill.
3530 5195 3585 5254 in

1982 5266 2155 5330 marg.
2189 5267 2310 5330 cum
2360 5266 2495 5330 mss.
2539 5251 2654 5307 fere
2693 5253 2968 5311 omnibus.
3023 5255 3167 5312 Edit.
3215 5270 3395 5315 autem
3433 5251 3586 5330 Era.,

1982 5321 2111 5379 Gill.
2146 5338 2207 5376 ac
2238 5322 2399 5409 Rom:
2424 5325 2739 5409 incorpore
2760 5340 2886 5381 cum
2912 5330 3257 5398 paucissimis
3279 5348 3437 5406 mss.,
3468 5321 3589 5409 pec;

1982 5404 2099 5449 cata
2126 5394 2341 5465 prapria
2364 5394 2703 5465 deplorantis.

2058 5562 2081 5591 ο
2121 5550 2324 5627 omnes
2353 5551 2511 5619 edit.,
2542 5553 2632 5623 qui
2662 5568 2764 5627 non
2800 5552 2873 5606 ita
2913 5564 3025 5627 erat
3069 5554 3383 5627 informatus
3410 5578 3442 5615 a
3470 5560 3584 5618 Do-

1982 5622 2373 5706 ntino..0mnes
2414 5622 2699 5706 mss.,-qni
2736 5626 2843 5685 ita,
2874 5626 2993 5706 xei,
3024 5622 3146 5698 quia
3169 5630 3243 5684 ita
3278 5641 3429 5706 erat,
3474 5649 3581 5692 etc.

1982 5696 2335 5767 Negationem
2366 5708 2544 5751 autem
2579 5695 2667 5752 hic
2713 5695 3046 5765 superﬂuam
3086 5715 3210 5754 esse
3240 5695 3455 5757 videtur
3498 5722 3587 5760 sa-

1985 5770 2054 5846 tis
2081 5767 2323 5846 indicare
2346 5783 2582 5840 sequens
2602 5768 2883 5825 conclusio
2912 5788 2926 5825 :
2955 5768 3098 5844 Ergo
3124 5781 3172 5826 et
3192 5774 3235 5826 si
3260 5790 3387 5846 puer
3416 5777 3468 5831 in
3496 5780 3585 5835 de-

1983 5841 2142 5909 liciis,
2169 5850 2277 5899 etc.

2973 5936 3051 6000 12
