4156 6346
519 254 656 314 1547

515 467 686 538 poris,
717 465 1023 521 sedanima:
1051 461 1441 535 magnitudine.
1467 459 1709 528 Denique
1731 474 1838 512 non
1865 458 1998 514 lines
2017 459 2114 513 ali-

513 563 668 633 cujus
697 560 1011 634 propagavit
1043 560 1280 630 imperii,
1303 574 1407 612 non
1429 555 1734 626 triumphos
1760 555 1971 622 aliquos
1993 554 2111 609 bel-

515 658 606 714 lici
631 657 942 714 certaminis
965 655 1182 710 adoreis
1206 652 1562 725 prmoptavit:
1593 652 1690 708 sed
1715 651 1858 721 quod
1887 659 1970 706 est
1999 666 2113 706 am-

507 754 675 826 plius,
710 754 761 807 in
788 752 1005 806 deserto
1038 749 1361 819 przcdicans,
1394 747 1617 802 delicias
1647 745 1952 814 hominum,
1984 761 2109 800 cor-

508 850 767 920 porisque
816 843 1091 900 lasciviam
1147 856 1339 914 magna
1387 839 1552 896 animi
1599 839 1795 895 virtute
1817 840 2106 910 depressit.

509 941 780 996 Parvulus
805 953 934 1008 ergo
962 936 1015 992 in
1045 936 1270 1001 sarculo,
1293 949 1520 1004 magnus
1551 935 1601 988 in
1619 933 1834 1003 spiritu.
1867 933 2112 1000 Denique

509 1034 667 1106 quasi
693 1046 919 1102 magnus
941 1072 956 1095 ,
989 1045 1089 1084 nec
1117 1030 1240 1083 vitae
1263 1039 1451 1098 captus
1480 1025 1787 1095 illecebris,
1823 1027 2111 1084 sementim

507 1127 871 1186 constantiam
905 1122 1122 1179 vivendi
1154 1120 1428 1177 desiderio
1459 1120 1705 1175 mutavit.
1971 1130 1975 1134 '

577 1220 762 1295 (Vers.
808 1217 921 1290 15.)
986 1217 1052 1271 Et
1084 1215 1323 1286 Spiritu,
1368 1214 1578 1286 inquit,
1609 1220 1788 1269 sancto
1821 1214 2108 1280 replebitur

507 1317 682 1373 adhuc
707 1315 761 1368 in
790 1325 936 1370 utero
963 1312 1140 1367 matris
1165 1328 1293 1368 suat.

573 1411 666 1465 33.
701 1407 815 1462 Non
871 1418 954 1462 est
982 1405 1207 1461 dubium
1249 1420 1436 1460 verum
1487 1405 1590 1461 hoc
1626 1406 1802 1475 angeli
1833 1420 1956 1462 esse
1979 1420 2107 1476 pro~

502 1505 764 1570 missum;
791 1501 1056 1572 siquidem
1089 1508 1311 1556 sanctus
1367 1498 1626 1566 Joannes,
1657 1507 1950 1570 antequam
2010 1514 2105 1553 na-

501 1607 772 1659 sceretur,
809 1594 998 1650 matris
1029 1592 1205 1649 adhuc
1233 1595 1283 1646 in
1309 1600 1464 1648 utero
1489 1591 1717 1661 positus,
1749 1590 1986 1660 Spiritus
2007 1605 2102 1645 ac-

503 1689 650 1761 cepti
670 1687 900 1760 gratiam
931 1684 1255 1755 designavit.
1285 1683 1416 1739 Nam
1449 1698 1574 1740 cum
1607 1691 1663 1738 et
1695 1692 1849 1752 pater
1867 1682 1989 1751 ejus
2006 1692 2101 1738 aut

1850 248 2096 308 SANCTI
2134 250 2461 312 AMBROSII

578 375 671 430 32.
709 373 821 428 Erit
845 374 1025 444 itaque
1064 369 1302 427 Joannes
1332 380 1560 439 magnus
1604 378 1714 421 non
1745 364 1948 420 virtute
1992 381 2117 421 cor-
2141 373 2190 429 Α

3683 263 3824 319 1548

2292 371 2469 440 (Vers.
2504 371 2616 439 17.)
2650 371 2866 429 Prteibit
2897 375 2952 430 in
2981 384 3262 448 conspectu
3290 377 3505 433 Domini
3553 379 3609 432 in
3631 380 3822 449 spiritu

2217 473 2263 518 et
2293 472 2476 519 virtute
2503 465 2657 522 Elite.

2285 556 2373 611 56.
2406 556 2552 613 Bene
2585 559 2684 613 ista
2705 559 3041 632 junguntur;
3067 576 3362 634 numquam
3394 563 3541 620 enim
3562 563 3683 618 sine
3706 565 3820 619 vir-

2217 656 2329 704 tute
2380 650 2638 719 Spiritus,
2671 668 2770 708 nec
2813 656 2934 710 sine
2984 655 3177 724 spiritu
3233 658 3406 712 virtus
3435 665 3539 712 est.
3577 655 3646 711 Et
3695 656 3819 713 ideo

2213 741 2447 800 fortasse
2477 745 2531 800 in
2561 746 2754 816 spiritu
2778 758 2833 804 et
2859 750 3060 806 virtute
3086 751 3250 816 Elite;
3278 751 3403 822 quia
3421 760 3644 808 sanctus
3667 752 3818 806 Elias

2213 847 2266 894 et
2298 840 2554 896 virtutem
2585 858 2832 914 magnam
2865 843 3052 900 habuit
3081 856 3134 900 et
3155 848 3384 914 gratiam
3409 862 3422 901 :
3444 845 3726 910 virtutem,
3756 853 3817 900 ut

2213 934 2279 988 ad
2304 935 2464 991 fidem
2487 937 2702 992 animos
2725 939 3050 1009 populorum
3079 956 3108 996 a
3152 940 3375 1010 perﬁdia
3424 953 3810 1010 retorqueret:

2212 1027 2468 1084 virtutem
2515 1029 2862 1087 abstinentia:
2919 1042 3084 1103 atque
3116 1033 3425 1103 patientiae.
3461 1043 3517 1089 et
3561 1034 3814 1104 spiritum

2209 1121 2594 1191 praphetandi.
2642 1123 2702 1178 In
2743 1125 2962 1181 deserto
2995 1127 3166 1192 Elius,
3201 1127 3255 1182 in
3282 1127 3504 1184 deserto
3527 1127 3810 1201 Joannes:

2209 1212 2302 1269 ille
2331 1216 2513 1271 corvis
2542 1217 2864 1286 pascebatur
2885 1261 2900 1286 ,
2936 1219 3024 1276 hic
3054 1221 3236 1277 dumis
3261 1238 3275 1287 ;
3327 1231 3382 1278 et
3411 1221 3617 1277 calcata
3663 1224 3812 1278 omni

2209 1308 2504 1379 voluptatis
2531 1310 2788 1367 illecebra
2814 1354 2829 1377 ,
2865 1315 3254 1382 parcimoniam
3295 1315 3567 1385 praetulit,
3603 1317 3816 1371 luxum-

2210 1418 2318 1471 que
2342 1403 2671 1474 contempsit
2695 1422 2710 1460 :
2734 1406 2829 1461 ille
2851 1404 3044 1463 Achab
3067 1408 3210 1477 regis
3237 1411 3462 1477 gratiam
3481 1423 3586 1463 non
3616 1409 3815 1478 quaesi-

2208 1494 2305 1560 vit,
2335 1494 2424 1551 hic
2453 1497 2656 1566 sprevit
2685 1497 2919 1554 Herodis
2943 1499 3070 1554 :ille
3089 1500 3381 1557 Jortlanem
3403 1501 3608 1566 divisit,
3637 1501 3722 1557 hic
3743 1503 3813 1558 ad

2208 1587 2482 1644 lavacrum
2513 1591 2751 1647 salutare
2776 1595 3082 1649 convertit:
3117 1594 3204 1650 hic
3224 1611 3348 1651 cum
3373 1595 3603 1651 Domino
3627 1611 3813 1650 versa-

2208 1691 2294 1737 tur
2325 1683 2378 1738 in
2407 1684 2582 1752 terris,
2621 1687 2715 1741 ille
2745 1703 2866 1742 cum
2900 1687 3133 1743 Domino
3153 1699 3381 1758 apparet
3408 1689 3462 1743 in
3489 1688 3696 1760 gloria:
3723 1689 3811 1746 hic
3865 1689 3869 1692 ’

502 1793 679 1842 mater
717 1781 863 1836 nulla
893 1789 1020 1836 ante
1068 1778 1337 1834 mirabilia
1367 1777 1629 1834 fecissent
1654 1819 1666 1843 ,
1703 1777 1756 1832 in
1803 1785 1960 1832 utero
2007 1791 2104 1847 pa-
2132 1775 2178 1838 Β
2208 1775 2425 1842 prioris,
2455 1776 2549 1832 ille
2577 1777 2857 1848 sequentis
2889 1778 3154 1836 Dominici
3191 1794 3500 1850 prcecursor
3519 1781 3805 1836 adventus:

497 1878 670 1934 rentis
696 1876 979 1939 exsiliens,
1007 1874 1216 1944 parenti
1237 1872 1450 1929 Domini
1473 1871 1866 1942 evangelisavit
1891 1870 2100 1926 adven-

496 1981 612 2026 tum
640 1988 654 2036 ;
687 1972 765 2025 sic
792 1971 935 2025 enim
971 1969 1176 2036 habes,
1221 1966 1365 2037 quod
1396 1981 1518 2020 cum
1567 1966 1878 2021 advenisset
1929 1975 2106 2021 mater

497 2064 717 2122 Domini
736 2063 801 2118 ad
820 2062 1121 2128 Elizabeth,
1141 2063 1218 2117 ait
1235 2062 1323 2116 illa
1344 2061 1505 2116 :Ecce
1528 2069 1584 2114 ut
1597 2059 1739 2128 facta
1759 2071 1832 2115 est
1856 2059 2102 2113 salutatio

495 2169 586 2214 tua
599 2160 652 2213 in
671 2158 883 2214 auribus
902 2158 1050 2223 meis,
1084 2155 1366 2212 exsultavit
1388 2153 1566 2224 infans
1591 2153 1644 2207 in
1679 2161 1822 2208 utero
1855 2151 2103 2222 nteo(Luc

495 2270 538 2323 ι,
562 2252 654 2318 44,
684 2252 874 2320 infra).
909 2249 1158 2304 Nondum
1200 2249 1346 2304 enim
1388 2254 1506 2303 erat
1536 2245 1614 2300 illi
1635 2231 1669 2282 δ’
1685 2245 1911 2315 spiritus
1936 2247 2100 2311 vitaz,

494 2344 592 2401 sed
608 2344 829 2414 spiritus
844 2342 1056 2413 gratim.
1075 2341 1318 2412 Denique
1331 2348 1388 2395 et
1401 2340 1528 2394 alibi
1549 2338 1766 2396 vivendi
1783 2339 2101 2396 substantias

493 2452 831 2509 praecurrere
851 2434 1226 2491 sanctilicandi
1251 2434 1480 2504 gratiam
1501 2431 1777 2501 potuimus
1793 2431 2098 2500 advertere,

496 2546 618 2588 cum
643 2531 774 2585 dicit
802 2531 1099 2586 Dominus:
1131 2526 1449 2598 Priusquam
1478 2529 1648 2583 exires
1667 2526 1730 2580 de
1747 2526 1922 2590 vulsa,
1948 2541 2102 2580 sanc-

490 2628 684 2698 tiﬁcavi
702 2637 824 2692 te,el
847 2626 1154 2697 prophetam
1173 2626 1229 2678 in
1249 2626 1482 2695 gentibus
1500 2626 1649 2694 posui
1665 2636 1711 2678 te
1725 2623 1941 2696 (lerant.
1959 2639 1999 2691 I,
2014 2623 2096 2696 5).

492 2721 650 2778 Atius
674 2721 820 2776 enim
848 2730 932 2776 est
959 2721 1184 2792 spiritus
1208 2720 1340 2774 vita:
1363 2719 1522 2789 hujus
1539 2757 1558 2786 ,
1579 2719 1720 2774 alius
1746 2719 1972 2790 gratim:
2007 2719 2101 2777 ille

488 2813 767 2870 nascendo
793 2814 962 2869 sumit
986 2813 1293 2876 exordium,
1330 2811 1616 2868 moriendo
1642 2810 1953 2867 defectum:
1997 2812 2098 2868 iste

493 2922 601 2962 non
627 2909 996 2978 temporibus,
1030 2921 1136 2962 nou
1168 2905 1420 2961 aetatibus
1447 2913 1734 2960 coercetur
1757 2945 1774 2971 ,
1803 2920 1910 2959 non
1942 2904 2096 2961 obitu

490 3003 825 3072 extinguitur
845 3043 860 3068 ,
893 3018 1004 3056 non
1027 3002 1151 3057 alvo
1180 3001 1372 3054 matris
1399 3000 1732 3056 excluditur.
1765 3000 2011 3071 Denique
2038 3007 2099 3056 et

491 3106 684 3153 sancta
709 3097 875 3152 Maria
901 3098 1060 3166 plena
1091 3105 1284 3151 sancto
1311 3095 1518 3165 Spiritu
1559 3095 1906 3165 prophetavit
1933 3094 2093 3164 (Luc.

2207 1868 2299 1924 ille
2323 1881 2443 1936 post
2472 1871 2763 1926 triennium
2791 1883 3129 1929 arescentem
3149 1875 3343 1943 pluviis
3365 1884 3568 1930 terram
3591 1876 3802 1945 rigavit,

2206 1971 2262 2019 et
2287 1963 2376 2020 hic
2398 1977 2524 2036 post
2548 1966 2839 2022 triennium
2865 1967 3037 2022 nostri
3059 1968 3314 2038 corporis
3327 1968 3548 2023 hummn
3569 1969 3809 2024 lideiim-

2207 2059 2306 2115 bre
2328 2060 2585 2130 perfudit.
2606 2063 2816 2130 Quaeris
2830 2064 2973 2132 quod
3002 2064 3293 2120 triennium
3314 2065 3409 2120 sit?
3425 2063 3582 2132 Ecce,
3609 2064 3804 2134 inquit,

2206 2155 2328 2208 anni
2353 2163 2454 2209 tres
2479 2166 2620 2221 sunt,
2647 2173 2710 2210 ea.
2737 2173 2838 2226 quo
2867 2158 3015 2212 venio
3043 2174 3278 2227 quarens
3307 2163 3539 2229 fructum
3567 2159 3624 2212 in
3652 2158 3808 2229 ﬁcul—

2207 2265 2302 2303 nea
2327 2250 2447 2315 hac,
2482 2260 2530 2306 et
2558 2267 2660 2306 non
2682 2250 2886 2305 inuenio
2915 2251 3068 2324 (Luc.
3101 2268 3216 2320 xui,
3245 2253 3340 2322 7);
3369 2253 3631 2325 mysticus
3656 2253 3804 2309 enim

2205 2358 2464 2400 numerus
2497 2344 2844 2412 debebatur,
2890 2357 2952 2402 ut
2995 2347 3143 2402 salus
3201 2348 3414 2418 populis
3456 2348 3802 2404 redderetur.

2205 2435 2358 2493 Unus
2387 2439 2438 2492 in
2487 2438 2820 2496 Pati-iarchis
2847 2454 3056 2495 annus:
3088 2440 3326 2510 denique
3376 2441 3446 2497 de
3496 2441 3806 2496 hominibus

2206 2540 2336 2588 tunc
2363 2533 2488 2587 anni
2536 2543 2831 2602 proventus
2861 2532 2982 2594 fuit,
3009 2535 3191 2604 qualis
3214 2551 3322 2590 non
3355 2533 3458 2589 luit
3491 2544 3680 2604 postea
3715 2552 3808 2591 su-

2204 2639 2302 2694 per
2331 2635 2554 2682 terram.
2599 2627 2756 2682 Alius
2785 2627 2838 2682 in
2893 2626 3076 2698 Moyse
3144 2638 3197 2684 et
3229 2629 3511 2697 prophetis
3562 2630 3802 2686 creteris.

2204 2716 2424 2773 Tertius
2451 2719 2502 2774 in
2534 2719 2749 2774 Domini
2783 2719 3088 2775 Salvatoris
3107 2719 3349 2775 adventu
3375 2743 3388 2775 :
3420 2719 3579 2787 Ecce,
3603 2719 3805 2792 inquit,

2201 2831 2395 2870 annum
2431 2815 2637 2868 Domini
2667 2823 2935 2884 acceptum
2955 2857 2970 2881 ,
3002 2823 3051 2869 et
3079 2814 3216 2868 diem
3244 2815 3600 2870 retributionis
3628 2817 3646 2884 (
3673 2813 3803 2869 Luc.

2201 2922 2277 2973 ιν,
2305 2908 2418 2977 l9).
2457 2907 2524 2962 Et
2575 2906 2667 2962 ille
2695 2904 3088 2976 paterfamilias
3117 2907 3209 2977 qui
3236 2907 3506 2978 plantavit
3539 2910 3757 2963 vineam
3788 2949 3804 2974 ,

2201 3017 2310 3058 non
2331 3003 2502 3057 semel
2523 3011 2812 3059 exactores
2838 3001 3137 3069 fructuum,
3157 3003 3252 3058 sed
3271 3004 3472 3072 stt-pius
3488 3004 3806 3061 desdnavit:

2203 3097 2436 3165 primum
2457 3095 2730 3162 servulos,
2763 3096 3009 3152 secundo
3030 3096 3174 3153 alios
3198 3097 3448 3154 servulos
3481 3098 3804 3164 destinavit,

486 3206 529 3255 ι,
559 3189 650 3255 46,
680 3188 844 3261 infra)
867 3205 882 3244 :
908 3199 963 3244 et
986 3188 1218 3244 Elisaeus
1247 3195 1495 3243 mortuus
1512 3187 1829 3242 defunctum
1853 3188 2091 3244 cadaver
2118 3179 2164 3243 C
2198 3190 2363 3245 tertio
2383 3197 2562 3244 autem
2582 3189 2772 3244 Filium
2797 3205 2953 3244 suum
2975 3189 3123 3244 misit
3145 3189 3328 3259 (Matt.
3355 3195 3470 3253 xxx;
3504 3191 3572 3246 55
3587 3201 3634 3246 et
3649 3191 3806 3263 διε-7.).

489 3282 727 3338 hominis
747 3292 892 3337 tactu
906 3282 986 3336 sui
1007 3281 1254 3350 corporis
1269 3280 1667 3349 suscitavitth
1685 3281 1816 3355 Reg.
1832 3297 1955 3347 xui,
1969 3281 2091 3354 21):

488 3376 780 3434 etSamucl
822 3386 943 3446 post
971 3387 1224 3439 mortem,
1256 3374 1556 3430 secundum
1588 3375 1888 3442 Scriptura:
1935 3375 2093 3430 testi-

489 3469 754 3534 m0uiutn,
789 3468 963 3525 futura
994 3484 1100 3522 non
1125 3468 1292 3522 tacuit
1322 3467 1363 3539 (l
1397 3467 1527 3539 Reg.
1554 3483 1747 3534 xxvttt,
1774 3468 1840 3522 li
1865 3477 1911 3521 et
1933 3469 2088 3536 αφ).

560 3564 649 3618 54.
690 3561 756 3616 Et
791 3562 1022 3631 Spiritu,
1050 3561 1248 3631 inquit,
1280 3570 1459 3617 sancto
1488 3561 1790 3631 replebitur.
1819 3558 1920 3616 Cui
1947 3559 2093 3615 enim

484 3655 638 3713 adest
655 3655 888 3726 Spiritus
905 3653 1118 3726 gratiae,
1142 3654 1274 3709 nihil
1296 3654 1472 3712 deest.
1499 3653 1566 3708 Et
1592 3653 1679 3710 cui
1702 3653 1918 3723 Spirtus
1937 3668 2096 3708 sanc~

483 3759 570 3805 ttts
609 3747 907 3805 infunditur
932 3789 946 3815 ,
979 3763 1294 3819 tnagnarum
1347 3747 1632 3817 plenitudo
1664 3748 1929 3803 virtutum
1979 3756 2086 3804 est.

495 3843 741 3915 Denique

555 3939 734 4006 (Vers.
764 3937 875 4009 16.)
909 3937 1129 4003 Multos,
1163 3938 1377 4008 inquit,
1431 3939 1663 4009 ﬁliorum
1683 3937 1852 3997 Israel
1884 3953 2097 3996 conver-

487 4046 555 4090 tet
580 4035 650 4088 ad
679 4033 961 4089 Dominum
987 4033 1158 4090 Deum
1180 4034 1433 4104 ipsorum.

556 4127 644 4182 35.
703 4125 823 4182 Non
871 4142 1098 4197 egemus
1155 4126 1478 4184 testimonio
1529 4128 1674 4199 quod
1733 4128 2094 4199 plurimorum

485 4230 706 4276 sanctus
745 4220 987 4276 Joannes
1034 4219 1203 4275 corda
1262 4223 1632 4285 converterit,
1667 4220 1719 4275 in
1769 4237 1878 4290 quo
1935 4220 2096 4277 nobis

484 4315 818 4385 prophetica:
837 4315 1133 4381 Scripturze
1147 4322 1202 4370 et
1219 4313 1549 4384 cvangelicm
1566 4312 1952 4382 sull‘ragantur.
1981 4312 2095 4368 Vox

481 4412 630 4468 enim
655 4410 930 4466 clamantis
957 4410 1011 4463 in
1042 4408 1243 4463 deserto
1260 4421 1280 4461 :
1307 4406 1494 4461 Parate
1521 4409 1656 4459 viam
1681 4404 1932 4470 Domino,
1967 4420 2080 4459 rec-

483 4514 562 4559 tas
603 4505 758 4575 facite
779 4503 987 4559 semitas
1036 4504 1149 4574 ejus
1177 4501 1348 4572 (Esai.
1385 4517 1476 4566 ιιι,
1501 4502 1572 4566 5;
1602 4499 1789 4554 Matth.
1817 4514 1893 4566 ιιι,
1913 4500 1968 4571 6)
1995 4517 2007 4552 :
2034 4511 2090 4556 et

483 4600 1030 4673 baptismatala'js
1049 4598 1263 4669 populis
1287 4596 1630 4667 frequentata
1651 4595 1933 4652 declarant
1955 4611 2090 4651 con-

445 4685 448 4688 ’
481 4709 654 4750 verssc
704 4693 880 4762 plebis
909 4709 1014 4746 non
1045 4691 1350 4750 mediocres
1373 4688 1548 4746 factos
1592 4704 1718 4746 esse
1750 4703 2081 4758 processus;

480 4789 605 4859 quia
637 4787 764 4844 dum
813 4785 1054 4843 creditur
1091 4785 1327 4849 Joauui,
1369 4783 1614 4839 creditur
1663 4781 1910 4840 Christo.
1965 4782 2088 4840 Non

479 4887 622 4942 enim
671 4885 741 4940 dc
768 4899 850 4948 se,
875 4881 971 4941 sed
1004 4882 1072 4937 de
1103 4881 1330 4938 Domino
1358 4877 1689 4949 praedicabat
1747 4879 2092 4947 praenuntius

483 4980 706 5036 Christi.
739 4980 804 5034 Et
827 4977 952 5033 ideo

550 5130 577 5156 ι
603 5117 835 5185 Spiritus
860 5114 1000 5186 vitro,
1026 5110 1114 5163 hic
1147 5123 1253 5162 non
1282 5115 1363 5159 est
1394 5103 1744 5186 accipiendos
1772 5119 1870 5184 pro
1901 5105 2064 5159 ratio-

475 5191 580 5245 nali
609 5180 810 5247 anima,
864 5183 956 5238 sed
989 5192 1192 5236 tantum
1238 5193 1333 5246 pro
1381 5180 1520 5231 aeris
1566 5180 1958 5241 resiliratioue,
2012 5187 2069 5229 ut

473 5265 673 5318 Doctor
703 5257 989 5328 Angelicus
1013 5262 1167 5307 acute
1195 5250 1436 5328 exposuit
1457 5263 1522 5328 _t_t_t
1568 5253 1718 5316 parte
1748 5256 1943 5317 qu;est.
1974 5247 2068 5313 9.7,

473 5349 576 5390 art.
617 5335 673 5386 '2.
700 5332 764 5383 Et
790 5321 898 5382 liae
921 5329 1083 5381 etiam
1108 5325 1316 5377 ratione
1340 5321 1707 5374 intelliuatttus
1735 5333 1957 5373 necesse
1987 5330 2070 5373 est:

474 5389 615 5477 quod
650 5406 744 5463 ait,
780 5400 979 5453 vivendi
1010 5397 1680 5477 substantia:“pt'wegttrrere
1710 5389 2073 5477 sanctiﬁcandi

473 5463 733 5548 άιγιιίαιης
782 5474 983 5526 ett-uim
1020 5486 1112 5536 per
1147 5466 1362 5548 vivendi
1409 5464 1762 5548 stlltslut'lliztlll
1797 5463 2072 5544 designari

469 5535 727 5603 catum-tn
743 5535 1154 5612 respirationem
1179 5535 1929 5612 811,ιὸ(ίβθιῖὶΓ-ἶὶιᾹηξῑηῖυδίμξ,
1945 5549 2069 5588 cum

468 5623 517 5675 ei
549 5622 798 5686 spiritum
821 5606 1008 5686 gratim!
1039 5627 1318 5686 ttptmttcnﬁ
1347 5609 1416 5662 de
1449 5609 1630 5686 priore
1657 5608 1809 5670 dicit,
1836 5606 1925 5660 ille
1951 5622 2078 5658 nas-

470 5682 633 5744 cendo
690 5682 846 5744 sumii
894 5684 1162 5739 exordium
1209 5697 1224 5736 :
1271 5682 1339 5734 de
1386 5682 1688 5744 posteriore
1736 5689 1916 5733 autem
1968 5693 2075 5730 non

465 5765 579 5819 alvo
622 5767 798 5816 matris
829 5757 1138 5812 excluditur.
1176 5752 1578 5806 liteunlirutari
1625 5767 1694 5806 ex
1735 5765 1804 5805 eo
1852 5756 2071 5818 petest,

462 5835 608 5909 quod
626 5835 718 5892 illa
740 5831 939 5891 verba;
971 5825 1286 5899 Priusquam
1317 5834 1362 5880 te
1394 5826 1670 5896 formarem
1699 5823 1749 5878 in
1773 5831 1936 5888 utero,
1961 5821 2078 5876 novi

2267 3284 2361 3341 57.
2394 3283 2554 3339 Venit
2577 3299 2710 3354 ergo
2735 3283 2976 3340 Joannes
2997 3284 3047 3337 in
3070 3284 3266 3352 spiritu
3301 3293 3362 3340 et
3393 3285 3595 3340 virtute
3629 3284 3803 3348 Elim;

2198 3378 2429 3436 alterum
2460 3377 2605 3434 enim
2626 3380 2745 3435 sine
2770 3378 2946 3434 altero
2973 3393 3079 3432 non
3099 3387 3281 3450 potest
3308 3393 3454 3443 esse,
3477 3379 3623 3434 sicut
3642 3380 3807 3436 etiam

2197 3473 2252 3527 in
2283 3471 2635 3542 sequentibus
2665 3472 2957 3542 reperitur,
2989 3487 3110 3526 cum
3134 3471 3363 3526 dicitur:
3395 3470 3629 3543 Spiritus
3655 3488 3807 3525 sanc-

2198 3578 2279 3623 tus
2327 3567 2652 3640 superueniet
2695 3576 2767 3632 te,
2811 3575 2860 3621 et
2898 3567 3060 3620 virtus
3091 3566 3343 3621 Altissimi
3397 3565 3718 3620 obumbrabit
3759 3575 3809 3620 te

2199 3657 2354 3731 (Luc.
2377 3675 2415 3725 ι,
2433 3659 2524 3722 35,
2549 3659 2710 3727 infra)
2724 3657 2850 3715 .Sed
2873 3658 3107 3714 fortasse
3128 3658 3233 3712 hoc
3253 3673 3413 3728 supra
3429 3674 3553 3725 nos,
3573 3667 3630 3714 et
3644 3674 3804 3727 supra

2200 3749 2523 3822 ap0stolosb
2555 3751 2804 3806 videatur
2823 3751 3156 3821 exemplum.
3193 3750 3323 3805 Nam
3350 3761 3406 3807 et
3438 3750 3527 3806 ille
3553 3752 3654 3806 sub
3687 3752 3809 3807 Elia

2197 3846 2375 3902 diviso
2401 3860 2560 3900 amne
2605 3845 2907 3900 ﬂuvialium
2938 3860 3193 3900 recursus
3245 3843 3511 3900 undarum
3557 3843 3609 3900 in
3641 3844 3810 3916 origi-

2201 3953 2325 3996 nem
2357 3938 2621 4004 lluminis,
2651 3940 2791 3994 sicut
2811 3937 2941 3993 dicit
2967 3939 3282 4008 Scriptura:
3312 3937 3570 3997 Iordanis
3595 3954 3810 3992 conver-

2202 4050 2290 4090 sus
2315 4043 2388 4088 est
2436 4042 2718 4088 retrorsum
2748 4031 2918 4105 (Psal.
2950 4048 3084 4088 cxnt
3104 4073 3119 4101 ,
3153 4033 3209 4103 5)
3239 4032 3517 4103 signiﬁcat
3547 4032 3806 4087 salutaris

2202 4125 2406 4182 lavacri
2436 4125 2615 4179 futura
2649 4125 2929 4196 mysteria,
2966 4141 3059 4193 per
3082 4140 3204 4196 qua:
3231 4125 3282 4180 in
3315 4124 3616 4196 primordia
3650 4134 3809 4178 natu-

2202 4231 2341 4275 tura:
2371 4236 2504 4286 Stue,
2537 4220 2626 4289 qui
2657 4217 2914 4289 baptisati
2950 4218 3150 4273 fuerint
3178 4219 3392 4290 parvuli
3423 4236 3452 4273 a
3484 4218 3686 4273 malitia
3718 4235 3808 4274 rc-

2151 4336 2158 4342 ·
2203 4312 2509 4369 formantur
2550 4311 2657 4384 (Cf.
2712 4312 2956 4383 August.,
3003 4311 3092 4365 lib.
3139 4327 3156 4365 ι
3201 4322 3383 4366 contra
3411 4311 3526 4367 Jul.
3572 4309 3758 4380 Pelag.
3787 4352 3802 4376 ,

2198 4405 2403 4476 capﬂ).
2436 4404 2577 4471 Quid
2605 4403 2748 4473 quod
2779 4405 2944 4459 etiam
2971 4403 3234 4474 apostolis
3262 4404 3375 4457 suis
3397 4404 3516 4473 ipse
3543 4404 3808 4460 Dominus

2198 4499 2454 4554 virtutem
2485 4497 2719 4566 Spiritus
2748 4513 2870 4553 esse
2893 4497 3238 4553 tribuendam
3272 4496 3553 4568 promisit,
3579 4499 3802 4554 dicens:

2201 4602 2222 4629 ε
2265 4591 2541 4661 Accipictis
2571 4591 2805 4644 virtutem
2848 4590 3146 4644 adveniente
3169 4591 3220 4645 in
3248 4607 3334 4645 vos
3362 4591 3565 4661 Spiritu
3592 4603 3798 4648 sancto.

2201 4683 2339 4757 (Act.
2373 4701 2410 4747 ι,
2437 4683 2729 4754 8).Deinde
2757 4685 2809 4738 in
2840 4683 3228 4753 sequentibus:
3258 4682 3452 4737 Factus
3481 4695 3578 4749 est,
3603 4686 3800 4754 inquit,

2200 4781 2369 4836 subito
2418 4796 2575 4834 sonus
2603 4780 2664 4834 de
2694 4779 2858 4847 caelo,
2918 4788 3183 4849 tamquam
3225 4781 3274 4833 vi
3327 4795 3514 4851 magna
3582 4783 3805 4851 ferretur

2203 4876 2437 4945 Spiritus
2469 4873 2604 4948 (Act.
2641 4890 2676 4928 Il
2706 4915 2721 4938 ,
2751 4872 2829 4946 2).
2865 4874 3008 4928 Bene
3032 4873 3079 4927 vi
3134 4890 3322 4943 magna
3345 4917 3359 4938 ,
3417 4876 3540 4944 quia
3592 4874 3803 4943 Spiritu

2204 4969 2310 5023 oris
2340 4969 2450 5039 ejus
2478 4967 2642 5020 omnis
2664 4967 2818 5019 virtus
2849 4952 3228 5036 eorutn'(Psal.
3261 4981 3438 5032 xxx",
3463 4966 3541 5037 ti).
3593 4965 3662 5020 Et
3695 4967 3803 5021 vir-

2184 5111 2250 5166 ιε,
2285 5118 2315 5154 a
2375 5099 2572 5169 quibus
2599 5099 2714 5155 .ler.
2751 5099 2903 5153 locus
2940 5099 2992 5153 in
3024 5101 3235 5158 cunctis
3262 5099 3391 5156 edit.
3437 5115 3500 5156 ac
3533 5115 3664 5158 mss.
3697 5105 3798 5160 ali-

2185 5183 2340 5246 quot
2379 5171 2664 5246 exttrdium
2712 5171 3002 5246 tl_ucit,_in
3042 5173 3438 5246 antiquissimis
3495 5187 3624 5229 mss.
3653 5191 3798 5246 prae-

2187 5244 2582 5298 termittuutur.
2615 5243 2818 5297 Confer
2855 5244 3020 5297 etiam
3043 5286 3056 5306 ,
3093 5245 3135 5297 si
3188 5245 3374 5308 lubet,
3412 5244 3558 5301 hunc
3611 5243 3793 5304 locum

2185 5332 2308 5371 cum
2359 5315 2426 5388 iis
2457 5332 2576 5384 qua:
2608 5315 2660 5369 iu
2712 5315 2969 5383 Apologia
3004 5315 3171 5388 David
3200 5355 3213 5381 ,
3249 5332 3369 5386 cap.
3401 5332 3458 5384 ιι,
3493 5335 3641 5372 uutn.
3676 5323 3747 5376 56
3771 5362 3787 5388 ,

2185 5389 2351 5443 tradit
2383 5387 2523 5440 idem
2554 5399 2779 5440 sanctus
2799 5387 3144 5441 Ambrosius.

2256 5459 2283 5496 ι)
2321 5461 2473 5511 llum.
2508 5459 2637 5512 edit.
2667 5501 2681 5523 ,
2731 5457 2964 5512 videatur
2991 5459 3269 5524 expletura.
3302 5459 3409 5515 Sed
3455 5461 3595 5515 haud
3627 5463 3795 5519 dubie

2186 5532 2418 5586 aliarum
2451 5545 2512 5583 ac
2547 5542 2676 5583 mss.
2708 5547 2950 5584 omnium
2987 5531 3149 5585 lectio
3178 5535 3545 5600 pra'poneutla
3567 5542 3672 5589 est.

2267 5615 2288 5642 ο
2321 5603 2512 5656 Plures
2540 5613 2596 5654 et
2628 5603 2966 5670 antiquiores
3012 5619 3170 5663 mss.,
3226 5604 3502 5672 Accipiens
3550 5608 3793 5661 virtutem

2191 5675 2545 5728 advenientem
2575 5674 2628 5746 in
2663 5691 2749 5727 vos
2781 5675 3014 5744 Spiritus
3037 5676 3224 5729 sancti.
3262 5676 3400 5741 Duo,
3429 5719 3441 5730 .
3473 5717 3484 5732 .
3523 5717 3536 5730 .
3565 5718 3578 5732 .
3611 5679 3794 5746 Spiri-

2193 5757 2302 5800 tum
2323 5755 2581 5801 sanctum.
2610 5745 2862 5802 Nonnulli
2895 5757 3100 5812 tamen,
3133 5763 3197 5802 ac
3220 5764 3412 5803 omnes
3443 5751 3573 5804 edit.
3607 5745 3796 5806 nubis-

2191 5834 2322 5876 cum
2349 5818 2554 5890 legunt.
2587 5817 2747 5888 Quod
2773 5818 2994 5889 quidem
3020 5821 3192 5891 magis
3223 5821 3481 5878 convenit
3515 5835 3640 5877 cum
3697 5838 3791 5880 sa-
