4014 6468
72 293 271 352 ista
1129 294 1503 354 EXPOSITIO
1539 293 1797 358 avsus.
1838 281 1989 356 ssc.
2032 293 2186 355 Luc.
2230 292 2358 352 un.
2402 291 2445 350 ι.
3301 297 3445 362 isse

63 415 199 466 tu:
238 420 334 468 est
357 411 472 480 illa,
496 425 659 484 quam
687 427 718 467 a
748 421 935 470 sancto
956 410 1164 484 Spiritu
1191 416 1424 487 apostoli
1449 418 1732 473 consecuti
1764 421 1811 481 Α
1841 413 2025 472 dicere
2089 413 2436 471 Christianus
2466 429 2480 468 :
2533 412 2658 484 quia
2718 413 3146 485 Experimcntum
3209 419 3446 483 quieritis

67 513 278 560 sunt.
1843 509 1980 579 ejus,
2003 507 2090 573 qui
2119 508 2171 560 in
2203 524 2281 562 me
2301 507 2530 578 loquitur
2551 507 2783 566 Christus
2815 508 2882 578 (ll
2907 506 3028 562 Cor.
3058 524 3174 574 xui,
3205 509 3283 580 5).

192 600 430 673 1279
445 599 532 656 38.
551 599 698 656 Bene
718 600 878 656 etiam
909 599 1126 671 pmibit
1151 610 1278 658 ante
1305 601 1495 658 faciem
1519 602 1736 658 Domini
1911 597 2003 652 41.
2043 597 2108 652 Et
2130 599 2242 669 ipse
2273 612 2381 654 erat
2403 617 2639 655 annuens
2668 600 2797 655 illis.
2831 599 3266 671 Remansitergo
3314 617 3437 657 mu-

75 703 356 747 sanctus
381 692 618 750 Joannes
642 735 658 760 ,
689 695 782 763 qui
811 694 1146 761 praenuntius
1176 703 1334 750 natus
1365 705 1450 749 est
1471 736 1486 760 ,
1519 703 1573 748 et
1596 710 1737 764 prae-
1840 699 1926 745 lus
1954 690 2242 746 Zacharias
2268 700 2324 746 et
2351 702 2468 747 erat
2491 693 2726 748 innuens
2754 693 2879 748 illis.
2913 690 2939 729 ἀ
2961 692 3102 762 Quid
3127 700 3210 747 est
3252 703 3436 759 nutus,

78 785 354 842 nuntius
369 796 730 842 mortuusest.
754 786 1066 844 Etlortasse
1090 787 1194 844 hoc
1225 787 1544 859 mysterium
1561 788 1614 843 in
1633 787 1735 845 hac
1837 786 1943 842 nisi
1973 786 2193 857 quidam
2223 788 2343 844 sine
2381 789 2550 843 verbo
2606 788 2912 860 corporalis
2967 797 3124 844 actus
3148 829 3163 852 ,
3199 787 3442 843 indicare

76 877 228 932 vita
248 891 445 935 nostra
472 879 743 952 hodieque
765 881 1098 938 celebratur.
1124 881 1418 937 Praecurrit
1444 882 1590 938 enim
1611 883 1731 938 ani-
1837 881 2090 944 moliens,
2121 897 2221 937 nec
2247 881 2556 950 exprimens
2585 885 2953 939 voluntatem:
2981 882 3222 953 quidam,
3248 896 3440 952 supre-

78 984 225 1024 mae
255 980 463 1026 nostrae
485 972 737 1044 quedam
765 973 940 1029 virtus
965 973 1212 1037 Joannis.
1237 989 1357 1029 cum
1388 973 1612 1030 credere
1645 990 1736 1044 pa-

78 1076 318 1120 ramus
337 1067 395 1121 in
425 1065 706 1123 Christum
731 1085 745 1134 ;
778 1077 835 1122 ut
863 1077 1018 1137 paret
1039 1067 1104 1122 ad
1127 1067 1289 1124 ﬁdem
1313 1069 1508 1123 anima:
1533 1079 1734 1124 nostras

81 1157 265 1223 vias,
300 1167 357 1212 et
377 1157 447 1214 de
477 1160 600 1215 vitae
625 1161 781 1215 istius
808 1161 1024 1218 tramite
1054 1171 1322 1226 tortuoso,
1349 1172 1532 1217 rectas
1563 1161 1731 1218 semi-

83 1249 295 1306 mites
326 1252 501 1307 nostri
529 1251 694 1308 faciat
722 1262 1086 1318 commeatus,
1116 1269 1184 1309 ne
1216 1254 1462 1309 anfractu
1484 1254 1732 1309 labamur

87 1343 380 1410 erroris;
408 1360 520 1416 quo
567 1347 750 1402 omnis
805 1348 959 1403 vallis
1006 1350 1202 1403 animae
1247 1357 1447 1404 nostrae
1517 1349 1732 1404 virtutis

91 1433 406 1492 fructibus
423 1439 599 1508 possit
613 1439 852 1507 impleri,
869 1450 923 1494 et
939 1439 1116 1495 omnis
1135 1441 1478 1496 saacnlarium
1499 1441 1732 1497 altitudo

95 1527 462 1586 meritorum
487 1529 716 1587 Domino
743 1547 802 1588 se
835 1531 1022 1588 humili
1049 1533 1225 1603 magis
1256 1533 1455 1590 timore
1485 1543 1730 1604 proster-

101 1624 451 1690 nat,scieus
474 1625 606 1682 nihil
629 1627 859 1683 sublime
879 1642 1038 1697 posse
1073 1641 1216 1694 esse.
1237 1628 1381 1696 quod
1413 1627 1603 1698 fragile
1623 1638 1726 1685 est.

197 1714 391 1789 (Vere.
421 1720 507 1785 18,
532 1719 620 1786 19,
643 1719 761 1792 20.)
791 1717 858 1774 Et
880 1719 1011 1776 dixit
1041 1720 1329 1778 Zacharias
1356 1723 1425 1778 ad
1455 1723 1732 1793 angelum:

1838 989 1921 1028 ma
1944 982 2143 1039 morte,
2172 988 2304 1028 voce
2329 989 2646 1043 suppressa,
2663 987 2846 1030 mutus
2863 992 3044 1030 sermo
3069 975 3444 1030 morientium?

1834 1066 2026 1122 Nonne
2056 1067 2148 1123 tibi
2181 1066 2392 1122 videtur
2423 1067 2549 1122 huic
2581 1069 2778 1124 similis
2814 1070 3029 1143 1280
3049 1084 3172 1125 esse
3207 1069 3444 1140 populus

1833 1158 2171 1222 Jndmoruai,
2222 1161 2295 1216 ita
2320 1160 2733 1225 irrationabilis,
2763 1171 3050 1216 utaeiuum
3075 1175 3296 1216 suorum
3331 1174 3440 1215 non

1837 1255 2008 1324 possit
2035 1262 2296 1326 praestare
2323 1253 2624 1310 rationem:
2656 1254 2748 1325 qui
2778 1255 2830 1309 in
2876 1256 3064 1309 ultimo
3113 1255 3228 1326 spei
3259 1255 3448 1309 vitalis

1835 1347 1986 1403 obitu
2016 1348 2361 1411 constitutus,
2393 1362 2585 1402 vocem
2617 1362 2778 1417 quam
2830 1347 3102 1412 habebat,
3158 1349 3442 1404 amiserit:

1835 1457 1958 1512 qua:
2007 1441 2287 1497 titubantis
2330 1450 2453 1496 actu
2505 1441 2753 1512 corporis
2792 1441 3003 1512 signum
3056 1443 3205 1499 verbi
3261 1444 3447 1513 cupiat

1837 1533 2152 1602 explicare,
2186 1549 2294 1588 non
2323 1533 2589 1588 verbum?
2635 1532 2816 1590 Mutus
2866 1548 2996 1604 ergo
3039 1535 3270 1604 populus
3324 1538 3446 1589 sine

1836 1627 2050 1681 ratione
2071 1667 2087 1693 ,
2120 1625 2238 1681 sine
2266 1624 2449 1680 verbo.
2481 1624 2592 1681 Cur
2621 1624 2763 1680 enim
2812 1625 2908 1681 tibi
2969 1627 3142 1695 magis
3193 1627 3447 1681 videatur

1837 1731 2018 1774 mutus
2046 1735 2168 1775 esse
2193 1718 2285 1789 qui
2312 1733 2505 1774 sonum
2539 1734 2698 1788 quam
2739 1719 2828 1789 qui
2859 1719 3177 1791 mysterium
3229 1719 3448 1774 nescit?

107 1809 292 1866 Unde
327 1815 425 1866 hoc
458 1813 618 1870 scium
641 1815 668 1869 Ρ
720 1812 834 1886 Ego
855 1816 995 1869 enim
1018 1832 1135 1870 sum
1161 1833 1337 1881 senex,
1366 1826 1417 1870 et
1447 1834 1590 1872 uxor
1619 1834 1732 1872 inea
1761 1840 1810 1901 Β
1840 1813 1906 1868 Ει
1925 1824 2006 1868 est
2036 1816 2279 1883 preteeto
2309 1828 2416 1868 vox
2445 1828 2670 1884 operum
2695 1854 2710 1880 ,
2745 1813 2977 1884 ﬁdeique
3025 1813 3232 1868 clamor
3253 1855 3267 1876 ,
3295 1817 3443 1869 sicut

103 1905 382 1972 processit
407 1905 458 1959 in
487 1905 662 1960 diebus
687 1909 817 1963 suis.
849 1906 918 1962 Et
941 1911 1208 1979 respondit
1231 1912 1276 1966 ei
1293 1911 1510 1981 angelus
1529 1912 1728 1966 dicens:

97 1993 241 2067 Ego
273 2013 388 2050 sum
435 1995 645 2052 Gabriel
670 2003 890 2071 angelus
916 2044 931 2068 ,
959 2003 1046 2072 qui
1075 2005 1268 2059 assiste
1309 2015 1428 2059 ante
1454 2005 1620 2060 Deum
1640 2047 1654 2069 ,
1685 2016 1732 2060 et

102 2089 323 2144 missus
353 2108 463 2145 sum
491 2093 600 2148 [uec
617 2097 926 2150 annuntiare
955 2097 1068 2151 tibi.
1101 2097 1168 2153 Et
1198 2116 1312 2154 ecce
1339 2101 1440 2155 eris
1465 2109 1638 2155 tacens
1656 2109 1734 2167 ,et

98 2197 224 2236 non
261 2185 457 2254 poteris
479 2187 619 2258 loqui
638 2205 797 2256 usque
824 2191 878 2243 in
903 2190 1040 2244 diem
1059 2209 1160 2260 quo
1183 2193 1292 2248 lucc
1311 2195 1465 2265 ﬁant,
1493 2204 1730 2265 propter-

97 2291 170 2330 ea
206 2278 357 2346 quod
381 2296 486 2335 non
525 2282 793 2337 credidisti
845 2283 1010 2339 verbis
1039 2287 1197 2356 meis,
1239 2305 1354 2358 qua
1381 2288 1732 2359 implebantur

99 2370 162 2423 in
187 2378 432 2444 tempore
453 2391 573 2430 suo.

183 2465 286 2520 59.
322 2466 732 2526 Condemnatur
761 2471 979 2528 silentio
1009 2473 1362 2532 incredulitas
1393 2477 1727 2547 sacerdotis,

98 2563 165 2612 et
195 2556 346 2612 lides
395 2559 782 2630 prophetarum
815 2564 1079 2633 probatur
1116 2569 1361 2624 oraculo.
1407 2568 1622 2635 Clama,
1650 2571 1732 2625 in-

99 2651 259 2722 quit.
289 2651 361 2706 Et
390 2654 502 2709 disi
549 2672 564 2710 :
621 2655 761 2723 Quid
815 2658 1098 2714 clamabo?
1149 2660 1332 2716 Omnis
1383 2679 1508 2718 caro
1555 2667 1729 2732 fenum

100 2746 298 2817 (Esai.
335 2765 437 2814 XL,
470 2747 547 2819 6).
575 2749 742 2806 Vides
769 2752 1010 2820 jubentis
1065 2756 1349 2823 imperium
1384 2799 1398 2823 ,
1452 2758 1734 2828 obtempe-

103 2844 304 2896 rantis
339 2842 685 2912 obsequium,
709 2843 1100 2916 interrogantis
1121 2847 1396 2914 aﬂ‘ectum,
1425 2851 1734 2922 obsequen-

100 2935 183 2990 tis
227 2937 544 2991 oraculum.
573 2936 824 2996 Credidit
850 2940 994 2996 enim
1021 2986 1035 3008 ,
1081 2942 1172 3012 qui
1199 2943 1327 3012 quid
1354 2943 1610 2999 clamaret
1643 2961 1738 3001 ex-

99 3030 300 3100 poscit
329 3047 344 3082 :
379 3038 434 3085 et
457 3031 580 3101 quia
608 3031 863 3094 credidit.
898 3035 1262 3106 prophetavit.
1320 3036 1388 3092 At
1446 3052 1580 3092 vero
1635 3037 1734 3092 Za-

102 3121 341 3179 charias
363 3124 459 3192 qui
491 3139 602 3179 non
633 3125 893 3194 credidit,
925 3144 1032 3183 non
1065 3130 1235 3200 potuit
1263 3129 1410 3199 loqui
1440 3147 1453 3184 :
1484 3129 1579 3185 sed

185 3213 379 3285 (Vers.
403 3216 524 3288 22.)
553 3217 683 3274 Erat
704 3236 937 3276 annuens
963 3223 1092 3289 illis,
1117 3232 1165 3277 et
1191 3223 1438 3278 remansit
1470 3233 1660 3280 mutus.

182 3309 283 3364 40.
307 3307 424 3364 Non
455 3311 612 3366 unius
643 3314 958 3383 mysterium
984 3356 1000 3381 ,
1025 3330 1124 3370 nec
1153 3316 1310 3372 unius
1325 3316 1601 3373 silentium
1625 3328 1730 3374 est.

103 3402 291 3458 Tacet
317 3403 598 3471 sacerdos,
630 3415 770 3462 tacet
799 3409 1082 3480 propheta.
1117 3409 1229 3464 Nisi
1262 3410 1426 3468 fallor
1453 3454 1467 3478 ,
1516 3412 1570 3466 in
1621 3427 1732 3468 uno

109 3511 222 3551 vox
259 3497 432 3552 totius
461 3498 637 3568 plebis
665 3501 968 3556 obmutuit:
1003 3505 1128 3574 quia
1180 3505 1234 3558 in
1267 3522 1374 3560 uno
1408 3516 1554 3562 totus
1588 3517 1613 3544 ιι
1661 3506 1729 3563 ad

110 3588 415 3644 Dominum
440 3605 537 3662 per
558 3591 782 3664 Moysen
818 3597 1048 3667 populus
1082 3597 1427 3670 loquebatur.
1478 3601 1728 3658 Cessatio

110 3696 439 3751 sacrorum,
471 3693 527 3742 et
578 3686 858 3744 silentium
903 3690 1325 3760 prophetarum,
1381 3696 1728 3751 taciturnitas

111 3776 428 3848 prophetae,
467 3789 524 3836 et
563 3782 907 3838 taciturnitas
953 3787 1258 3842 sacerdotis
1291 3799 1394 3844 est.
1445 3791 1725 3857 Auleram,

114 3868 321 3940 inquit,
339 3869 572 3926 validam
602 3873 884 3940 virtutem,
910 3878 1252 3946 prophetam,
1270 3888 1325 3934 et
1345 3884 1722 3938 consiliarium

114 3958 280 4033 (Isai.
314 3978 392 4029 Ill,
422 3965 447 4019 l
482 3975 529 4020 et
557 3964 638 4037 2).
669 3967 737 4022 Et
761 3985 886 4026 vere
914 3971 1142 4026 abstulit
1173 3978 1470 4043 prophetas
1498 4019 1512 4042 ,
1545 3996 1571 4028 a
1597 3979 1722 4047 qui-

114 4054 218 4111 bus
243 4057 471 4114 abstulit
501 4061 722 4116 verbum
751 4063 896 4134 quod
922 4065 1067 4136 loqui
1098 4068 1148 4122 in
1185 4069 1466 4138 prophetis
1485 4072 1719 4128 solebat.

115 4148 186 4202 Et
217 4164 353 4204 vere
389 4149 476 4204 bis
505 4151 730 4207 abstulit
759 4154 1014 4211 virtutem
1041 4197 1058 4220 ,
1108 4174 1134 4210 a
1169 4159 1369 4229 quibus
1405 4161 1502 4218 Dei
1547 4163 1720 4218 virtus

115 4240 370 4296 recessit.
420 4242 661 4300 Abstulit
689 4245 773 4300 his
804 4250 1180 4306 consiliarium
1205 4293 1220 4318 ,
1267 4251 1293 4288 ι)
1326 4270 1489 4323 quem
1539 4256 1720 4326 magni

115 4335 337 4392 consilii
384 4337 650 4410 Angelum
682 4339 1000 4396 declaravit.
1057 4345 1548 4414 Ahstulitvocem;
1593 4351 1718 4420 quia

117 4443 223 4483 vox
249 4427 420 4493 verbi,
456 4445 561 4485 non
585 4432 733 4486 vocis
779 4442 866 4488 est
897 4434 1141 4491 verbum.
1183 4437 1313 4491 Nam
1348 4439 1448 4492 nisi
1477 4439 1716 4495 Verbum

119 4516 252 4575 illud
286 4529 542 4591 operetur
573 4522 631 4578 in‘
653 4525 832 4592 nobis,
861 4527 1043 4582 nullus
1072 4538 1156 4585 est
1187 4545 1352 4586 sonus
1379 4533 1547 4588 vocis.
1597 4534 1718 4589 Vox

1835 1906 2035 1960 lectum
2068 1915 2185 1961 est:
2224 1905 2456 1976 Sanguis
2486 1906 2668 1976 fratris
2710 1907 2784 1959 tui
2809 1906 2996 1959 clamat
3046 1905 3115 1959 ad
3161 1922 3244 1960 me
3285 1904 3442 1978 (Gen.

1838 2015 1912 2064 Iv,
1965 1997 2078 2070 ltl).
2107 1999 2169 2052 lit
2191 1998 2284 2054 ille
2315 2000 2544 2065 clamat,
2577 2001 2666 2070 qui
2700 2000 2750 2053 in
2784 2000 2948 2054 corde
2977 2016 3076 2054 suo
3116 2001 3314 2055 clamat
3348 2016 3446 2070 per

1835 2090 2003 2148 diem.
2036 2092 2139 2158 Qui
2189 2107 2321 2162 ergo
2350 2092 2534 2147 cordis
2564 2093 2860 2147 clamorem
2891 2092 3129 2162 perdidit
3160 2133 3174 2158 ,
3202 2093 3444 2162 perdidit

1835 2185 1998 2240 etiam
2025 2185 2238 2256 lingum.
2273 2185 2405 2240 Nam
2436 2185 2527 2257 qui
2557 2185 2960 2242 distiuctioncm
2990 2185 3111 2241 lidei
3141 2202 3246 2240 non
3272 2196 3442 2251 tenet,

1837 2279 2112 2348 quomodo
2138 2288 2318 2348 potest
2347 2289 2532 2336 tenere
2581 2280 2913 2337 verborum?
2949 2280 3015 2334 Et
3061 2289 3186 2336 ante
3224 2280 3446 2351 quidem

1835 2373 2052 2447 Moyses
2080 2375 2430 2444 dixeratqnia
2454 2374 2600 2446 loqui
2621 2390 2726 2429 non
2767 2373 3195 2447 poterat(Exod.
3216 2390 3289 2440 tv,
3314 2372 3405 2447 10)
3435 2392 3448 2426 :

1836 2468 1932 2522 sed
1966 2475 2321 2538 posteaquam
2341 2468 2496 2532 dixit,
2545 2466 2770 2522 verbum
2823 2477 3054 2536 accepit,
3101 2476 3155 2522 et
3179 2469 3446 2521 hoiiorum

1836 2574 2070 2632 operum
2085 2560 2256 2616 edidit
2277 2561 2608 2614 claritatem.
2628 2560 2771 2630 Ergo
2793 2561 3154 2632 sicutMoyses
3173 2573 3332 2632 typus
3353 2575 3449 2629 po-

1836 2654 1946 2723 puli
1978 2654 2100 2718 tuit,
2130 2664 2183 2709 et
2216 2668 2374 2725 typus
2399 2653 2563 2725 Legis
2587 2693 2601 2718 ,
2631 2653 2707 2708 ita
2739 2655 2903 2708 etiam
2937 2653 3228 2708 Zacbaiias
3252 2654 3444 2709 tacuit.

1909 2748 2000 2802 42.
2029 2747 2253 2814 Singula
2283 2747 2464 2815 itaque
2514 2755 2571 2800 ut
2596 2756 2962 2813 concurrant,
2992 2746 3447 2803 considerandum

1838 2838 2201 2894 est.Verbum
2227 2840 2279 2894 in
2312 2848 2490 2895 utero.
2515 2839 2622 2894 Lex
2657 2840 2710 2894 in
2730 2840 2974 2906 silentio,
2993 2838 3232 2895 luannes
3258 2841 3452 2911 appel-

1840 2934 2001 2999 latur,
2036 2942 2091 2988 et
2120 2933 2410 2989 Zacharias
2441 2934 2702 3004 loquitur.
2730 2933 2966 2990 Verbum
2995 2933 3195 3000 editur,
3211 2934 3323 2990 Lex
3354 2935 3454 2991 ab-

1843 3028 2102 3096 solvitur,
2139 3029 2232 3085 sed
2263 3030 2420 3100 Legis
2452 3029 2728 3084 absolutio
2777 3029 2940 3084 Verbi
2987 3040 3072 3085 est
3100 3029 3398 3100 explicatio
3432 3048 3447 3084 :

1841 3121 1908 3177 Et
1938 3121 2062 3176 ideo
2085 3123 2175 3193 qui
2201 3122 2399 3177 dixerit
2429 3122 2654 3176 verbum
2680 3163 2697 3190 ,
2747 3121 3019 3193 loquitur;
3052 3122 3267 3178 etiamsi
3319 3131 3450 3178 ante

1764 3214 1808 3274 (ἶ
1843 3231 1951 3271 non
1980 3216 2053 3273 sit
2082 3217 2314 3272 locutus.
2347 3215 2428 3270 Ab
2455 3215 2651 3285 angelo
2679 3215 2902 3287 jubetur
2921 3228 3098 3271 tacere
3129 3213 3448 3283 Zacharias,

1841 3309 1910 3368 ab
1938 3309 2136 3380 angelo
2181 3323 2282 3364 vox
2331 3309 2594 3378 premitur
2623 3308 2960 3365 iudicaram.
3009 3308 3124 3362 Non
3151 3309 3298 3363 enim
3350 3307 3449 3362 bu-

1839 3420 2052 3470 manse,
2083 3403 2180 3459 sed
2209 3403 2410 3460 divina":
2453 3404 2556 3460 hoc
2597 3405 2888 3473 potestatis
2913 3403 3208 3473 imperium
3243 3412 3362 3468 est;
3392 3411 3456 3462 ut

1837 3517 1946 3556 non
1972 3501 2228 3571 loquatur
2252 3499 2384 3561 Deo,
2415 3501 2504 3568 qui
2539 3514 2646 3554 non
2680 3498 2913 3554 credidit
2943 3499 3180 3553 Christo.
3219 3499 3286 3552 Et
3324 3497 3449 3553 ideo

1835 3595 2124 3651 credamus
2151 3636 2165 3659 ,
2206 3602 2265 3650 ut
2317 3593 2622 3662 loipiamnr.
2657 3591 2859 3648 Credat
2889 3589 3112 3646 Judu'us
3139 3633 3153 3656 ,
3207 3597 3265 3645 ut
3295 3590 3446 3662 loqui

1834 3691 2028 3758 possit.
2059 3687 2374 3758 Luquamur
2405 3688 2457 3740 in
2490 3686 2687 3755 spiritu
2734 3685 2995 3756 mysteria
3021 3726 3038 3750 ,
3074 3684 3449 3755 intelligamus

1831 3783 2103 3836 rationem
2129 3779 2520 3834 sacriﬁciorum
2544 3787 2810 3839 veterum,
2832 3778 3122 3848 aenigmata
3152 3781 3448 3845 pr0pIieta-

1830 3890 1972 3928 rum.
1993 3873 2168 3927 Mutus
2185 3873 2378 3941 estqui
2402 3887 2506 3925 non
2534 3870 2786 3939 intelligit
2813 3870 3032 3939 Legl'lll,
3053 3879 3234 3923 imitus
3251 3871 3445 3940 estqui

1829 3986 1940 4024 non
1990 3966 2248 4037 intelligit
2293 3966 2601 4020 divinarum
2631 3965 2832 4019 seriem
2863 3962 3290 4033 Scripturarum.
3327 3960 3445 4018 Vox

1830 4064 1973 4116 enim
1999 4069 2181 4114 nostra
2213 4058 2352 4113 fides
2368 4070 2471 4121 eSt;
2501 4056 2695 4110 etideo
2720 4058 2855 4109 malo
2882 4057 2934 4108 in
2956 4054 3191 4108 Ecclesia
3219 4057 3442 4125 quinque

1829 4156 1981 4210 verba
2018 4163 2181 4206 mente
2218 4168 2334 4206 mea
2368 4152 2507 4220 loqui
2545 4160 2600 4204 ut
2631 4151 2762 4204 alios
2793 4152 3066 4213 instruant,
3091 4165 3242 4218 quant
3268 4149 3444 4203 decem

1830 4249 1994 4302 millia
2015 4248 2068 4301 in
2093 4249 2364 4319 lingua....
2409 4244 2627 4317 Linguw
2667 4246 2812 4298 enim
2861 4243 3145 4317 insignum
3189 4254 3310 4298 sunt
3341 4261 3446 4300 non

1827 4342 2067 4412 ﬁdelibus
2089 4382 2105 4408 ,
2135 4342 2224 4396 sed
2246 4340 2539 4408 inﬁdelibus
2567 4339 2629 4411 (l
2659 4336 2782 4402 Cor,
2811 4353 2922 4402 xlv,
2959 4337 3024 4392 l9
3056 4347 3101 4390 et
3151 4337 3245 4408 29.)
3271 4355 3284 4390 :
3318 4354 3444 4406 ι)ῐο-

1826 4437 2010 4508 phetia
2036 4447 2216 4490 autem
2251 4453 2356 4490 non
2391 4433 2728 4496 inﬁdelibus,
2760 4433 2854 4486 sed
2889 4431 3170 4486 ﬁdelibus.
3370 4491 3374 4495 ,

1893 4527 2076 4602 (Vers.
2110 4527 2182 4583 Ἦ
2210 4571 2222 4592 ,
2254 4527 2376 4597 25.)
2405 4525 2526 4580 Post
2559 4526 2650 4579 hos
2678 4537 2848 4580 autem
2871 4524 2980 4578 dies
3001 4523 3232 4594 concepit
3259 4520 3442 4579 Eliza-

120 4608 358 4668 Joannes
380 4625 493 4682 est;
527 4632 627 4701 vox
649 4618 796 4673 enim
823 4621 1110 4678 clamantis
1136 4634 1218 4679 est
1245 4625 1295 4679 iu
1321 4626 1538 4682 deserto
1557 4626 1713 4701 (Luc,
1747 4612 1799 4673 D
1828 4623 1937 4676 belli
1959 4639 2087 4676 uxor
2105 4624 2240 4693 ejus.
2260 4632 2305 4674 et
2324 4621 2609 4674 occultabat
2631 4635 2687 4672 se
2715 4618 2972 4672 mensibus
2993 4617 3213 4687 quinque
3232 4617 3406 4673 dicens
3429 4649 3449 4689 ε

124 4719 202 4773 ιιι,
230 4709 322 4776 4);
352 4698 610 4765 Οιιτίειυὲ
633 4721 715 4767 est
745 4712 1004 4780 Verbum,
1038 4715 1138 4772 hoc
1167 4717 1401 4775 Verbum
1432 4698 1715 4792 operatur;

124 4800 316 4856 etideo
346 4802 434 4858 ubi
457 4803 916 4879 desivitoperari,
953 4822 1100 4866 muta
1157 4824 1380 4882 repente
1437 4828 1458 4854 ε
1519 4831 1716 4871 carens

125 4893 313 4961 spiritu
335 4895 499 4951 veluti
523 4899 767 4970 quaedam
796 4904 990 4958 animzc
1019 4903 1202 4978 lingua
1225 4907 1719 4963 conticuit.Trans-

127 4982 220 5039 ivit
261 4989 404 5042 enim
431 4989 497 5045 ad
529 5009 626 5048 nos
651 4993 744 5049 Dci
770 4994 1037 5064 Verbum,
1061 5012 1117 5056 et
1152 4999 1205 5054 in
1230 5002 1385 5056 nobis
1417 5017 1523 5056 non
1551 5010 1713 5058 tacet.

131 5075 361 5150 Denique
383 5080 492 5152 jam
523 5099 630 5139 non
663 5097 840 5156 potest
868 5089 1087 5146 Judzeus
1115 5092 1322 5160 dicere,
1364 5095 1508 5164 quod
1540 5105 1723 5165 potest

131 5270 222 5346 Ero
247 5267 413 5346 textu,
434 5262 497 5346 in
516 5280 626 5346 quo
645 5279 963 5346 constanter
989 5272 1276 5346 exhibetur
1303 5290 1315 5325 :
1339 5275 1470 5346 alii:
1493 5273 1708 5346 λήψεσθε

133 5327 339 5404 δύναμιν
356 5327 640 5400 immenso;
667 5349 758 5397 τοῦ
783 5341 930 5416 ἁγίου
956 5345 1245 5417 πνεύματος
1275 5327 1538 5421 ἐφ’γῦμάξο

202 5427 322 5510 {Ad
339 5428 618 5510 Dominam
637 5449 728 5504 per
752 5433 985 5506 Moysen.
1008 5437 1184 5493 Voces
1208 5455 1296 5507 per
1319 5438 1536 5510 Moysen
1555 5438 1719 5497 Rom.

138 5492 261 5549 edit.
292 5504 603 5557 sustulerat.

201 5567 228 5605 ι’
259 5567 344 5626 Sic
365 5573 547 5651 plures
581 5577 1031 5651 probatioresque
1061 5593 1193 5635 mss.
1242 5583 1489 5638 Attamen
1533 5581 1701 5651 aliqui

211 5654 394 5726 omnes
419 5645 554 5726 edit.
593 5647 888 5726 iirzelerunt
909 5645 1037 5720 quos
1062 5696 1076 5720 ,
1105 5653 1213 5715 vel,
1241 5671 1275 5708 a
1300 5655 1483 5726 ᾳιιὺιιδ
1536 5645 1714 5725 magni

138 5716 326 5788 consilii
350 5717 573 5788 Angelus
602 5719 897 5776 declinavit.

142 5785 590 5915 αηξήῗοὲἐέεάίι.
624 5795 779 5858 sola,
821 5810 1002 5851 carens
1051 5796 1237 5866 spiritu
1283 5800 1444 5856 veluti
1499 5797 1726 5870 quadam

307 5899 320 5927 ,
348 5899 451 5915 νιν·

1830 4718 1972 4786 Quid
2002 4718 2128 4771 milii
2155 4718 2228 4770 sic
2262 4716 2378 4781 {erit
2411 4714 2664 4768 Dominus
2691 4713 2745 4766 in
2775 4712 2952 4766 diebus
2973 4755 2985 4774 ,
3011 4713 3190 4782 quibus
3217 4716 3446 4784 respexi!

1827 4815 2040 4883 auferre
2078 4809 2413 4881 opprobrium
2446 4823 2611 4861 meum
2637 4806 2767 4860 inter
2793 4806 3024 4860 homines
3042 4806 3068 4860 ?

1900 4905 1991 4960 45.
2022 4903 2209 4974 Magna
2234 4904 2438 4957 sanctis
2461 4916 2587 4955 cura
2614 4911 2696 4956 est
2723 4901 3088 4964 verecundum.
3119 4911 3178 4956 ut
3202 4902 3442 4971 plerum-

1828 5014 1937 5071 que
1967 5009 1989 5036 ε
2011 5000 2061 5052 in
2093 4998 2225 5067 ipsis
2255 4995 2426 5066 pudor
2452 4995 2592 5050 votis
2616 4996 2720 5060 sit;
2749 4996 2890 5049 sicut
2920 4995 3022 5049 hoc
3052 4995 3171 5050 loco
3199 4995 3441 5050 adverti-

1832 5110 1954 5151 mus
1983 5104 2228 5149 sanctam
2265 5090 2566 5158 Elizabeth,
2595 5106 2718 5162 qua:
2749 5091 2934 5160 utique
2958 5091 3097 5146 tilios
3117 5089 3319 5144 habere
3351 5105 3445 5146 cu-

1899 5274 2056 5330 cht.
2085 5273 2217 5327 edit.
2249 5287 2524 5326 cummss.
2553 5270 2942 5340 aliquot.0uid
2961 5282 3036 5326 est
3059 5274 3259 5326 mutus?
3287 5273 3446 5330 Rom.

1830 5363 1953 5402 eum
1988 5347 2108 5399 aliis
2131 5345 2379 5414 pluribus
2407 5359 2468 5398 ac
2496 5344 3100 5414 probatiorihusmagis
3131 5346 3442 5413 commode,

1837 5419 1973 5484 Quid
2017 5428 2092 5471 est
2135 5417 2320 5470 nutus?
2359 5416 2425 5470 At
2460 5414 2598 5469 infra
2644 5431 2674 5467 e
2721 5429 2996 5470 c0uvm'so
3053 5423 3158 5468 vel.
3204 5419 3334 5473 edit.
3392 5428 3450 5472 ct

1831 5492 2011 5544 cuncti
2059 5504 2214 5554 mss.,
2249 5489 2356 5559 spei
2387 5487 2557 5541 vitalis
2590 5486 2731 5540 obitu
2763 5490 3085 5542 constitutus.
3113 5488 3274 5542 italu.
3299 5489 3446 5554 sola,

1830 5563 2048 5630 spiritus
2079 5562 2273 5620 uitatis.
2306 5571 2416 5614 etc.

1921 5665 1942 5692 ο
1977 5655 2101 5708 Mss.
2139 5653 2386 5707 nonnulli
2415 5696 2428 5716 ,
2461 5669 2765 5722 omnesque
2793 5653 2930 5708 edit.
2953 5693 2977 5716 .,
3008 5653 3062 5706 in
3115 5653 3240 5724 ipsis
3283 5653 3454 5720 pudor

1845 5728 1946 5783 uoti
1966 5729 2052 5782 sit.
2077 5726 2193 5798 Alii,
2213 5742 2344 5781 mss.
2379 5725 2573 5798 majori
2599 5741 2826 5779 munero
2847 5737 3010 5795 atque
3033 5727 3449 5798 auctoritate....

1848 5800 1979 5882 votis
2020 5801 2118 5867 sit;
2148 5797 2201 5854 id
2233 5808 2355 5866 est,
2399 5795 2646 5856 iutebus
2671 5812 2806 5869 quas
2835 5813 3049 5852 summo
3079 5795 3258 5851 studio
3287 5809 3458 5866 expeé

1853 5879 2078 5928 tierunt.
